  <div class='ocr_page' id='page_1' title='image "/cluster/home/n/w/nwhite01/storage/ocr_20150623/16/hvd.32044015471998/445.png"; bbox 0 0 4014 6290; ppageno 0'>
   <div class='ocr_carea' id='block_1_1' title="bbox 508 250 615 308">
    <p class='ocr_par' dir='ltr' id='par_1_1' title="bbox 508 250 615 308">
     <span class='ocr_line' id='line_1_1' title="bbox 508 250 615 308; baseline 0.019 -2"><span class='ocrx_word' id='word_1_1' title='bbox 508 250 615 308; x_wconf 84' lang='lat'><strong>879</strong></span> 
     </span>
    </p>
   </div>
   <div class='ocr_carea' id='block_1_2' title="bbox 1853 255 3757 331">
    <p class='ocr_par' dir='ltr' id='par_1_2' title="bbox 1853 255 3757 331">
     <span class='ocr_line' id='line_1_2' title="bbox 1853 255 3757 331; baseline 0.009 -17"><span class='ocrx_word' id='word_1_2' title='bbox 1853 255 2101 317; x_wconf 73' lang='lat' dir='ltr'><strong>SANCTI</strong></span> <span class='ocrx_word' id='word_1_3' title='bbox 2140 257 2462 319; x_wconf 77' lang='lat' dir='ltr'><strong>AMBROSII</strong></span> <span class='ocrx_word' id='word_1_4' title='bbox 3682 272 3757 331; x_wconf 69' lang='lat'><strong>886</strong></span> 
     </span>
    </p>
   </div>
   <div class='ocr_carea' id='block_1_3' title="bbox 582 350 3763 450">
    <p class='ocr_par' dir='ltr' id='par_1_3' title="bbox 582 350 3763 450">
     <span class='ocr_line' id='line_1_3' title="bbox 582 350 3763 450; baseline 0.006 -30"><span class='ocrx_word' id='word_1_5' title='bbox 582 364 640 420; x_wconf 84' lang='lat'><strong>9.</strong></span> <span class='ocrx_word' id='word_1_6' title='bbox 670 362 727 421; x_wconf 90' lang='lat' dir='ltr'><strong>Si</strong></span> <span class='ocrx_word' id='word_1_7' title='bbox 757 363 1030 424; x_wconf 84' lang='lat' dir='ltr'><strong>Dominus</strong></span> <span class='ocrx_word' id='word_1_8' title='bbox 1056 367 1281 438; x_wconf 81' lang='lat' dir='ltr'><strong>faverit,</strong></span> <span class='ocrx_word' id='word_1_9' title='bbox 1319 367 1445 427; x_wconf 83' lang='lat' dir='ltr'><strong>huic</strong></span> <span class='ocrx_word' id='word_1_10' title='bbox 1479 369 1639 427; x_wconf 88' lang='lat' dir='ltr'><strong>etiam</strong></span> <span class='ocrx_word' id='word_1_11' title='bbox 1675 368 1980 430; x_wconf 83' lang='lat' dir='ltr'><strong>clementiae</strong></span> <span class='ocrx_word' id='word_1_12' title='bbox 2010 382 2116 429; x_wconf 72' lang='lat' dir='ltr'><strong>tua:</strong></span> <span class='ocrx_word' id='word_1_13' title='bbox 2142 375 2197 435; x_wconf 83' lang='grc' dir='ltr'><strong>Α</strong></span> <span class='ocrx_word' id='word_1_14' title='bbox 2218 350 2338 430; x_wconf 76' lang='lat' dir='ltr'><strong>cem</strong></span> <span class='ocrx_word' id='word_1_15' title='bbox 2360 388 2534 431; x_wconf 89' lang='lat' dir='ltr'><strong>suam.</strong></span> <span class='ocrx_word' id='word_1_16' title='bbox 2566 373 2668 431; x_wconf 88' lang='lat' dir='ltr'><strong>Est</strong></span> <span class='ocrx_word' id='word_1_17' title='bbox 2686 382 2743 432; x_wconf 90' lang='lat' dir='ltr'><strong>et</strong></span> <span class='ocrx_word' id='word_1_18' title='bbox 2768 375 2967 434; x_wconf 88' lang='lat' dir='ltr'><strong>ﬂuvius</strong></span> <span class='ocrx_word' id='word_1_19' title='bbox 2992 376 3343 450; x_wconf 88' lang='lat' dir='ltr'><strong>quidecurrit</strong></span> <span class='ocrx_word' id='word_1_20' title='bbox 3370 380 3422 437; x_wconf 93' lang='lat' dir='ltr'><strong>in</strong></span> <span class='ocrx_word' id='word_1_21' title='bbox 3446 388 3649 439; x_wconf 88' lang='lat' dir='ltr'><strong>sanctos</strong></span> <span class='ocrx_word' id='word_1_22' title='bbox 3666 399 3763 439; x_wconf 82' lang='lat' dir='ltr'><strong>suos</strong></span> 
     </span>
    </p>
   </div>
   <div class='ocr_carea' id='block_1_4' title="bbox 512 454 2114 534">
    <p class='ocr_par' dir='ltr' id='par_1_4' title="bbox 512 454 2114 534">
     <span class='ocr_line' id='line_1_4' title="bbox 512 454 2114 534; baseline 0.006 -23"><span class='ocrx_word' id='word_1_23' title='bbox 512 454 852 513; x_wconf 80' lang='lat' dir='ltr'><strong>satisfaciam</strong></span> <span class='ocrx_word' id='word_1_24' title='bbox 877 461 1169 530; x_wconf 79' lang='lat' dir='ltr'><strong>voluntati;</strong></span> <span class='ocrx_word' id='word_1_25' title='bbox 1190 471 1243 516; x_wconf 91' lang='lat' dir='ltr'><strong>ut</strong></span> <span class='ocrx_word' id='word_1_26' title='bbox 1263 460 1418 532; x_wconf 90' lang='lat' dir='ltr'><strong>cujus</strong></span> <span class='ocrx_word' id='word_1_27' title='bbox 1438 461 1695 534; x_wconf 79' lang='lat' dir='ltr'><strong>accepisti</strong></span> <span class='ocrx_word' id='word_1_28' title='bbox 1715 463 1970 534; x_wconf 89' lang='lat' dir='ltr'><strong>gratiam,</strong></span> <span class='ocrx_word' id='word_1_29' title='bbox 1989 480 2114 521; x_wconf 91' lang='lat' dir='ltr'><strong>eum</strong></span> 
     </span>
    </p>
   </div>
   <div class='ocr_carea' id='block_1_5' title="bbox 510 547 2116 624">
    <p class='ocr_par' dir='ltr' id='par_1_5' title="bbox 510 547 2116 624">
     <span class='ocr_line' id='line_1_5' title="bbox 510 547 2116 624; baseline 0.006 -22"><span class='ocrx_word' id='word_1_30' title='bbox 510 547 679 618; x_wconf 80' lang='lat' dir='ltr'><strong>plane</strong></span> <span class='ocrx_word' id='word_1_31' title='bbox 708 549 763 605; x_wconf 93' lang='lat' dir='ltr'><strong>in</strong></span> <span class='ocrx_word' id='word_1_32' title='bbox 790 551 885 607; x_wconf 87' lang='lat' dir='ltr'><strong>Dei</strong></span> <span class='ocrx_word' id='word_1_33' title='bbox 917 551 1088 623; x_wconf 78' lang='lat' dir='ltr'><strong>gloria</strong></span> <span class='ocrx_word' id='word_1_34' title='bbox 1119 555 1562 624; x_wconf 74' lang='lat' dir='ltr'><strong>prmeminentem</strong></span> <span class='ocrx_word' id='word_1_35' title='bbox 1595 569 1696 610; x_wconf 85' lang='lat' dir='ltr'><strong>suo</strong></span> <span class='ocrx_word' id='word_1_36' title='bbox 1722 556 1944 612; x_wconf 78' lang='lat' dir='ltr'><strong>nomine</strong></span> <span class='ocrx_word' id='word_1_37' title='bbox 1968 560 2116 613; x_wconf 66' lang='lat' dir='ltr'><strong>acsti—</strong></span> 
     </span>
    </p>
   </div>
   <div class='ocr_carea' id='block_1_6' title="bbox 516 643 1061 703">
    <p class='ocr_par' dir='ltr' id='par_1_6' title="bbox 516 643 1061 703">
     <span class='ocr_line' id='line_1_6' title="bbox 516 643 1061 703; baseline 0.007 -5"><span class='ocrx_word' id='word_1_38' title='bbox 516 658 635 699; x_wconf 88' lang='lat' dir='ltr'><strong>mcs</strong></span> <span class='ocrx_word' id='word_1_39' title='bbox 656 643 1061 703; x_wconf 86' lang='lat' dir='ltr'><strong>honorandum.</strong></span> 
     </span>
    </p>
   </div>
   <div class='ocr_carea' id='block_1_7' title="bbox 592 736 2116 802">
    <p class='ocr_par' dir='ltr' id='par_1_7' title="bbox 592 736 2116 802">
     <span class='ocr_line' id='line_1_7' title="bbox 592 736 2116 802; baseline 0.007 -11"><span class='ocrx_word' id='word_1_40' title='bbox 592 736 680 793; x_wconf 79' lang='grc'><strong>10.</strong></span> <span class='ocrx_word' id='word_1_41' title='bbox 714 737 1103 796; x_wconf 82' lang='lat' dir='ltr'><strong>Beatissimum</strong></span> <span class='ocrx_word' id='word_1_42' title='bbox 1137 748 1187 796; x_wconf 90' lang='lat' dir='ltr'><strong>te</strong></span> <span class='ocrx_word' id='word_1_43' title='bbox 1215 750 1267 796; x_wconf 88' lang='lat' dir='ltr'><strong>ct</strong></span> <span class='ocrx_word' id='word_1_44' title='bbox 1296 740 1741 800; x_wconf 80' lang='lat' dir='ltr'><strong>ﬂorentissimum</strong></span> <span class='ocrx_word' id='word_1_45' title='bbox 1769 744 1914 802; x_wconf 89' lang='lat' dir='ltr'><strong>Deus</strong></span> <span class='ocrx_word' id='word_1_46' title='bbox 1941 747 2116 802; x_wconf 90' lang='lat' dir='ltr'><strong>omni-</strong></span> 
     </span>
    </p>
   </div>
   <div class='ocr_carea' id='block_1_8' title="bbox 517 829 2116 899">
    <p class='ocr_par' dir='ltr' id='par_1_8' title="bbox 517 829 2116 899">
     <span class='ocr_line' id='line_1_8' title="bbox 517 829 2116 899; baseline 0.007 -16"><span class='ocrx_word' id='word_1_47' title='bbox 517 837 717 899; x_wconf 92' lang='lat' dir='ltr'><strong>potens</strong></span> <span class='ocrx_word' id='word_1_48' title='bbox 746 829 906 886; x_wconf 87' lang='lat' dir='ltr'><strong>Pater</strong></span> <span class='ocrx_word' id='word_1_49' title='bbox 934 831 1148 887; x_wconf 86' lang='lat' dir='ltr'><strong>Domini</strong></span> <span class='ocrx_word' id='word_1_50' title='bbox 1182 833 1354 888; x_wconf 86' lang='lat' dir='ltr'><strong>nostri</strong></span> <span class='ocrx_word' id='word_1_51' title='bbox 1391 833 1520 891; x_wconf 84' lang='lat' dir='ltr'><strong>Jesu</strong></span> <span class='ocrx_word' id='word_1_52' title='bbox 1546 832 1750 892; x_wconf 83' lang='lat' dir='ltr'><strong>Christi</strong></span> <span class='ocrx_word' id='word_1_53' title='bbox 1782 837 1920 894; x_wconf 90' lang='lat' dir='ltr'><strong>tueri</strong></span> <span class='ocrx_word' id='word_1_54' title='bbox 1953 846 2116 895; x_wconf 62' lang='lat' dir='ltr'><strong>astate</strong></span> 
     </span>
    </p>
   </div>
   <div class='ocr_carea' id='block_1_9' title="bbox 515 922 2115 1002">
    <p class='ocr_par' dir='ltr' id='par_1_9' title="bbox 515 922 2115 1002">
     <span class='ocr_line' id='line_1_9' title="bbox 515 922 2115 1002; baseline 0.006 -25"><span class='ocrx_word' id='word_1_55' title='bbox 515 922 764 991; x_wconf 77' lang='lat' dir='ltr'><strong>prolixa,</strong></span> <span class='ocrx_word' id='word_1_56' title='bbox 797 930 854 978; x_wconf 90' lang='lat' dir='ltr'><strong>et</strong></span> <span class='ocrx_word' id='word_1_57' title='bbox 884 937 1109 995; x_wconf 89' lang='lat' dir='ltr'><strong>regnum</strong></span> <span class='ocrx_word' id='word_1_58' title='bbox 1153 932 1301 980; x_wconf 92' lang='lat' dir='ltr'><strong>tuum</strong></span> <span class='ocrx_word' id='word_1_59' title='bbox 1341 926 1393 982; x_wconf 92' lang='lat' dir='ltr'><strong>in</strong></span> <span class='ocrx_word' id='word_1_60' title='bbox 1427 940 1641 986; x_wconf 87' lang='lat' dir='ltr'><strong>summa</strong></span> <span class='ocrx_word' id='word_1_61' title='bbox 1669 929 1873 1002; x_wconf 84' lang='lat' dir='ltr'><strong>gloria,</strong></span> <span class='ocrx_word' id='word_1_62' title='bbox 1901 941 1957 987; x_wconf 91' lang='lat' dir='ltr'><strong>et</strong></span> <span class='ocrx_word' id='word_1_63' title='bbox 1983 946 2115 1002; x_wconf 89' lang='lat' dir='ltr'><strong>pace</strong></span> 
     </span>
    </p>
   </div>
   <div class='ocr_carea' id='block_1_10' title="bbox 514 1013 2115 1093">
    <p class='ocr_par' dir='ltr' id='par_1_10' title="bbox 514 1013 2115 1093">
     <span class='ocr_line' id='line_1_10' title="bbox 514 1013 2115 1093; baseline 0.007 -25"><span class='ocrx_word' id='word_1_64' title='bbox 514 1021 778 1084; x_wconf 87' lang='lat' dir='ltr'><strong>perpetua</strong></span> <span class='ocrx_word' id='word_1_65' title='bbox 827 1013 1158 1071; x_wconf 90' lang='lat' dir='ltr'><strong>conﬁrmare</strong></span> <span class='ocrx_word' id='word_1_66' title='bbox 1203 1014 1493 1088; x_wconf 84' lang='lat' dir='ltr'><strong>dignetur,</strong></span> <span class='ocrx_word' id='word_1_67' title='bbox 1539 1018 1764 1077; x_wconf 88' lang='lat' dir='ltr'><strong>domine</strong></span> <span class='ocrx_word' id='word_1_68' title='bbox 1810 1020 2115 1093; x_wconf 85' lang='lat' dir='ltr'><strong>Imperator</strong></span> 
     </span>
    </p>
   </div>
   <div class='ocr_carea' id='block_1_11' title="bbox 512 1104 2107 1184">
    <p class='ocr_par' dir='ltr' id='par_1_11' title="bbox 512 1104 2107 1184">
     <span class='ocr_line' id='line_1_11' title="bbox 512 1104 2107 1184; baseline 0.006 -24"><span class='ocrx_word' id='word_1_69' title='bbox 512 1114 777 1177; x_wconf 81' lang='lat' dir='ltr'><strong>auguste,</strong></span> <span class='ocrx_word' id='word_1_70' title='bbox 809 1112 835 1141; x_wconf 73' lang='grc' dir='ltr'><strong>ι</strong></span> <span class='ocrx_word' id='word_1_71' title='bbox 866 1104 1051 1162; x_wconf 88' lang='lat' dir='ltr'><strong>divino</strong></span> <span class='ocrx_word' id='word_1_72' title='bbox 1081 1107 1255 1163; x_wconf 89' lang='lat' dir='ltr'><strong>elccte</strong></span> <span class='ocrx_word' id='word_1_73' title='bbox 1275 1107 1485 1178; x_wconf 89' lang='lat' dir='ltr'><strong>judicio</strong></span> <span class='ocrx_word' id='word_1_74' title='bbox 1505 1149 1520 1176; x_wconf 91' lang='lat'><strong>,</strong></span> <span class='ocrx_word' id='word_1_75' title='bbox 1554 1109 1864 1183; x_wconf 86' lang='lat' dir='ltr'><strong>principum</strong></span> <span class='ocrx_word' id='word_1_76' title='bbox 1902 1113 2107 1184; x_wconf 89' lang='lat' dir='ltr'><strong>glorio-</strong></span> 
     </span>
    </p>
   </div>
   <div class='ocr_carea' id='block_1_12' title="bbox 512 1210 754 1255">
    <p class='ocr_par' dir='ltr' id='par_1_12' title="bbox 512 1210 754 1255">
     <span class='ocr_line' id='line_1_12' title="bbox 512 1210 754 1255; baseline -0.008 -2"><span class='ocrx_word' id='word_1_77' title='bbox 512 1210 754 1255; x_wconf 75' lang='grc'><strong>818811116.</strong></span> 
     </span>
    </p>
   </div>
   <div class='ocr_carea' id='block_1_13' title="bbox 1092 1313 1536 1373">
    <p class='ocr_par' dir='ltr' id='par_1_13' title="bbox 1092 1313 1536 1373">
     <span class='ocr_line' id='line_1_13' title="bbox 1092 1313 1536 1373; baseline 0 -3"><span class='ocrx_word' id='word_1_78' title='bbox 1092 1313 1432 1373; x_wconf 86' lang='lat' dir='ltr'><strong>EPISTOLA</strong></span> <span class='ocrx_word' id='word_1_79' title='bbox 1470 1314 1536 1372; x_wconf 87' lang='grc'><strong>11.</strong></span> 
     </span>
    </p>
   </div>
   <div class='ocr_carea' id='block_1_14' title="bbox 510 1423 2113 1501">
    <p class='ocr_par' dir='ltr' id='par_1_14' title="bbox 510 1423 2113 1501">
     <span class='ocr_line' id='line_1_14' title="bbox 510 1423 2113 1501; baseline 0.005 -19"><span class='ocrx_word' id='word_1_80' title='bbox 510 1423 893 1482; x_wconf 71' lang='lat' dir='ltr'><strong>Consntu&#39;wu</strong></span> <span class='ocrx_word' id='word_1_81' title='bbox 916 1426 972 1482; x_wconf 87' lang='lat' dir='ltr'><strong>in</strong></span> <span class='ocrx_word' id='word_1_82' title='bbox 999 1428 1301 1500; x_wconf 72' lang='lat' dir='ltr'><strong>episcopum</strong></span> <span class='ocrx_word' id='word_1_83' title='bbox 1317 1446 1481 1501; x_wconf 80' lang='lat' dir='ltr'><strong>nuper</strong></span> <span class='ocrx_word' id='word_1_84' title='bbox 1500 1432 1719 1489; x_wconf 88' lang='lat' dir='ltr'><strong>electum</strong></span> <span class='ocrx_word' id='word_1_85' title='bbox 1740 1444 1931 1501; x_wconf 86' lang='lat' dir='ltr'><strong>monet,</strong></span> <span class='ocrx_word' id='word_1_86' title='bbox 1957 1445 2011 1490; x_wconf 88' lang='lat' dir='ltr'><strong>ut</strong></span> <span class='ocrx_word' id='word_1_87' title='bbox 2027 1451 2113 1492; x_wconf 89' lang='lat' dir='ltr'><strong>ec-</strong></span> 
     </span>
    </p>
   </div>
   <div class='ocr_carea' id='block_1_15' title="bbox 583 1522 2112 1603">
    <p class='ocr_par' dir='ltr' id='par_1_15' title="bbox 583 1522 2112 1603">
     <span class='ocr_line' id='line_1_15' title="bbox 583 1522 2112 1603; baseline 0.008 -27"><span class='ocrx_word' id='word_1_88' title='bbox 583 1522 790 1578; x_wconf 95' lang='lat' dir='ltr'><strong>clesiam</strong></span> <span class='ocrx_word' id='word_1_89' title='bbox 835 1527 887 1578; x_wconf 88' lang='lat' dir='ltr'><strong>in</strong></span> <span class='ocrx_word' id='word_1_90' title='bbox 916 1525 1046 1578; x_wconf 90' lang='lat' dir='ltr'><strong>mari</strong></span> <span class='ocrx_word' id='word_1_91' title='bbox 1080 1541 1142 1580; x_wconf 90' lang='lat' dir='ltr'><strong>ac</strong></span> <span class='ocrx_word' id='word_1_92' title='bbox 1181 1526 1485 1596; x_wconf 80' lang='lat' dir='ltr'><strong>[luminibus</strong></span> <span class='ocrx_word' id='word_1_93' title='bbox 1523 1539 1689 1603; x_wconf 85' lang='lat' dir='ltr'><strong>regat,</strong></span> <span class='ocrx_word' id='word_1_94' title='bbox 1719 1532 1846 1602; x_wconf 88' lang='lat' dir='ltr'><strong>quid</strong></span> <span class='ocrx_word' id='word_1_95' title='bbox 1893 1540 2112 1603; x_wconf 88' lang='lat' dir='ltr'><strong>utroque</strong></span> 
     </span>
    </p>
   </div>
   <div class='ocr_carea' id='block_1_16' title="bbox 578 1614 2111 1698">
    <p class='ocr_par' dir='ltr' id='par_1_16' title="bbox 578 1614 2111 1698">
     <span class='ocr_line' id='line_1_16' title="bbox 578 1614 2111 1698; baseline 0.008 -29"><span class='ocrx_word' id='word_1_96' title='bbox 578 1614 919 1688; x_wconf 80' lang='lat' dir='ltr'><strong>signiﬁcetur,</strong></span> <span class='ocrx_word' id='word_1_97' title='bbox 954 1634 1211 1685; x_wconf 85' lang='lat' dir='ltr'><strong>promens.</strong></span> <span class='ocrx_word' id='word_1_98' title='bbox 1245 1618 1503 1676; x_wconf 79' lang='lat' dir='ltr'><strong>Hortatur</strong></span> <span class='ocrx_word' id='word_1_99' title='bbox 1532 1634 1590 1677; x_wconf 92' lang='lat' dir='ltr'><strong>ut</strong></span> <span class='ocrx_word' id='word_1_100' title='bbox 1628 1639 1813 1695; x_wconf 82' lang='lat' dir='ltr'><strong>aquas,</strong></span> <span class='ocrx_word' id='word_1_101' title='bbox 1840 1625 1984 1695; x_wconf 80' lang='lat' dir='ltr'><strong>queis</strong></span> <span class='ocrx_word' id='word_1_102' title='bbox 2017 1642 2111 1698; x_wconf 90' lang='lat' dir='ltr'><strong>po-</strong></span> 
     </span>
    </p>
   </div>
   <div class='ocr_carea' id='block_1_17' title="bbox 580 1707 2107 1787">
    <p class='ocr_par' dir='ltr' id='par_1_17' title="bbox 580 1707 2107 1787">
     <span class='ocr_line' id='line_1_17' title="bbox 580 1707 2107 1787; baseline 0.01 -27"><span class='ocrx_word' id='word_1_103' title='bbox 580 1707 692 1776; x_wconf 89' lang='lat' dir='ltr'><strong>puli</strong></span> <span class='ocrx_word' id='word_1_104' title='bbox 737 1718 929 1764; x_wconf 83' lang='lat' dir='ltr'><strong>mentes</strong></span> <span class='ocrx_word' id='word_1_105' title='bbox 972 1710 1122 1782; x_wconf 85' lang='lat' dir='ltr'><strong>riget,</strong></span> <span class='ocrx_word' id='word_1_106' title='bbox 1150 1711 1365 1785; x_wconf 84' lang='lat' dir='ltr'><strong>colligat</strong></span> <span class='ocrx_word' id='word_1_107' title='bbox 1392 1730 1412 1768; x_wconf 90' lang='lat'><strong><em>:</em></strong></span> <span class='ocrx_word' id='word_1_108' title='bbox 1436 1724 1485 1770; x_wconf 89' lang='lat' dir='ltr'><strong>et</strong></span> <span class='ocrx_word' id='word_1_109' title='bbox 1519 1717 1809 1787; x_wconf 80' lang='lat' dir='ltr'><strong>cujusmodi</strong></span> <span class='ocrx_word' id='word_1_110' title='bbox 1848 1734 2107 1775; x_wconf 83' lang='lat' dir='ltr'><strong>sermones</strong></span> 
     </span>
    </p>
   </div>
   <div class='ocr_carea' id='block_1_18' title="bbox 576 1802 2102 1879">
    <p class='ocr_par' dir='ltr' id='par_1_18' title="bbox 576 1802 2102 1879">
     <span class='ocr_line' id='line_1_18' title="bbox 576 1802 2102 1879; baseline 0.008 -25"><span class='ocrx_word' id='word_1_111' title='bbox 576 1802 691 1873; x_wconf 84' lang='lat' dir='ltr'><strong>ejus</strong></span> <span class='ocrx_word' id='word_1_112' title='bbox 712 1817 841 1869; x_wconf 88' lang='lat' dir='ltr'><strong>esse,</strong></span> <span class='ocrx_word' id='word_1_113' title='bbox 888 1818 1077 1873; x_wconf 89' lang='lat' dir='ltr'><strong>quasve</strong></span> <span class='ocrx_word' id='word_1_114' title='bbox 1102 1802 1249 1859; x_wconf 87' lang='lat' dir='ltr'><strong>illum</strong></span> <span class='ocrx_word' id='word_1_115' title='bbox 1284 1806 1568 1878; x_wconf 62' lang='lat' dir='ltr'><strong>praecipere</strong></span> <span class='ocrx_word' id='word_1_116' title='bbox 1595 1808 1806 1864; x_wconf 85' lang='lat' dir='ltr'><strong>virtutes</strong></span> <span class='ocrx_word' id='word_1_117' title='bbox 1841 1820 2102 1879; x_wconf 80' lang='lat' dir='ltr'><strong>oporteat,</strong></span> 
     </span>
    </p>
   </div>
   <div class='ocr_carea' id='block_1_19' title="bbox 577 1892 2104 1972">
    <p class='ocr_par' dir='ltr' id='par_1_19' title="bbox 577 1892 2104 1972">
     <span class='ocr_line' id='line_1_19' title="bbox 577 1892 2104 1972; baseline 0.007 -26"><span class='ocrx_word' id='word_1_118' title='bbox 577 1892 670 1947; x_wconf 88' lang='lat' dir='ltr'><strong>ubi</strong></span> <span class='ocrx_word' id='word_1_119' title='bbox 694 1893 895 1960; x_wconf 79' lang='lat' dir='ltr'><strong>docuit,</strong></span> <span class='ocrx_word' id='word_1_120' title='bbox 926 1894 991 1951; x_wconf 90' lang='lat' dir='ltr'><strong>de</strong></span> <span class='ocrx_word' id='word_1_121' title='bbox 1031 1904 1247 1966; x_wconf 83' lang='lat' dir='ltr'><strong>statera,</strong></span> <span class='ocrx_word' id='word_1_122' title='bbox 1270 1914 1376 1967; x_wconf 89' lang='lat' dir='ltr'><strong>qua</strong></span> <span class='ocrx_word' id='word_1_123' title='bbox 1401 1915 1569 1954; x_wconf 88' lang='lat' dir='ltr'><strong>sermo</strong></span> <span class='ocrx_word' id='word_1_124' title='bbox 1616 1901 1959 1972; x_wconf 71' lang='lat' dir='ltr'><strong>expendatur,</strong></span> <span class='ocrx_word' id='word_1_125' title='bbox 1993 1913 2104 1957; x_wconf 79' lang='lat' dir='ltr'><strong>tra-</strong></span> 
     </span>
    </p>
   </div>
   <div class='ocr_carea' id='block_1_20' title="bbox 576 1982 2107 2064">
    <p class='ocr_par' dir='ltr' id='par_1_20' title="bbox 576 1982 2107 2064">
     <span class='ocr_line' id='line_1_20' title="bbox 576 1982 2107 2064; baseline 0.008 -27"><span class='ocrx_word' id='word_1_126' title='bbox 576 1992 705 2038; x_wconf 87' lang='lat' dir='ltr'><strong>ctat.</strong></span> <span class='ocrx_word' id='word_1_127' title='bbox 735 1982 1063 2043; x_wconf 84' lang='lat' dir='ltr'><strong>Humilitatis</strong></span> <span class='ocrx_word' id='word_1_128' title='bbox 1108 1996 1411 2044; x_wconf 82' lang='lat' dir='ltr'><strong>ostensurus</strong></span> <span class='ocrx_word' id='word_1_129' title='bbox 1457 1991 1769 2061; x_wconf 84' lang='lat' dir='ltr'><strong>utilitatem,</strong></span> <span class='ocrx_word' id='word_1_130' title='bbox 1812 1994 2107 2064; x_wconf 74' lang='lat' dir='ltr'><strong>exemplum</strong></span> 
     </span>
    </p>
   </div>
   <div class='ocr_carea' id='block_1_21' title="bbox 573 2074 2103 2160">
    <p class='ocr_par' dir='ltr' id='par_1_21' title="bbox 573 2074 2103 2160">
     <span class='ocr_line' id='line_1_21' title="bbox 573 2074 2103 2160; baseline 0.008 -30"><span class='ocrx_word' id='word_1_131' title='bbox 573 2074 729 2144; x_wconf 71' lang='lat' dir='ltr'><strong>affert</strong></span> <span class='ocrx_word' id='word_1_132' title='bbox 773 2077 907 2132; x_wconf 87' lang='lat' dir='ltr'><strong>beati</strong></span> <span class='ocrx_word' id='word_1_133' title='bbox 932 2078 1169 2148; x_wconf 73' lang='lat' dir='ltr'><strong>Ioseph;</strong></span> <span class='ocrx_word' id='word_1_134' title='bbox 1213 2083 1645 2155; x_wconf 71' lang='lat' dir='ltr'><strong>praesentiumque</strong></span> <span class='ocrx_word' id='word_1_135' title='bbox 1674 2086 1896 2141; x_wconf 81' lang='lat' dir='ltr'><strong>vanitate</strong></span> <span class='ocrx_word' id='word_1_136' title='bbox 1918 2128 1933 2151; x_wconf 91' lang='lat'><strong>,</strong></span> <span class='ocrx_word' id='word_1_137' title='bbox 1964 2090 2103 2160; x_wconf 83' lang='lat' dir='ltr'><strong>ejus-</strong></span> 
     </span>
    </p>
   </div>
   <div class='ocr_carea' id='block_1_22' title="bbox 575 2167 2106 2252">
    <p class='ocr_par' dir='ltr' id='par_1_22' title="bbox 575 2167 2106 2252">
     <span class='ocr_line' id='line_1_22' title="bbox 575 2167 2106 2252; baseline 0.008 -30"><span class='ocrx_word' id='word_1_138' title='bbox 575 2169 694 2224; x_wconf 89' lang='lat' dir='ltr'><strong>dem</strong></span> <span class='ocrx_word' id='word_1_139' title='bbox 719 2167 916 2243; x_wconf 70' lang='lat' dir='ltr'><strong>Ioseph</strong></span> <span class='ocrx_word' id='word_1_140' title='bbox 944 2187 1005 2227; x_wconf 90' lang='lat' dir='ltr'><strong>ac</strong></span> <span class='ocrx_word' id='word_1_141' title='bbox 1029 2171 1202 2228; x_wconf 83' lang='lat' dir='ltr'><strong>David</strong></span> <span class='ocrx_word' id='word_1_142' title='bbox 1222 2175 1453 2230; x_wconf 82' lang='lat' dir='ltr'><strong>historiis</strong></span> <span class='ocrx_word' id='word_1_143' title='bbox 1478 2177 1851 2244; x_wconf 85' lang='lat' dir='ltr'><strong>demonstrata,</strong></span> <span class='ocrx_word' id='word_1_144' title='bbox 1885 2180 2106 2252; x_wconf 88' lang='lat' dir='ltr'><strong>populos</strong></span> 
     </span>
    </p>
   </div>
   <div class='ocr_carea' id='block_1_23' title="bbox 574 2261 2107 2338">
    <p class='ocr_par' dir='ltr' id='par_1_23' title="bbox 574 2261 2107 2338">
     <span class='ocr_line' id='line_1_23' title="bbox 574 2261 2107 2338; baseline 0.008 -23"><span class='ocrx_word' id='word_1_145' title='bbox 574 2261 645 2315; x_wconf 90' lang='lat' dir='ltr'><strong>ad</strong></span> <span class='ocrx_word' id='word_1_146' title='bbox 669 2278 814 2318; x_wconf 80' lang='lat' dir='ltr'><strong>veras</strong></span> <span class='ocrx_word' id='word_1_147' title='bbox 838 2280 959 2336; x_wconf 80' lang='lat' dir='ltr'><strong>apes</strong></span> <span class='ocrx_word' id='word_1_148' title='bbox 985 2264 1083 2320; x_wconf 83' lang='lat' dir='ltr'><strong>sibi</strong></span> <span class='ocrx_word' id='word_1_149' title='bbox 1109 2267 1370 2335; x_wconf 88' lang='lat' dir='ltr'><strong>parandas</strong></span> <span class='ocrx_word' id='word_1_150' title='bbox 1394 2269 1696 2326; x_wconf 69' lang='lat' dir='ltr'><strong>excitandos</strong></span> <span class='ocrx_word' id='word_1_151' title='bbox 1725 2271 1903 2338; x_wconf 89' lang='lat' dir='ltr'><strong>tradit,</strong></span> <span class='ocrx_word' id='word_1_152' title='bbox 1945 2269 2107 2327; x_wconf 83' lang='lat' dir='ltr'><strong>Deni-</strong></span> 
     </span>
    </p>
   </div>
   <div class='ocr_carea' id='block_1_24' title="bbox 575 2352 2106 2429">
    <p class='ocr_par' dir='ltr' id='par_1_24' title="bbox 575 2352 2106 2429">
     <span class='ocr_line' id='line_1_24' title="bbox 575 2352 2106 2429; baseline 0.008 -23"><span class='ocrx_word' id='word_1_153' title='bbox 575 2369 673 2423; x_wconf 86' lang='lat' dir='ltr'><strong>que</strong></span> <span class='ocrx_word' id='word_1_154' title='bbox 714 2352 1005 2411; x_wconf 87' lang='lat' dir='ltr'><strong>Ecclesiam</strong></span> <span class='ocrx_word' id='word_1_155' title='bbox 1052 2355 1182 2413; x_wconf 86' lang='lat' dir='ltr'><strong>Fari</strong></span> <span class='ocrx_word' id='word_1_156' title='bbox 1230 2355 1457 2414; x_wconf 87' lang='lat' dir='ltr'><strong>Cornelii</strong></span> <span class='ocrx_word' id='word_1_157' title='bbox 1493 2361 1539 2415; x_wconf 87' lang='lat' dir='ltr'><strong>ei</strong></span> <span class='ocrx_word' id='word_1_158' title='bbox 1597 2362 1996 2429; x_wconf 82' lang='lat' dir='ltr'><strong>commendans,</strong></span> <span class='ocrx_word' id='word_1_159' title='bbox 2042 2364 2106 2419; x_wconf 87' lang='lat' dir='ltr'><strong>de</strong></span> 
     </span>
    </p>
   </div>
   <div class='ocr_carea' id='block_1_25' title="bbox 576 2447 2106 2528">
    <p class='ocr_par' dir='ltr' id='par_1_25' title="bbox 576 2447 2106 2528">
     <span class='ocr_line' id='line_1_25' title="bbox 576 2447 2106 2528; baseline 0.008 -29"><span class='ocrx_word' id='word_1_160' title='bbox 576 2447 853 2515; x_wconf 83' lang='lat' dir='ltr'><strong>prudentia</strong></span> <span class='ocrx_word' id='word_1_161' title='bbox 878 2449 935 2503; x_wconf 86' lang='lat' dir='ltr'><strong>in</strong></span> <span class='ocrx_word' id='word_1_162' title='bbox 960 2447 1247 2519; x_wconf 69' lang='lat' dir='ltr'><strong>haereticos,</strong></span> <span class='ocrx_word' id='word_1_163' title='bbox 1277 2451 1341 2506; x_wconf 89' lang='lat' dir='ltr'><strong>de</strong></span> <span class='ocrx_word' id='word_1_164' title='bbox 1357 2454 1571 2522; x_wconf 78' lang='lat' dir='ltr'><strong>jnstitia</strong></span> <span class='ocrx_word' id='word_1_165' title='bbox 1596 2453 1649 2508; x_wconf 89' lang='lat' dir='ltr'><strong>in</strong></span> <span class='ocrx_word' id='word_1_166' title='bbox 1684 2455 1910 2524; x_wconf 86' lang='lat' dir='ltr'><strong>vicinos,</strong></span> <span class='ocrx_word' id='word_1_167' title='bbox 1945 2456 2106 2528; x_wconf 86' lang='lat' dir='ltr'><strong>deque</strong></span> 
     </span>
    </p>
   </div>
   <div class='ocr_carea' id='block_1_26' title="bbox 580 2539 1644 2600">
    <p class='ocr_par' dir='ltr' id='par_1_26' title="bbox 580 2539 1644 2600">
     <span class='ocr_line' id='line_1_26' title="bbox 580 2539 1644 2600; baseline 0.006 -8"><span class='ocrx_word' id='word_1_168' title='bbox 580 2539 894 2596; x_wconf 84' lang='lat' dir='ltr'><strong>humanitate</strong></span> <span class='ocrx_word' id='word_1_169' title='bbox 917 2541 972 2595; x_wconf 90' lang='lat' dir='ltr'><strong>in</strong></span> <span class='ocrx_word' id='word_1_170' title='bbox 1005 2558 1175 2597; x_wconf 87' lang='lat' dir='ltr'><strong>servos</strong></span> <span class='ocrx_word' id='word_1_171' title='bbox 1204 2544 1446 2599; x_wconf 85' lang='lat' dir='ltr'><strong>nonnihil</strong></span> <span class='ocrx_word' id='word_1_172' title='bbox 1475 2546 1644 2600; x_wconf 89' lang='lat' dir='ltr'><strong>addit.</strong></span> 
     </span>
    </p>
   </div>
   <div class='ocr_carea' id='block_1_27' title="bbox 913 2652 1687 2716">
    <p class='ocr_par' dir='ltr' id='par_1_27' title="bbox 913 2652 1687 2716">
     <span class='ocr_line' id='line_1_27' title="bbox 913 2652 1687 2716; baseline 0.008 -8"><span class='ocrx_word' id='word_1_173' title='bbox 913 2652 940 2691; x_wconf 72' lang='grc' dir='ltr'>ι)</span> <span class='ocrx_word' id='word_1_174' title='bbox 984 2656 1284 2713; x_wconf 78' lang='lat' dir='ltr'><strong>Ausuostus</strong></span> <span class='ocrx_word' id='word_1_175' title='bbox 1320 2657 1687 2716; x_wconf 72' lang='lat' dir='ltr'><strong>Consumto.</strong></span> 
     </span>
    </p>
   </div>
   <div class='ocr_carea' id='block_1_28' title="bbox 578 2768 2104 2849">
    <p class='ocr_par' dir='ltr' id='par_1_28' title="bbox 578 2768 2104 2849">
     <span class='ocr_line' id='line_1_28' title="bbox 578 2768 2104 2849; baseline 0.009 -26"><span class='ocrx_word' id='word_1_176' title='bbox 578 2769 628 2823; x_wconf 78' lang='lat' dir='ltr'><strong>i.</strong></span> <span class='ocrx_word' id='word_1_177' title='bbox 656 2768 953 2840; x_wconf 90' lang='lat' dir='ltr'><strong>Suscepisti</strong></span> <span class='ocrx_word' id='word_1_178' title='bbox 983 2785 1176 2827; x_wconf 87' lang='lat' dir='ltr'><strong>manus</strong></span> <span class='ocrx_word' id='word_1_179' title='bbox 1208 2772 1528 2841; x_wconf 86' lang='lat' dir='ltr'><strong>sacerdotii,</strong></span> <span class='ocrx_word' id='word_1_180' title='bbox 1553 2783 1609 2830; x_wconf 91' lang='lat' dir='ltr'><strong>ct</strong></span> <span class='ocrx_word' id='word_1_181' title='bbox 1634 2776 1687 2830; x_wconf 91' lang='lat' dir='ltr'><strong>in</strong></span> <span class='ocrx_word' id='word_1_182' title='bbox 1710 2789 1888 2849; x_wconf 87' lang='lat' dir='ltr'><strong>puppe</strong></span> <span class='ocrx_word' id='word_1_183' title='bbox 1916 2779 2104 2837; x_wconf 85' lang='lat' dir='ltr'><strong>Eccle-</strong></span> 
     </span>
    </p>
   </div>
   <div class='ocr_carea' id='block_1_29' title="bbox 503 2861 2104 2939">
    <p class='ocr_par' dir='ltr' id='par_1_29' title="bbox 503 2861 2104 2939">
     <span class='ocr_line' id='line_1_29' title="bbox 503 2861 2104 2939; baseline 0.01 -24"><span class='ocrx_word' id='word_1_184' title='bbox 503 2865 602 2919; x_wconf 73' lang='lat' dir='ltr'><strong>sia:</strong></span> <span class='ocrx_word' id='word_1_185' title='bbox 628 2861 828 2919; x_wconf 87' lang='lat' dir='ltr'><strong>sedens</strong></span> <span class='ocrx_word' id='word_1_186' title='bbox 853 2903 868 2928; x_wconf 92' lang='lat'><strong>,</strong></span> <span class='ocrx_word' id='word_1_187' title='bbox 900 2863 1084 2919; x_wconf 80' lang='lat' dir='ltr'><strong>navim</strong></span> <span class='ocrx_word' id='word_1_188' title='bbox 1119 2864 1381 2921; x_wconf 88' lang='lat' dir='ltr'><strong>adversus</strong></span> <span class='ocrx_word' id='word_1_189' title='bbox 1409 2866 1604 2923; x_wconf 86' lang='lat' dir='ltr'><strong>ﬂuctus</strong></span> <span class='ocrx_word' id='word_1_190' title='bbox 1630 2870 1923 2939; x_wconf 85' lang='lat' dir='ltr'><strong>gubernas.</strong></span> <span class='ocrx_word' id='word_1_191' title='bbox 1952 2871 2104 2932; x_wconf 86' lang='lat' dir='ltr'><strong>Tene</strong></span> 
     </span>
    </p>
   </div>
   <div class='ocr_carea' id='block_1_30' title="bbox 498 2952 2101 3027">
    <p class='ocr_par' dir='ltr' id='par_1_30' title="bbox 498 2952 2101 3027">
     <span class='ocr_line' id='line_1_30' title="bbox 498 2952 2101 3027; baseline 0.007 -17"><span class='ocrx_word' id='word_1_192' title='bbox 498 2953 711 3011; x_wconf 90' lang='lat' dir='ltr'><strong>clavum</strong></span> <span class='ocrx_word' id='word_1_193' title='bbox 744 2952 905 3019; x_wconf 84' lang='lat' dir='ltr'><strong>ﬁdei,</strong></span> <span class='ocrx_word' id='word_1_194' title='bbox 936 2963 996 3009; x_wconf 93' lang='lat' dir='ltr'><strong>ut</strong></span> <span class='ocrx_word' id='word_1_195' title='bbox 1028 2965 1081 3011; x_wconf 89' lang='lat' dir='ltr'><strong>te</strong></span> <span class='ocrx_word' id='word_1_196' title='bbox 1106 2970 1300 3027; x_wconf 86' lang='lat' dir='ltr'><strong>graves</strong></span> <span class='ocrx_word' id='word_1_197' title='bbox 1329 2956 1495 3027; x_wconf 84' lang='lat' dir='ltr'><strong>hujus</strong></span> <span class='ocrx_word' id='word_1_198' title='bbox 1519 2959 1708 3014; x_wconf 73' lang='lat' dir='ltr'><strong>smculi</strong></span> <span class='ocrx_word' id='word_1_199' title='bbox 1741 2962 1964 3020; x_wconf 88' lang='lat' dir='ltr'><strong>turbare</strong></span> <span class='ocrx_word' id='word_1_200' title='bbox 1991 2978 2101 3021; x_wconf 89' lang='lat' dir='ltr'><strong>non</strong></span> 
     </span>
    </p>
   </div>
   <div class='ocr_carea' id='block_1_31' title="bbox 2218 467 3764 545">
    <p class='ocr_par' dir='ltr' id='par_1_31' title="bbox 2218 467 3764 545">
     <span class='ocr_line' id='line_1_31' title="bbox 2218 467 3764 545; baseline 0.005 -24"><span class='ocrx_word' id='word_1_201' title='bbox 2218 467 2359 523; x_wconf 86' lang='lat' dir='ltr'><strong>sicut</strong></span> <span class='ocrx_word' id='word_1_202' title='bbox 2383 476 2596 524; x_wconf 88' lang='lat' dir='ltr'><strong>torrens</strong></span> <span class='ocrx_word' id='word_1_203' title='bbox 2620 467 2795 542; x_wconf 84' lang='lat' dir='ltr'><strong>(Esai.</strong></span> <span class='ocrx_word' id='word_1_204' title='bbox 2827 486 2974 538; x_wconf 75' lang='lat' dir='ltr'><strong>LXVI,</strong></span> <span class='ocrx_word' id='word_1_205' title='bbox 3007 469 3120 544; x_wconf 72' lang='lat'><strong>12).</strong></span> <span class='ocrx_word' id='word_1_206' title='bbox 3155 472 3249 528; x_wconf 85' lang='lat' dir='ltr'><strong>Est</strong></span> <span class='ocrx_word' id='word_1_207' title='bbox 3270 481 3326 528; x_wconf 90' lang='lat' dir='ltr'><strong>et</strong></span> <span class='ocrx_word' id='word_1_208' title='bbox 3353 472 3591 529; x_wconf 82' lang='lat' dir='ltr'><strong>ﬂuminis</strong></span> <span class='ocrx_word' id='word_1_209' title='bbox 3629 475 3764 545; x_wconf 85' lang='lat' dir='ltr'><strong>impe-</strong></span> 
     </span>
    </p>
   </div>
   <div class='ocr_carea' id='block_1_32' title="bbox 2219 559 3766 639">
    <p class='ocr_par' dir='ltr' id='par_1_32' title="bbox 2219 559 3766 639">
     <span class='ocr_line' id='line_1_32' title="bbox 2219 559 3766 639; baseline 0.008 -27"><span class='ocrx_word' id='word_1_210' title='bbox 2219 564 2328 626; x_wconf 89' lang='lat' dir='ltr'><strong>tus,</strong></span> <span class='ocrx_word' id='word_1_211' title='bbox 2361 559 2452 630; x_wconf 90' lang='lat' dir='ltr'><strong>qui</strong></span> <span class='ocrx_word' id='word_1_212' title='bbox 2478 559 2714 617; x_wconf 66' lang='lat' dir='ltr'><strong>laetiﬁcat</strong></span> <span class='ocrx_word' id='word_1_213' title='bbox 2764 562 3002 618; x_wconf 90' lang='lat' dir='ltr'><strong>animam</strong></span> <span class='ocrx_word' id='word_1_214' title='bbox 3038 564 3315 635; x_wconf 87' lang='lat' dir='ltr'><strong>paciﬁcam</strong></span> <span class='ocrx_word' id='word_1_215' title='bbox 3346 573 3510 638; x_wconf 89' lang='lat' dir='ltr'><strong>atque</strong></span> <span class='ocrx_word' id='word_1_216' title='bbox 3548 569 3766 639; x_wconf 87' lang='lat' dir='ltr'><strong>tranquil-</strong></span> 
     </span>
    </p>
   </div>
   <div class='ocr_carea' id='block_1_33' title="bbox 2216 650 3769 731">
    <p class='ocr_par' dir='ltr' id='par_1_33' title="bbox 2216 650 3769 731">
     <span class='ocr_line' id='line_1_33' title="bbox 2216 650 3769 731; baseline 0.007 -25"><span class='ocrx_word' id='word_1_217' title='bbox 2216 650 2324 706; x_wconf 88' lang='lat' dir='ltr'><strong>lam</strong></span> <span class='ocrx_word' id='word_1_218' title='bbox 2357 651 2529 726; x_wconf 86' lang='lat' dir='ltr'><strong>(Psal.</strong></span> <span class='ocrx_word' id='word_1_219' title='bbox 2555 670 2685 722; x_wconf 74' lang='grc' dir='ltr'><strong>ην,</strong></span> <span class='ocrx_word' id='word_1_220' title='bbox 2715 656 2796 725; x_wconf 85' lang='grc'><strong>5).</strong></span> <span class='ocrx_word' id='word_1_221' title='bbox 2847 655 2929 711; x_wconf 84' lang='lat' dir='ltr'><strong>Ex</strong></span> <span class='ocrx_word' id='word_1_222' title='bbox 2980 656 3142 727; x_wconf 87' lang='lat' dir='ltr'><strong>hujus</strong></span> <span class='ocrx_word' id='word_1_223' title='bbox 3181 657 3424 714; x_wconf 88' lang='lat' dir='ltr'><strong>ﬂuminis</strong></span> <span class='ocrx_word' id='word_1_224' title='bbox 3477 659 3769 731; x_wconf 83' lang='lat' dir='ltr'><strong>plenitudine</strong></span> 
     </span>
    </p>
   </div>
   <div class='ocr_carea' id='block_1_34' title="bbox 2217 745 3769 824">
    <p class='ocr_par' dir='ltr' id='par_1_34' title="bbox 2217 745 3769 824">
     <span class='ocr_line' id='line_1_34' title="bbox 2217 745 3769 824; baseline 0.007 -25"><span class='ocrx_word' id='word_1_225' title='bbox 2217 745 2546 817; x_wconf 86' lang='lat' dir='ltr'><strong>quicumque</strong></span> <span class='ocrx_word' id='word_1_226' title='bbox 2560 749 2859 819; x_wconf 89' lang='lat' dir='ltr'><strong>acceperit,</strong></span> <span class='ocrx_word' id='word_1_227' title='bbox 2888 750 3031 806; x_wconf 77' lang='lat' dir='ltr'><strong>sicut</strong></span> <span class='ocrx_word' id='word_1_228' title='bbox 3051 750 3292 808; x_wconf 79' lang='lat' dir='ltr'><strong>Joannes</strong></span> <span class='ocrx_word' id='word_1_229' title='bbox 3312 751 3769 824; x_wconf 83' lang='lat' dir='ltr'><strong>Evangelista,sic-</strong></span> 
     </span>
    </p>
   </div>
   <div class='ocr_carea' id='block_1_35' title="bbox 2218 837 3772 909">
    <p class='ocr_par' dir='ltr' id='par_1_35' title="bbox 2218 837 3772 909">
     <span class='ocr_line' id='line_1_35' title="bbox 2218 837 3772 909; baseline 0.008 -17"><span class='ocrx_word' id='word_1_230' title='bbox 2218 847 2278 893; x_wconf 93' lang='lat' dir='ltr'><strong>ut</strong></span> <span class='ocrx_word' id='word_1_231' title='bbox 2302 837 2497 895; x_wconf 89' lang='lat' dir='ltr'><strong>Petrus</strong></span> <span class='ocrx_word' id='word_1_232' title='bbox 2522 849 2578 895; x_wconf 93' lang='lat' dir='ltr'><strong>ct</strong></span> <span class='ocrx_word' id='word_1_233' title='bbox 2619 841 2851 909; x_wconf 86' lang='lat' dir='ltr'><strong>Paulus,</strong></span> <span class='ocrx_word' id='word_1_234' title='bbox 2882 843 3063 900; x_wconf 80' lang='lat' dir='ltr'><strong>elevat</strong></span> <span class='ocrx_word' id='word_1_235' title='bbox 3101 861 3297 903; x_wconf 81' lang='lat' dir='ltr'><strong>vocem</strong></span> <span class='ocrx_word' id='word_1_236' title='bbox 3330 862 3526 903; x_wconf 87' lang='lat' dir='ltr'><strong>suam:</strong></span> <span class='ocrx_word' id='word_1_237' title='bbox 3569 858 3621 905; x_wconf 91' lang='lat' dir='ltr'><strong>et</strong></span> <span class='ocrx_word' id='word_1_238' title='bbox 3657 848 3772 905; x_wconf 84' lang='lat' dir='ltr'><strong>sicut</strong></span> 
     </span>
    </p>
   </div>
   <div class='ocr_carea' id='block_1_36' title="bbox 2215 933 3770 1014">
    <p class='ocr_par' dir='ltr' id='par_1_36' title="bbox 2215 933 3770 1014">
     <span class='ocr_line' id='line_1_36' title="bbox 2215 933 3770 1014; baseline 0.007 -27"><span class='ocrx_word' id='word_1_239' title='bbox 2215 933 2450 1003; x_wconf 88' lang='lat' dir='ltr'><strong>apostoli</strong></span> <span class='ocrx_word' id='word_1_240' title='bbox 2480 936 2818 1007; x_wconf 70' lang='lat' dir='ltr'><strong>evangelica:</strong></span> <span class='ocrx_word' id='word_1_241' title='bbox 2852 938 3256 1008; x_wconf 61' lang='lat' dir='ltr'><strong>praedicationis</strong></span> <span class='ocrx_word' id='word_1_242' title='bbox 3299 955 3490 998; x_wconf 87' lang='lat' dir='ltr'><strong>vocem</strong></span> <span class='ocrx_word' id='word_1_243' title='bbox 3542 955 3696 1014; x_wconf 88' lang='lat' dir='ltr'><strong>usque</strong></span> <span class='ocrx_word' id='word_1_244' title='bbox 3728 942 3770 998; x_wconf 87' lang='lat' dir='ltr'><strong>in</strong></span> 
     </span>
    </p>
   </div>
   <div class='ocr_carea' id='block_1_37' title="bbox 2215 1024 3773 1106">
    <p class='ocr_par' dir='ltr' id='par_1_37' title="bbox 2215 1024 3773 1106">
     <span class='ocr_line' id='line_1_37' title="bbox 2215 1024 3773 1106; baseline 0.008 -27"><span class='ocrx_word' id='word_1_245' title='bbox 2215 1032 2361 1080; x_wconf 84' lang='lat' dir='ltr'><strong>totus</strong></span> <span class='ocrx_word' id='word_1_246' title='bbox 2391 1024 2527 1082; x_wconf 87' lang='lat' dir='ltr'><strong>ﬁnes</strong></span> <span class='ocrx_word' id='word_1_247' title='bbox 2553 1027 2703 1084; x_wconf 86' lang='lat' dir='ltr'><strong>orbis</strong></span> <span class='ocrx_word' id='word_1_248' title='bbox 2729 1036 2996 1086; x_wconf 89' lang='lat' dir='ltr'><strong>terrarum</strong></span> <span class='ocrx_word' id='word_1_249' title='bbox 3027 1047 3231 1089; x_wconf 89' lang='lat' dir='ltr'><strong>canoro</strong></span> <span class='ocrx_word' id='word_1_250' title='bbox 3253 1031 3584 1091; x_wconf 81' lang='lat' dir='ltr'><strong>diﬂ&#39;uderunt</strong></span> <span class='ocrx_word' id='word_1_251' title='bbox 3603 1050 3773 1106; x_wconf 64' lang='lat' dir='ltr'><strong>praco-</strong></span> 
     </span>
    </p>
   </div>
   <div class='ocr_carea' id='block_1_38' title="bbox 2215 1115 3768 1195">
    <p class='ocr_par' dir='ltr' id='par_1_38' title="bbox 2215 1115 3768 1195">
     <span class='ocr_line' id='line_1_38' title="bbox 2215 1115 3768 1195; baseline 0.008 -24"><span class='ocrx_word' id='word_1_252' title='bbox 2215 1115 2337 1184; x_wconf 91' lang='lat' dir='ltr'><strong>nio;</strong></span> <span class='ocrx_word' id='word_1_253' title='bbox 2366 1117 2437 1174; x_wconf 92' lang='lat' dir='ltr'><strong>ita</strong></span> <span class='ocrx_word' id='word_1_254' title='bbox 2460 1129 2515 1175; x_wconf 92' lang='lat' dir='ltr'><strong>et</strong></span> <span class='ocrx_word' id='word_1_255' title='bbox 2543 1119 2645 1177; x_wconf 88' lang='lat' dir='ltr'><strong>iste</strong></span> <span class='ocrx_word' id='word_1_256' title='bbox 2674 1121 2862 1193; x_wconf 90' lang='lat' dir='ltr'><strong>incipit</strong></span> <span class='ocrx_word' id='word_1_257' title='bbox 2885 1123 3262 1195; x_wconf 80' lang='lat' dir='ltr'><strong>evangelizarc</strong></span> <span class='ocrx_word' id='word_1_258' title='bbox 3286 1124 3576 1182; x_wconf 84' lang='lat' dir='ltr'><strong>Dominum</strong></span> <span class='ocrx_word' id='word_1_259' title='bbox 3596 1126 3768 1185; x_wconf 78' lang='lat' dir='ltr'><strong>lesuui.</strong></span> 
     </span>
    </p>
   </div>
   <div class='ocr_carea' id='block_1_39' title="bbox 2212 1209 3621 1285">
    <p class='ocr_par' dir='ltr' id='par_1_39' title="bbox 2212 1209 3621 1285">
     <span class='ocr_line' id='line_1_39' title="bbox 2212 1209 3621 1285; baseline 0.008 -19"><span class='ocrx_word' id='word_1_260' title='bbox 2212 1209 2414 1282; x_wconf 78' lang='lat' dir='ltr'><strong>Accipe</strong></span> <span class='ocrx_word' id='word_1_261' title='bbox 2443 1228 2575 1285; x_wconf 89' lang='lat' dir='ltr'><strong>ergo</strong></span> <span class='ocrx_word' id='word_1_262' title='bbox 2602 1229 2635 1269; x_wconf 87' lang='lat' dir='ltr'><strong>a</strong></span> <span class='ocrx_word' id='word_1_263' title='bbox 2662 1214 2906 1283; x_wconf 83' lang='lat' dir='ltr'><strong>Christo,</strong></span> <span class='ocrx_word' id='word_1_264' title='bbox 2930 1226 2990 1272; x_wconf 91' lang='lat' dir='ltr'><strong>ut</strong></span> <span class='ocrx_word' id='word_1_265' title='bbox 3011 1226 3066 1273; x_wconf 90' lang='lat' dir='ltr'><strong>et</strong></span> <span class='ocrx_word' id='word_1_266' title='bbox 3097 1227 3219 1275; x_wconf 89' lang='lat' dir='ltr'><strong>tuus</strong></span> <span class='ocrx_word' id='word_1_267' title='bbox 3243 1233 3417 1275; x_wconf 91' lang='lat' dir='ltr'><strong>sonus</strong></span> <span class='ocrx_word' id='word_1_268' title='bbox 3446 1230 3621 1277; x_wconf 82' lang='lat' dir='ltr'><strong>exeat.</strong></span> 
     </span>
    </p>
   </div>
   <div class='ocr_carea' id='block_1_40' title="bbox 2288 1303 3770 1379">
    <p class='ocr_par' dir='ltr' id='par_1_40' title="bbox 2288 1303 3770 1379">
     <span class='ocr_line' id='line_1_40' title="bbox 2288 1303 3770 1379; baseline 0.009 -22"><span class='ocrx_word' id='word_1_269' title='bbox 2288 1304 2341 1358; x_wconf 76' lang='lat'><strong>3.</strong></span> <span class='ocrx_word' id='word_1_270' title='bbox 2384 1303 2531 1361; x_wconf 77' lang='lat' dir='ltr'><strong>Mare</strong></span> <span class='ocrx_word' id='word_1_271' title='bbox 2553 1315 2639 1362; x_wconf 90' lang='lat' dir='ltr'><strong>est</strong></span> <span class='ocrx_word' id='word_1_272' title='bbox 2666 1306 2951 1378; x_wconf 88' lang='lat' dir='ltr'><strong>Scriptura</strong></span> <span class='ocrx_word' id='word_1_273' title='bbox 2969 1308 3176 1379; x_wconf 80' lang='lat' dir='ltr'><strong>divina,</strong></span> <span class='ocrx_word' id='word_1_274' title='bbox 3212 1310 3422 1369; x_wconf 86' lang='lat' dir='ltr'><strong>habens</strong></span> <span class='ocrx_word' id='word_1_275' title='bbox 3448 1313 3503 1369; x_wconf 93' lang='lat' dir='ltr'><strong>in</strong></span> <span class='ocrx_word' id='word_1_276' title='bbox 3526 1327 3588 1369; x_wconf 87' lang='lat' dir='ltr'><strong>se</strong></span> <span class='ocrx_word' id='word_1_277' title='bbox 3610 1329 3770 1371; x_wconf 81' lang='lat' dir='ltr'><strong>sensus</strong></span> 
     </span>
    </p>
   </div>
   <div class='ocr_carea' id='block_1_41' title="bbox 2213 1398 3772 1483">
    <p class='ocr_par' dir='ltr' id='par_1_41' title="bbox 2213 1398 3772 1483">
     <span class='ocr_line' id='line_1_41' title="bbox 2213 1398 3772 1483; baseline 0.01 -31"><span class='ocrx_word' id='word_1_278' title='bbox 2213 1398 2542 1471; x_wconf 79' lang='lat' dir='ltr'><strong>profundos,</strong></span> <span class='ocrx_word' id='word_1_279' title='bbox 2591 1408 2648 1458; x_wconf 91' lang='lat' dir='ltr'><strong>et</strong></span> <span class='ocrx_word' id='word_1_280' title='bbox 2679 1401 3024 1460; x_wconf 89' lang='lat' dir='ltr'><strong>altitudinem</strong></span> <span class='ocrx_word' id='word_1_281' title='bbox 3063 1406 3514 1477; x_wconf 87' lang='lat' dir='ltr'><strong>propheticorum</strong></span> <span class='ocrx_word' id='word_1_282' title='bbox 3556 1411 3772 1483; x_wconf 57' lang='lat' dir='ltr'><strong>aenigma-</strong></span> 
     </span>
    </p>
   </div>
   <div class='ocr_carea' id='block_1_42' title="bbox 2217 1492 3770 1568">
    <p class='ocr_par' dir='ltr' id='par_1_42' title="bbox 2217 1492 3770 1568">
     <span class='ocr_line' id='line_1_42' title="bbox 2217 1492 3770 1568; baseline 0.007 -21"><span class='ocrx_word' id='word_1_283' title='bbox 2217 1500 2376 1549; x_wconf 87' lang='lat' dir='ltr'><strong>tum:</strong></span> <span class='ocrx_word' id='word_1_284' title='bbox 2427 1492 2482 1549; x_wconf 90' lang='lat' dir='ltr'><strong>in</strong></span> <span class='ocrx_word' id='word_1_285' title='bbox 2531 1493 2677 1566; x_wconf 88' lang='lat' dir='ltr'><strong>quod</strong></span> <span class='ocrx_word' id='word_1_286' title='bbox 2720 1510 2875 1552; x_wconf 88' lang='lat' dir='ltr'><strong>mare</strong></span> <span class='ocrx_word' id='word_1_287' title='bbox 2913 1496 3143 1568; x_wconf 89' lang='lat' dir='ltr'><strong>plurima</strong></span> <span class='ocrx_word' id='word_1_288' title='bbox 3188 1499 3519 1557; x_wconf 90' lang='lat' dir='ltr'><strong>introierunt</strong></span> <span class='ocrx_word' id='word_1_289' title='bbox 3563 1502 3770 1558; x_wconf 85' lang='lat' dir='ltr'><strong>ﬂumina.</strong></span> 
     </span>
    </p>
   </div>
   <div class='ocr_carea' id='block_1_43' title="bbox 2213 1582 3774 1664">
    <p class='ocr_par' dir='ltr' id='par_1_43' title="bbox 2213 1582 3774 1664">
     <span class='ocr_line' id='line_1_43' title="bbox 2213 1582 3774 1664; baseline 0.007 -23"><span class='ocrx_word' id='word_1_290' title='bbox 2213 1582 2352 1641; x_wconf 87' lang='lat' dir='ltr'><strong>Sunt</strong></span> <span class='ocrx_word' id='word_1_291' title='bbox 2380 1599 2510 1657; x_wconf 86' lang='lat' dir='ltr'><strong>ergo</strong></span> <span class='ocrx_word' id='word_1_292' title='bbox 2553 1596 2606 1642; x_wconf 92' lang='lat' dir='ltr'><strong>et</strong></span> <span class='ocrx_word' id='word_1_293' title='bbox 2639 1586 2795 1643; x_wconf 91' lang='lat' dir='ltr'><strong>ﬂuvii</strong></span> <span class='ocrx_word' id='word_1_294' title='bbox 2822 1587 3014 1647; x_wconf 88' lang='lat' dir='ltr'><strong>dulces</strong></span> <span class='ocrx_word' id='word_1_295' title='bbox 3041 1599 3205 1662; x_wconf 86' lang='lat' dir='ltr'><strong>atque</strong></span> <span class='ocrx_word' id='word_1_296' title='bbox 3234 1593 3545 1664; x_wconf 86' lang='lat' dir='ltr'><strong>perspicui,</strong></span> <span class='ocrx_word' id='word_1_297' title='bbox 3574 1603 3691 1651; x_wconf 88' lang='lat' dir='ltr'><strong>sunt</strong></span> <span class='ocrx_word' id='word_1_298' title='bbox 3730 1604 3774 1652; x_wconf 86' lang='lat' dir='ltr'><strong>et</strong></span> 
     </span>
    </p>
   </div>
   <div class='ocr_carea' id='block_1_44' title="bbox 2219 1675 3772 1759">
    <p class='ocr_par' dir='ltr' id='par_1_44' title="bbox 2219 1675 3772 1759">
     <span class='ocr_line' id='line_1_44' title="bbox 2219 1675 3772 1759; baseline 0.009 -28"><span class='ocrx_word' id='word_1_299' title='bbox 2219 1687 2241 1717; x_wconf 75' lang='grc' dir='ltr'><strong>ο</strong></span> <span class='ocrx_word' id='word_1_300' title='bbox 2262 1675 2442 1734; x_wconf 83' lang='lat' dir='ltr'><strong>fontes</strong></span> <span class='ocrx_word' id='word_1_301' title='bbox 2469 1679 2635 1747; x_wconf 88' lang='lat' dir='ltr'><strong>nivei,</strong></span> <span class='ocrx_word' id='word_1_302' title='bbox 2656 1680 2745 1751; x_wconf 91' lang='lat' dir='ltr'><strong>qui</strong></span> <span class='ocrx_word' id='word_1_303' title='bbox 2761 1681 2960 1738; x_wconf 90' lang='lat' dir='ltr'><strong>saliant</strong></span> <span class='ocrx_word' id='word_1_304' title='bbox 2985 1683 3038 1738; x_wconf 94' lang='lat' dir='ltr'><strong>in</strong></span> <span class='ocrx_word' id='word_1_305' title='bbox 3062 1684 3227 1740; x_wconf 84' lang='lat' dir='ltr'><strong>vitam</strong></span> <span class='ocrx_word' id='word_1_306' title='bbox 3246 1695 3512 1743; x_wconf 60' lang='lat' dir='ltr'><strong>aeternam</strong></span> <span class='ocrx_word' id='word_1_307' title='bbox 3527 1688 3694 1759; x_wconf 76' lang='lat' dir='ltr'><strong>(locu.</strong></span> <span class='ocrx_word' id='word_1_308' title='bbox 3713 1705 3772 1756; x_wconf 78' lang='grc' dir='ltr'>ιι,</span> 
     </span>
    </p>
   </div>
   <div class='ocr_carea' id='block_1_45' title="bbox 2134 1770 3775 1852">
    <p class='ocr_par' dir='ltr' id='par_1_45' title="bbox 2134 1770 3775 1852">
     <span class='ocr_line' id='line_1_45' title="bbox 2134 1770 3775 1852; baseline 0.004 -21"><span class='ocrx_word' id='word_1_309' title='bbox 2134 1772 2184 1831; x_wconf 93' lang='grc' dir='ltr'><strong>Β</strong></span> <span class='ocrx_word' id='word_1_310' title='bbox 2211 1770 2301 1843; x_wconf 61' lang='lat' dir='ltr'><strong>id)</strong></span> <span class='ocrx_word' id='word_1_311' title='bbox 2337 1788 2351 1827; x_wconf 92' lang='lat'><strong>:</strong></span> <span class='ocrx_word' id='word_1_312' title='bbox 2384 1783 2511 1828; x_wconf 92' lang='lat' dir='ltr'><strong>sunt</strong></span> <span class='ocrx_word' id='word_1_313' title='bbox 2539 1782 2594 1829; x_wconf 90' lang='lat' dir='ltr'><strong>et</strong></span> <span class='ocrx_word' id='word_1_314' title='bbox 2622 1788 2906 1832; x_wconf 85' lang='lat' dir='ltr'><strong>sermones</strong></span> <span class='ocrx_word' id='word_1_315' title='bbox 2936 1776 3087 1845; x_wconf 89' lang='lat' dir='ltr'><strong>boni,</strong></span> <span class='ocrx_word' id='word_1_316' title='bbox 3112 1778 3250 1835; x_wconf 89' lang='lat' dir='ltr'><strong>sicut</strong></span> <span class='ocrx_word' id='word_1_317' title='bbox 3281 1778 3390 1835; x_wconf 81' lang='lat' dir='ltr'><strong>lavi</strong></span> <span class='ocrx_word' id='word_1_318' title='bbox 3415 1780 3595 1839; x_wconf 87' lang='lat' dir='ltr'><strong>mellis</strong></span> <span class='ocrx_word' id='word_1_319' title='bbox 3619 1780 3775 1852; x_wconf 78' lang='lat' dir='ltr'><strong>(Prov.</strong></span> 
     </span>
    </p>
   </div>
   <div class='ocr_carea' id='block_1_46' title="bbox 2208 1864 3779 1945">
    <p class='ocr_par' dir='ltr' id='par_1_46' title="bbox 2208 1864 3779 1945">
     <span class='ocr_line' id='line_1_46' title="bbox 2208 1864 3779 1945; baseline 0.01 -25"><span class='ocrx_word' id='word_1_320' title='bbox 2208 1880 2322 1934; x_wconf 74' lang='lat' dir='ltr'><strong>xw,</strong></span> <span class='ocrx_word' id='word_1_321' title='bbox 2353 1864 2450 1938; x_wconf 67' lang='grc' dir='ltr'><strong>ει)</strong></span> <span class='ocrx_word' id='word_1_322' title='bbox 2480 1886 2493 1921; x_wconf 90' lang='lat'><strong>:</strong></span> <span class='ocrx_word' id='word_1_323' title='bbox 2525 1876 2768 1940; x_wconf 70' lang='lat' dir='ltr'><strong>etgratze</strong></span> <span class='ocrx_word' id='word_1_324' title='bbox 2794 1872 3085 1927; x_wconf 72' lang='lat' dir='ltr'><strong>sentcntim</strong></span> <span class='ocrx_word' id='word_1_325' title='bbox 3109 1914 3124 1941; x_wconf 89' lang='lat'><strong>,</strong></span> <span class='ocrx_word' id='word_1_326' title='bbox 3165 1889 3288 1945; x_wconf 63' lang='lat' dir='ltr'><strong>quae</strong></span> <span class='ocrx_word' id='word_1_327' title='bbox 3316 1877 3531 1935; x_wconf 87' lang='lat' dir='ltr'><strong>animos</strong></span> <span class='ocrx_word' id='word_1_328' title='bbox 3572 1879 3779 1935; x_wconf 81' lang='lat' dir='ltr'><strong>audien-</strong></span> 
     </span>
    </p>
   </div>
   <div class='ocr_carea' id='block_1_47' title="bbox 2209 1957 3779 2042">
    <p class='ocr_par' dir='ltr' id='par_1_47' title="bbox 2209 1957 3779 2042">
     <span class='ocr_line' id='line_1_47' title="bbox 2209 1957 3779 2042; baseline 0.011 -31"><span class='ocrx_word' id='word_1_329' title='bbox 2209 1957 2343 2013; x_wconf 89' lang='lat' dir='ltr'><strong>tium</strong></span> <span class='ocrx_word' id='word_1_330' title='bbox 2375 1959 2603 2030; x_wconf 88' lang='lat' dir='ltr'><strong>spiritali</strong></span> <span class='ocrx_word' id='word_1_331' title='bbox 2627 1961 2860 2033; x_wconf 83' lang='lat' dir='ltr'><strong>quodam</strong></span> <span class='ocrx_word' id='word_1_332' title='bbox 2889 1972 3019 2036; x_wconf 91' lang='lat' dir='ltr'><strong>potu</strong></span> <span class='ocrx_word' id='word_1_333' title='bbox 3048 1966 3299 2038; x_wconf 88' lang='lat' dir='ltr'><strong>irrigent,</strong></span> <span class='ocrx_word' id='word_1_334' title='bbox 3328 1978 3386 2026; x_wconf 90' lang='lat' dir='ltr'><strong>et</strong></span> <span class='ocrx_word' id='word_1_335' title='bbox 3413 1984 3779 2042; x_wconf 59' lang='lat' dir='ltr'><strong>praceptorum</strong></span> 
     </span>
    </p>
   </div>
   <div class='ocr_carea' id='block_1_48' title="bbox 2210 2050 3782 2137">
    <p class='ocr_par' dir='ltr' id='par_1_48' title="bbox 2210 2050 3782 2137">
     <span class='ocr_line' id='line_1_48' title="bbox 2210 2050 3782 2137; baseline 0.013 -33"><span class='ocrx_word' id='word_1_336' title='bbox 2210 2050 2498 2106; x_wconf 86' lang='lat' dir='ltr'><strong>muralium</strong></span> <span class='ocrx_word' id='word_1_337' title='bbox 2523 2055 2792 2111; x_wconf 88' lang='lat' dir='ltr'><strong>suavitate</strong></span> <span class='ocrx_word' id='word_1_338' title='bbox 2830 2056 3126 2114; x_wconf 82' lang='lat' dir='ltr'><strong>mulceant.</strong></span> <span class='ocrx_word' id='word_1_339' title='bbox 3159 2059 3385 2118; x_wconf 86' lang='lat' dir='ltr'><strong>Diversa</strong></span> <span class='ocrx_word' id='word_1_340' title='bbox 3437 2065 3597 2137; x_wconf 89' lang='lat' dir='ltr'><strong>igitur</strong></span> <span class='ocrx_word' id='word_1_341' title='bbox 3621 2066 3782 2137; x_wconf 82' lang='lat' dir='ltr'><strong>Scrip-</strong></span> 
     </span>
    </p>
   </div>
   <div class='ocr_carea' id='block_1_49' title="bbox 2210 2142 3781 2227">
    <p class='ocr_par' dir='ltr' id='par_1_49' title="bbox 2210 2142 3781 2227">
     <span class='ocr_line' id='line_1_49' title="bbox 2210 2142 3781 2227; baseline 0.013 -33"><span class='ocrx_word' id='word_1_342' title='bbox 2210 2149 2454 2198; x_wconf 89' lang='lat' dir='ltr'><strong>turarnm</strong></span> <span class='ocrx_word' id='word_1_343' title='bbox 2481 2142 2789 2201; x_wconf 85' lang='lat' dir='ltr'><strong>divinarum</strong></span> <span class='ocrx_word' id='word_1_344' title='bbox 2814 2146 3041 2206; x_wconf 85' lang='lat' dir='ltr'><strong>ﬂuenta.</strong></span> <span class='ocrx_word' id='word_1_345' title='bbox 3067 2150 3245 2209; x_wconf 83' lang='lat' dir='ltr'><strong>Habes</strong></span> <span class='ocrx_word' id='word_1_346' title='bbox 3290 2155 3437 2227; x_wconf 88' lang='lat' dir='ltr'><strong>quod</strong></span> <span class='ocrx_word' id='word_1_347' title='bbox 3471 2156 3689 2227; x_wconf 85' lang='lat' dir='ltr'><strong>primum</strong></span> <span class='ocrx_word' id='word_1_348' title='bbox 3714 2158 3781 2214; x_wconf 83' lang='lat' dir='ltr'><strong>bi-</strong></span> 
     </span>
    </p>
   </div>
   <div class='ocr_carea' id='block_1_50' title="bbox 2207 2234 3777 2320">
    <p class='ocr_par' dir='ltr' id='par_1_50' title="bbox 2207 2234 3777 2320">
     <span class='ocr_line' id='line_1_50' title="bbox 2207 2234 3777 2320; baseline 0.011 -28"><span class='ocrx_word' id='word_1_349' title='bbox 2207 2234 2330 2302; x_wconf 88' lang='lat' dir='ltr'><strong>bas,</strong></span> <span class='ocrx_word' id='word_1_350' title='bbox 2360 2234 2529 2293; x_wconf 86' lang='lat' dir='ltr'><strong>habes</strong></span> <span class='ocrx_word' id='word_1_351' title='bbox 2546 2239 2689 2307; x_wconf 88' lang='lat' dir='ltr'><strong>quod</strong></span> <span class='ocrx_word' id='word_1_352' title='bbox 2722 2242 3045 2313; x_wconf 90' lang='lat' dir='ltr'><strong>secundum,</strong></span> <span class='ocrx_word' id='word_1_353' title='bbox 3076 2244 3244 2304; x_wconf 87' lang='lat' dir='ltr'><strong>habes</strong></span> <span class='ocrx_word' id='word_1_354' title='bbox 3266 2249 3413 2319; x_wconf 89' lang='lat' dir='ltr'><strong>quod</strong></span> <span class='ocrx_word' id='word_1_355' title='bbox 3444 2261 3777 2320; x_wconf 82' lang='lat' dir='ltr'><strong>postremum.</strong></span> 
     </span>
    </p>
   </div>
   <div class='ocr_carea' id='block_1_51' title="bbox 2277 2328 3780 2412">
    <p class='ocr_par' dir='ltr' id='par_1_51' title="bbox 2277 2328 3780 2412">
     <span class='ocr_line' id='line_1_51' title="bbox 2277 2328 3780 2412; baseline 0.013 -31"><span class='ocrx_word' id='word_1_356' title='bbox 2277 2328 2334 2382; x_wconf 74' lang='grc'><strong>4.</strong></span> <span class='ocrx_word' id='word_1_357' title='bbox 2373 2328 2581 2402; x_wconf 85' lang='lat' dir='ltr'><strong>Collige</strong></span> <span class='ocrx_word' id='word_1_358' title='bbox 2607 2346 2803 2403; x_wconf 90' lang='lat' dir='ltr'><strong>aquam</strong></span> <span class='ocrx_word' id='word_1_359' title='bbox 2827 2335 3053 2404; x_wconf 87' lang='lat' dir='ltr'><strong>Christi,</strong></span> <span class='ocrx_word' id='word_1_360' title='bbox 3086 2337 3236 2395; x_wconf 83' lang='lat' dir='ltr'><strong>illam</strong></span> <span class='ocrx_word' id='word_1_361' title='bbox 3261 2357 3387 2412; x_wconf 79' lang='lat' dir='ltr'><strong>qua:</strong></span> <span class='ocrx_word' id='word_1_362' title='bbox 3418 2342 3600 2400; x_wconf 85' lang='lat' dir='ltr'><strong>laudat</strong></span> <span class='ocrx_word' id='word_1_363' title='bbox 3622 2345 3780 2401; x_wconf 85' lang='lat' dir='ltr'><strong>Domi-</strong></span> 
     </span>
    </p>
   </div>
   <div class='ocr_carea' id='block_1_52' title="bbox 2206 2420 3778 2509">
    <p class='ocr_par' dir='ltr' id='par_1_52' title="bbox 2206 2420 3778 2509">
     <span class='ocr_line' id='line_1_52' title="bbox 2206 2420 3778 2509; baseline 0.014 -34"><span class='ocrx_word' id='word_1_364' title='bbox 2206 2435 2335 2476; x_wconf 91' lang='lat' dir='ltr'><strong>num</strong></span> <span class='ocrx_word' id='word_1_365' title='bbox 2368 2421 2544 2493; x_wconf 85' lang='lat' dir='ltr'><strong>(Psal.</strong></span> <span class='ocrx_word' id='word_1_366' title='bbox 2572 2440 2792 2496; x_wconf 70' lang='lat' dir='ltr'><strong>cxu&#39;m,</strong></span> <span class='ocrx_word' id='word_1_367' title='bbox 2825 2428 2906 2501; x_wconf 89' lang='lat'><strong>5).</strong></span> <span class='ocrx_word' id='word_1_368' title='bbox 2949 2430 3162 2505; x_wconf 90' lang='lat' dir='ltr'><strong>Collige</strong></span> <span class='ocrx_word' id='word_1_369' title='bbox 3201 2449 3399 2505; x_wconf 89' lang='lat' dir='ltr'><strong>aquam</strong></span> <span class='ocrx_word' id='word_1_370' title='bbox 3446 2441 3515 2494; x_wconf 89' lang='lat' dir='ltr'><strong>de</strong></span> <span class='ocrx_word' id='word_1_371' title='bbox 3556 2420 3778 2509; x_wconf 73' lang='lat' dir='ltr'><strong>pluribus</strong></span> 
     </span>
    </p>
   </div>
   <div class='ocr_carea' id='block_1_53' title="bbox 2205 2511 3774 2603">
    <p class='ocr_par' dir='ltr' id='par_1_53' title="bbox 2205 2511 3774 2603">
     <span class='ocr_line' id='line_1_53' title="bbox 2205 2511 3774 2603; baseline 0.011 -36"><span class='ocrx_word' id='word_1_372' title='bbox 2205 2511 2361 2578; x_wconf 88' lang='lat' dir='ltr'><strong>locis,</strong></span> <span class='ocrx_word' id='word_1_373' title='bbox 2386 2530 2544 2585; x_wconf 87' lang='lat' dir='ltr'><strong>quam</strong></span> <span class='ocrx_word' id='word_1_374' title='bbox 2567 2514 2863 2603; x_wconf 54' lang='lat' dir='ltr'><strong>eﬂ‘undunt&#39;</strong></span> <span class='ocrx_word' id='word_1_375' title='bbox 2883 2522 3056 2579; x_wconf 88' lang='lat' dir='ltr'><strong>nubes</strong></span> <span class='ocrx_word' id='word_1_376' title='bbox 3083 2525 3417 2596; x_wconf 70' lang='lat' dir='ltr'><strong>prophetica:</strong></span> <span class='ocrx_word' id='word_1_377' title='bbox 3445 2528 3617 2601; x_wconf 84' lang='lat' dir='ltr'><strong>(Eccl.</strong></span> <span class='ocrx_word' id='word_1_378' title='bbox 3631 2532 3774 2603; x_wconf 69' lang='lat'><strong>11,5).</strong></span> 
     </span>
    </p>
   </div>
   <div class='ocr_carea' id='block_1_54' title="bbox 2204 2602 3777 2695">
    <p class='ocr_par' dir='ltr' id='par_1_54' title="bbox 2204 2602 3777 2695">
     <span class='ocr_line' id='line_1_54' title="bbox 2204 2602 3777 2695; baseline 0.013 -36"><span class='ocrx_word' id='word_1_379' title='bbox 2204 2605 2547 2679; x_wconf 83' lang='lat' dir='ltr'><strong>Quicumque</strong></span> <span class='ocrx_word' id='word_1_380' title='bbox 2565 2602 2779 2683; x_wconf 81' lang='lat' dir='ltr'><strong>colligit</strong></span> <span class='ocrx_word' id='word_1_381' title='bbox 2806 2612 2875 2669; x_wconf 89' lang='lat' dir='ltr'><strong>de</strong></span> <span class='ocrx_word' id='word_1_382' title='bbox 2907 2615 3184 2675; x_wconf 86' lang='lat' dir='ltr'><strong>montibus</strong></span> <span class='ocrx_word' id='word_1_383' title='bbox 3212 2633 3431 2690; x_wconf 90' lang='lat' dir='ltr'><strong>aquam,</strong></span> <span class='ocrx_word' id='word_1_384' title='bbox 3465 2631 3622 2695; x_wconf 89' lang='lat' dir='ltr'><strong>atque</strong></span> <span class='ocrx_word' id='word_1_385' title='bbox 3642 2623 3704 2679; x_wconf 89' lang='lat' dir='ltr'><strong>ad</strong></span> <span class='ocrx_word' id='word_1_386' title='bbox 3727 2638 3777 2680; x_wconf 85' lang='lat' dir='ltr'><strong>se</strong></span> 
     </span>
    </p>
   </div>
   <div class='ocr_carea' id='block_1_55' title="bbox 2205 2698 3779 2783">
    <p class='ocr_par' dir='ltr' id='par_1_55' title="bbox 2205 2698 3779 2783">
     <span class='ocr_line' id='line_1_55' title="bbox 2205 2698 3779 2783; baseline 0.013 -31"><span class='ocrx_word' id='word_1_387' title='bbox 2205 2698 2392 2764; x_wconf 89' lang='lat' dir='ltr'><strong>trahit,</strong></span> <span class='ocrx_word' id='word_1_388' title='bbox 2418 2701 2501 2756; x_wconf 85' lang='lat' dir='ltr'><strong>vel</strong></span> <span class='ocrx_word' id='word_1_389' title='bbox 2528 2701 2711 2759; x_wconf 88' lang='lat' dir='ltr'><strong>haurit</strong></span> <span class='ocrx_word' id='word_1_390' title='bbox 2735 2718 2767 2760; x_wconf 91' lang='lat' dir='ltr'><strong>e</strong></span> <span class='ocrx_word' id='word_1_391' title='bbox 2799 2704 3037 2764; x_wconf 79' lang='lat' dir='ltr'><strong>fontibus</strong></span> <span class='ocrx_word' id='word_1_392' title='bbox 3061 2705 3088 2746; x_wconf 71' lang='grc' dir='ltr'>ἀ</span> <span class='ocrx_word' id='word_1_393' title='bbox 3119 2718 3177 2766; x_wconf 90' lang='lat' dir='ltr'><strong>et</strong></span> <span class='ocrx_word' id='word_1_394' title='bbox 3210 2711 3329 2783; x_wconf 87' lang='lat' dir='ltr'><strong>ipse</strong></span> <span class='ocrx_word' id='word_1_395' title='bbox 3356 2716 3659 2772; x_wconf 88' lang='lat' dir='ltr'><strong>roratsicut</strong></span> <span class='ocrx_word' id='word_1_396' title='bbox 3693 2734 3779 2773; x_wconf 87' lang='lat' dir='ltr'><strong>nu-</strong></span> 
     </span>
    </p>
   </div>
   <div class='ocr_carea' id='block_1_56' title="bbox 2207 2790 3775 2874">
    <p class='ocr_par' dir='ltr' id='par_1_56' title="bbox 2207 2790 3775 2874">
     <span class='ocr_line' id='line_1_56' title="bbox 2207 2790 3775 2874; baseline 0.013 -29"><span class='ocrx_word' id='word_1_397' title='bbox 2207 2790 2323 2846; x_wconf 90' lang='lat' dir='ltr'><strong>bes.</strong></span> <span class='ocrx_word' id='word_1_398' title='bbox 2357 2792 2530 2861; x_wconf 87' lang='lat' dir='ltr'><strong>lmple</strong></span> <span class='ocrx_word' id='word_1_399' title='bbox 2556 2809 2687 2866; x_wconf 86' lang='lat' dir='ltr'><strong>ergo</strong></span> <span class='ocrx_word' id='word_1_400' title='bbox 2721 2800 2985 2868; x_wconf 88' lang='lat' dir='ltr'><strong>gremium</strong></span> <span class='ocrx_word' id='word_1_401' title='bbox 3009 2802 3211 2859; x_wconf 89' lang='lat' dir='ltr'><strong>mentis</strong></span> <span class='ocrx_word' id='word_1_402' title='bbox 3236 2813 3378 2874; x_wconf 64' lang='lat' dir='ltr'><strong>tuae;</strong></span> <span class='ocrx_word' id='word_1_403' title='bbox 3418 2817 3476 2864; x_wconf 93' lang='lat' dir='ltr'><strong>ut</strong></span> <span class='ocrx_word' id='word_1_404' title='bbox 3517 2816 3654 2865; x_wconf 89' lang='lat' dir='ltr'><strong>terra</strong></span> <span class='ocrx_word' id='word_1_405' title='bbox 3702 2819 3775 2865; x_wconf 86' lang='lat' dir='ltr'><strong>tua</strong></span> 
     </span>
    </p>
   </div>
   <div class='ocr_carea' id='block_1_57' title="bbox 2206 2880 3775 2973">
    <p class='ocr_par' dir='ltr' id='par_1_57' title="bbox 2206 2880 3775 2973">
     <span class='ocr_line' id='line_1_57' title="bbox 2206 2880 3775 2973; baseline 0.012 -38"><span class='ocrx_word' id='word_1_406' title='bbox 2206 2880 2510 2953; x_wconf 89' lang='lat' dir='ltr'><strong>humescat,</strong></span> <span class='ocrx_word' id='word_1_407' title='bbox 2539 2894 2594 2942; x_wconf 90' lang='lat' dir='ltr'><strong>et</strong></span> <span class='ocrx_word' id='word_1_408' title='bbox 2618 2886 2935 2946; x_wconf 90' lang='lat' dir='ltr'><strong>domesticis</strong></span> <span class='ocrx_word' id='word_1_409' title='bbox 2959 2891 3213 2964; x_wconf 90' lang='lat' dir='ltr'><strong>irrigetur</strong></span> <span class='ocrx_word' id='word_1_410' title='bbox 3235 2893 3500 2955; x_wconf 77' lang='lat' dir='ltr'><strong>fontibus.</strong></span> <span class='ocrx_word' id='word_1_411' title='bbox 3534 2900 3672 2972; x_wconf 86' lang='lat' dir='ltr'><strong>Ergo</strong></span> <span class='ocrx_word' id='word_1_412' title='bbox 3696 2902 3775 2973; x_wconf 88' lang='lat' dir='ltr'><strong>qui</strong></span> 
     </span>
    </p>
   </div>
   <div class='ocr_carea' id='block_1_58' title="bbox 2203 2976 3777 3064">
    <p class='ocr_par' dir='ltr' id='par_1_58' title="bbox 2203 2976 3777 3064">
     <span class='ocr_line' id='line_1_58' title="bbox 2203 2976 3777 3064; baseline 0.013 -35"><span class='ocrx_word' id='word_1_413' title='bbox 2203 2976 2371 3031; x_wconf 90' lang='lat' dir='ltr'><strong>multa</strong></span> <span class='ocrx_word' id='word_1_414' title='bbox 2398 2977 2527 3048; x_wconf 78' lang='lat' dir='ltr'><strong>legit</strong></span> <span class='ocrx_word' id='word_1_415' title='bbox 2555 2987 2610 3035; x_wconf 92' lang='lat' dir='ltr'><strong>et</strong></span> <span class='ocrx_word' id='word_1_416' title='bbox 2637 2979 2912 3053; x_wconf 80' lang='lat' dir='ltr'><strong>intelligit,</strong></span> <span class='ocrx_word' id='word_1_417' title='bbox 2942 2984 3241 3056; x_wconf 91' lang='lat' dir='ltr'><strong>impletur:</strong></span> <span class='ocrx_word' id='word_1_418' title='bbox 3279 2991 3372 3060; x_wconf 91' lang='lat' dir='ltr'><strong>qui</strong></span> <span class='ocrx_word' id='word_1_419' title='bbox 3409 2991 3571 3049; x_wconf 84' lang='lat' dir='ltr'><strong>fuerit</strong></span> <span class='ocrx_word' id='word_1_420' title='bbox 3608 2995 3777 3064; x_wconf 86' lang='lat' dir='ltr'><strong>imple-</strong></span> 
     </span>
    </p>
   </div>
   <div class='ocr_carea' id='block_1_59' title="bbox 500 3045 2101 3153">
    <p class='ocr_par' dir='ltr' id='par_1_59' title="bbox 500 3045 2101 3125">
     <span class='ocr_line' id='line_1_59' title="bbox 500 3045 2101 3125; baseline 0.007 -24"><span class='ocrx_word' id='word_1_421' title='bbox 500 3045 714 3116; x_wconf 90' lang='lat' dir='ltr'><strong>possint</strong></span> <span class='ocrx_word' id='word_1_422' title='bbox 757 3045 1032 3116; x_wconf 69' lang='lat' dir='ltr'><strong>procellae.</strong></span> <span class='ocrx_word' id='word_1_423' title='bbox 1075 3046 1223 3103; x_wconf 82' lang='lat' dir='ltr'><strong>Mare</strong></span> <span class='ocrx_word' id='word_1_424' title='bbox 1261 3048 1426 3122; x_wconf 80' lang='lat'><strong>755</strong></span> <span class='ocrx_word' id='word_1_425' title='bbox 1477 3049 1697 3120; x_wconf 90' lang='lat' dir='ltr'><strong>quidem</strong></span> <span class='ocrx_word' id='word_1_426' title='bbox 1744 3067 1999 3125; x_wconf 87' lang='lat' dir='ltr'><strong>magnum</strong></span> <span class='ocrx_word' id='word_1_427' title='bbox 2046 3064 2101 3113; x_wconf 90' lang='lat' dir='ltr'><strong>et</strong></span> 
     </span>
    </p>
   </div>
   <div class='ocr_carea' id='block_1_60' title="bbox 2206 3045 3774 3153">
    <p class='ocr_par' dir='ltr' id='par_1_60' title="bbox 2206 3045 3774 3153">
     <span class='ocr_line' id='line_1_60' title="bbox 2206 3045 3774 3153; baseline 0.012 -30"><span class='ocrx_word' id='word_1_428' title='bbox 2206 3077 2312 3136; x_wconf 91' lang='lat' dir='ltr'><strong>tus,</strong></span> <span class='ocrx_word' id='word_1_429' title='bbox 2368 3045 2509 3127; x_wconf 76' lang='lat' dir='ltr'><strong>alios</strong></span> <span class='ocrx_word' id='word_1_430' title='bbox 2561 3074 2729 3144; x_wconf 87' lang='lat' dir='ltr'><strong>rigat;</strong></span> <span class='ocrx_word' id='word_1_431' title='bbox 2776 3045 3330 3153; x_wconf 45' lang='lat' dir='ltr'><strong>id&#39;eoque.Scripturla</strong></span> <span class='ocrx_word' id='word_1_432' title='bbox 3388 3084 3520 3141; x_wconf 87' lang='lat' dir='ltr'><strong>dicit</strong></span> <span class='ocrx_word' id='word_1_433' title='bbox 3550 3106 3564 3141; x_wconf 85' lang='lat'><strong>:</strong></span> <span class='ocrx_word' id='word_1_434' title='bbox 3596 3089 3656 3145; x_wconf 85' lang='lat' dir='ltr'><strong>Si</strong></span> <span class='ocrx_word' id='word_1_435' title='bbox 3682 3045 3774 3142; x_wconf 55' lang='lat' dir='ltr'><strong>riu.</strong></span> 
     </span>
    </p>
   </div>
   <div class='ocr_carea' id='block_1_61' title="bbox 499 3139 2099 3220">
    <p class='ocr_par' dir='ltr' id='par_1_61' title="bbox 499 3139 2099 3220">
     <span class='ocr_line' id='line_1_61' title="bbox 499 3139 2099 3220; baseline 0.008 -28"><span class='ocrx_word' id='word_1_436' title='bbox 499 3140 825 3209; x_wconf 81' lang='lat' dir='ltr'><strong>spatiosum,</strong></span> <span class='ocrx_word' id='word_1_437' title='bbox 847 3139 944 3195; x_wconf 91' lang='lat' dir='ltr'><strong>sed</strong></span> <span class='ocrx_word' id='word_1_438' title='bbox 970 3139 1080 3196; x_wconf 90' lang='lat' dir='ltr'><strong>noli</strong></span> <span class='ocrx_word' id='word_1_439' title='bbox 1107 3141 1307 3206; x_wconf 90' lang='lat' dir='ltr'><strong>vereri;</strong></span> <span class='ocrx_word' id='word_1_440' title='bbox 1326 3142 1450 3211; x_wconf 88' lang='lat' dir='ltr'><strong>quia</strong></span> <span class='ocrx_word' id='word_1_441' title='bbox 1474 3142 1588 3213; x_wconf 87' lang='lat' dir='ltr'><strong>ipse</strong></span> <span class='ocrx_word' id='word_1_442' title='bbox 1607 3160 1763 3215; x_wconf 86' lang='lat' dir='ltr'><strong>super</strong></span> <span class='ocrx_word' id='word_1_443' title='bbox 1784 3148 1948 3201; x_wconf 86' lang='lat' dir='ltr'><strong>maria</strong></span> <span class='ocrx_word' id='word_1_444' title='bbox 1977 3151 2099 3220; x_wconf 81' lang='lat' dir='ltr'><strong>fun-</strong></span> 
     </span>
    </p>
   </div>
   <div class='ocr_carea' id='block_1_62' title="bbox 500 3232 2098 3310">
    <p class='ocr_par' dir='ltr' id='par_1_62' title="bbox 500 3232 2098 3310">
     <span class='ocr_line' id='line_1_62' title="bbox 500 3232 2098 3310; baseline 0.006 -25"><span class='ocrx_word' id='word_1_445' title='bbox 500 3232 642 3286; x_wconf 85' lang='lat' dir='ltr'><strong>davit</strong></span> <span class='ocrx_word' id='word_1_446' title='bbox 668 3248 801 3299; x_wconf 87' lang='lat' dir='ltr'><strong>eam,</strong></span> <span class='ocrx_word' id='word_1_447' title='bbox 822 3240 869 3286; x_wconf 87' lang='lat' dir='ltr'><strong>et</strong></span> <span class='ocrx_word' id='word_1_448' title='bbox 897 3248 1053 3302; x_wconf 89' lang='lat' dir='ltr'><strong>super</strong></span> <span class='ocrx_word' id='word_1_449' title='bbox 1071 3233 1290 3302; x_wconf 76' lang='lat' dir='ltr'><strong>[lumina</strong></span> <span class='ocrx_word' id='word_1_450' title='bbox 1320 3234 1634 3304; x_wconf 66' lang='lat' dir='ltr'><strong>praeparavit</strong></span> <span class='ocrx_word' id='word_1_451' title='bbox 1662 3252 1777 3291; x_wconf 86' lang='lat' dir='ltr'><strong>eam</strong></span> <span class='ocrx_word' id='word_1_452' title='bbox 1800 3236 1919 3310; x_wconf 87' lang='lat' dir='ltr'><strong>(Ps.</strong></span> <span class='ocrx_word' id='word_1_453' title='bbox 1944 3255 2098 3308; x_wconf 63' lang='grc' dir='ltr'>χχιιι,</span> 
     </span>
    </p>
   </div>
   <div class='ocr_carea' id='block_1_63' title="bbox 498 3326 2101 3397">
    <p class='ocr_par' dir='ltr' id='par_1_63' title="bbox 498 3326 2101 3397">
     <span class='ocr_line' id='line_1_63' title="bbox 498 3326 2101 3397; baseline 0.007 -17"><span class='ocrx_word' id='word_1_454' title='bbox 498 3326 583 3397; x_wconf 74' lang='lat'><strong>2).</strong></span> <span class='ocrx_word' id='word_1_455' title='bbox 603 3326 789 3396; x_wconf 81' lang='lat' dir='ltr'><strong>itaque</strong></span> <span class='ocrx_word' id='word_1_456' title='bbox 815 3341 923 3382; x_wconf 91' lang='lat' dir='ltr'><strong>non</strong></span> <span class='ocrx_word' id='word_1_457' title='bbox 955 3327 1235 3384; x_wconf 90' lang='lat' dir='ltr'><strong>immerito</strong></span> <span class='ocrx_word' id='word_1_458' title='bbox 1265 3329 1409 3384; x_wconf 91' lang='lat' dir='ltr'><strong>inter</strong></span> <span class='ocrx_word' id='word_1_459' title='bbox 1432 3339 1510 3387; x_wconf 92' lang='lat' dir='ltr'><strong>tot</strong></span> <span class='ocrx_word' id='word_1_460' title='bbox 1531 3331 1718 3388; x_wconf 90' lang='lat' dir='ltr'><strong>mundi</strong></span> <span class='ocrx_word' id='word_1_461' title='bbox 1744 3332 1880 3390; x_wconf 81' lang='lat' dir='ltr'><strong>freta</strong></span> <span class='ocrx_word' id='word_1_462' title='bbox 1910 3335 2101 3392; x_wconf 85' lang='lat' dir='ltr'><strong>Eccle-</strong></span> 
     </span>
    </p>
   </div>
   <div class='ocr_carea' id='block_1_64' title="bbox 497 3419 2100 3502">
    <p class='ocr_par' dir='ltr' id='par_1_64' title="bbox 497 3419 2100 3502">
     <span class='ocr_line' id='line_1_64' title="bbox 497 3419 2100 3502; baseline 0.008 -27"><span class='ocrx_word' id='word_1_463' title='bbox 497 3420 578 3475; x_wconf 85' lang='lat' dir='ltr'><strong>sia</strong></span> <span class='ocrx_word' id='word_1_464' title='bbox 604 3419 822 3474; x_wconf 86' lang='lat' dir='ltr'><strong>Domini</strong></span> <span class='ocrx_word' id='word_1_465' title='bbox 843 3428 1120 3491; x_wconf 85' lang='lat' dir='ltr'><strong>tamquam</strong></span> <span class='ocrx_word' id='word_1_466' title='bbox 1143 3435 1309 3492; x_wconf 88' lang='lat' dir='ltr'><strong>supra</strong></span> <span class='ocrx_word' id='word_1_467' title='bbox 1332 3424 1690 3493; x_wconf 88' lang='lat' dir='ltr'><strong>apostolicam</strong></span> <span class='ocrx_word' id='word_1_468' title='bbox 1713 3427 1978 3487; x_wconf 67' lang='lat' dir='ltr'><strong>aadiﬁcata</strong></span> <span class='ocrx_word' id='word_1_469' title='bbox 2005 3446 2100 3502; x_wconf 85' lang='lat' dir='ltr'><strong>pe-</strong></span> 
     </span>
    </p>
   </div>
   <div class='ocr_carea' id='block_1_65' title="bbox 509 3511 2097 3584">
    <p class='ocr_par' dir='ltr' id='par_1_65' title="bbox 509 3511 2097 3584">
     <span class='ocr_line' id='line_1_65' title="bbox 509 3511 2097 3584; baseline 0.008 -19"><span class='ocrx_word' id='word_1_470' title='bbox 509 3520 647 3566; x_wconf 90' lang='lat' dir='ltr'><strong>tram</strong></span> <span class='ocrx_word' id='word_1_471' title='bbox 680 3511 977 3567; x_wconf 88' lang='lat' dir='ltr'><strong>immobilis</strong></span> <span class='ocrx_word' id='word_1_472' title='bbox 1003 3521 1208 3584; x_wconf 91' lang='lat' dir='ltr'><strong>manet,</strong></span> <span class='ocrx_word' id='word_1_473' title='bbox 1236 3523 1293 3569; x_wconf 91' lang='lat' dir='ltr'><strong>et</strong></span> <span class='ocrx_word' id='word_1_474' title='bbox 1319 3515 1647 3573; x_wconf 88' lang='lat' dir='ltr'><strong>inconcusso</strong></span> <span class='ocrx_word' id='word_1_475' title='bbox 1674 3519 1964 3577; x_wconf 82' lang='lat' dir='ltr'><strong>adversum</strong></span> <span class='ocrx_word' id='word_1_476' title='bbox 1992 3523 2097 3578; x_wconf 86' lang='lat' dir='ltr'><strong>im-</strong></span> 
     </span>
    </p>
   </div>
   <div class='ocr_carea' id='block_1_66' title="bbox 506 3601 2091 3686">
    <p class='ocr_par' dir='ltr' id='par_1_66' title="bbox 506 3601 2091 3686">
     <span class='ocr_line' id='line_1_66' title="bbox 506 3601 2091 3686; baseline 0.007 -29"><span class='ocrx_word' id='word_1_477' title='bbox 506 3610 668 3671; x_wconf 90' lang='lat' dir='ltr'><strong>petus</strong></span> <span class='ocrx_word' id='word_1_478' title='bbox 703 3601 980 3658; x_wconf 84' lang='lat' dir='ltr'><strong>saevientis</strong></span> <span class='ocrx_word' id='word_1_479' title='bbox 1016 3603 1117 3658; x_wconf 88' lang='lat' dir='ltr'><strong>sali</strong></span> <span class='ocrx_word' id='word_1_480' title='bbox 1156 3616 1474 3673; x_wconf 82' lang='lat' dir='ltr'><strong>perseverat</strong></span> <span class='ocrx_word' id='word_1_481' title='bbox 1512 3608 1824 3667; x_wconf 79' lang='lat' dir='ltr'><strong>fundamine</strong></span> <span class='ocrx_word' id='word_1_482' title='bbox 1863 3611 2091 3686; x_wconf 72' lang='lat' dir='ltr'><strong>(Hatth.</strong></span> 
     </span>
    </p>
   </div>
   <div class='ocr_carea' id='block_1_67' title="bbox 501 3692 2096 3770">
    <p class='ocr_par' dir='ltr' id='par_1_67' title="bbox 501 3692 2096 3770">
     <span class='ocr_line' id='line_1_67' title="bbox 501 3692 2096 3770; baseline 0.009 -21"><span class='ocrx_word' id='word_1_483' title='bbox 501 3709 623 3757; x_wconf 62' lang='grc' dir='ltr'>χιιι,</span> <span class='ocrx_word' id='word_1_484' title='bbox 657 3692 768 3763; x_wconf 78' lang='grc'><strong>13).</strong></span> <span class='ocrx_word' id='word_1_485' title='bbox 798 3692 1031 3749; x_wconf 83' lang='lat' dir='ltr'><strong>Alluitur</strong></span> <span class='ocrx_word' id='word_1_486' title='bbox 1063 3694 1254 3762; x_wconf 89' lang='lat' dir='ltr'><strong>undis,</strong></span> <span class='ocrx_word' id='word_1_487' title='bbox 1286 3712 1395 3754; x_wconf 92' lang='lat' dir='ltr'><strong>non</strong></span> <span class='ocrx_word' id='word_1_488' title='bbox 1429 3701 1668 3770; x_wconf 90' lang='lat' dir='ltr'><strong>quatitur</strong></span> <span class='ocrx_word' id='word_1_489' title='bbox 1700 3719 1715 3757; x_wconf 89' lang='lat'><strong>:</strong></span> <span class='ocrx_word' id='word_1_490' title='bbox 1746 3711 1800 3758; x_wconf 92' lang='lat' dir='ltr'><strong>et</strong></span> <span class='ocrx_word' id='word_1_491' title='bbox 1831 3704 1958 3761; x_wconf 89' lang='lat' dir='ltr'><strong>licet</strong></span> <span class='ocrx_word' id='word_1_492' title='bbox 1986 3705 2096 3764; x_wconf 80' lang='lat' dir='ltr'><strong>fre-</strong></span> 
     </span>
    </p>
   </div>
   <div class='ocr_carea' id='block_1_68' title="bbox 503 3785 2103 3863">
    <p class='ocr_par' dir='ltr' id='par_1_68' title="bbox 503 3785 2103 3863">
     <span class='ocr_line' id='line_1_68' title="bbox 503 3785 2103 3863; baseline 0.008 -23"><span class='ocrx_word' id='word_1_493' title='bbox 503 3793 739 3856; x_wconf 89' lang='lat' dir='ltr'><strong>quenter</strong></span> <span class='ocrx_word' id='word_1_494' title='bbox 759 3785 1032 3841; x_wconf 89' lang='lat' dir='ltr'><strong>elementa</strong></span> <span class='ocrx_word' id='word_1_495' title='bbox 1056 3786 1243 3843; x_wconf 88' lang='lat' dir='ltr'><strong>mundi</strong></span> <span class='ocrx_word' id='word_1_496' title='bbox 1266 3788 1428 3859; x_wconf 89' lang='lat' dir='ltr'><strong>hujus</strong></span> <span class='ocrx_word' id='word_1_497' title='bbox 1449 3805 1650 3863; x_wconf 91' lang='lat' dir='ltr'><strong>magno</strong></span> <span class='ocrx_word' id='word_1_498' title='bbox 1672 3792 1812 3850; x_wconf 87' lang='lat' dir='ltr'><strong>illisa</strong></span> <span class='ocrx_word' id='word_1_499' title='bbox 1834 3796 2103 3853; x_wconf 78' lang='lat' dir='ltr'><strong>resultent</strong></span> 
     </span>
    </p>
   </div>
   <div class='ocr_carea' id='block_1_69' title="bbox 500 3876 2098 3959">
    <p class='ocr_par' dir='ltr' id='par_1_69' title="bbox 500 3876 2098 3959">
     <span class='ocr_line' id='line_1_69' title="bbox 500 3876 2098 3959; baseline 0.009 -28"><span class='ocrx_word' id='word_1_500' title='bbox 500 3876 750 3948; x_wconf 77' lang='lat' dir='ltr'><strong>fragore;</strong></span> <span class='ocrx_word' id='word_1_501' title='bbox 781 3876 947 3933; x_wconf 86' lang='lat' dir='ltr'><strong>habet</strong></span> <span class='ocrx_word' id='word_1_502' title='bbox 971 3886 1148 3935; x_wconf 88' lang='lat' dir='ltr'><strong>tamen</strong></span> <span class='ocrx_word' id='word_1_503' title='bbox 1178 3894 1287 3952; x_wconf 90' lang='lat' dir='ltr'><strong>quo</strong></span> <span class='ocrx_word' id='word_1_504' title='bbox 1316 3881 1631 3941; x_wconf 87' lang='lat' dir='ltr'><strong>laborantes</strong></span> <span class='ocrx_word' id='word_1_505' title='bbox 1655 3887 1912 3959; x_wconf 83' lang='lat' dir='ltr'><strong>excipiat,</strong></span> <span class='ocrx_word' id='word_1_506' title='bbox 1943 3891 2098 3947; x_wconf 87' lang='lat' dir='ltr'><strong>tutis-</strong></span> 
     </span>
    </p>
   </div>
   <div class='ocr_carea' id='block_1_70' title="bbox 497 3969 1189 4040">
    <p class='ocr_par' dir='ltr' id='par_1_70' title="bbox 497 3969 1189 4040">
     <span class='ocr_line' id='line_1_70' title="bbox 497 3969 1189 4040; baseline 0 -15"><span class='ocrx_word' id='word_1_507' title='bbox 497 3969 698 4025; x_wconf 89' lang='lat' dir='ltr'><strong>simum</strong></span> <span class='ocrx_word' id='word_1_508' title='bbox 731 3979 946 4040; x_wconf 90' lang='lat' dir='ltr'><strong>portum</strong></span> <span class='ocrx_word' id='word_1_509' title='bbox 976 3971 1189 4027; x_wconf 82' lang='lat' dir='ltr'><strong>salutis.</strong></span> 
     </span>
    </p>
   </div>
   <div class='ocr_carea' id='block_1_71' title="bbox 565 4061 2101 4133">
    <p class='ocr_par' dir='ltr' id='par_1_71' title="bbox 565 4061 2101 4133">
     <span class='ocr_line' id='line_1_71' title="bbox 565 4061 2101 4133; baseline 0.008 -16"><span class='ocrx_word' id='word_1_510' title='bbox 565 4061 622 4116; x_wconf 78' lang='lat'><strong>2.</strong></span> <span class='ocrx_word' id='word_1_511' title='bbox 666 4061 776 4118; x_wconf 91' lang='lat' dir='ltr'><strong>Sed</strong></span> <span class='ocrx_word' id='word_1_512' title='bbox 808 4071 991 4119; x_wconf 89' lang='lat' dir='ltr'><strong>tamen</strong></span> <span class='ocrx_word' id='word_1_513' title='bbox 1023 4063 1126 4119; x_wconf 88' lang='lat' dir='ltr'><strong>etsi</strong></span> <span class='ocrx_word' id='word_1_514' title='bbox 1148 4063 1200 4119; x_wconf 93' lang='lat' dir='ltr'><strong>in</strong></span> <span class='ocrx_word' id='word_1_515' title='bbox 1237 4065 1376 4121; x_wconf 88' lang='lat' dir='ltr'><strong>mari</strong></span> <span class='ocrx_word' id='word_1_516' title='bbox 1403 4065 1649 4133; x_wconf 88' lang='lat' dir='ltr'><strong>ﬂuctuat.</strong></span> <span class='ocrx_word' id='word_1_517' title='bbox 1682 4071 1857 4127; x_wconf 91' lang='lat' dir='ltr'><strong>currit</strong></span> <span class='ocrx_word' id='word_1_518' title='bbox 1897 4070 1952 4129; x_wconf 92' lang='lat' dir='ltr'><strong>in</strong></span> <span class='ocrx_word' id='word_1_519' title='bbox 1995 4072 2101 4129; x_wconf 88' lang='lat' dir='ltr'><strong>ﬂu-</strong></span> 
     </span>
    </p>
   </div>
   <div class='ocr_carea' id='block_1_72' title="bbox 400 4153 2100 4237">
    <p class='ocr_par' dir='ltr' id='par_1_72' title="bbox 400 4153 2100 4237">
     <span class='ocr_line' id='line_1_72' title="bbox 400 4153 2100 4237; baseline 0.012 -32"><span class='ocrx_word' id='word_1_520' title='bbox 400 4178 403 4181; x_wconf 58' lang='grc' dir='ltr'><strong>ι</strong></span> <span class='ocrx_word' id='word_1_521' title='bbox 504 4153 776 4220; x_wconf 84' lang='lat' dir='ltr'><strong>minibus;</strong></span> <span class='ocrx_word' id='word_1_522' title='bbox 820 4163 878 4209; x_wconf 91' lang='lat' dir='ltr'><strong>et</strong></span> <span class='ocrx_word' id='word_1_523' title='bbox 905 4153 1036 4210; x_wconf 86' lang='lat' dir='ltr'><strong>vide</strong></span> <span class='ocrx_word' id='word_1_524' title='bbox 1073 4171 1140 4209; x_wconf 89' lang='lat' dir='ltr'><strong>ne</strong></span> <span class='ocrx_word' id='word_1_525' title='bbox 1166 4155 1220 4210; x_wconf 91' lang='lat' dir='ltr'><strong>in</strong></span> <span class='ocrx_word' id='word_1_526' title='bbox 1251 4156 1359 4212; x_wconf 85' lang='lat' dir='ltr'><strong>illis</strong></span> <span class='ocrx_word' id='word_1_527' title='bbox 1400 4157 1715 4217; x_wconf 87' lang='lat' dir='ltr'><strong>ﬂuminibus</strong></span> <span class='ocrx_word' id='word_1_528' title='bbox 1757 4166 1968 4237; x_wconf 88' lang='lat' dir='ltr'><strong>magis,</strong></span> <span class='ocrx_word' id='word_1_529' title='bbox 2027 4166 2100 4225; x_wconf 89' lang='lat' dir='ltr'><strong>de</strong></span> 
     </span>
    </p>
   </div>
   <div class='ocr_carea' id='block_1_73' title="bbox 494 4246 2099 4324">
    <p class='ocr_par' dir='ltr' id='par_1_73' title="bbox 494 4246 2099 4324">
     <span class='ocr_line' id='line_1_73' title="bbox 494 4246 2099 4324; baseline 0.01 -23"><span class='ocrx_word' id='word_1_530' title='bbox 494 4246 692 4317; x_wconf 88' lang='lat' dir='ltr'><strong>quibus</strong></span> <span class='ocrx_word' id='word_1_531' title='bbox 747 4246 952 4302; x_wconf 90' lang='lat' dir='ltr'><strong>dictum</strong></span> <span class='ocrx_word' id='word_1_532' title='bbox 1018 4257 1103 4304; x_wconf 84' lang='lat' dir='ltr'><strong>eSt</strong></span> <span class='ocrx_word' id='word_1_533' title='bbox 1173 4266 1186 4302; x_wconf 91' lang='lat'>:</span> <span class='ocrx_word' id='word_1_534' title='bbox 1244 4247 1585 4308; x_wconf 87' lang='lat' dir='ltr'><strong>Elevaverunt</strong></span> <span class='ocrx_word' id='word_1_535' title='bbox 1643 4255 1865 4324; x_wconf 81' lang='lat' dir='ltr'><strong>[lumina</strong></span> <span class='ocrx_word' id='word_1_536' title='bbox 1928 4277 2099 4317; x_wconf 78' lang='lat' dir='ltr'><strong>vocem</strong></span> 
     </span>
    </p>
   </div>
   <div class='ocr_carea' id='block_1_74' title="bbox 495 4336 2099 4423">
    <p class='ocr_par' dir='ltr' id='par_1_74' title="bbox 495 4336 2099 4423">
     <span class='ocr_line' id='line_1_74' title="bbox 495 4336 2099 4423; baseline 0.012 -30"><span class='ocrx_word' id='word_1_537' title='bbox 495 4354 645 4393; x_wconf 82' lang='lat' dir='ltr'><strong>suam</strong></span> <span class='ocrx_word' id='word_1_538' title='bbox 673 4336 847 4409; x_wconf 89' lang='lat' dir='ltr'><strong>(Psal.</strong></span> <span class='ocrx_word' id='word_1_539' title='bbox 876 4354 1007 4408; x_wconf 82' lang='lat' dir='ltr'><strong>xcu,</strong></span> <span class='ocrx_word' id='word_1_540' title='bbox 1032 4340 1109 4413; x_wconf 79' lang='lat'><strong>3).</strong></span> <span class='ocrx_word' id='word_1_541' title='bbox 1171 4341 1313 4398; x_wconf 90' lang='lat' dir='ltr'><strong>Sunt</strong></span> <span class='ocrx_word' id='word_1_542' title='bbox 1339 4344 1484 4399; x_wconf 93' lang='lat' dir='ltr'><strong>enim</strong></span> <span class='ocrx_word' id='word_1_543' title='bbox 1522 4345 1777 4418; x_wconf 90' lang='lat' dir='ltr'><strong>ﬂumina,</strong></span> <span class='ocrx_word' id='word_1_544' title='bbox 1846 4369 1970 4423; x_wconf 72' lang='lat' dir='ltr'><strong>qua:</strong></span> <span class='ocrx_word' id='word_1_545' title='bbox 2031 4356 2099 4412; x_wconf 89' lang='lat' dir='ltr'><strong>de</strong></span> 
     </span>
    </p>
   </div>
   <div class='ocr_carea' id='block_1_75' title="bbox 397 4429 2095 4518">
    <p class='ocr_par' dir='ltr' id='par_1_75' title="bbox 397 4429 2095 4518">
     <span class='ocr_line' id='line_1_75' title="bbox 397 4429 2095 4518; baseline 0.012 -35"><span class='ocrx_word' id='word_1_546' title='bbox 397 4453 411 4462; x_wconf 89' lang='lat'><strong>-</strong></span> <span class='ocrx_word' id='word_1_547' title='bbox 498 4437 691 4486; x_wconf 85' lang='lat' dir='ltr'><strong>ventre</strong></span> <span class='ocrx_word' id='word_1_548' title='bbox 715 4429 835 4501; x_wconf 90' lang='lat' dir='ltr'><strong>ejus</strong></span> <span class='ocrx_word' id='word_1_549' title='bbox 858 4430 1049 4500; x_wconf 92' lang='lat' dir='ltr'><strong>ﬂuent,</strong></span> <span class='ocrx_word' id='word_1_550' title='bbox 1082 4433 1175 4503; x_wconf 88' lang='lat' dir='ltr'><strong>qui</strong></span> <span class='ocrx_word' id='word_1_551' title='bbox 1214 4442 1400 4505; x_wconf 89' lang='lat' dir='ltr'><strong>potum</strong></span> <span class='ocrx_word' id='word_1_552' title='bbox 1452 4451 1480 4490; x_wconf 90' lang='lat' dir='ltr'><strong>a</strong></span> <span class='ocrx_word' id='word_1_553' title='bbox 1513 4435 1732 4494; x_wconf 89' lang='lat' dir='ltr'><strong>Christo</strong></span> <span class='ocrx_word' id='word_1_554' title='bbox 1789 4447 2095 4518; x_wconf 84' lang='lat' dir='ltr'><strong>acceperit,</strong></span> 
     </span>
    </p>
   </div>
   <div class='ocr_carea' id='block_1_76' title="bbox 502 4521 2096 4612">
    <p class='ocr_par' dir='ltr' id='par_1_76' title="bbox 502 4521 2096 4612">
     <span class='ocr_line' id='line_1_76' title="bbox 502 4521 2096 4612; baseline 0.013 -35"><span class='ocrx_word' id='word_1_555' title='bbox 502 4529 559 4577; x_wconf 91' lang='lat' dir='ltr'><strong>et</strong></span> <span class='ocrx_word' id='word_1_556' title='bbox 583 4521 654 4578; x_wconf 89' lang='lat' dir='ltr'><strong>de</strong></span> <span class='ocrx_word' id='word_1_557' title='bbox 673 4522 879 4592; x_wconf 88' lang='lat' dir='ltr'><strong>Spiritu</strong></span> <span class='ocrx_word' id='word_1_558' title='bbox 910 4523 1006 4580; x_wconf 89' lang='lat' dir='ltr'><strong>Dei</strong></span> <span class='ocrx_word' id='word_1_559' title='bbox 1027 4527 1323 4597; x_wconf 89' lang='lat' dir='ltr'><strong>sumpserit</strong></span> <span class='ocrx_word' id='word_1_560' title='bbox 1352 4527 1534 4601; x_wconf 80' lang='lat' dir='ltr'><strong>(Joan.</strong></span> <span class='ocrx_word' id='word_1_561' title='bbox 1570 4546 1661 4598; x_wconf 88' lang='lat' dir='ltr'><strong>vn,</strong></span> <span class='ocrx_word' id='word_1_562' title='bbox 1680 4532 1794 4606; x_wconf 78' lang='lat'><strong>38).</strong></span> <span class='ocrx_word' id='word_1_563' title='bbox 1828 4535 1954 4592; x_wconf 58' lang='lat' dir='ltr'><strong>llaec</strong></span> <span class='ocrx_word' id='word_1_564' title='bbox 1966 4554 2096 4612; x_wconf 89' lang='lat' dir='ltr'><strong>ergo</strong></span> 
     </span>
    </p>
   </div>
   <div class='ocr_carea' id='block_1_77' title="bbox 502 4612 2246 4697">
    <p class='ocr_par' dir='ltr' id='par_1_77' title="bbox 502 4612 2246 4697">
     <span class='ocr_line' id='line_1_77' title="bbox 502 4612 2246 4697; baseline 0.012 -29"><span class='ocrx_word' id='word_1_565' title='bbox 502 4612 726 4668; x_wconf 88' lang='lat' dir='ltr'><strong>ﬂumina</strong></span> <span class='ocrx_word' id='word_1_566' title='bbox 745 4655 759 4681; x_wconf 93' lang='lat'><strong>,</strong></span> <span class='ocrx_word' id='word_1_567' title='bbox 785 4628 907 4670; x_wconf 90' lang='lat' dir='ltr'><strong>cum</strong></span> <span class='ocrx_word' id='word_1_568' title='bbox 934 4614 1243 4674; x_wconf 88' lang='lat' dir='ltr'><strong>redundant</strong></span> <span class='ocrx_word' id='word_1_569' title='bbox 1268 4618 1500 4690; x_wconf 88' lang='lat' dir='ltr'><strong>spiritali</strong></span> <span class='ocrx_word' id='word_1_570' title='bbox 1532 4625 1704 4693; x_wconf 83' lang='lat' dir='ltr'><strong>gratia</strong></span> <span class='ocrx_word' id='word_1_571' title='bbox 1723 4665 1738 4692; x_wconf 90' lang='lat'><strong>,</strong></span> <span class='ocrx_word' id='word_1_572' title='bbox 1761 4626 1978 4686; x_wconf 89' lang='lat' dir='ltr'><strong>elevant</strong></span> <span class='ocrx_word' id='word_1_573' title='bbox 2005 4647 2100 4689; x_wconf 79' lang='grc' dir='ltr'><strong>νο·</strong></span> <span class='ocrx_word' id='word_1_574' title='bbox 2126 4633 2182 4694; x_wconf 90' lang='lat' dir='ltr'><strong>D</strong></span> <span class='ocrx_word' id='word_1_575' title='bbox 2207 4639 2246 4697; x_wconf 82' lang='grc' dir='ltr'><em>Ρ</em></span> 
     </span>
    </p>
   </div>
   <div class='ocr_carea' id='block_1_78' title="bbox 575 4752 2098 4829">
    <p class='ocr_par' dir='ltr' id='par_1_78' title="bbox 575 4752 2098 4829">
     <span class='ocr_line' id='line_1_78' title="bbox 575 4752 2098 4829; baseline 0.016 -25"><span class='ocrx_word' id='word_1_576' title='bbox 575 4764 601 4791; x_wconf 75' lang='grc' dir='ltr'><strong>ιι</strong></span> <span class='ocrx_word' id='word_1_577' title='bbox 646 4752 1024 4829; x_wconf 14' lang='grc' dir='ltr'><strong>ρίιξξιιᾳίεζεειε</strong></span> <span class='ocrx_word' id='word_1_578' title='bbox 1045 4755 1281 4829; x_wconf 79' lang='lat' dir='ltr'><strong>judicio,</strong></span> <span class='ocrx_word' id='word_1_579' title='bbox 1312 4764 1441 4827; x_wconf 90' lang='lat' dir='ltr'><strong>etc.,</strong></span> <span class='ocrx_word' id='word_1_580' title='bbox 1470 4776 1589 4827; x_wconf 70' lang='lat' dir='ltr'><strong>qua:</strong></span> <span class='ocrx_word' id='word_1_581' title='bbox 1624 4761 1852 4822; x_wconf 90' lang='lat' dir='ltr'><strong>deerant</strong></span> <span class='ocrx_word' id='word_1_582' title='bbox 1878 4768 1931 4823; x_wconf 92' lang='lat' dir='ltr'><strong>in</strong></span> <span class='ocrx_word' id='word_1_583' title='bbox 1965 4770 2098 4829; x_wconf 88' lang='lat' dir='ltr'><strong>edit.</strong></span> 
     </span>
    </p>
   </div>
   <div class='ocr_carea' id='block_1_79' title="bbox 507 4825 2102 4899">
    <p class='ocr_par' dir='ltr' id='par_1_79' title="bbox 507 4825 2102 4899">
     <span class='ocr_line' id='line_1_79' title="bbox 507 4825 2102 4899; baseline 0.013 -20"><span class='ocrx_word' id='word_1_584' title='bbox 507 4842 537 4879; x_wconf 68' lang='grc' dir='ltr'>ιε</span> <span class='ocrx_word' id='word_1_585' title='bbox 562 4825 687 4899; x_wconf 78' lang='lat' dir='ltr'><strong>cod.</strong></span> <span class='ocrx_word' id='word_1_586' title='bbox 722 4825 1224 4899; x_wconf 75' lang='lat' dir='ltr'><strong>Mediol._restitut-I</strong></span> <span class='ocrx_word' id='word_1_587' title='bbox 1255 4839 1404 4884; x_wconf 89' lang='lat' dir='ltr'><strong>sunt.</strong></span> <span class='ocrx_word' id='word_1_588' title='bbox 1428 4825 1498 4886; x_wconf 20' lang='lat' dir='ltr'><strong>‘ld—</strong></span> <span class='ocrx_word' id='word_1_589' title='bbox 1531 4843 1713 4890; x_wconf 91' lang='lat' dir='ltr'><strong>autem</strong></span> <span class='ocrx_word' id='word_1_590' title='bbox 1741 4837 1907 4895; x_wconf 87' lang='lat' dir='ltr'><strong>citata</strong></span> <span class='ocrx_word' id='word_1_591' title='bbox 1938 4825 2102 4899; x_wconf 80' lang='lat' dir='ltr'><strong>verba</strong></span> 
     </span>
    </p>
   </div>
   <div class='ocr_carea' id='block_1_80' title="bbox 507 4897 2104 4969">
    <p class='ocr_par' dir='ltr' id='par_1_80' title="bbox 507 4897 2104 4969">
     <span class='ocr_line' id='line_1_80' title="bbox 507 4897 2104 4969; baseline 0.01 -16"><span class='ocrx_word' id='word_1_592' title='bbox 507 4897 838 4968; x_wconf 87' lang='lat' dir='ltr'><strong>signiﬁcant,</strong></span> <span class='ocrx_word' id='word_1_593' title='bbox 883 4897 1156 4968; x_wconf 86' lang='lat' dir='ltr'><strong>principes</strong></span> <span class='ocrx_word' id='word_1_594' title='bbox 1194 4901 1359 4954; x_wconf 90' lang='lat' dir='ltr'><strong>etiam</strong></span> <span class='ocrx_word' id='word_1_595' title='bbox 1403 4901 1457 4957; x_wconf 93' lang='lat' dir='ltr'><strong>in</strong></span> <span class='ocrx_word' id='word_1_596' title='bbox 1497 4901 1845 4962; x_wconf 75' lang='lat' dir='ltr'><strong>hzercditaria</strong></span> <span class='ocrx_word' id='word_1_597' title='bbox 1886 4897 2104 4969; x_wconf 53' lang='lat' dir='ltr'><strong>succos;</strong></span> 
     </span>
    </p>
   </div>
   <div class='ocr_carea' id='block_1_81' title="bbox 505 4969 2101 5054">
    <p class='ocr_par' dir='ltr' id='par_1_81' title="bbox 505 4969 2101 5054">
     <span class='ocr_line' id='line_1_81' title="bbox 505 4969 2101 5054; baseline 0.011 -32"><span class='ocrx_word' id='word_1_598' title='bbox 505 4969 661 5054; x_wconf 70' lang='lat' dir='ltr'><strong>sione</strong></span> <span class='ocrx_word' id='word_1_599' title='bbox 692 4985 803 5051; x_wconf 81' lang='lat' dir='ltr'><strong>non</strong></span> <span class='ocrx_word' id='word_1_600' title='bbox 839 4969 957 5054; x_wconf 75' lang='lat' dir='ltr'><strong>sine</strong></span> <span class='ocrx_word' id='word_1_601' title='bbox 994 4969 1178 5025; x_wconf 89' lang='lat' dir='ltr'><strong>divino</strong></span> <span class='ocrx_word' id='word_1_602' title='bbox 1213 4969 1421 5054; x_wconf 70' lang='lat' dir='ltr'><strong>judicio</strong></span> <span class='ocrx_word' id='word_1_603' title='bbox 1461 4974 1670 5054; x_wconf 72' lang='lat' dir='ltr'><strong>institui</strong></span> <span class='ocrx_word' id='word_1_604' title='bbox 1704 4980 1844 5054; x_wconf 78' lang='lat' dir='ltr'><strong>:sed</strong></span> <span class='ocrx_word' id='word_1_605' title='bbox 1877 4982 2101 5054; x_wconf 88' lang='lat' dir='ltr'><strong>insuper</strong></span> 
     </span>
    </p>
   </div>
   <div class='ocr_carea' id='block_1_82' title="bbox 507 5039 2099 5112">
    <p class='ocr_par' dir='ltr' id='par_1_82' title="bbox 507 5039 2099 5112">
     <span class='ocr_line' id='line_1_82' title="bbox 507 5039 2099 5112; baseline 0.013 -21"><span class='ocrx_word' id='word_1_606' title='bbox 507 5039 761 5112; x_wconf 85' lang='lat' dir='ltr'><strong>videntur</strong></span> <span class='ocrx_word' id='word_1_607' title='bbox 792 5041 1035 5096; x_wconf 85' lang='lat' dir='ltr'><strong>indicare</strong></span> <span class='ocrx_word' id='word_1_608' title='bbox 1067 5040 1566 5101; x_wconf 80' lang='lat' dir='ltr'><strong>extraordinariam</strong></span> <span class='ocrx_word' id='word_1_609' title='bbox 1605 5046 1850 5107; x_wconf 85' lang='lat' dir='ltr'><strong>Gratiani</strong></span> <span class='ocrx_word' id='word_1_610' title='bbox 1892 5039 2099 5112; x_wconf 56' lang='lat' dir='ltr'><strong>noven;</strong></span> 
     </span>
    </p>
   </div>
   <div class='ocr_carea' id='block_1_83' title="bbox 502 5111 2096 5184">
    <p class='ocr_par' dir='ltr' id='par_1_83' title="bbox 502 5111 2096 5184">
     <span class='ocr_line' id='line_1_83' title="bbox 502 5111 2096 5184; baseline 0.012 -20"><span class='ocrx_word' id='word_1_611' title='bbox 502 5111 588 5165; x_wconf 91' lang='lat' dir='ltr'><strong>nis</strong></span> <span class='ocrx_word' id='word_1_612' title='bbox 620 5111 767 5181; x_wconf 89' lang='lat' dir='ltr'><strong>pueri</strong></span> <span class='ocrx_word' id='word_1_613' title='bbox 797 5112 1120 5184; x_wconf 80' lang='lat' dir='ltr'><strong>electionem</strong></span> <span class='ocrx_word' id='word_1_614' title='bbox 1146 5152 1161 5178; x_wconf 94' lang='lat'><strong>,</strong></span> <span class='ocrx_word' id='word_1_615' title='bbox 1192 5127 1314 5182; x_wconf 78' lang='lat' dir='ltr'><strong>qua:</strong></span> <span class='ocrx_word' id='word_1_616' title='bbox 1343 5129 1448 5184; x_wconf 87' lang='lat' dir='ltr'><strong>qua</strong></span> <span class='ocrx_word' id='word_1_617' title='bbox 1482 5119 1696 5174; x_wconf 88' lang='lat' dir='ltr'><strong>ratione</strong></span> <span class='ocrx_word' id='word_1_618' title='bbox 1724 5120 1794 5176; x_wconf 91' lang='lat' dir='ltr'><strong>de</strong></span> <span class='ocrx_word' id='word_1_619' title='bbox 1821 5111 2096 5182; x_wconf 87' lang='lat' dir='ltr'><strong>communi</strong></span> 
     </span>
    </p>
   </div>
   <div class='ocr_carea' id='block_1_84' title="bbox 502 5183 2091 5267">
    <p class='ocr_par' dir='ltr' id='par_1_84' title="bbox 502 5183 2091 5267">
     <span class='ocr_line' id='line_1_84' title="bbox 502 5183 2091 5267; baseline 0.014 -34"><span class='ocrx_word' id='word_1_620' title='bbox 502 5197 771 5267; x_wconf 64' lang='lat' dir='ltr'><strong>consensu</strong></span> <span class='ocrx_word' id='word_1_621' title='bbox 804 5183 1084 5267; x_wconf 67' lang='lat' dir='ltr'><strong>exercitus</strong></span> <span class='ocrx_word' id='word_1_622' title='bbox 1120 5183 1765 5267; x_wconf 34' lang='lat' dir='ltr'><strong>aupatre’Valentiniano</strong></span> <span class='ocrx_word' id='word_1_623' title='bbox 1803 5192 1944 5251; x_wconf 80' lang='lat' dir='ltr'><strong>facta</strong></span> <span class='ocrx_word' id='word_1_624' title='bbox 1982 5199 2091 5267; x_wconf 89' lang='lat' dir='ltr'><strong>sit,</strong></span> 
     </span>
    </p>
   </div>
   <div class='ocr_carea' id='block_1_85' title="bbox 504 5252 1429 5311">
    <p class='ocr_par' dir='ltr' id='par_1_85' title="bbox 504 5252 1429 5311">
     <span class='ocr_line' id='line_1_85' title="bbox 504 5252 1429 5311; baseline 0.004 -4"><span class='ocrx_word' id='word_1_625' title='bbox 504 5252 765 5309; x_wconf 85' lang='lat' dir='ltr'><strong>describit</strong></span> <span class='ocrx_word' id='word_1_626' title='bbox 792 5252 1109 5308; x_wconf 81' lang='lat' dir='ltr'><strong>Ammianus</strong></span> <span class='ocrx_word' id='word_1_627' title='bbox 1141 5253 1233 5308; x_wconf 92' lang='lat' dir='ltr'><strong>lib.</strong></span> <span class='ocrx_word' id='word_1_628' title='bbox 1263 5269 1429 5311; x_wconf 69' lang='grc' dir='ltr'>χχιιι.</span> 
     </span>
    </p>
   </div>
   <div class='ocr_carea' id='block_1_86' title="bbox 572 5322 2091 5410">
    <p class='ocr_par' dir='ltr' id='par_1_86' title="bbox 572 5322 2091 5410">
     <span class='ocr_line' id='line_1_86' title="bbox 572 5322 2091 5410; baseline 0.017 -38"><span class='ocrx_word' id='word_1_629' title='bbox 572 5323 731 5410; x_wconf 42' lang='grc' dir='ltr'><strong>ἥιξῑο</strong></span> <span class='ocrx_word' id='word_1_630' title='bbox 754 5334 863 5410; x_wconf 73' lang='lat' dir='ltr'><strong>vet.</strong></span> <span class='ocrx_word' id='word_1_631' title='bbox 891 5322 1030 5410; x_wconf 60' lang='lat' dir='ltr'><strong>edit:</strong></span> <span class='ocrx_word' id='word_1_632' title='bbox 1058 5338 1283 5410; x_wconf 55' lang='lat' dir='ltr'><strong>acnmss.</strong></span> <span class='ocrx_word' id='word_1_633' title='bbox 1324 5337 1570 5410; x_wconf 70' lang='lat' dir='ltr'><strong>exceth</strong></span> <span class='ocrx_word' id='word_1_634' title='bbox 1592 5333 1711 5390; x_wconf 90' lang='lat' dir='ltr'><strong>solo</strong></span> <span class='ocrx_word' id='word_1_635' title='bbox 1739 5334 1967 5410; x_wconf 86' lang='lat' dir='ltr'><strong>Longip.</strong></span> <span class='ocrx_word' id='word_1_636' title='bbox 2000 5340 2091 5397; x_wconf 90' lang='lat' dir='ltr'><strong>ubi</strong></span> 
     </span>
    </p>
   </div>
   <div class='ocr_carea' id='block_1_87' title="bbox 495 5393 2089 5466">
    <p class='ocr_par' dir='ltr' id='par_1_87' title="bbox 495 5393 2089 5466">
     <span class='ocr_line' id='line_1_87' title="bbox 495 5393 2089 5466; baseline 0.011 -17"><span class='ocrx_word' id='word_1_637' title='bbox 495 5394 758 5466; x_wconf 67' lang='lat' dir='ltr'><strong>scribitur</strong></span> <span class='ocrx_word' id='word_1_638' title='bbox 787 5393 1087 5466; x_wconf 75' lang='lat' dir='ltr'><strong>Ambrosius</strong></span> <span class='ocrx_word' id='word_1_639' title='bbox 1127 5393 1488 5466; x_wconf 64' lang='lat' dir='ltr'><strong>Constantino.</strong></span> <span class='ocrx_word' id='word_1_640' title='bbox 1531 5400 1663 5459; x_wconf 88' lang='lat' dir='ltr'><strong>Esse</strong></span> <span class='ocrx_word' id='word_1_641' title='bbox 1703 5393 1888 5463; x_wconf 64' lang='lat' dir='ltr'><strong>tamen</strong></span> <span class='ocrx_word' id='word_1_642' title='bbox 1915 5393 2089 5466; x_wconf 69' lang='lat' dir='ltr'><strong>retiam</strong></span> 
     </span>
    </p>
   </div>
   <div class='ocr_carea' id='block_1_88' title="bbox 500 5464 2090 5542">
    <p class='ocr_par' dir='ltr' id='par_1_88' title="bbox 500 5464 2090 5542">
     <span class='ocr_line' id='line_1_88' title="bbox 500 5464 2090 5542; baseline 0.013 -25"><span class='ocrx_word' id='word_1_643' title='bbox 500 5464 630 5519; x_wconf 88' lang='lat' dir='ltr'><strong>alibi</strong></span> <span class='ocrx_word' id='word_1_644' title='bbox 661 5478 760 5542; x_wconf 64' lang='lat' dir='ltr'><strong>ms.</strong></span> <span class='ocrx_word' id='word_1_645' title='bbox 791 5464 1024 5533; x_wconf 90' lang='lat' dir='ltr'><strong>aliquem</strong></span> <span class='ocrx_word' id='word_1_646' title='bbox 1056 5465 1369 5542; x_wconf 75' lang='lat' dir='ltr'><strong>s_ub_e_ad_em</strong></span> <span class='ocrx_word' id='word_1_647' title='bbox 1404 5467 1505 5525; x_wconf 88' lang='lat' dir='ltr'><strong>hac</strong></span> <span class='ocrx_word' id='word_1_648' title='bbox 1533 5472 1888 5542; x_wconf 88' lang='lat' dir='ltr'><strong>inscriptione</strong></span> <span class='ocrx_word' id='word_1_649' title='bbox 1919 5464 2090 5538; x_wconf 53' lang='lat'><strong>«5:136</strong></span> 
     </span>
    </p>
   </div>
   <div class='ocr_carea' id='block_1_89' title="bbox 498 5535 2084 5621">
    <p class='ocr_par' dir='ltr' id='par_1_89' title="bbox 498 5535 2084 5621">
     <span class='ocr_line' id='line_1_89' title="bbox 498 5535 2084 5621; baseline 0.015 -36"><span class='ocrx_word' id='word_1_650' title='bbox 498 5535 904 5621; x_wconf 50' lang='lat' dir='ltr'><strong>cogp&#39;o&#39;scimuls,</strong></span> <span class='ocrx_word' id='word_1_651' title='bbox 944 5535 1385 5621; x_wconf 33' lang='lat' dir='ltr'><strong>quodlighucllus</strong></span> <span class='ocrx_word' id='word_1_652' title='bbox 1425 5547 1572 5595; x_wconf 88' lang='lat' dir='ltr'><strong>tomo</strong></span> <span class='ocrx_word' id='word_1_653' title='bbox 1614 5543 1657 5599; x_wconf 81' lang='grc' dir='ltr'><strong>ΙΙ</strong></span> <span class='ocrx_word' id='word_1_654' title='bbox 1686 5535 1854 5602; x_wconf 72' lang='lat' dir='ltr'><strong>italiae</strong></span> <span class='ocrx_word' id='word_1_655' title='bbox 1891 5535 2084 5621; x_wconf 62' lang='lat' dir='ltr'><strong>sacrae,</strong></span> 
     </span>
    </p>
   </div>
   <div class='ocr_carea' id='block_1_90' title="bbox 500 5601 2085 5682">
    <p class='ocr_par' dir='ltr' id='par_1_90' title="bbox 500 5601 2085 5682">
     <span class='ocr_line' id='line_1_90' title="bbox 500 5601 2085 5682; baseline 0.015 -27"><span class='ocrx_word' id='word_1_656' title='bbox 500 5601 717 5682; x_wconf 38' lang='lat' dir='ltr'><strong>p.355,</strong></span> <span class='ocrx_word' id='word_1_657' title='bbox 748 5601 1200 5682; x_wconf 52' lang='lat' dir='ltr'><strong>exnhac&#39;epistola</strong></span> <span class='ocrx_word' id='word_1_658' title='bbox 1221 5608 1420 5682; x_wconf 67' lang='lat' dir='ltr'><strong>locum</strong></span> <span class='ocrx_word' id='word_1_659' title='bbox 1447 5627 1755 5682; x_wconf 79' lang='lat' dir='ltr'><strong>proponens</strong></span> <span class='ocrx_word' id='word_1_660' title='bbox 1827 5601 2085 5679; x_wconf 55' lang='grc' dir='ltr'>έεῖιΐὲιῐί</span> 
     </span>
    </p>
   </div>
   <div class='ocr_carea' id='block_1_91' title="bbox 495 5671 2088 5750">
    <p class='ocr_par' dir='ltr' id='par_1_91' title="bbox 495 5671 2088 5750">
     <span class='ocr_line' id='line_1_91' title="bbox 495 5671 2088 5750; baseline 0.015 -25"><span class='ocrx_word' id='word_1_661' title='bbox 495 5671 675 5726; x_wconf 76' lang='lat' dir='ltr'><strong>ininat</strong></span> <span class='ocrx_word' id='word_1_662' title='bbox 700 5673 770 5750; x_wconf 83' lang='lat' dir='ltr'><strong>ad</strong></span> <span class='ocrx_word' id='word_1_663' title='bbox 795 5671 1188 5750; x_wconf 72' lang='lat' dir='ltr'><strong>Constantinum</strong></span> <span class='ocrx_word' id='word_1_664' title='bbox 1215 5671 1593 5750; x_wconf 75' lang='lat' dir='ltr'><strong>imperatorem.</strong></span> <span class='ocrx_word' id='word_1_665' title='bbox 1627 5684 1733 5740; x_wconf 93' lang='lat' dir='ltr'><strong>Sed</strong></span> <span class='ocrx_word' id='word_1_666' title='bbox 1756 5671 2088 5750; x_wconf 48' lang='lat' dir='ltr'><strong>crassus-hic</strong></span> 
     </span>
    </p>
   </div>
   <div class='ocr_carea' id='block_1_92' title="bbox 493 5745 2087 5823">
    <p class='ocr_par' dir='ltr' id='par_1_92' title="bbox 493 5745 2087 5823">
     <span class='ocr_line' id='line_1_92' title="bbox 493 5745 2087 5823; baseline 0.015 -26"><span class='ocrx_word' id='word_1_667' title='bbox 493 5752 658 5800; x_wconf 84' lang='lat' dir='ltr'><strong>error</strong></span> <span class='ocrx_word' id='word_1_668' title='bbox 681 5748 786 5807; x_wconf 85' lang='lat' dir='ltr'><strong>est,</strong></span> <span class='ocrx_word' id='word_1_669' title='bbox 824 5757 947 5797; x_wconf 91' lang='lat' dir='ltr'><strong>cum</strong></span> <span class='ocrx_word' id='word_1_670' title='bbox 986 5745 1041 5800; x_wconf 89' lang='lat' dir='ltr'><strong>id</strong></span> <span class='ocrx_word' id='word_1_671' title='bbox 1081 5745 1340 5818; x_wconf 79' lang='lat' dir='ltr'><strong>temporis</strong></span> <span class='ocrx_word' id='word_1_672' title='bbox 1376 5766 1477 5809; x_wconf 91' lang='lat' dir='ltr'><strong>nec</strong></span> <span class='ocrx_word' id='word_1_673' title='bbox 1514 5745 1905 5818; x_wconf 85' lang='lat' dir='ltr'><strong>Constantinus</strong></span> <span class='ocrx_word' id='word_1_674' title='bbox 1941 5745 2087 5823; x_wconf 75' lang='lat' dir='ltr'><strong>ullus</strong></span> 
     </span>
    </p>
   </div>
   <div class='ocr_carea' id='block_1_93' title="bbox 2126 3150 3776 3247">
    <p class='ocr_par' dir='ltr' id='par_1_93' title="bbox 2126 3150 3776 3247">
     <span class='ocr_line' id='line_1_93' title="bbox 2126 3150 3776 3247; baseline 0.013 -32"><span class='ocrx_word' id='word_1_675' title='bbox 2126 3150 2172 3215; x_wconf 82' lang='lat' dir='ltr'><strong>C</strong></span> <span class='ocrx_word' id='word_1_676' title='bbox 2203 3160 2355 3231; x_wconf 74' lang='lat' dir='ltr'><strong>plene</strong></span> <span class='ocrx_word' id='word_1_677' title='bbox 2408 3165 2599 3232; x_wconf 82' lang='lat' dir='ltr'><strong>fuerint</strong></span> <span class='ocrx_word' id='word_1_678' title='bbox 2650 3168 2808 3223; x_wconf 84' lang='lat' dir='ltr'><strong>nubes</strong></span> <span class='ocrx_word' id='word_1_679' title='bbox 2842 3210 2855 3235; x_wconf 94' lang='lat'><strong>,</strong></span> <span class='ocrx_word' id='word_1_680' title='bbox 2910 3170 3139 3242; x_wconf 82' lang='lat' dir='ltr'><strong>pluviam</strong></span> <span class='ocrx_word' id='word_1_681' title='bbox 3175 3150 3259 3229; x_wconf 45' lang='lat' dir='ltr'><strong>—in</strong></span> <span class='ocrx_word' id='word_1_682' title='bbox 3306 3184 3494 3232; x_wconf 87' lang='lat' dir='ltr'><strong>terram</strong></span> <span class='ocrx_word' id='word_1_683' title='bbox 3542 3178 3776 3247; x_wconf 59' lang='lat' dir='ltr'><strong>eiunth</strong></span> 
     </span>
    </p>
   </div>
   <div class='ocr_carea' id='block_1_94' title="bbox 2235 3251 2426 3310">
    <p class='ocr_par' dir='ltr' id='par_1_94' title="bbox 2235 3251 2426 3310">
     <span class='ocr_line' id='line_1_94' title="bbox 2235 3251 2426 3310; baseline 0.021 -4"><span class='ocrx_word' id='word_1_684' title='bbox 2235 3251 2426 3310; x_wconf 80' lang='lat' dir='ltr'><strong>Ibid.).</strong></span> 
     </span>
    </p>
   </div>
   <div class='ocr_carea' id='block_1_95' title="bbox 2211 3253 3778 3433">
    <p class='ocr_par' dir='ltr' id='par_1_95' title="bbox 2211 3253 3778 3433">
     <span class='ocr_line' id='line_1_95' title="bbox 2235 3253 2426 3310; baseline 0.021 -4"><span class='ocrx_word' id='word_1_685' title='bbox 2235 3253 2376 3308; x_wconf 84' lang='lat' dir='ltr'><strong>Ibid.</strong></span> <span class='ocrx_word' id='word_1_686' title='bbox 2411 3296 2426 3310; x_wconf 94' lang='lat'><strong>.</strong></span> 
     </span>
     <span class='ocr_line' id='line_1_96' title="bbox 2211 3253 3778 3433; baseline 0.012 -32"><span class='ocrx_word' id='word_1_687' title='bbox 2211 3253 2228 3326; x_wconf 72' lang='lat'><strong>(</strong></span> <span class='ocrx_word' id='word_1_688' title='bbox 2277 3346 2331 3402; x_wconf 84' lang='lat'><strong>5.</strong></span> <span class='ocrx_word' id='word_1_689' title='bbox 2371 3253 2490 3402; x_wconf 55' lang='lat' dir='ltr'><strong>Sint</strong></span> <span class='ocrx_word' id='word_1_690' title='bbox 2514 3363 2644 3421; x_wconf 87' lang='lat' dir='ltr'><strong>ergo</strong></span> <span class='ocrx_word' id='word_1_691' title='bbox 2668 3365 2953 3410; x_wconf 91' lang='lat' dir='ltr'><strong>sermones</strong></span> <span class='ocrx_word' id='word_1_692' title='bbox 2984 3356 3059 3411; x_wconf 90' lang='lat' dir='ltr'><strong>tui</strong></span> <span class='ocrx_word' id='word_1_693' title='bbox 3084 3358 3300 3428; x_wconf 89' lang='lat' dir='ltr'><strong>proﬂui,</strong></span> <span class='ocrx_word' id='word_1_694' title='bbox 3332 3361 3446 3417; x_wconf 89' lang='lat' dir='ltr'><strong>sint</strong></span> <span class='ocrx_word' id='word_1_695' title='bbox 3471 3363 3609 3433; x_wconf 89' lang='lat' dir='ltr'><strong>puri,</strong></span> <span class='ocrx_word' id='word_1_696' title='bbox 3636 3373 3689 3420; x_wconf 91' lang='lat' dir='ltr'><strong>et</strong></span> <span class='ocrx_word' id='word_1_697' title='bbox 3710 3364 3778 3419; x_wconf 85' lang='lat' dir='ltr'><strong>di-</strong></span> 
     </span>
    </p>
   </div>
   <div class='ocr_carea' id='block_1_96' title="bbox 2205 3435 3777 3527">
    <p class='ocr_par' dir='ltr' id='par_1_96' title="bbox 2205 3435 3777 3527">
     <span class='ocr_line' id='line_1_97' title="bbox 2205 3435 3777 3527; baseline 0.014 -36"><span class='ocrx_word' id='word_1_698' title='bbox 2205 3435 2399 3505; x_wconf 89' lang='lat' dir='ltr'><strong>lucidi;</strong></span> <span class='ocrx_word' id='word_1_699' title='bbox 2430 3448 2487 3494; x_wconf 92' lang='lat' dir='ltr'><strong>ut</strong></span> <span class='ocrx_word' id='word_1_700' title='bbox 2526 3442 2717 3498; x_wconf 91' lang='lat' dir='ltr'><strong>morali</strong></span> <span class='ocrx_word' id='word_1_701' title='bbox 2765 3444 3136 3527; x_wconf 83' lang='lat' dir='ltr'><strong>disputatione</strong></span> <span class='ocrx_word' id='word_1_702' title='bbox 3175 3453 3504 3510; x_wconf 88' lang='lat' dir='ltr'><strong>suavitatem</strong></span> <span class='ocrx_word' id='word_1_703' title='bbox 3550 3456 3777 3512; x_wconf 82' lang='lat' dir='ltr'><strong>infundas</strong></span> 
     </span>
    </p>
   </div>
   <div class='ocr_carea' id='block_1_97' title="bbox 2202 3531 3775 3619">
    <p class='ocr_par' dir='ltr' id='par_1_97' title="bbox 2202 3531 3775 3619">
     <span class='ocr_line' id='line_1_98' title="bbox 2202 3531 3775 3619; baseline 0.013 -34"><span class='ocrx_word' id='word_1_704' title='bbox 2202 3531 2527 3603; x_wconf 88' lang='lat' dir='ltr'><strong>populorum</strong></span> <span class='ocrx_word' id='word_1_705' title='bbox 2553 3536 2798 3605; x_wconf 91' lang='lat' dir='ltr'><strong>auribus,</strong></span> <span class='ocrx_word' id='word_1_706' title='bbox 2826 3546 2882 3595; x_wconf 92' lang='lat' dir='ltr'><strong>et</strong></span> <span class='ocrx_word' id='word_1_707' title='bbox 2908 3541 3083 3611; x_wconf 88' lang='lat' dir='ltr'><strong>gratia</strong></span> <span class='ocrx_word' id='word_1_708' title='bbox 3111 3543 3407 3601; x_wconf 89' lang='lat' dir='ltr'><strong>verborum</strong></span> <span class='ocrx_word' id='word_1_709' title='bbox 3440 3557 3651 3605; x_wconf 90' lang='lat' dir='ltr'><strong>tuorum</strong></span> <span class='ocrx_word' id='word_1_710' title='bbox 3674 3551 3775 3619; x_wconf 82' lang='lat' dir='ltr'><strong>ple-</strong></span> 
     </span>
    </p>
   </div>
   <div class='ocr_carea' id='block_1_98' title="bbox 2204 3623 3776 3712">
    <p class='ocr_par' dir='ltr' id='par_1_98' title="bbox 2204 3623 3776 3712">
     <span class='ocr_line' id='line_1_99' title="bbox 2204 3623 3776 3712; baseline 0.012 -32"><span class='ocrx_word' id='word_1_711' title='bbox 2204 3623 2328 3680; x_wconf 88' lang='lat' dir='ltr'><strong>bem</strong></span> <span class='ocrx_word' id='word_1_712' title='bbox 2359 3625 2707 3695; x_wconf 88' lang='lat' dir='ltr'><strong>demulceas;</strong></span> <span class='ocrx_word' id='word_1_713' title='bbox 2742 3639 2800 3686; x_wconf 92' lang='lat' dir='ltr'><strong>nt</strong></span> <span class='ocrx_word' id='word_1_714' title='bbox 2818 3632 3007 3690; x_wconf 90' lang='lat' dir='ltr'><strong>volens</strong></span> <span class='ocrx_word' id='word_1_715' title='bbox 3023 3635 3315 3706; x_wconf 85' lang='lat' dir='ltr'><strong>quodncis,</strong></span> <span class='ocrx_word' id='word_1_716' title='bbox 3347 3652 3623 3712; x_wconf 89' lang='lat' dir='ltr'><strong>sequatur.</strong></span> <span class='ocrx_word' id='word_1_717' title='bbox 3643 3642 3776 3712; x_wconf 83' lang='lat' dir='ltr'><strong>Quod</strong></span> 
     </span>
    </p>
   </div>
   <div class='ocr_carea' id='block_1_99' title="bbox 2204 3715 3770 3802">
    <p class='ocr_par' dir='ltr' id='par_1_99' title="bbox 2204 3715 3770 3802">
     <span class='ocr_line' id='line_1_100' title="bbox 2204 3715 3770 3802; baseline 0.013 -32"><span class='ocrx_word' id='word_1_718' title='bbox 2204 3715 2249 3771; x_wconf 90' lang='lat' dir='ltr'><strong>si</strong></span> <span class='ocrx_word' id='word_1_719' title='bbox 2281 3716 2461 3788; x_wconf 91' lang='lat' dir='ltr'><strong>aliqua</strong></span> <span class='ocrx_word' id='word_1_720' title='bbox 2486 3719 2573 3775; x_wconf 90' lang='lat' dir='ltr'><strong>vel</strong></span> <span class='ocrx_word' id='word_1_721' title='bbox 2602 3720 2657 3776; x_wconf 91' lang='lat' dir='ltr'><strong>in</strong></span> <span class='ocrx_word' id='word_1_722' title='bbox 2686 3723 2886 3793; x_wconf 84' lang='lat' dir='ltr'><strong>papqu</strong></span> <span class='ocrx_word' id='word_1_723' title='bbox 2918 3725 3004 3781; x_wconf 87' lang='lat' dir='ltr'><strong>vel</strong></span> <span class='ocrx_word' id='word_1_724' title='bbox 3038 3726 3091 3782; x_wconf 93' lang='lat' dir='ltr'><strong>in</strong></span> <span class='ocrx_word' id='word_1_725' title='bbox 3122 3728 3398 3802; x_wconf 88' lang='lat' dir='ltr'><strong>aliquibus</strong></span> <span class='ocrx_word' id='word_1_726' title='bbox 3439 3735 3770 3799; x_wconf 85' lang='lat' dir='ltr'><strong>contumacia,</strong></span> 
     </span>
    </p>
   </div>
   <div class='ocr_carea' id='block_1_100' title="bbox 2207 3808 3776 3895">
    <p class='ocr_par' dir='ltr' id='par_1_100' title="bbox 2207 3808 3776 3895">
     <span class='ocr_line' id='line_1_101' title="bbox 2207 3808 3776 3895; baseline 0.015 -35"><span class='ocrx_word' id='word_1_727' title='bbox 2207 3809 2293 3864; x_wconf 88' lang='lat' dir='ltr'><strong>vel</strong></span> <span class='ocrx_word' id='word_1_728' title='bbox 2323 3808 2487 3881; x_wconf 90' lang='lat' dir='ltr'><strong>culpa</strong></span> <span class='ocrx_word' id='word_1_729' title='bbox 2510 3819 2615 3879; x_wconf 85' lang='lat' dir='ltr'><strong>est,</strong></span> <span class='ocrx_word' id='word_1_730' title='bbox 2640 3814 2752 3871; x_wconf 90' lang='lat' dir='ltr'><strong>sint</strong></span> <span class='ocrx_word' id='word_1_731' title='bbox 2795 3830 3079 3877; x_wconf 89' lang='lat' dir='ltr'><strong>sermones</strong></span> <span class='ocrx_word' id='word_1_732' title='bbox 3120 3821 3197 3877; x_wconf 93' lang='lat' dir='ltr'><strong>tui</strong></span> <span class='ocrx_word' id='word_1_733' title='bbox 3227 3821 3563 3895; x_wconf 87' lang='lat' dir='ltr'><strong>hujusmodi,</strong></span> <span class='ocrx_word' id='word_1_734' title='bbox 3606 3837 3661 3883; x_wconf 91' lang='lat' dir='ltr'><strong>ut</strong></span> <span class='ocrx_word' id='word_1_735' title='bbox 3697 3842 3776 3883; x_wconf 84' lang='lat' dir='ltr'><strong>su-</strong></span> 
     </span>
    </p>
   </div>
   <div class='ocr_carea' id='block_1_101' title="bbox 2207 3899 3775 3985">
    <p class='ocr_par' dir='ltr' id='par_1_101' title="bbox 2207 3899 3775 3985">
     <span class='ocr_line' id='line_1_102' title="bbox 2207 3899 3775 3985; baseline 0.012 -30"><span class='ocrx_word' id='word_1_736' title='bbox 2207 3899 2446 3958; x_wconf 91' lang='lat' dir='ltr'><strong>dientem</strong></span> <span class='ocrx_word' id='word_1_737' title='bbox 2478 3904 2795 3972; x_wconf 87' lang='lat' dir='ltr'><strong>stimulent,</strong></span> <span class='ocrx_word' id='word_1_738' title='bbox 2839 3923 3210 3985; x_wconf 89' lang='lat' dir='ltr'><strong>compungant</strong></span> <span class='ocrx_word' id='word_1_739' title='bbox 3264 3917 3411 3974; x_wconf 89' lang='lat' dir='ltr'><strong>male</strong></span> <span class='ocrx_word' id='word_1_740' title='bbox 3459 3920 3722 3975; x_wconf 87' lang='lat' dir='ltr'><strong>conscium</strong></span> <span class='ocrx_word' id='word_1_741' title='bbox 3761 3936 3775 3974; x_wconf 85' lang='lat'><strong>:</strong></span> 
     </span>
    </p>
   </div>
   <div class='ocr_carea' id='block_1_102' title="bbox 2205 3990 3773 4087">
    <p class='ocr_par' dir='ltr' id='par_1_102' title="bbox 2205 3990 3773 4087">
     <span class='ocr_line' id='line_1_103' title="bbox 2205 3990 3773 4087; baseline 0.012 -40"><span class='ocrx_word' id='word_1_742' title='bbox 2205 3990 2481 4051; x_wconf 88' lang='lat' dir='ltr'><strong>Sermones</strong></span> <span class='ocrx_word' id='word_1_743' title='bbox 2524 3999 2659 4053; x_wconf 85' lang='lat' dir='ltr'><strong>enim</strong></span> <span class='ocrx_word' id='word_1_744' title='bbox 2716 4000 3025 4072; x_wconf 88' lang='lat' dir='ltr'><strong>sapientium</strong></span> <span class='ocrx_word' id='word_1_745' title='bbox 3082 4013 3344 4078; x_wconf 87' lang='lat' dir='ltr'><strong>tamquam</strong></span> <span class='ocrx_word' id='word_1_746' title='bbox 3388 4011 3588 4067; x_wconf 82' lang='lat' dir='ltr'><strong>stimuli</strong></span> <span class='ocrx_word' id='word_1_747' title='bbox 3625 4010 3773 4087; x_wconf 81' lang='lat' dir='ltr'><strong>(Eccl.</strong></span> 
     </span>
    </p>
   </div>
   <div class='ocr_carea' id='block_1_103' title="bbox 2203 4086 3772 4170">
    <p class='ocr_par' dir='ltr' id='par_1_103' title="bbox 2203 4086 3772 4170">
     <span class='ocr_line' id='line_1_104' title="bbox 2203 4086 3772 4170; baseline 0.015 -31"><span class='ocrx_word' id='word_1_748' title='bbox 2203 4086 2430 4157; x_wconf 68' lang='lat'><strong>111,“).</strong></span> <span class='ocrx_word' id='word_1_749' title='bbox 2464 4087 2777 4147; x_wconf 86' lang='lat' dir='ltr'><strong>Stlmulavit</strong></span> <span class='ocrx_word' id='word_1_750' title='bbox 2803 4104 2857 4149; x_wconf 90' lang='lat' dir='ltr'><strong>et</strong></span> <span class='ocrx_word' id='word_1_751' title='bbox 2883 4094 3148 4154; x_wconf 88' lang='lat' dir='ltr'><strong>Dominus</strong></span> <span class='ocrx_word' id='word_1_752' title='bbox 3168 4098 3329 4157; x_wconf 81' lang='lat' dir='ltr'><strong>Jesus</strong></span> <span class='ocrx_word' id='word_1_753' title='bbox 3370 4086 3643 4170; x_wconf 64' lang='lat' dir='ltr'><strong>Saulum,</strong></span> <span class='ocrx_word' id='word_1_754' title='bbox 3667 4108 3772 4161; x_wconf 78' lang='lat' dir='ltr'><strong>cuin</strong></span> 
     </span>
    </p>
   </div>
   <div class='ocr_carea' id='block_1_104' title="bbox 2205 4186 3770 4263">
    <p class='ocr_par' dir='ltr' id='par_1_104' title="bbox 2205 4186 3770 4263">
     <span class='ocr_line' id='line_1_105' title="bbox 2205 4186 3770 4263; baseline 0.014 -30"><span class='ocrx_word' id='word_1_755' title='bbox 2205 4186 2354 4236; x_wconf 89' lang='lat' dir='ltr'><strong>esset</strong></span> <span class='ocrx_word' id='word_1_756' title='bbox 2390 4191 2725 4251; x_wconf 90' lang='lat' dir='ltr'><strong>persecutor.</strong></span> <span class='ocrx_word' id='word_1_757' title='bbox 2785 4186 2956 4255; x_wconf 89' lang='lat' dir='ltr'><strong>Quam</strong></span> <span class='ocrx_word' id='word_1_758' title='bbox 3004 4190 3259 4248; x_wconf 89' lang='lat' dir='ltr'><strong>salutaris</strong></span> <span class='ocrx_word' id='word_1_759' title='bbox 3309 4193 3478 4251; x_wconf 78' lang='lat' dir='ltr'><strong>fuerit</strong></span> <span class='ocrx_word' id='word_1_760' title='bbox 3523 4197 3770 4263; x_wconf 64' lang='lat' dir='ltr'><strong>stimulus.</strong></span> 
     </span>
    </p>
   </div>
   <div class='ocr_carea' id='block_1_105' title="bbox 2202 4271 3772 4357">
    <p class='ocr_par' dir='ltr' id='par_1_105' title="bbox 2202 4271 3772 4357">
     <span class='ocr_line' id='line_1_106' title="bbox 2202 4271 3772 4357; baseline 0.012 -31"><span class='ocrx_word' id='word_1_761' title='bbox 2202 4271 2520 4341; x_wconf 89' lang='lat' dir='ltr'><strong>considera,</strong></span> <span class='ocrx_word' id='word_1_762' title='bbox 2544 4276 2638 4346; x_wconf 91' lang='lat' dir='ltr'><strong>qui</strong></span> <span class='ocrx_word' id='word_1_763' title='bbox 2687 4291 2755 4332; x_wconf 80' lang='lat' dir='ltr'><strong>ex</strong></span> <span class='ocrx_word' id='word_1_764' title='bbox 2797 4288 3145 4348; x_wconf 81' lang='lat' dir='ltr'><strong>persecutore</strong></span> <span class='ocrx_word' id='word_1_765' title='bbox 3192 4288 3503 4357; x_wconf 89' lang='lat' dir='ltr'><strong>apostolum</strong></span> <span class='ocrx_word' id='word_1_766' title='bbox 3535 4291 3675 4357; x_wconf 76' lang='lat' dir='ltr'><strong>fecit,</strong></span> <span class='ocrx_word' id='word_1_767' title='bbox 3700 4290 3772 4345; x_wconf 88' lang='lat' dir='ltr'><strong>di-</strong></span> 
     </span>
    </p>
   </div>
   <div class='ocr_carea' id='block_1_106' title="bbox 2201 4361 3773 4445">
    <p class='ocr_par' dir='ltr' id='par_1_106' title="bbox 2201 4361 3773 4445">
     <span class='ocr_line' id='line_1_107' title="bbox 2201 4361 3773 4445; baseline 0.017 -29"><span class='ocrx_word' id='word_1_768' title='bbox 2201 4361 2376 4418; x_wconf 90' lang='lat' dir='ltr'><strong>cendo</strong></span> <span class='ocrx_word' id='word_1_769' title='bbox 2406 4379 2420 4417; x_wconf 88' lang='lat'><strong>:</strong></span> <span class='ocrx_word' id='word_1_770' title='bbox 2476 4363 2675 4422; x_wconf 87' lang='lat' dir='ltr'><strong>Durum</strong></span> <span class='ocrx_word' id='word_1_771' title='bbox 2700 4371 2866 4445; x_wconf 75' lang='lat'><strong>756</strong></span> <span class='ocrx_word' id='word_1_772' title='bbox 2892 4374 3110 4444; x_wconf 84' lang='lat' dir='ltr'><strong>esttibi,</strong></span> <span class='ocrx_word' id='word_1_773' title='bbox 3160 4385 3216 4432; x_wconf 89' lang='lat' dir='ltr'><strong>ut</strong></span> <span class='ocrx_word' id='word_1_774' title='bbox 3253 4379 3503 4438; x_wconf 86' lang='lat' dir='ltr'><strong>adversus</strong></span> <span class='ocrx_word' id='word_1_775' title='bbox 3535 4383 3773 4439; x_wconf 72' lang='lat' dir='ltr'><strong>stimulant</strong></span> 
     </span>
    </p>
   </div>
   <div class='ocr_carea' id='block_1_107' title="bbox 2202 4454 2742 4532">
    <p class='ocr_par' dir='ltr' id='par_1_107' title="bbox 2202 4454 2742 4532">
     <span class='ocr_line' id='line_1_108' title="bbox 2202 4454 2742 4532; baseline 0.019 -24"><span class='ocrx_word' id='word_1_776' title='bbox 2202 4454 2366 4510; x_wconf 86' lang='lat' dir='ltr'><strong>calces</strong></span> <span class='ocrx_word' id='word_1_777' title='bbox 2396 4454 2531 4526; x_wconf 82' lang='lat' dir='ltr'><strong>(Aet.</strong></span> <span class='ocrx_word' id='word_1_778' title='bbox 2561 4474 2638 4527; x_wconf 78' lang='grc' dir='ltr'>ιι,</span> <span class='ocrx_word' id='word_1_779' title='bbox 2666 4462 2742 4532; x_wconf 79' lang='lat'><strong>5).</strong></span> 
     </span>
    </p>
   </div>
   <div class='ocr_carea' id='block_1_108' title="bbox 2272 4547 3774 4642">
    <p class='ocr_par' dir='ltr' id='par_1_108' title="bbox 2272 4547 3774 4642">
     <span class='ocr_line' id='line_1_109' title="bbox 2272 4547 3774 4642; baseline 0.015 -40"><span class='ocrx_word' id='word_1_780' title='bbox 2272 4547 2326 4603; x_wconf 88' lang='lat'><strong>6.</strong></span> <span class='ocrx_word' id='word_1_781' title='bbox 2366 4547 2508 4606; x_wconf 89' lang='lat' dir='ltr'><strong>Sunt</strong></span> <span class='ocrx_word' id='word_1_782' title='bbox 2552 4554 2718 4611; x_wconf 89' lang='lat' dir='ltr'><strong>etiam</strong></span> <span class='ocrx_word' id='word_1_783' title='bbox 2765 4573 3052 4618; x_wconf 89' lang='lat' dir='ltr'><strong>sermones</strong></span> <span class='ocrx_word' id='word_1_784' title='bbox 3088 4563 3230 4622; x_wconf 91' lang='lat' dir='ltr'><strong>sicut</strong></span> <span class='ocrx_word' id='word_1_785' title='bbox 3260 4566 3381 4639; x_wconf 91' lang='lat' dir='ltr'><strong>lac,</strong></span> <span class='ocrx_word' id='word_1_786' title='bbox 3422 4585 3559 4642; x_wconf 87' lang='lat' dir='ltr'><strong>quos</strong></span> <span class='ocrx_word' id='word_1_787' title='bbox 3601 4569 3774 4626; x_wconf 82' lang='lat' dir='ltr'><strong>inludit</strong></span> 
     </span>
    </p>
   </div>
   <div class='ocr_carea' id='block_1_109' title="bbox 2249 4643 3777 4734">
    <p class='ocr_par' dir='ltr' id='par_1_109' title="bbox 2249 4643 3777 4734">
     <span class='ocr_line' id='line_1_110' title="bbox 2249 4643 3777 4734; baseline 0.016 -37"><span class='ocrx_word' id='word_1_788' title='bbox 2249 4643 2406 4701; x_wconf 87' lang='lat' dir='ltr'><strong>auius</strong></span> <span class='ocrx_word' id='word_1_789' title='bbox 2434 4645 2735 4708; x_wconf 90' lang='lat' dir='ltr'><strong>Corinthiis</strong></span> <span class='ocrx_word' id='word_1_790' title='bbox 2763 4653 2818 4726; x_wconf 90' lang='grc' dir='ltr'>(ι</span> <span class='ocrx_word' id='word_1_791' title='bbox 2846 4653 2967 4713; x_wconf 87' lang='lat' dir='ltr'><strong>Cor.</strong></span> <span class='ocrx_word' id='word_1_792' title='bbox 2992 4673 3072 4724; x_wconf 85' lang='lat' dir='ltr'><strong>nt,</strong></span> <span class='ocrx_word' id='word_1_793' title='bbox 3103 4659 3192 4731; x_wconf 72' lang='lat'><strong>2);</strong></span> <span class='ocrx_word' id='word_1_794' title='bbox 3224 4664 3320 4734; x_wconf 90' lang='lat' dir='ltr'><strong>qui</strong></span> <span class='ocrx_word' id='word_1_795' title='bbox 3349 4666 3493 4722; x_wconf 89' lang='lat' dir='ltr'><strong>enim</strong></span> <span class='ocrx_word' id='word_1_796' title='bbox 3522 4667 3777 4724; x_wconf 79' lang='lat' dir='ltr'><strong>fortiorem</strong></span> 
     </span>
    </p>
   </div>
   <div class='ocr_carea' id='block_1_110' title="bbox 2204 4778 3783 4872">
    <p class='ocr_par' dir='ltr' id='par_1_110' title="bbox 2204 4778 3783 4872">
     <span class='ocr_line' id='line_1_111' title="bbox 2204 4778 3783 4872; baseline 0.013 -35"><span class='ocrx_word' id='word_1_797' title='bbox 2204 4778 2508 4872; x_wconf 55' lang='lat' dir='ltr'><strong>imperator</strong></span> <span class='ocrx_word' id='word_1_798' title='bbox 2538 4800 2663 4872; x_wconf 76' lang='lat' dir='ltr'><strong>esse</strong></span> <span class='ocrx_word' id='word_1_799' title='bbox 2696 4792 2951 4872; x_wconf 79' lang='lat' dir='ltr'><strong>potuerit,</strong></span> <span class='ocrx_word' id='word_1_800' title='bbox 2983 4805 3036 4851; x_wconf 88' lang='lat' dir='ltr'><strong>et</strong></span> <span class='ocrx_word' id='word_1_801' title='bbox 3078 4810 3215 4872; x_wconf 38' lang='lat' dir='ltr'><strong>eum~</strong></span> <span class='ocrx_word' id='word_1_802' title='bbox 3244 4799 3311 4856; x_wconf 91' lang='lat' dir='ltr'><strong>ad</strong></span> <span class='ocrx_word' id='word_1_803' title='bbox 3342 4816 3504 4872; x_wconf 90' lang='lat' dir='ltr'><strong>quem</strong></span> <span class='ocrx_word' id='word_1_804' title='bbox 3545 4805 3662 4860; x_wconf 87' lang='lat' dir='ltr'><strong>data</strong></span> <span class='ocrx_word' id='word_1_805' title='bbox 3698 4801 3783 4859; x_wconf 86' lang='lat' dir='ltr'><strong>luit</strong></span> 
     </span>
    </p>
   </div>
   <div class='ocr_carea' id='block_1_111' title="bbox 2206 4849 3777 4945">
    <p class='ocr_par' dir='ltr' id='par_1_111' title="bbox 2206 4849 3777 4945">
     <span class='ocr_line' id='line_1_112' title="bbox 2206 4849 3777 4945; baseline -0.004 -10"><span class='ocrx_word' id='word_1_806' title='bbox 2206 4849 2615 4945; x_wconf 53' lang='grc' dir='ltr'><strong>ξ’ἓῖίξξρίξίοίέσ</strong></span> <span class='ocrx_word' id='word_1_807' title='bbox 2656 4849 2972 4945; x_wconf 61' lang='grc' dir='ltr'><strong>ερῖξοτξριιιῇ</strong></span> <span class='ocrx_word' id='word_1_808' title='bbox 2993 4849 3105 4923; x_wconf 26' lang='grc' dir='ltr'><strong>ννεῘ</strong></span> <span class='ocrx_word' id='word_1_809' title='bbox 3117 4849 3311 4945; x_wconf 65' lang='lat' dir='ltr'><strong>prima</strong></span> <span class='ocrx_word' id='word_1_810' title='bbox 3344 4849 3777 4945; x_wconf 44' lang='lat' dir='ltr'><strong>Zjhféiie&#39;mméii&#39;a&#39;</strong></span> 
     </span>
    </p>
   </div>
   <div class='ocr_carea' id='block_1_112' title="bbox 2201 4921 3777 5017">
    <p class='ocr_par' dir='ltr' id='par_1_112' title="bbox 2201 4921 3777 5017">
     <span class='ocr_line' id='line_1_113' title="bbox 2201 4921 3777 5017; baseline 0.015 -41"><span class='ocrx_word' id='word_1_811' title='bbox 2201 4921 2350 5017; x_wconf 64' lang='lat' dir='ltr'><strong>decla</strong></span> <span class='ocrx_word' id='word_1_812' title='bbox 2359 4921 2484 5017; x_wconf 75' lang='lat' dir='ltr'><strong>rent</strong></span> <span class='ocrx_word' id='word_1_813' title='bbox 2508 4946 2531 5017; x_wconf 54' lang='grc' dir='ltr'><strong>ε.</strong></span> <span class='ocrx_word' id='word_1_814' title='bbox 2541 4928 2588 5017; x_wconf 43' lang='lat' dir='ltr'><strong>.S</strong></span> <span class='ocrx_word' id='word_1_815' title='bbox 2595 4921 2837 5017; x_wconf 68' lang='lat' dir='ltr'><strong>uscepisti</strong></span> <span class='ocrx_word' id='word_1_816' title='bbox 2848 4921 3043 5017; x_wconf 55' lang='lat' dir='ltr'><strong>&#39;ntunus</strong></span> <span class='ocrx_word' id='word_1_817' title='bbox 3056 4921 3653 5017; x_wconf 40' lang='lat' dir='ltr'><strong>sacerdotiife—tch-ioc‘</strong></span> 
     </span>
    </p>
   </div>
   <div class='ocr_carea' id='block_1_113' title="bbox 2201 4998 3781 5085">
    <p class='ocr_par' dir='ltr' id='par_1_113' title="bbox 2201 4998 3781 5085">
     <span class='ocr_line' id='line_1_114' title="bbox 2201 4998 3781 5085; baseline 0.018 -38"><span class='ocrx_word' id='word_1_818' title='bbox 2201 5007 2310 5085; x_wconf 63' lang='lat' dir='ltr'><strong>non</strong></span> <span class='ocrx_word' id='word_1_819' title='bbox 2340 4998 2485 5085; x_wconf 68' lang='lat' dir='ltr'><strong>male</strong></span> <span class='ocrx_word' id='word_1_820' title='bbox 2519 5000 2673 5056; x_wconf 79' lang='lat' dir='ltr'><strong>ltom.</strong></span> <span class='ocrx_word' id='word_1_821' title='bbox 2705 4998 2942 5085; x_wconf 70' lang='lat' dir='ltr'><strong>editores</strong></span> <span class='ocrx_word' id='word_1_822' title='bbox 2980 4998 3500 5085; x_wconf 46' lang='lat' dir='ltr'><strong>indicasscnl,’cnm</strong></span> <span class='ocrx_word' id='word_1_823' title='bbox 3532 4998 3637 5085; x_wconf 62' lang='lat' dir='ltr'><strong>Br};</strong></span> <span class='ocrx_word' id='word_1_824' title='bbox 3661 4998 3781 5073; x_wconf 58' lang='lat' dir='ltr'><strong>leni?</strong></span> 
     </span>
    </p>
   </div>
   <div class='ocr_carea' id='block_1_114' title="bbox 2200 5068 3781 5160">
    <p class='ocr_par' dir='ltr' id='par_1_114' title="bbox 2200 5068 3781 5160">
     <span class='ocr_line' id='line_1_115' title="bbox 2200 5068 3781 5160; baseline 0.018 -42"><span class='ocrx_word' id='word_1_825' title='bbox 2200 5068 2575 5160; x_wconf 43' lang='lat' dir='ltr'><strong>inata-eidem!</strong></span> <span class='ocrx_word' id='word_1_826' title='bbox 2600 5073 2953 5160; x_wconf 10' lang='lat' dir='ltr'><strong>rpraiﬁxerunt</strong></span> <span class='ocrx_word' id='word_1_827' title='bbox 2988 5079 3293 5141; x_wconf 81' lang='lat' dir='ltr'><strong>Ambrosius</strong></span> <span class='ocrx_word' id='word_1_828' title='bbox 3325 5068 3627 5160; x_wconf 50' lang='lat' dir='ltr'><strong>&#39;eﬁiiésﬁi;</strong></span> <span class='ocrx_word' id='word_1_829' title='bbox 3658 5068 3781 5143; x_wconf 64' lang='lat'><strong>6&amp;-</strong></span> 
     </span>
    </p>
   </div>
   <div class='ocr_carea' id='block_1_115' title="bbox 2200 5143 3782 5229">
    <p class='ocr_par' dir='ltr' id='par_1_115' title="bbox 2200 5143 3782 5229">
     <span class='ocr_line' id='line_1_116' title="bbox 2200 5143 3782 5229; baseline 0.02 -42"><span class='ocrx_word' id='word_1_830' title='bbox 2200 5143 2392 5229; x_wconf 54' lang='lat' dir='ltr'><strong>sgnntio</strong></span> <span class='ocrx_word' id='word_1_831' title='bbox 2419 5143 2608 5225; x_wconf 68' lang='lat' dir='ltr'><strong>fratri;</strong></span> <span class='ocrx_word' id='word_1_832' title='bbox 2637 5144 2741 5200; x_wconf 90' lang='lat' dir='ltr'><strong>nisi</strong></span> <span class='ocrx_word' id='word_1_833' title='bbox 2776 5162 2899 5229; x_wconf 78' lang='lat' dir='ltr'><strong>eum</strong></span> <span class='ocrx_word' id='word_1_834' title='bbox 2928 5149 2983 5204; x_wconf 90' lang='lat' dir='ltr'><strong>in</strong></span> <span class='ocrx_word' id='word_1_835' title='bbox 3007 5166 3331 5229; x_wconf 69' lang='lat' dir='ltr'><strong>argumento</strong></span> <span class='ocrx_word' id='word_1_836' title='bbox 3361 5143 3608 5229; x_wconf 63' lang='lat' dir='ltr'><strong>epistolae</strong></span> <span class='ocrx_word' id='word_1_837' title='bbox 3628 5161 3782 5214; x_wconf 71' lang='lat' dir='ltr'><strong>Arcu-</strong></span> 
     </span>
    </p>
   </div>
   <div class='ocr_carea' id='block_1_116' title="bbox 2201 5212 3782 5333">
    <p class='ocr_par' dir='ltr' id='par_1_116' title="bbox 2201 5212 3782 5333">
     <span class='ocr_line' id='line_1_117' title="bbox 2201 5212 3782 5333; baseline 0.021 -76"><span class='ocrx_word' id='word_1_838' title='bbox 2201 5212 2751 5333; x_wconf 78' lang='lat' dir='ltr'><strong>1episcopum</strong></span> <span class='ocrx_word' id='word_1_839' title='bbox 2780 5212 3109 5292; x_wconf 74' lang='lat' dir='ltr'><strong>designatum</strong></span> <span class='ocrx_word' id='word_1_840' title='bbox 3135 5212 3669 5297; x_wconf 41' lang='lat' dir='ltr'><strong>summitatibus;</strong></span> 
     </span>
    </p>
   </div>
   <div class='ocr_carea' id='block_1_117' title="bbox 2201 5291 2488 5335">
    <p class='ocr_par' dir='ltr' id='par_1_117' title="bbox 2201 5291 2488 5335">
     <span class='ocr_line' id='line_1_118' title="bbox 2201 5291 2488 5335; baseline 0.014 -4"><span class='ocrx_word' id='word_1_841' title='bbox 2201 5291 2303 5332; x_wconf 91' lang='lat' dir='ltr'><strong>nos</strong></span> <span class='ocrx_word' id='word_1_842' title='bbox 2330 5291 2488 5335; x_wconf 73' lang='grc' dir='ltr'><strong>ΙΙΙΙΙὫ.</strong></span> 
     </span>
    </p>
   </div>
   <div class='ocr_carea' id='block_1_118' title="bbox 2238 5349 3778 5437">
    <p class='ocr_par' dir='ltr' id='par_1_118' title="bbox 2238 5349 3778 5437">
     <span class='ocr_line' id='line_1_119' title="bbox 2238 5349 3778 5437; baseline 0.002 -13"><span class='ocrx_word' id='word_1_843' title='bbox 2238 5358 2302 5437; x_wconf 77' lang='lat'><strong>,_°,</strong></span> <span class='ocrx_word' id='word_1_844' title='bbox 2340 5349 2498 5437; x_wconf 53' lang='grc' dir='ltr'><strong>ἥρωι</strong></span> <span class='ocrx_word' id='word_1_845' title='bbox 2531 5353 2664 5437; x_wconf 67' lang='lat' dir='ltr'><strong>edlt.</strong></span> <span class='ocrx_word' id='word_1_846' title='bbox 2708 5359 2847 5425; x_wconf 87' lang='lat' dir='ltr'><strong>sola,</strong></span> <span class='ocrx_word' id='word_1_847' title='bbox 2871 5366 3040 5437; x_wconf 72' lang='lat' dir='ltr'><strong>fontes</strong></span> <span class='ocrx_word' id='word_1_848' title='bbox 3065 5365 3184 5420; x_wconf 80' lang='lat' dir='ltr'><strong>viui.</strong></span> <span class='ocrx_word' id='word_1_849' title='bbox 3237 5367 3390 5425; x_wconf 89' lang='lat' dir='ltr'><strong>llaud</strong></span> <span class='ocrx_word' id='word_1_850' title='bbox 3432 5371 3778 5437; x_wconf 82' lang='lat' dir='ltr'><strong>incommode,</strong></span> 
     </span>
    </p>
   </div>
   <div class='ocr_carea' id='block_1_119' title="bbox 2199 5421 3779 5502">
    <p class='ocr_par' dir='ltr' id='par_1_119' title="bbox 2199 5421 3779 5502">
     <span class='ocr_line' id='line_1_120' title="bbox 2199 5421 3779 5502; baseline 0.018 -30"><span class='ocrx_word' id='word_1_851' title='bbox 2199 5421 2561 5502; x_wconf 23' lang='lat' dir='ltr'><strong>nisi‘aliarum</strong></span> <span class='ocrx_word' id='word_1_852' title='bbox 2592 5435 2648 5502; x_wconf 82' lang='lat' dir='ltr'><strong>et</strong></span> <span class='ocrx_word' id='word_1_853' title='bbox 2670 5443 2802 5494; x_wconf 89' lang='lat' dir='ltr'><strong>mss,</strong></span> <span class='ocrx_word' id='word_1_854' title='bbox 2834 5421 3168 5502; x_wconf 68' lang='lat' dir='ltr'><strong>praevaleret</strong></span> <span class='ocrx_word' id='word_1_855' title='bbox 3209 5421 3779 5500; x_wconf 49' lang='lat' dir='ltr'><strong>coﬁiéns&#39;iiéfiiiiéﬁii</strong></span> 
     </span>
    </p>
   </div>
   <div class='ocr_carea' id='block_1_120' title="bbox 2232 5498 3781 5580">
    <p class='ocr_par' dir='ltr' id='par_1_120' title="bbox 2232 5498 3781 5580">
     <span class='ocr_line' id='line_1_121' title="bbox 2232 5498 3781 5580; baseline 0.02 -38"><span class='ocrx_word' id='word_1_856' title='bbox 2232 5498 2394 5580; x_wconf 54' lang='lat' dir='ltr'><strong>antur</strong></span> <span class='ocrx_word' id='word_1_857' title='bbox 2422 5509 2554 5580; x_wconf 84' lang='lat' dir='ltr'><strong>ergo</strong></span> <span class='ocrx_word' id='word_1_858' title='bbox 2579 5500 2749 5580; x_wconf 80' lang='lat' dir='ltr'><strong>fontes</strong></span> <span class='ocrx_word' id='word_1_859' title='bbox 2776 5498 2889 5580; x_wconf 59' lang='lat' dir='ltr'><strong>nive</strong></span> <span class='ocrx_word' id='word_1_860' title='bbox 2919 5521 3106 5580; x_wconf 52' lang='lat' dir='ltr'><strong>non‘_e</strong></span> <span class='ocrx_word' id='word_1_861' title='bbox 3147 5510 3362 5569; x_wconf 86' lang='lat' dir='ltr'><strong>nivibus</strong></span> <span class='ocrx_word' id='word_1_862' title='bbox 3405 5498 3613 5570; x_wconf 89' lang='lat' dir='ltr'><strong>collecti</strong></span> <span class='ocrx_word' id='word_1_863' title='bbox 3637 5556 3654 5580; x_wconf 87' lang='lat'><strong>,</strong></span> 
     </span>
    </p>
   </div>
   <div class='ocr_carea' id='block_1_121' title="bbox 2220 5562 3784 5654">
    <p class='ocr_par' dir='ltr' id='par_1_121' title="bbox 2220 5562 3784 5654">
     <span class='ocr_line' id='line_1_122' title="bbox 2220 5562 3784 5654; baseline 0.005 -21"><span class='ocrx_word' id='word_1_864' title='bbox 2440 5562 2710 5654; x_wconf 50' lang='grc' dir='ltr'>ξιὶιρριιε</span> <span class='ocrx_word' id='word_1_865' title='bbox 2731 5575 2851 5644; x_wconf 90' lang='lat' dir='ltr'><strong>puri</strong></span> <span class='ocrx_word' id='word_1_866' title='bbox 2879 5590 2944 5632; x_wconf 88' lang='lat' dir='ltr'><strong>ac</strong></span> <span class='ocrx_word' id='word_1_867' title='bbox 2971 5562 3125 5634; x_wconf 80' lang='lat' dir='ltr'><strong>nitidi</strong></span> <span class='ocrx_word' id='word_1_868' title='bbox 3142 5562 3680 5654; x_wconf 58' lang='grc' dir='ltr'><strong>ζιιιῖιὲὀιῖιῐὶζὶῖιὶε</strong></span> <span class='ocrx_word' id='word_1_869' title='bbox 3694 5562 3784 5641; x_wconf 52' lang='grc' dir='ltr'>ᾗ</span> 
     </span>
    </p>
   </div>
   <div class='ocr_carea' id='block_1_122' title="bbox 2192 5634 2654 5697">
    <p class='ocr_par' dir='ltr' id='par_1_122' title="bbox 2192 5634 2654 5697">
     <span class='ocr_line' id='line_1_123' title="bbox 2192 5634 2654 5697; baseline 0.022 -12"><span class='ocrx_word' id='word_1_870' title='bbox 2192 5634 2336 5687; x_wconf 90' lang='lat' dir='ltr'><strong>citur</strong></span> <span class='ocrx_word' id='word_1_871' title='bbox 2360 5634 2430 5691; x_wconf 91' lang='lat' dir='ltr'><strong>de</strong></span> <span class='ocrx_word' id='word_1_872' title='bbox 2454 5637 2654 5697; x_wconf 87' lang='lat' dir='ltr'><strong>ﬂuviis.</strong></span> 
     </span>
    </p>
   </div>
   <div class='ocr_carea' id='block_1_123' title="bbox 2266 5687 3681 5800">
    <p class='ocr_par' dir='ltr' id='par_1_123' title="bbox 2266 5687 3681 5800">
     <span class='ocr_line' id='line_1_124' title="bbox 2266 5687 3681 5800; baseline 0.018 -41"><span class='ocrx_word' id='word_1_873' title='bbox 2266 5699 2295 5741; x_wconf 73' lang='grc' dir='ltr'><strong><em>ἀ</em></strong></span> <span class='ocrx_word' id='word_1_874' title='bbox 2333 5687 2487 5763; x_wconf 53' lang='lat' dir='ltr'><strong>ﬁdit:</strong></span> <span class='ocrx_word' id='word_1_875' title='bbox 2498 5687 2730 5770; x_wconf 35' lang='lat' dir='ltr'><strong>“ac-mss.</strong></span> <span class='ocrx_word' id='word_1_876' title='bbox 2755 5715 2983 5788; x_wconf 90' lang='lat' dir='ltr'><strong>aliquot,</strong></span> <span class='ocrx_word' id='word_1_877' title='bbox 3008 5729 3057 5776; x_wconf 86' lang='lat' dir='ltr'><strong>et</strong></span> <span class='ocrx_word' id='word_1_878' title='bbox 3082 5687 3195 5793; x_wconf 56' lang='lat' dir='ltr'><strong>ipse</strong></span> <span class='ocrx_word' id='word_1_879' title='bbox 3222 5724 3390 5800; x_wconf 81' lang='lat' dir='ltr'><strong>rigat,</strong></span> <span class='ocrx_word' id='word_1_880' title='bbox 3419 5736 3477 5781; x_wconf 77' lang='lat' dir='ltr'><strong>ut</strong></span> <span class='ocrx_word' id='word_1_881' title='bbox 3504 5727 3681 5784; x_wconf 79' lang='lat' dir='ltr'><strong>nubes.</strong></span> 
     </span>
    </p>
   </div>
  </div>
