4014 6290
230 312 321 372 881

1410 317 1901 378 Εριδτοιιιιυιι
1941 320 2231 385 CLASSIS
2267 326 2306 382 l.

3405 345 3516 403 882

231 431 398 485 cibum
435 431 645 500 epulari
691 448 796 488 non
829 444 1028 504 qtteunl
1052 478 1066 503 ,
1109 450 1272 493 succo
1303 437 1461 494 iactis
1489 438 1686 510 ingenii
1717 441 1799 496 sui
1832 444 2126 504 Aviduam
2172 461 2432 521 spernat,
2485 447 2906 516 circumscribat
2950 461 3255 534 pupillum,
3296 463 3516 522 fraudet

231 533 474 581 exercent
503 525 803 582 infantiam.

298 619 347 672 7.
385 617 628 689 Alioquia
679 627 769 675 tua
819 621 978 692 plena
1029 623 1340 680 intellecms
1381 625 1510 680 sint.
1553 624 1709 681 Unde
1755 636 1810 682 et

229 712 474 769 Salomon
515 712 622 766 ait:
653 713 810 768 Arma
841 716 1128 771 intellectus
1157 717 1295 772 labia
1322 719 1570 788 sapientis
1611 717 1802 792 (Prov.

227 820 328 871 xtv,
359 805 431 875 5);
462 813 516 859 et
544 803 676 860 alibi
707 823 720 859 :
747 806 910 862 Labia
931 818 1018 862 tua
1041 818 1065 846 ιι
1089 810 1304 882 alligata
1327 813 1424 866 sint
1450 829 1600 867 sensu
1622 812 1803 884 (Prov.
1845 837 1858 850 ι

229 913 310 964 xv,
341 899 432 967 5),
467 897 516 951 id
545 907 648 962 est,
683 897 886 971 fulgeat
927 915 1242 958 sermonum
1286 916 1500 960 tuorum
1551 907 1807 963 manifes-

228 990 370 1058 tatin,
402 990 705 1047 intellectus
750 1005 1020 1063 coruscet,
1056 1005 1110 1050 et
1135 995 1431 1067 alloquium
1463 1010 1610 1054 tuum
1638 1008 1806 1071 atque

226 1091 473 1138 tractatus
494 1082 668 1138 aliena
710 1098 816 1140 non
849 1086 1086 1158 indigeat
1114 1089 1457 1146 assertione:
1491 1092 1587 1147 sed
1619 1109 1805 1149 sermo

227 1187 341 1231 tuus
371 1176 512 1232 velut
537 1179 707 1233 armis
737 1179 850 1234 suis
881 1196 1002 1237 sese
1054 1183 1170 1253 ipse
1219 1194 1437 1240 tueatur
1460 1229 1474 1253 ,
1509 1202 1607 1242 nec
1635 1188 1803 1243 nilum

225 1267 438 1324 verbum
463 1277 608 1324 tuum
635 1271 687 1326 in
711 1285 908 1327 vanum
931 1285 1113 1341 exeat,
1138 1285 1191 1332 et
1218 1277 1336 1334 sine
1358 1294 1520 1334 sensu
1550 1280 1801 1350 prodeat.

226 1363 316 1417 Est
345 1364 486 1418 enim
516 1364 823 1435 aiiigatura,
856 1383 978 1439 quae
1002 1371 1379 1444 constringere
1417 1371 1560 1428 solet
1590 1375 1803 1430 animo-

223 1470 334 1510 rum
377 1457 599 1512 vulnera
627 1475 640 1511 :
668 1473 830 1529 quam
873 1461 922 1516 si
949 1461 1072 1532 quis
1103 1463 1308 1533 reiicit,
1343 1465 1688 1537 desperatam
1719 1473 1802 1527 sui

226 1545 396 1617 prodit
443 1546 668 1603 salutem
717 1547 900 1621 (Esai.
932 1567 971 1620 ι,
1007 1550 1104 1625 6).
1152 1553 1219 1609 Et
1255 1555 1379 1611 ideo
1410 1559 1554 1614 circa
1587 1574 1684 1615 eos
1713 1562 1804 1633 qui

221 1641 361 1712 gravi
412 1641 591 1700 ulcere
636 1654 932 1713 vexantur,
987 1658 1143 1706 utere
1181 1650 1306 1707 oleo
1350 1657 1659 1724 sermonis,
1700 1673 1806 1728 quo

221 1733 394 1790 foveas
419 1738 616 1793 mentis
637 1738 894 1795 duritiam
926 1758 939 1794 :
969 1757 1184 1814 appone
1223 1746 1522 1817 malagma,
1567 1749 1805 1823 adjunge

1913 542 2225 611 proximum
2253 560 2438 604 suum.
2457 546 2548 604 Vat
2567 549 2712 606 enim
2739 552 2946 625 illi,qui
2967 567 3352 628 congregatam
3379 558 3514 616 dolo

1913 633 2077 691 habet
2117 638 2519 707 substantiam,
2555 653 2610 699 et
2649 644 2704 700 in
2736 649 3003 716 sanguine
3039 651 3278 707 aedificat
3307 653 3504 708 civita-

1914 735 2024 783 tem
2053 729 2228 798 (IIab.
2259 749 2319 797 ιι,
2355 733 2442 806 6),
2479 735 2528 790 id
2563 746 2670 803 est,
2703 739 2862 813 757
2893 742 3132 798 animam
3163 747 3353 799 suam!
3385 744 3514 801 Haac

1912 830 1996 875 est
2019 825 2187 886 enim.
2211 841 2332 895 qua:
2359 827 2664 886 mdificatur
2682 833 2826 887 sicut
2846 833 3042 891 civitas
3063 834 3234 907 (Psal.
3261 852 3409 904 cxxt,
3428 838 3510 904 5).

1912 913 2063 970 Hanc
2088 918 2363 974 civitatem
2391 938 2505 980 non
2547 924 2786 980 aedificat
2821 926 3074 995 avaritia,
3107 928 3202 984 sed
3232 928 3464 986 destruit
3495 949 3509 986 :

1912 1023 2020 1062 non
2060 1009 2292 1066 aediﬁcat
2323 1012 2515 1082 libido,
2547 1017 2642 1072 sed
2681 1019 2862 1075 exurit
2909 1029 3072 1090 atque
3110 1022 3372 1078 incendit.
3412 1023 3511 1080 Vis

1911 1099 2050 1155 bene
2080 1101 2353 1160 aedificare
2401 1105 2723 1164 civitatem?
2755 1111 2945 1167 Melius
2990 1123 3063 1169 est
3107 1117 3349 1187 exiguum
3394 1134 3510 1171 cum

1911 1190 2013 1246 Dei
2039 1195 2238 1260 timore,
2283 1214 2436 1268 quant
2473 1201 2702 1257 thesauri
2755 1207 2930 1278 magni
2960 1207 3072 1260 sine
3101 1208 3284 1263 timore
3313 1207 3508 1280 (Prov.

1912 1301 2001 1352 xv,
2037 1287 2152 1359 16).
2185 1289 2398 1345 Divitiae
2448 1293 2696 1350 hominis
2726 1296 2793 1352 ad
2845 1297 3276 1370 redemptionem
3315 1301 3512 1357 animm

1909 1376 2110 1437 debent
2141 1383 2426 1452 prolicere,
2458 1400 2566 1440 non
2613 1387 2681 1442 ad
2718 1388 3172 1446 destructionem.
3199 1392 3266 1448 Et
3298 1393 3515 1448 thesau-

1912 1487 2003 1528 rus
2031 1473 2334 1545 redemptio
2377 1488 2496 1545 est,
2528 1479 2572 1534 si
2609 1481 2731 1550 quis
2777 1497 2845 1538 eo
2886 1483 3028 1540 bene
3064 1493 3287 1540 utatur:
3321 1495 3377 1541 et
3408 1485 3511 1540 ite-

1911 1580 2028 1619 rum
2062 1566 2285 1637 laqueus
2307 1579 2410 1633 est,
2445 1570 2492 1626 si
2524 1572 2650 1640 quis
2680 1573 2756 1628 uti
2802 1577 3010 1631 nesciat
3036 1575 3237 1647 (Prov.
3268 1593 3386 1642 xm,
3417 1576 3508 1647 8).

1907 1658 2048 1726 Quid
2077 1659 2222 1715 enim
2268 1661 2473 1718 homini
2516 1666 2744 1736 pecunia
2773 1684 2895 1734 sua,
2933 1670 3036 1725 nisi
3083 1669 3356 1742 quoddam
3401 1671 3512 1725 via-

1911 1753 2076 1807 ticum
2108 1754 2232 1809 est?
2260 1755 2426 1812 Multa
2458 1758 2634 1824 oneri,
2661 1759 2938 1817 moderata
2971 1763 3112 1820 usui.
3145 1762 3392 1818 Viatores
3420 1778 3512 1817 su-

217 1826 544 1898 ailigaturam
595 1832 844 1890 salutaris
900 1837 1184 1908 przecepti;
1240 1849 1297 1894 ut
1346 1856 1516 1910 vagos
1570 1854 1623 1898 et
1665 1841 1805 1900 iluc-
1837 1840 1882 1900 B
1910 1861 2030 1902 mus
2056 1847 2180 1901 vita:
2212 1847 2372 1914 hujus
2409 1867 2423 1903 :
2460 1850 2615 1906 multi
2661 1852 2972 1920 ambulant,
3021 1854 3116 1910 sed
3147 1869 3286 1925 opus
3314 1862 3419 1920 est,
3451 1865 3511 1909 ut

217 1929 422 1978 tuantes
470 1925 613 1982 circa
664 1927 863 1994 fidem,
914 1932 996 1986 vel
1046 1932 1351 2004 disciplina:
1397 1937 1802 1995 observantiam

215 2029 546 2088 nequaquam
579 2020 762 2077 soluto
789 2024 973 2079 animo
1003 2035 1057 2082 et
1086 2028 1319 2083 remisso
1361 2030 1546 2101 vigore
1578 2033 1804 2104 patiaris

215 2114 414 2182 perire.

278 2207 330 2261 8.
359 2208 606 2267 Admone
638 2212 801 2284 igitur
826 2215 1038 2284 plebem
1071 2219 1317 2286 Domini,
1352 2231 1518 2292 atque
1547 2223 1800 2291 obsecra,

210 2307 262 2351 ut
289 2299 527 2357 abundet
552 2303 607 2357 in
630 2306 887 2376 operibus
915 2307 1094 2374 bonis,
1122 2313 1395 2368 renuntiet
1423 2314 1666 2386 ﬂagitiis,
1693 2333 1800 2374 non

206 2395 462 2450 accendat
492 2396 835 2456 ﬂammarum
870 2403 1138 2472 incendia,
1166 2422 1272 2462 non
1309 2408 1485 2476 dicam
1525 2411 1577 2466 in
1605 2413 1802 2468 sabba-

207 2492 277 2549 ιο,
304 2488 398 2542 sed
429 2489 482 2544 in
509 2493 661 2546 omni
687 2503 962 2566 tempore;
991 2513 1058 2554 ne
1076 2499 1359 2558 comburat
1384 2517 1583 2574 corpus
1603 2521 1795 2562 suum:

203 2576 487 2636 fornicatio
529 2594 588 2639 et
629 2585 972 2644 immunditia
1018 2607 1125 2646 non
1157 2593 1229 2648 sit
1276 2595 1328 2648 in
1375 2595 1468 2651 Dei
1515 2599 1793 2668 servulis;

201 2672 320 2765 quia
352 2673 701 2734 immaculato
742 2682 1015 2738 servimus
1044 2684 1140 2741 Dei
1187 2686 1325 2742 Filio
1364 2688 1590 2762 (Ep/tes.
1623 2708 1674 2757 v,
1706 2692 1796 2765 5).

200 2760 417 2821 Noverit
467 2771 840 2843 unusquisque
890 2789 984 2839 se,
1036 2785 1091 2832 et
1149 2793 1244 2833 vas
1301 2760 1579 2850 possideat
1643 2760 1797 2841 suum

201 2853 423 2924 (iTltes.
458 2876 536 2927 tv,
571 2860 677 2934 4),
704 2879 813 2935 quo
865 2866 1091 2923 subacto
1135 2870 1370 2941 quodam
1421 2874 1502 2928 sui
1549 2877 1798 2945 corporis

205 2948 343 3016 solo,
377 2950 594 3008 fructus
624 2966 903 3027 exspectet
932 2959 1167 3028 debitos,
1200 2978 1301 3018 nec
1317 2963 1513 3033 .spiuas
1540 2977 1595 3022 et
1626 2969 1799 3023 tribu-

200 3041 278 3096 los
305 3045 352 3098 ei
382 3055 530 3103 terra
561 3063 657 3104 sua
700 3052 967 3120 germinet
1001 3052 1164 3126 (Gen.
1209 3072 1288 3118 ιιι,
1324 3056 1446 3126 18),
1479 3056 1506 3095 ι’
1534 3059 1629 3114 sed
1653 3060 1800 3116 dicat

198 3146 251 3192 ct
279 3139 392 3209 ipse
419 3159 432 3195 :
459 3141 629 3198 Terra
653 3144 792 3200 dedit
823 3152 1022 3219 fructus
1052 3165 1174 3204 suos
1201 3148 1375 3222 (Psal.
1407 3168 1626 3220 Lxxxtv,
1660 3157 1794 3226 15);

199 3239 360 3300 atque
391 3233 442 3287 in
475 3233 584 3290 hac
608 3235 834 3293 dumosa
858 3239 1134 3310 quondam
1164 3242 1479 3312 passionum
1506 3245 1796 3318 fragilitate
1826 3229 1872 3292 (ἶ

198 3321 414 3379 insitiva
437 3328 708 3384 virtutttm
742 3329 1055 3388 efﬂoreant.

272 3416 326 3470 9.
364 3417 548 3478 Edoce
593 3424 758 3479 etiam
806 3436 968 3498 atque
1013 3429 1274 3497 institue,
1315 3441 1373 3486 ut
1404 3431 1604 3488 faciant
1656 3436 1800 3506 quod

198 3506 400 3567 bonum
449 3523 574 3579 est,
621 3526 677 3571 et
724 3520 1094 3591 unusquisque
1140 3536 1245 3576 non
1300 3523 1625 3580 intermittat
1665 3541 1802 3597 opus

196 3603 480 3669 probabile
504 3649 519 3673 ,
554 3608 674 3664 sive
703 3625 732 3664 a
764 3611 1012 3680 pluribus
1045 3613 1316 3682 videatur,
1350 3616 1468 3671 sive
1495 3619 1614 3673 sine
1655 3620 1799 3675 arbi-

197 3703 284 3750 tro
308 3696 409 3764 sit;
436 3699 684 3756 abundat
703 3703 847 3758 enim
871 3703 976 3759 sibi
999 3705 1244 3777 locuples
1270 3708 1423 3764 testis
1440 3711 1799 3766 conscientia.

266 3792 353 3848 10.
397 3792 602 3866 Fugiat
653 3798 819 3851 etiam
852 3809 872 3834 ε
904 3800 1044 3854 mala
1098 3802 1430 3871 opprobria;
1484 3805 1696 3861 etiamsi
1742 3821 1802 3862 se

191 3884 382 3938 credat
415 3901 531 3942 non
566 3903 728 3957 posse
754 3890 1028 3947 convinci.
1074 3891 1209 3948 Nam
1239 3896 1338 3949 etsi
1368 3895 1587 3952 clausus
1620 3899 1800 3968 parie-

193 3977 334 4034 tibus
363 3980 456 4045 sit,
501 3990 561 4037 et
587 3990 812 4052 Opertus
841 3985 1106 4053 tenebris,
1138 3989 1258 4043 sine
1290 3997 1462 4057 teste,
1510 3991 1633 4046 sine
1662 4007 1800 4047 con-

188 4071 334 4136 scio;
373 4072 545 4129 habet
574 4084 755 4130 tatnen
789 4077 913 4133 facti
947 4079 1235 4147 arbitrum,
1261 4098 1421 4152 quem
1457 4083 1592 4138 nihil
1628 4084 1796 4152 fallat,

188 4162 255 4216 ad
285 4179 452 4235 quoat
485 4165 628 4222 facta
660 4167 896 4224 clamant
926 4173 1129 4226 omnia.
1173 4174 1417 4245 Denique
1464 4177 1719 4233 clamavit
1748 4191 1802 4235 et

189 4272 291 4313 vox
320 4265 618 4332 sanguinis
650 4262 815 4335 (Gen.
852 4281 934 4332 tv,
973 4266 1094 4337 10).
1127 4267 1153 4305 ά
1183 4267 1252 4324 Se
1292 4270 1469 4340 ipsum
1511 4273 1801 4343 unusquiso

183 4369 292 4423 que
321 4365 380 4411 et
411 4358 662 4412 animum
688 4373 844 4414 suum
875 4375 1131 4415 severum
1161 4362 1402 4433 judicem
1427 4365 1534 4424 sui.
1569 4365 1802 4422 ultorem

185 4449 441 4519 sceleris,
467 4461 529 4506 et
557 4451 830 4507 vindicem
857 4454 1106 4509 criminis
1128 4455 1311 4512 habet.
1340 4458 1583 4529 Denique
1607 4457 1806 4516 timens

184 4553 239 4596 et
273 4551 536 4598 tremens
569 4545 862 4600 obcrrabat
890 4544 1022 4602 Cain
1051 4545 1256 4620 (Ibid.,
1283 4549 1410 4621 14),
1442 4551 1802 4621 parricidialis

185 4634 462 4693 facinoris
520 4639 680 4694 luens
734 4654 957 4710 pinnas;
1016 4652 1070 4696 ut
1118 4643 1166 4698 ei
1214 4645 1457 4700 remedio
1505 4661 1604 4700 sua
1656 4623 1884 4702 morsD

181 4727 385 4796 fuerit,
421 4748 554 4804 qua:
598 4748 790 4802 vagum
837 4735 1086 4790 exsulem
1138 4735 1434 4792 formidato
1484 4753 1580 4808 per
1620 4740 1802 4794 omnia

183 4833 475 4880 momenta
510 4835 723 4882 terrore
767 4827 991 4894 mortis,
1041 4843 1139 4898 per
1169 4836 1405 4884 mortem
1435 4831 1604 4885 exuit.
1633 4830 1805 4888 Nemo

180 4917 352 4986 igitur
385 4920 477 4973 vel
531 4920 711 4987 solus,
747 4921 828 4976 vel
861 4935 984 4976 cum
1034 4921 1214 4976 altero
1264 4921 1476 4992 aliquid
1510 4933 1667 4994 turpe
1715 4937 1806 4981 aut

181 5011 511 5083 improbum
546 5011 700 5068 faxit.
738 5015 802 5069 Et
840 5015 885 5070 si
917 5015 1042 5086 quis
1085 5015 1238 5071 solus
1268 5025 1382 5083 est,
1417 5018 1660 5086 seipsurn
1694 5035 1806 5088 pra:

179 5107 408 5162 czeteris
443 5104 766 5173 erubescat,
801 5124 962 5179 quem
995 5109 1231 5165 maxime
1257 5109 1424 5166 debet
1453 5109 1652 5166 vereri.

256 5200 350 5254 11.
398 5198 524 5255 Nec
563 5202 922 5271 concupiscat
966 5201 1223 5272 plurima,
1272 5203 1398 5274 quia
1444 5212 1499 5258 et
1547 5217 1718 5274 pauca
1761 5203 1810 5258 ei

179 5295 431 5364 plurima
466 5304 632 5359 sunt;
668 5304 963 5365 paupertas
990 5295 1136 5352 enim
1167 5306 1222 5352 et
1247 5311 1379 5368 opes
1409 5296 1608 5367 inepia:
1639 5305 1693 5352 et
1729 5310 1816 5352 sa-

179 5385 401 5443 tietatis
446 5387 721 5441 vocabula
769 5395 916 5442 sunt.
960 5386 1070 5442 Nec
1112 5387 1268 5443 dives
1305 5399 1419 5453 est,
1465 5390 1557 5459 qui
1608 5387 1819 5458 indiget

177 5483 378 5554 aliquo
408 5500 422 5536 :
461 5495 572 5536 nec
601 5495 830 5552 pauper,
862 5482 953 5552 qui
983 5496 1090 5536 non
1127 5483 1354 5554 indiget.
1386 5482 1495 5538 Nec
1524 5483 1813 5553 quisquam

259 5645 472 5702 n-Mss.
510 5645 780 5716 nonnulli,
812 5645 1028 5716 alligata
1053 5645 1156 5700 sint
1183 5647 1374 5701 sensui.

260 5717 290 5755 ι’
322 5717 469 5773 Mss.
504 5715 776 5787 plerique,
807 5716 896 5769 sed
916 5715 1065 5770 dicat
1091 5732 1109 5769 :
1141 5716 1208 5770 Et
1236 5718 1352 5782 ipsa
1381 5726 1542 5784 terra,
1566 5725 1672 5773 etc.

335 5786 613 5858 Nonnulli
646 5802 802 5850 tnss.,
834 5787 976 5840 mala
1000 5797 1048 5840 et
1075 5787 1372 5858 approbria.

267 5856 295 5895 ά
334 5848 532 5925 Εἰίὶιι,
569 5857 683 5912 Sibi
711 5848 880 5925 ips-unt
903 5848 1268 5927 unusquisque.

1909 1939 2031 2009 quis
2067 1939 2205 1994 bene
2244 1952 2516 2009 transeat;
2546 1959 2668 2000 cum
2703 1945 2800 2001 illo
2825 1947 2970 2001 enim
3001 1957 3085 2002 cst
3117 1949 3382 2004 Dominus
3413 1949 3508 2004 Je-

1909 2046 2020 2098 sus,
2055 2035 2146 2103 qui
2177 2034 2315 2090 bene
2347 2037 2560 2092 transit.
2587 2036 2824 2110 ideoque
2853 2040 2986 2110 legis
3011 2059 3026 2096 :
3056 2040 3118 2096 Si
3147 2051 3380 2096 transeas
3417 2057 3508 2110 per

1909 2143 2117 2195 aquam,
2159 2137 2323 2183 tecum
2366 2147 2518 2196 sum;
2557 2131 2776 2201 ﬂumina
2821 2143 2867 2186 te
2904 2149 3005 2186 non
3043 2134 3384 2199 concludent,
3418 2150 3509 2188 nec

1907 2218 2040 2292 ignis
2068 2229 2245 2274 exuret
2266 2222 2564 2277 vestimenta
2589 2233 2696 2288 tua,
2729 2225 2775 2280 si
2796 2235 3031 2294 transeas
3051 2226 3227 2296 (Esai.
3253 2243 3403 2292 xutt,
3424 2225 3507 2299 2).

1903 2313 2005 2382 Qui
2036 2323 2218 2370 autem
2251 2316 2426 2386 ignem
2456 2317 2640 2386 alligat
2671 2319 2724 2372 in
2755 2333 2988 2388 corpore
3017 2335 3139 2385 suo,
3175 2321 3354 2392 ignem
3385 2321 3508 2375 libi-

1905 2405 2068 2473 dinis,
2098 2406 2276 2476 ignem
2308 2407 2612 2464 immodicae
2633 2410 2974 2480 cupiditatis,
3005 2427 3112 2467 non
3142 2412 3360 2478 transit,
3409 2413 3506 2467 sed

1903 2498 2085 2553 exurit
2117 2499 2459 2555 involucrum
2487 2501 2629 2558 istud
2675 2504 2873 2558 animae
2903 2519 3014 2560 sua:
3047 2503 3242 2575 (Prov.
3272 2521 3348 2570 γι,
3376 2504 3502 2577 27).

1905 2591 2233 2648 Przeclarior
2253 2602 2338 2649 est
2360 2594 2500 2649 bona
2520 2595 2850 2652 existimatio
2863 2613 3026 2669 quam
3055 2599 3285 2670 pecunia
3303 2641 3318 2667 ,
3343 2609 3398 2655 et
3413 2615 3506 2654 su-

1905 2700 1999 2754 per
2025 2701 2216 2744 omnes
2238 2689 2450 2759 argenti
2490 2705 2718 2748 acervos
2763 2692 2904 2747 bona
2947 2702 3032 2748 est
3071 2695 3266 2764 gratia.
3315 2693 3502 2766 (Prov.

1904 2796 2040 2849 χιιι,
2071 2782 2147 2853 1).
2196 2781 2360 2838 Fides
2411 2784 2524 2855 ipsa
2575 2786 2815 2842 abundat
2859 2787 2996 2855 sibi,
3041 2789 3176 2844 satis
3223 2804 3502 2860 superque

1903 2888 2072 2930 censu
2105 2890 2205 2931 suo
2239 2876 2414 2932 dives.
2443 2877 2691 2950 Sapienti
2720 2895 2938 2952 quoque
2965 2881 3100 2936 nihil
3119 2882 3378 2949 alienum,
3399 2883 3502 2937 nisi

1905 2967 2049 3036 quod
2079 2968 2265 3023 virtuti
2295 2969 2655 3040 incongruum
2694 2991 2707 3026 :
2748 2988 3094 3044 quocumque
3127 2984 3150 3011 ο
3183 2976 3508 3039 accesserit,

1904 3062 2142 3118 inveniet
2175 3079 2274 3119 sua
2321 3066 2527 3120 omnia.
2570 3065 2743 3122 Totus
2780 3067 3012 3124 mundus
3057 3068 3337 3140 possessio
3381 3067 3502 3138 ejus

1901 3164 2016 3220 est;
2047 3156 2303 3225 quoniam
2339 3166 2452 3213 toto
2481 3173 2548 3214 co
2577 3160 2730 3230 quasi
2755 3175 2855 3216 suo
2886 3161 3079 3216 utitur.

1981 3247 2068 3302 12.
2111 3247 2250 3316 Quid
2282 3248 2446 3320 igitur
2473 3251 2943 3308 circumscribitur
2965 3252 3168 3308 frater?
3193 3254 3333 3323 Quid
3360 3255 3507 3311 frau-

1905 3342 2064 3398 datur
2092 3345 2505 3401 mercenarius?
2551 3345 2668 3402 Non
2701 3363 2892 3417 magna
2918 3387 2934 3413 ,
2983 3348 3158 3420 inquit
3199 3349 3383 3423 (Prov.
3418 3365 3504 3418 vx,

1905 3432 2042 3506 26),
2087 3434 2236 3491 lucra
2262 3435 2331 3491 de
2369 3437 2627 3494 mercede
2655 3441 2978 3508 meretricis,
3014 3441 3067 3497 id
3106 3451 3226 3509 est,
3274 3443 3501 3500 lubricae

1907 3526 2066 3584 istius
2107 3526 2438 3599 fragilitatis.
2483 3530 2737 3586 Meretrix
2779 3533 2880 3587 ista
2910 3549 3020 3589 non
3066 3533 3354 3604 specialis,
3407 3534 3505 3590 sed

1907 3621 2120 3692 publica
2151 3631 2236 3677 est
2264 3641 2277 3676 :
2312 3639 2418 3678 non
2462 3639 2568 3679 una
2602 3626 2818 3693 mulier,
2848 3628 2941 3683 sed
2969 3643 3103 3700 vaga
3132 3630 3310 3686 omnis
3349 3631 3503 3699 cupi-

1907 3713 2047 3769 ditas
2091 3715 2346 3770 meretrix
2392 3727 2496 3771 est.
2539 3715 2730 3774 Omnis
2763 3718 3018 3790 perﬁdia,
3069 3721 3246 3777 omnis
3286 3721 3505 3778 fallacia

1907 3810 2190 3875 meretrix,
2220 3825 2326 3864 non
2355 3809 2448 3866 illa
2475 3811 2616 3879 sola,
2641 3827 2762 3882 qua:
2789 3828 2987 3884 corpus
3015 3814 3288 3882 prostituit
3310 3830 3500 3879 suum;

1907 3899 2002 3956 sed
2030 3903 2210 3956 omnis
2250 3902 2426 3957 anima
2460 3919 2579 3974 qua:
2618 3918 2770 3974 spem
2802 3919 2954 3960 suam
2987 3905 3210 3974 vendit,
3244 3923 3366 3976 qua:
3406 3907 3504 3962 de-

1907 3991 2110 4048 formes
2139 4002 2383 4062 quzcstus
2408 4004 2462 4051 et
2491 3996 2819 4066 degenerem
2845 3998 3040 4068 stipem
3066 4000 3283 4068 quaerit.
3315 3999 3382 4054 Et
3409 4013 3513 4054 nos

1908 4087 2230 4142 mercenarii
2277 4103 2496 4156 sumus,
2526 4090 2616 4160 qui
2643 4090 2712 4145 ad
2742 4093 3053 4147 mercedem
3083 4090 3418 4158 laboramus,
3449 4101 3508 4147 et

1908 4175 2071 4246 hujus
2117 4177 2301 4249 operis
2350 4180 2520 4234 nostri
2550 4182 2858 4237 mercedem
2906 4197 3192 4252 speramus
3219 4197 3247 4235 a
3275 4181 3507 4238 Domino

1909 4280 2096 4326 nostro
2122 4280 2178 4326 et
2209 4271 2341 4328 Deo.
2375 4273 2433 4329 Si
2464 4273 2586 4345 quis
2613 4290 2942 4346 cognoscere
2970 4276 3084 4331 vult
3107 4292 3270 4348 quam
3299 4276 3514 4332 merce-'

1909 4363 2046 4418 narii
2077 4379 2289 4431 sumus,
2319 4363 2504 4420 audiat
2531 4365 2800 4422 dicentem
2829 4385 2842 4420 :
2873 4367 3093 4433 Quantis
3130 4367 3348 4439 panibus
3372 4384 3506 4422 mer-

1909 4456 2102 4511 cenarii
2129 4458 2295 4524 patris
2315 4459 2416 4512 mei
2441 4458 2745 4513 abundant?
2772 4476 2864 4531 ego
2889 4470 3064 4516 autent
3085 4460 3170 4516 hic
3191 4466 3330 4534 fame
3351 4477 3504 4534 pereo

1912 4546 2066 4618 (Luc.
2101 4564 2192 4617 xv,
2231 4550 2349 4620 17);
2385 4558 2440 4606 et
2469 4550 2605 4604 infra
2637 4569 2650 4606 :
2686 4549 2793 4606 Fac
2820 4569 2923 4618 me,
2956 4553 3152 4623 inquit,
3184 4553 3318 4608 sicut
3347 4570 3507 4608 unum

1911 4643 2342 4699 merccnariorum
2389 4654 2593 4698 tuorum
2623 4643 2827 4716 (lbid.,
2879 4645 2999 4716 19).
3047 4646 3252 4703 Omnes
3299 4661 3527 4702 tnerce-.

1912 4735 2068 4800 uarii,
2095 4750 2286 4791 omnes
2313 4738 2547 4806 operarii
2575 4756 2589 4792 :
2620 4737 2711 4808 qui
2743 4747 2923 4793 tamen
2957 4737 3196 4795 fructum
3227 4750 3510 4810 exspectat

1912 4825 2136 4893 laboris,
2161 4827 2471 4883 consideret
2500 4828 2644 4898 quod
2679 4829 2722 4882 is
2748 4828 2838 4899 qui
2871 4829 3038 4884 alium
3084 4830 3338 4886 mercede
3366 4831 3510 4884 frau-

1912 4920 2123 4975 daverit
2152 4919 2355 4987 debita,
2387 4929 2442 4976 et
2476 4919 2598 4991 ipse
2640 4920 2978 4978 fraudabitur
3015 4937 3136 4978 sua.
3183 4921 3510 4978 Feneratum

1915 5014 2056 5068 istud
2085 5013 2330 5080 offendit,
2361 5023 2416 5069 et
2446 5022 2632 5084 postea
2665 5013 3024 5070 cumulatiore
3055 5027 3306 5070 mensura
3334 5010 3518 5066 exsol-

1914 5117 2020 5162 vet.
2080 5106 2224 5178 Ergo
2266 5106 2356 5176 qui
2401 5121 2507 5160 non
2558 5105 2673 5160 vult
2703 5107 2955 5162 amittere
3013 5105 3157 5176 quod
3197 5111 3285 5160 est
3322 5116 3517 5174 perpe-

1915 5209 2089 5266 tuum,
2122 5215 2231 5256 non
2253 5199 2449 5270 eripiat
2476 5197 2594 5264 alii,
2619 5197 2764 5270 quod
2796 5197 3095 5268 temporale
3115 5205 3220 5254 est.

1989 5293 2078 5349 15.
2121 5292 2290 5348 Nemo
2331 5293 2492 5346 etiam
2537 5291 2591 5346 in
2629 5291 2757 5346 dolo
2789 5292 3044 5361 loquatur
3092 5290 3159 5343 ad
3209 5287 3512 5358 proximum

1917 5402 2097 5442 suum.
2130 5386 2384 5458 Laqueus
2409 5393 2494 5440 est
2538 5385 2592 5440 in
2637 5383 2794 5440 labiis
2821 5383 3052 5446 nostris,
3080 5389 3137 5436 et
3175 5395 3322 5450 sepe
3351 5395 3518 5434 unus-

1915 5482 2147 5552 quisque
2173 5478 2521 5536 sermonibus
2551 5477 2665 5533 suis
2710 5492 2818 5533 non
2847 5473 3152 5544 explicatur
3170 5515 3186 5543 ,
3214 5476 3307 5529 sed
3336 5473 3518 5529 invol-

1993 5653 2015 5681 ο
2059 5643 2186 5698 Mss.
2221 5656 2330 5698 non
2361 5641 2516 5711 pauci
2547 5649 2602 5694 et
2627 5653 2750 5711 cum
2776 5639 2863 5693 bis
2890 5652 3082 5711 omnes
3113 5639 3270 5701 edit.,
3293 5654 3523 5711 accesse-

1923 5715 2014 5780 rit,
2038 5731 2136 5768 sna
2167 5708 2507 5784 omnim-Sed
2537 5708 2761 5784 verbum
2801 5709 3024 5764 inveniet
3067 5709 3122 5765 in
3163 5709 3410 5784 pluribus
3455 5724 3520 5766 ae

1929 5779 2234 5854 potioribus
2265 5797 2393 5838 mss.
2430 5779 2675 5834 invenire
2703 5789 2805 5836 est.
