4014 6290
203 289 301 349 885

1399 284 1887 369 spts'munppt
1925 285 2209 364 (tussis
2250 288 2290 346 ι.

3377 298 3484 373 88β

202 404 281 457 vel
328 398 527 481 amoris
564 400 648 455 sui
701 401 970 483 lacrymas
1002 399 1255 477 funderet
1300 398 1366 473 ad
1416 397 1774 475 extorquendi
1807 404 1857 460 Α
1953 396 2048 453 21.
2090 396 2432 481 ᾼειὶριιιξιιυιι
2455 399 2619 477 etiam
2652 403 3053 487 momepggtaq
3075 419 3201 487 9,”
3220 409 3368 485 γίερε
3398 428 3488 491 φτ

203 496 588 569 necessitatem,
615 510 716 551 nec
749 493 1125 551 misericordia
1154 492 1323 557 flexus
1351 490 1417 546 ad
1440 491 1625 562 ﬂagitii
1649 506 1780 547 con-

202 603 425 652 sensum,
458 602 559 643 nec
583 596 809 669 coactus
849 597 1016 652 metu,
1045 595 1099 642 et
1130 584 1379 667 precibus
1409 570 1632 651 restitit,
1680 599 1780 640 nec

200 681 349 738 minis
367 668 548 763 cessit,
577 668 902 760 ιπαιροιιθηε
930 679 1166 753 przcmiis
1189 677 1552 750 periculosam
1584 677 1780 751 hones-

199 784 372 839 tatem.
397 788 555 845 quam
592 781 808 845 turpem
850 775 1349 829 remunerationem
1389 780 1542 826 easto
1563 769 1777 842 pudori.

198 869 386 925 lterum
419 881 633 938 quoque
661 864 815 939 (Gen.
852 882 1038 932 xxxix,
1073 865 1129 921 11
1164 874 1210 920 et
1225 863 1358 935 seq.)
1382 862 1579 918 mulier
1611 864 1781 935 majo-

199 963 339 1019 ribus
385 962 579 1015 adorsa
608 960 990 1041 tentamentis,
1031 974 1152 1015 cum
1188 957 1545 1014 inﬂexibilem
1588 956 1781 1012 adver-

199 1064 365 1124 teret,
409 1053 569 1109 etiatn
614 1062 638 1089 δ
688 1053 932 1109 secunda
970 1054 1089 1109 vice
1119 1051 1452 1108 immobilem
1475 1093 1491 1118 ,
1526 1052 1779 1123 passione

198 1150 353 1204 effera
412 1156 465 1223 et
517 1145 859 1221 impudentia
915 1146 1063 1223 vires
1110 1146 1485 1212 ministrante,
1520 1142 1778 1221 juvenem

195 1220 524 1313 aggreditur,
577 1250 729 1295 veste
781 1220 1122 1310 apprehensa
1169 1237 1235 1292 ad
1284 1236 1465 1317 cubile
1522 1220 1776 1303 trahens,

194 1336 517 1405 complexum
550 1334 789 1390 olferens
819 1349 833 1386 :
866 1340 920 1389 et
940 1346 1079 1404 pene
1104 1340 1349 1407 ceperat,
1383 1330 1491 1385 nisi
1533 1329 1780 1386 exuisset

191 1431 380 1503 .loseph
409 1440 647 1495 vestem,
679 1444 783 1501 qua
814 1427 1134 1493 tenebatur;
1161 1442 1230 1483 ne
1259 1434 1487 1481 exueret
1516 1425 1774 1480 amictum

193 1523 526 1591 humilitatis,
552 1521 930 1577 indumentum
960 1519 1203 1591 pudoris.

253 1618 341 1673 29.
384 1616 555 1673 Scivit
582 1616 745 1687 igitur
777 1613 1074 1681 humiliari,
1105 1614 1197 1685 qui
1223 1611 1539 1685 humiliatus
1568 1618 1655 1667 est
1686 1625 1776 1666 us-

190 1726 289 1781 que
336 1709 400 1763 ad
456 1722 775 1775 carcerem;
820 1716 875 1763 et
920 1722 1042 1761 cum
1082 1706 1380 1761 sustineret
1414 1704 1771 1771 calumniam,

1885 503 2005 543 rum
2028 488 2191 553 etiam
2227 492 2399 545 sancti
2440 491 2605 565 David
2644 491 2958 569 frequenter
2998 500 3238 581 variatus
3283 488 3479 581 status,

1882 583 1973 652 qui
1997 581 2283 657 despectus
2313 585 2476 655 patri,
2513 587 2781 661 pretiosus
2822 589 2969 657 Deo;
3005 578 3297 673 triumpho
3323 578 3483 673 nubi1

1883 677 1968 743 lis,
2002 676 2204 731 invidia
2234 675 2357 733 vilis
2402 678 2446 749 (Ι
2476 679 2606 751 Reg.
2634 696 2744 748 xvt,
2779 683 2841 737 11
2880 694 2927 739 et
2957 668 3130 757 seq.),
3157 668 3374 769 iacentis
3412 692 3481 767 ad

1886 770 2250 826 ministerium
2294 773 2500 855 regium
2525 814 2540 839 ,
2574 774 2783 831 electus
2830 776 2896 833 ad
2929 764 3249 847 affinitatem
3279 764 3481 861 (l'fieg.

1887 878 2019 918 xvttt
2046 905 2060 929 ,
2089 868 2126 917 2
2151 876 2200 919 et
2214 864 2346 937 seq.)
2374 907 2389 932 ,
2420 872 2697 936 postremo
2740 865 2936 951 facient
2982 880 3035 926 et
3077 886 3170 929 ora
3200 881 3438 953 mutatqs
3463 917 3478 941 ,

1884 955 2040 1049 exsul
2074 956 2262 1027 regni,
2293 957 2532 1029 fugitans
2555 957 3012 1029 parricidii,nunc
3042 979 3137 1019 sua
3157 964 3482 1049 oll'epdlcula

1884 1048 2237 1121 deplorabat,
2269 1061 2325 1107 et
2355 1067 2547 1107 rursus
2582 1054 2763 1110 aliena
2795 1058 3149 1127 removebat,
3194 1048 3483 1123 conciliato

1885 1142 2103 1198 hterede
2133 1144 2389 1211 nobilior,
2437 1161 2601 1217 quant
2641 1146 2961 1206 decolorato
2984 1151 3050 1224 (ll
3082 1154 3212 1227 Reg.
3249 1171 3343 1219 xu,
3375 1157 3401 1212 1
3432 1168 3481 1214 et

1885 1236 2018 1308 seq.)
2051 1236 2322 1309 Expertus
2350 1239 2510 1311 igitur
2560 1243 2766 1317 omnia,
2799 1245 3024 1314 pulchre
3074 1236 3480 1305 dixitiBonum

1884 1328 2011 1382 mihi
2032 1335 2171 1395 quod
2194 1329 2496 1387 humiliatus
2520 1350 2636 1387 sum
2665 1333 2841 1406 (Psal.
2874 1351 3069 1406 cxvut,
3100 1338 3216 1411 71).

1952 1420 2047 1478 25.
2089 1422 2429 1495 Quamquam
2479 1426 2583 1485 huc
2615 1436 2669 1484 et
2688 1428 2756 1483 ad
2785 1446 2907 1485 eum
2940 1434 3112 1504 possit
3138 1434 3351 1511 referri,
3384 1437 3475 1511 qui

1882 1529 2003 1569 cum
2036 1528 2181 1570 esset
2205 1515 2257 1571 in
2292 1516 2386 1573 Dei
2415 1517 2589 1575 forma
2618 1563 2632 1586 ,
2661 1520 2837 1578 facilis
2858 1524 3121 1582 inclinare
3152 1528 3355 1594 celos;
3378 1528 3478 1585 de-

1882 1610 2095 1664 scendit
2116 1618 2319 1676 tamen,
2345 1622 2399 1667 et
2416 1614 2642 1670 formant
2666 1618 2809 1672 servi
2836 1619 3113 1693 accipiens
3126 1630 3339 1677 nostras
3350 1638 3478 1695 por-

1884 1701 2021 1756 tavit
2065 1702 2413 1760 infirmitates
2443 1705 2616 1778 (Phil.
2650 1723 2705 1774 ιι,
2738 1708 2794 1780 6)
2822 1728 2833 1762 :
2864 1710 2956 1781 qui
2983 1713 3286 1795 praevidens
3320 1729 3478 1785 sanc-

189 1804 367 1859 maluit
402 1801 610 1857 crimen
638 1800 835 1856 falsum
867 1799 1075 1868 subire,
1106 1815 1267 1870 quam
1316 1813 1503 1853 verum
1537 1796 1767 1853 referre.
1804 1804 1851 1875 Β
1877 1801 1963 1850 tos
1987 1810 2137 1863 suos,
2178 1812 2283 1853 non
2314 1799 2470 1869 quasi
2501 1801 2748 1870 rapinam
2771 1803 2873 1859 sibi
2907 1807 3185 1877 proprium
3214 1796 3476 1879 honorem

187 1897 364 1964 Scivit,
412 1895 668 1966 inquam,
726 1891 1027 1959 humiliari,
1066 1893 1191 1963 quia
1236 1889 1626 1945 bttmiliahatur
1677 1904 1775 1961 pro

186 1994 392 2046 virtute.
420 1987 823 2045 Httmiliabatttr
854 1986 905 2041 in
931 1995 1061 2059 typo
1087 1985 1224 2056 ejus,
1252 1985 1340 2055 qui
1373 1998 1432 2039 se
1461 1993 1577 2038 erat
1605 1982 1774 2037 humi-

187 2086 401 2139 liatttrtts
422 2097 596 2155 usque
612 2080 678 2135 ad
707 2087 972 2147 mortem,
992 2085 1225 2132 mortem
1248 2086 1424 2131 autem
1442 2076 1620 2131 crucis
1645 2095 1658 2129 :
1682 2074 1770 2144 qui

186 2186 437 2233 venturus
462 2185 604 2240 erat,
640 2185 697 2228 ut
719 2173 886 2227 vitam
906 2170 1043 2226 hanc
1068 2156 1352 2226 desomno
1384 2168 1768 2232 resuscitaret;

184 2280 231 2325 et
254 2269 520 2325 somnium
563 2267 727 2351 760
750 2280 872 2321 esse
908 2262 1052 2318 hunc
1082 2262 1297 2318 vivendi
1328 2277 1483 2316 usum
1520 2260 1765 2325 duceret,

185 2366 232 2418 in
286 2377 388 2434 quo
453 2361 688 2415 diversae
745 2358 1230 2415 commutationum
1297 2353 1443 2408 vices
1495 2361 1767 2421 tamquam

181 2455 356 2522 ehrize,
387 2464 439 2508 et
464 2453 602 2527 nihil
628 2453 887 2519 solidum,
919 2451 1052 2506 nihil
1079 2448 1316 2512 firmum,
1346 2456 1618 2529 tamquam
1644 2446 1771 2499 dor-

180 2549 386 2603 mientis
403 2532 681 2603 sontniunt
720 2547 972 2601 videntes
997 2559 1099 2599 non
1124 2541 1393 2608 videmus,
1416 2549 1470 2595 et
1487 2540 1770 2594 audientes

183 2654 281 2693 non
308 2637 584 2703 audimus,
607 2647 661 2692 et
706 2634 1096 2691 manducantes
1125 2651 1233 2688 non
1270 2633 1553 2698 satiantur,
1579 2640 1767 2702 gratu-

183 2735 344 2788 lantes
374 2750 480 2788 non
527 2734 886 2804 gratulamur,
919 2739 1203 2784 currentes
1245 2743 1352 2783 non
1395 2727 1763 2813 pervenimus.

183 2827 340 2883 Vana:
371 2843 495 2899 spes
524 2826 809 2881 hominum
842 2827 892 2880 in
920 2825 1023 2880 hoc
1048 2825 1272 2887 saeculo,
1300 2812 1483 2892 qui'ea
1514 2837 1632 2893 qua:
1660 2837 1764 2877 non

178 2932 315 2985 sunt,
352 2931 628 2992 tamquam
650 2908 921 2992 qute'sint,
954 2917 1240 2990 sequenda
1269 2915 1625 2985 at_hitrentur.
1660 2914 1768 2968 Ita-

179 3030 274 3085 que
319 3016 504 3069 inanes
545 3023 602 3068 et
656 3004 836 3068 vacua:
878 3026 1057 3066 rerum
1116 3010 1329 3081 species
1378 3016 1649 3078 tamquam
1710 3007 1763 3061 in

178 3106 380 3161 Somnio
406 3114 701 3170 venerunt,
741 3104 1028 3159 abierunt:
1054 3102 1369 3166 astiterunt,
1402 3110 1760 3156 evanuerunt.

1878 1904 2186 1956 assumere;
2229 1890 2325 1947 sed
2358 1892 2629 1964 subjicere
2657 1909 2717 1951 se
2752 1896 3073 1967 aequalibus,
3110 1910 3166 1956 et
3211 1899 3348 1971 alios
3372 1888 3476 1957 sibi

1878 1983 2189 2050 anteferre,
2244 1985 2381 2040 dixit
2412 2003 2423 2039 :
2456 1984 2663 2041 Bonum
2712 1989 2838 2041 mihi
2888 1991 2964 2045 esl
3001 1991 3143 2067 quod
3178 1976 3482 2069 humiliatus

1874 2092 2013 2131 sum.
2045 2075 2253 2130 Bonum
2284 2077 2416 2131 mihi
2441 2088 2524 2133 est
2553 2079 2697 2163 quod
2731 2096 2817 2135 tne
2843 2080 3083 2163 subieci;
3126 2062 3476 2155 ‘ut'rsubjecta

1878 2170 2007 2223 mihi
2050 2170 2159 2224 sint
2202 2171 2408 2237 omnia,
2436 2181 2491 2227 et
2519 2158 2591 2227 sit
2623 2174 2763 2228 Deus
2802 2158 2986 2229 omnia
3026 2186 3083 2232 et
3121 2176 3175 2263 ip
3222 2178 3478 2255 qmpihus

1876 2261 1917 2335 (Ι
1945 2261 2068 2318 Cor.
2097 2280 2189 2330 xv,
2222 2265 2313 2329 27,
2354 2264 2471 2337 28).
2508 2266 2657 2349 lianc
2690 2267 2913 2324 infunde
2951 2261 3315 2349 humilitatem
3364 2271 3476 2349 sitt-

1872 2360 2120 2427 gulorum
2172 2359 2392 2424 animis,
2446 2348 2515 2413 et'
2554 2373 2605 2416 te
2635 2361 2811 2441 ipsum
2846 2360 3078 2441 formam
3122 2344 3305 2433 praebe
3355 2344 3475 2418 om-

1873 2451 2073 2518 nibus,
2123 2449 2357 2506 dicens:
2390 2430 2690 2507 lntitatores
2736 2430 2834 2508 ιιίεί
2879 2430 3068 2522 estote,
3100 2430 3230 2510 sicut
3277 2466 3326 2511 et
3379 2472 3473 2526 ego

1873 2540 2065 2598 Christi
2100 2542 2143 2614 (1
2171 2542 2292 2623 Cor.
2325 2560 2401 2610 xl,
2436 2543 2512 2617 1).
3148 2526 3155 2539 ί

1941 2638 2035 2692 26.
2079 2638 2299 2693 Discant
2332 2639 2601 2694 bonorum
2630 2654 2859 2715 operum
2892 2640 3107 2715 divitias
3130 2656 3395 2723 quazrere,
3420 2652 3477 2715 et

1871 2745 2082 2784 morum
2113 2745 2238 2784 esse
2260 2730 2580 2801 locupletes.
2615 2731 2977 2809 Pulchritudo
3006 2716 3325 2811 divitiarum
3360 2749 3466 2809 non

1871 2822 1921 2875 itt
1954 2822 2189 2878 sacculis
2219 2823 2473 2891 divitum,
2506 2824 2603 2880 sed
2634 2826 2687 2879 in
2711 2826 2992 2882 alimentis
3025 2816 3320 2917 pauperum
3363 2838 3469 2901 est.

1869 2915 1927 2970 In
1955 2914 2064 2971 illis
2086 2915 2319 2972 infirmis
2343 2927 2396 2972 et
2422 2918 2614 2988 egenis
2642 2921 2836 2974 melius
2863 2936 2995 3003 opes
3019 2906 3223 2999 lucent.
3246 2922 3469 3011 Discutit

1868 3010 2051 3079 itaque
2081 3011 2367 3081 pecuniosi
2400 3028 2505 3066 non
2533 3028 2629 3067 sua
2651 3054 2665 3078 ,
2706 3013 2803 3071 sed
2834 3030 2895 3069 ea
2939 3031 3059 3091 qua:
3090 3025 3214 3099 sunt
3239 3010 3464 3097 Christi,

1868 3116 2143 3171 quaerere;
2179 3111 2237 3156 ut
2279 3103 2400 3157 illos
2439 3112 2491 3157 et
2534 3103 2788 3185 Christus
2832 3106 3096 3179 requirat,
3132 3118 3189 3161 ut
3230 3107 3339 3185 illis
3370 3125 3465 3181 sua

177 3198 524 3254 Circumfusa:
548 3207 605 3254 et
629 3198 889 3269 dispersa:
917 3207 1063 3262 sunt,
1092 3197 1263 3269 teneri
1290 3195 1632 3275 videntur,et
1655 3212 1760 3252 non
1791 3188 1835 3251 C
1871 3195 2149 3265 largiatur.
2180 3194 2451 3265 lmpendit
2479 3211 2578 3266 pro
2608 3197 2715 3251 illis
2747 3202 3067 3275 sanguinem
3099 3215 3254 3275 suum
3282 3200 3463 3275 (liam.

179 3300 440 3347 tenentur.
470 3292 717 3362 Denique
742 3291 830 3345 ubi
859 3289 977 3360 quis
1005 3289 1209 3343 audivit
1249 3288 1520 3344 dicentem
1549 3270 1764 3362 {Surge

176 3388 261 3456 qui
285 3388 474 3443 dormis
497 3388 723 3462 (Ephes.
754 3388 944 3453 v.1i),
976 3397 1030 3443 et
1060 3387 1127 3443 de
1162 3388 1347 3442 saeculi
1388 3387 1546 3442 istius
1569 3402 1762 3442 somno

175 3484 507 3548 exsurrexit,
540 3481 671 3537 falsa
715 3482 828 3537 haec
866 3481 1135 3555 intellexit
1177 3480 1379 3536 ommia
1412 3500 1423 3533 :
1458 3481 1759 3553 evigilavit,

172 3585 223 3630 et
243 3574 372 3646 fugit
395 3577 693 3642 somnium,
722 3578 854 3647 fugit
886 3584 1150 3648 potestas,
1185 3575 1318 3631 abiit
1346 3591 1473 3650 cura
1501 3576 1762 3648 patrimo-

175 3650 494 3732 nii,"furmze
530 3656 791 3725 venustas
814 3711 829 3732 ,
865 3671 1129 3723 honorum
1164 3670 1426 3725 studium.
1615 3670 1758 3724 enint

170 3748 375 3817 somnia
426 3774 592 3827 sunt,
644 3764 838 3837 quibus
887 3780 991 3816 non
1039 3771 1350 3827 moventur,
1398 3742 1493 3832 qui
1522 3742 1759 3834 ‘vigilant

170 3849 327 3917 corde
362 3844 375 3913 Ξ
410 3848 519 3914 δρᾶ
542 3846 880 3937 dormientes
906 3856 1276 3928 exagitantur.

232 3950 321 4006 25.
365 3930 614 4027 Vadatur
645 3950 789 4007 hunc
819 3967 1127 4006 sermonem
1180 3968 1360 4006 meum
1403 3962 1626 4005 sanctus
1668 3950 1762 4007 Jo-

169 4040 319 4112 seplt,
350 4059 458 4099 non
493 4059 621 4100 esse
644 4055 900 4115 perpetua
930 4060 1029 4100 nec
1056 4044 1337 4112 dittturna,
1364 4061 1484 4115 qua:
1512 4056 1639 4100 sunt
1662 4045 1761 4100 ltu-

166 4137 253 4204 jus
282 4138 493 4207 saeculi,
526 4139 619 4210 qui
647 4138 717 4197 ab
746 4138 900 4193 initio
923 4138 1120 4195 nobilis
1144 4153 1369 4210 genere,
1386 4152 1554 4207 censu
1583 4139 1757 4209 dives,

169 4230 341 4286 subito
371 4231 632 4303 ignobilis
653 4232 904 4287 servulus
934 4242 1038 4299 est,
1068 4243 1123 4288 et
1145 4232 1315 4304 (quod
1347 4234 1516 4303 ipsam
1548 4234 1759 4289 servitii

167 4323 426 4380 vilitatem
441 4323 688 4397 acerbat)
702 4324 982 4396 degeneris
997 4324 1202 4403 domini
1216 4343 1325 4382 :ere
1339 4338 1581 4403 emptum
1602 4344 1724 4385 man
1740 4360 1757 4371 -

166 4418 383 4493 cipiunt.
401 4421 589 4483 Minus
604 4423 749 4475 enim
774 4420 880 4479 vile
899 4430 1115 4493 putatur
1130 4421 1337 4477 servire
1355 4422 1529 4478 libero
1551 4442 1563 4475 :
1588 4423 1759 4494 gemi-

162 4522 318 4567 natur
340 4526 531 4570 autem
555 4514 788 4569 servitus
808 4513 897 4570 tibi
916 4515 1154 4569 servitur
1179 4515 1512 4571 vernaculis.
1553 4517 1757 4573 Servus

163 4602 321 4671 igitur
342 4594 412 4659 ex
446 4596 652 4675 genere
679 4606 964 4676 ιιι-πριιιιδο,
983 4620 1187 4676 pauper
1210 4621 1273 4661 ex
1300 4618 1455 4710 patre
1478 4606 1671 4673 divite,
1689 4608 1756 4662 de

160 4709 344 4759 amore
366 4699 434 4753 ad
466 4698 680 4766 odium,
707 4697 775 4753 de
799 4698 969 4770 gratia
992 4697 1056 4753 ad
1090 4688 1411 4771 supplicium
1439 4718 1451 4752 :
1481 4688 1668 4754 rursus
1689 4700 1757 4755 de

162 4803 378 4847 carcere
405 4791 476 4849 ad
511 4792 689 4846 aulam
717 4832 732 4857 ,
764 4789 833 4851 de
861 4800 1011 4847 reatu
1051 4790 1118 4849 ad
1146 4790 1408 4860 judicium
1442 4791 1753 4854 traductus;

160 4898 331 4967 neque
352 4883 605 4939 adversis
631 4883 836 4939 fractus
862 4893 967 4949 est,
1003 4898 1183 4954 neque
1223 4884 1467 4939 elevatus
1504 4887 1758 4941 secundis

157 4972 307 5043 (Cen.
337 4993 451 5043 xu,
477 4972 552 5033 39
575 4987 621 5055 et
643 4977 795 5047 seq.).

226 5126 249 5152 ⁸
291 5115 504 5183 Omnes
526 5112 685 5183 edin,
715 5113 871 5166 etiam
894 5110 1122 5165 secundo
1155 5109 1467 5164 immobilem
1499 5112 1759 5181 passione,

161 5174 318 5257 ellerit
350 5174 719 5258 impudeittin,‘
749 5191 854 5238 etc.
876 5200 888 5243 ;
914 5197 1108 5237 omnes
1135 5197 1266 5235 mss.
1296 5183 1439 5258 utin
1462 5174 1634 5258 textu,
1668 5174 1772 5258 nisi

160 5248 298 5331 quod
338 5248 482 5313 bene
513 5256 670 5311 multi
698 5248 946 5331 omittunt
973 5262 1021 5331 et
1044 5263 1166 5308 ante
1187 5264 1401 5331 vocent,
1422 5248 1758 5331 impudentia.

180 5324 188 5351 ⁷
216 5330 251 5371 Ἰ)
285 5331 419 5385 Mss.
455 5343 568 5382 non
607 5326 782 5395 pauci,
815 5328 925 5380 sine
955 5327 1166 5391 damno,
1202 5326 1311 5378 sine
1348 5324 1492 5377 luero
1520 5341 1537 5378 :
1564 5324 1764 5380 melius

156 5405 244 5457 alii
274 5412 327 5455 et
363 5400 731 5461 edit.ornnes,
768 5408 825 5451 ut
855 5399 905 5463 in
942 5406 1109 5449 textu.

229 5487 250 5512 ε
297 5472 719 5542 fipiscopnm,_a
744 5467 1339 5542 qttohepiscopusalius
1371 5467 1463 5542 ﬁlii
1503 5466 1768 5542 vocabulo

160 5538 528 5614 compellatus
559 5542 657 5605 sit,
680 5540 820 5614 haud
847 5538 1000 5593 facile
1029 5540 1267 5614 reperias
1305 5540 1446 5606 apud
1492 5539 1764 5614 antiquos.

160 5617 266 5673 Nec
290 5608 431 5669 sane
458 5613 625 5666 aliam
656 5611 815 5664 ullam
848 5622 1087 5672 causam,
1110 5626 1207 5664 cur
1239 5608 1338 5662 hoc
1367 5610 1590 5665 nomine
1626 5610 1773 5664 Con-

167 5690 429 5744 smntium
454 5679 815 5754 appellaverit
844 5681 1183 5754 Ambrosius,
1221 5694 1378 5754 mens
1409 5681 1566 5754 nobis
1581 5695 1775 5754 sugge-

184 5762 277 5825 ril,
306 5757 415 5812 nisi
446 5750 600 5824 quo‘d
625 5753 711 5808 ille
736 5762 828 5806 aut
862 5767 897 5825 7e
954 5752 1100 5825 clero
1126 5750 1512 5825 Mediolanensi
1552 5753 1617 5805 ad
1658 5750 1775 5819 epi-

189 5821 481 5907 scopatum
515 5833 831 5893 assumptus
855 5821 1039 5890 fuerit,
1070 5822 1153 5875 vel
1202 5823 1383 5876 statim
1427 5837 1455 5876 a
1479 5835 1767 5877 consecra-

1868 3301 1978 3353 vttt,
2004 3285 2117 3355 '52),
2144 3286 2375 3341 effundit
2405 3288 2510 3342 illis
2549 3288 2709 3365 761
2759 3272 3022 3359 Spiritum
3072 3272 3254 3359 suum,
3306 3272 3469 3365 o'ﬂ‘ert

1866 3378 1972 3433 illis
2015 3394 2241 3449 regnum
2294 3395 2475 3469 suum.
2508 3360 2905 3455 Quid’antplius
2937 3382 3109 3469 dabit,
3157 3383 3249 3473 qui
3286 3400 3345 3463 se
3382 3360 3467 3475 ip-

1865 3488 1987 3527 sum
2021 3474 2249 3559 obtulit?
2274 3462 2381 3563 Aut
2412 3474 2543 3546 quid
2570 3486 2655 3531 est
2684 3476 2829 3563 quod
2863 3492 2969 3563 non
3015 3462 3341 3563 sit'da'turus

1867 3574 1970 3631 ter,
2000 3568 2090 3637 qui
2136 3556 2239 3637 pro
2286 3556 2441 3624 nobis
2487 3556 2727 3625 unicum.
2757 3556 2952 3653 Filium
3009 3556 3469 3659 tradidit'rporti‘,’

1864 3660 2112 3717 Admone
2144 3660 2308 3731 igitur
2336 3661 2458 3716 illos
2480 3662 2687 3717 servire
2715 3664 2946 3717 Domino
2987 3663 3040 3717 itt
3073 3662 3373 3739 sobrietate
3404 3674 3459 3719 et

1863 3754 2056 3825 gratia,
2088 3763 2204 3809 tota
2243 3754 2443 3809 mentis
2468 3755 2762 3811 sedulitate
2791 3757 3001 3828 erigere
3026 3730 3315 3813 oculoskad
3348 3774 3463 3815 ca:-

1866 3847 2043 3914 lestia,
2074 3845 2207 3901 nihil
2242 3861 2444 3917 ponere
2476 3845 2529 3901 itt
2562 3848 2737 3925 lucro,
2772 3848 3043 3925 nisiquod
3077 3850 3201 3904 vitae
3237 3828 3457 3925 aeterna:

1864 3940 1971 4006 sit;
1997 3956 2121 3994 nam
2156 3944 2256 3995 iste
2279 3940 2457 3995 omnis
2489 3920 2923 4011 ltujus'qua-stuls'
2943 3922 3128 4015 saeculi
3159 3920 3459 4017 anintarutit

1864 4033 2210 4105 dispendium
2242 4043 2344 4090 est.
2377 4033 2619 4105 Denique
2649 4033 2888 4088 omnium
2921 4012 3307 4089 detrimentum
3342 4012 3465 4104 ptas-

1864 4142 1957 4183 sus
2015 4137 2100 4183 est
2166 4125 2337 4198 (Phil.
2386 4142 2467 4192 ttt,
2530 4127 2611 4198 8),
2650 4127 2742 4212 qui
2784 4126 3006 4197 volebat
3046 4125 3323 4193 Christum
3373 4126 3460 4191 lu-

1864 4220 2005 4275 crari
2036 4239 2049 4275 :
2084 4219 2227 4289 quod
2269 4218 2376 4275 etsi
2415 4219 2734 4275 mirabiliter
2783 4218 3009 4286 dixerit,
3052 4219 3231 4273 minus
3278 4227 3460 4272 tamen

1864 4311 2180 4383 expressit,
2235 4326 2403 4383 quam
2446 4320 2756 4382 acceperat.
2815 4312 2914 4367 llie
2959 4311 3104 4397 enim
3148 4309 3220 4364 de
3268 4308 3464 4397 alienis

1864 4409 2077 4464 loeutus
2105 4416 2212 4473 est,
2242 4405 2493 4463 Christus
2520 4418 2704 4465 autem
2742 4404 2914 4461 dixit:
2950 4404 3052 4474 Qui
3087 4388 3196 4478 uult
3231 4388 3345 4477 post
3381 4388 3465 4477 pit:

1862 4498 2035 4559 vertite
2066 4541 2081 4567 ,
2131 4498 2348 4571 abneget
2394 4499 2618 4569 seipsum
2661 4498 2758 4553 sibi
2785 4496 2936 4569 (Luc.
2967 4512 3051 4561 ιι.
3083 4495 3218 4569 25):
3247 4506 3306 4552 ut
3344 4496 3463 4567 ipse

1785 4574 1839 4633 Ῑ)
1865 4609 2023 4647 suum
2051 4592 2441 4648 detrimentum
2470 4592 2562 4657 sit,
2594 4606 2705 4662 quo
2729 4590 2823 4644 fiat
2852 4591 3059 4645 lucrum
3092 4587 3317 4667 Christi.
3356 4585 3463 4642 Ca-

1863 4690 2001 4744 duca
2054 4688 2168 4743 hat-e
2215 4686 2421 4759 omnia,
2467 4670 2641 4753 ttcum
2684 4683 2904 4763 damno,
2948 4668 3064 4761 sine
3103 4666 3257 4759 lucro
3288 4698 3299 4731 ε
3330 4678 3463 4766 illm!

1863 4783 2039 4839 solum
2068 4793 2150 4838 est
2169 4781 2407 4846 lucrum,
2426 4779 2516 4839 ubi
2546 4778 2756 4837 fructus
2780 4784 3105 4847 perpetuus,
3123 4776 3216 4835 ubi
3238 4784 3461 4833 aeterna:

1865 4889 2077 4932 merces
2099 4874 2323 4944 quietis.

1936 4979 2027 5033 27.
2069 4963 2407 5029 Commendo
2434 4962 2553 5028 tibi,
2594 4972 2615 4999 υ
2650 4960 2746 5026 fili,
2774 4958 3100 5027 Ecclesiam,
3128 4972 3247 5033 qua:
3284 4963 3369 5011 est
3396 4953 3465 5043 ad

1869 5114 2014 5167 tione
2042 5106 2094 5160 in
2133 5094 2404 5157 Ambrosii
2434 5091 2777 5167 disciplinam
2806 5105 2865 5143 se
2888 5087 3172 5167 tradiderit
3196 5085 3461 5165 Spiritalis

2035 5158 2248 5249 placitis
2288 5158 2699 5247 instituendum.
2738 5158 3170 5249 lltctt'mqtte‘stii
3186 5158 3464 5249 eumjcre

1874 5228 2403 5316 ὲιλῑέέετεβίεεορυιη
2463 5235 2634 5316 latius.
2693 5228 2962 5316 ορίειοισὲ
3004 5229 3173 5316 ξενὲεθβ
3227 5228 3460 5308 clamet;

1871 5298 2201 5396 ὐῖᾶἶιῖιεὲιῖιε
2235 5298 2396 5396 Fiam-
2444 5307 2576 5361 εάίι-
2604 5298 3466 5396 ἐπ’,έυ¹¹ν1¹¹¹ὲῖίξςΒέἓὲθμεῒῗτὲἒὶξὶῗέ

1872 5366 2563 5467 ags-(Iamii—tvdesigngtum;
2604 5374 2709 5457 Sed
2758 5386 2859 5467 qec
2904 5368 3133 5467 felicitati
3156 5382 3218 5467 e‘a
3262 5366 3462 5467 ibidem

2309 5436 2494 5523 {edent
2539 5446 2638 5515 ipsi
2684 5442 2941 5523 assignat.
2977 5438 3249 5523 Quienim
3276 5436 3467 5523 lstltue

1878 5508 2220 5605 ﬁéii'b3§éi_t.
2253 5538 2379 5605 0"!!!
2404 5508 2579 5573 etum"
2600 5516 2823 5605 Mitt!
2855 5508 3466 5605 'TﬂELEE‘L'fl‘EEEE'E‘

1879 5578 1967 5663 sit;
1986 5578 2382 5661 Piii‘ri'C‘tirnelii
2407 5578 2839 5663 C(lllrlméfldellll‘,
2869 5582 2931 5663 tle
2952 5578 3187 5663 ρθξρςῑίηιο
3213 5578 3467 5663 {Laium};

1884 5647 2441 5733 iiiiervviscnda‘l
2477 5660 2609 5733 Nam
2654 5665 2775 5719 quae
2820 5647 2961 5733 urlis'
2990 5648 3188 5733 Porum
3233 5647 3471 5733 Cornelii

2036 5718 2229 5799 '{i'uiicu
2248 5718 2480 5793 iabatur,
2509 5718 3101 5800 eadertrttunedicitur
3131 5720 3290 5804 Imola
3316 5736 3331 5786 ;
3363 5721 3468 5777 sic-

1890 5821 1962 5860 ,ης
1994 5754 2254 5860 dim-mm:
2278 5819 2343 5859 εχ
2378 5802 2438 5858 Ρ.
2478 5791 2828 5856 Varnelrtdo,
2862 5791 2956 5847 ltb.
2983 5805 3020 5845 lt
3045 5790 3112 5846 de
3138 5789 3316 5860 Gesus
3338 5792 3468 5848 Lan-

1890 5789 2254 5875 ;;.i..&;'s'a{nu§
2278 5819 2343 5859 ex
2378 5802 2438 5875 Ρ.
2467 5789 2828 5856 ’νμτηειι-ὶᾱυ,
2862 5791 2956 5847 lib.
2983 5805 3020 5869 tt
3045 5790 3112 5846 de
3138 5789 3316 5865 Gestis
3338 5792 3478 5848 Lan—
