4014 6290
471 292 575 351 887

1824 287 2071 345 SANCTI
2109 286 2437 346 AMBROSII

3641 289 3722 348 888

472 407 676 463 Forum
704 407 973 475 Cornelii,
995 421 1106 479 quo
1131 421 1249 464 eam
1278 405 1346 463 de
1374 405 1621 477 proximo
1648 404 1937 461 intervisas
1961 402 2072 461 fre-
2105 419 2151 479 Α
2181 404 2379 462 habeat
2415 419 2514 477 pro
2556 404 2927 462 moderamine
2970 404 3344 472 coercitionis,
3396 406 3540 477 quasi
3570 408 3725 464 anima

477 501 764 574 quentius,
797 501 975 559 donec
1004 502 1056 559 ei
1089 501 1374 557 ordinetur
1412 499 1721 571 episcOpus.
1768 498 2077 570 Occupatus

477 595 674 651 diebus
716 594 1103 668 ingruentibus
1144 594 1591 666 quadragesimae,
1617 604 1723 648 tam
1766 592 1926 664 longe
1969 608 2077 648 non

481 703 705 759 possum
733 702 1051 745 excurrere.

552 781 647 838 28.
691 782 872 838 Habes
902 781 1014 837 illic
1043 779 1257 853 Illyrios
1287 779 1353 835 de
1383 781 1524 835 mala
1566 780 1818 836 doctrina
1856 782 2081 837 Ariano-

480 891 624 942 rum,
655 889 790 932 cave
816 889 1005 932 eorum
1035 875 1240 929 zizania
1276 890 1289 929 :
1317 888 1425 929 non
1461 875 1904 946 appr0pinquent
1951 874 2083 931 fide-

483 968 651 1035 libus,
696 983 805 1024 non
847 975 1070 1039 serpant
1107 966 1411 1022 adulterina
1443 968 1656 1024 semina
1691 985 1703 1022 :
1741 978 1767 1006 ἰ
1796 969 2085 1025 advertant

483 1062 611 1134 quid
652 1069 877 1133 propter
907 1076 1059 1116 suam
1104 1061 1387 1132 perfidiam
1432 1063 1699 1118 acciderit
1742 1064 1871 1130 sibi,
1904 1065 2086 1133 quies-

481 1165 628 1222 cant,
650 1164 713 1212 ut
736 1171 922 1212 veram
951 1157 1111 1212 ﬁdem
1140 1167 1456 1227 sequantur.
1484 1157 1719 1214 Difﬁcile
1742 1159 1960 1230 quidem
1987 1161 2083 1215 im-

484 1249 595 1304 buti
633 1249 802 1303 animi
836 1247 1174 1305 inﬁdelitatis
1213 1249 1443 1305 venenis
1467 1251 1693 1306 abolere
1727 1264 1952 1322 possunt
1988 1252 2087 1307 im-

485 1340 705 1411 pietatis
733 1355 844 1395 sute
888 1341 1191 1411 glutinum;
1223 1343 1267 1396 si
1302 1351 1480 1398 tamen
1510 1341 1567 1399 in
1597 1344 1663 1399 iis
1686 1345 1837 1401 virus
1881 1345 2089 1401 infaus-

489 1443 600 1487 tum
629 1432 945 1497 inoleverit,
973 1448 1075 1488 nec
1095 1434 1254 1490 facile
1279 1434 1346 1490 iis
1367 1435 1701 1492 credendum
1729 1450 1905 1508 putes.
1929 1438 2086 1494 Nervi

484 1529 630 1583 enim
656 1538 806 1597 sunt,
831 1538 888 1585 et
930 1529 1150 1600 quidam
1192 1541 1345 1585 artus
1387 1531 1689 1603 sapientius,
1724 1548 1831 1589 non
1884 1546 2090 1589 temere

486 1622 737 1690 credere,
777 1623 1015 1679 maxime
1062 1623 1116 1679 in
1148 1638 1310 1680 causa
1337 1623 1485 1693 ﬁdei,
1517 1641 1640 1698 quae
1685 1641 1809 1683 raro
1852 1629 2090 1700 perfecta

490 1725 576 1773 est
604 1717 659 1772 in
687 1715 1021 1774 hominibus.

2181 507 2487 555 consortes.
2515 498 2915 554 Paterfamilias
2939 498 3085 554 enim
3109 497 3332 564 dicitur,
3359 508 3414 553 ut
3453 500 3592 568 quasi
3619 500 3727 557 ﬁlios

2182 603 2357 665 regat;
2393 592 2647 664 quoniam
2692 603 2747 649 et
2789 594 2905 665 ipse
2951 594 3046 650 Dei
3085 607 3278 650 servus
3308 602 3419 660 est,
3463 604 3516 651 et
3560 606 3727 665 patrem

2183 684 2422 756 appellat
2464 683 2753 741 Dominum
2799 685 2957 752 cteli,
3000 685 3404 743 moderatorem
3451 698 3728 759 potestatum

2180 779 2444 834 omnium.
2482 778 2613 835 Vale
2647 790 2700 834 et
2743 794 2842 837 nos
2880 780 3068 852 dilige,
3113 791 3169 835 ut
3197 780 3371 847 facis;
3402 782 3520 853 quia
3564 798 3646 838 nos
3684 793 3727 839 te

2184 873 2478 945 diligimus.

2719 965 3063 1024 EPISTULA
3100 965 3168 1023 ΙΙΙ
3207 965 3260 1022 ά.

2190 1057 2400 1116 FELICIS
2422 1062 2783 1117 munusculum
2810 1062 3081 1133 prwdicat,
3102 1062 3194 1117 sed
3206 1078 3325 1117 eum
3341 1063 3475 1133 quod
3492 1080 3542 1118 se
3562 1080 3591 1116 a
3609 1065 3734 1134 longe

2262 1163 2490 1223 tempore
2516 1171 2619 1209 non
2652 1154 2904 1221 inriserit,
2934 1170 3196 1227 arguens;
3224 1165 3281 1210 ut
3310 1171 3415 1211 non
3439 1157 3615 1210 tamdiu
3637 1172 3734 1225 pro-

2262 1247 2590 1313 crastinelur,
2624 1248 2771 1319 petit.

2726 1342 3031 1397 AIBBOSIUS
3055 1341 3259 1397 Fauor.

2268 1434 2318 1487 1.
2360 1431 2553 1488 Misisti
2584 1431 2715 1487 mihi
2746 1433 2961 1499 tubera,
2993 1443 3050 1489 et
3089 1434 3309 1505 quidem
3341 1435 3492 1490 mirzc
3520 1436 3743 1506 magnitu-

2194 1527 2359 1594 dinis,
2393 1536 2451 1583 ut
2480 1528 2686 1599 stupori
2737 1529 2915 1584 forent
2942 1544 3005 1585 ea
3043 1537 3150 1584 tam
3192 1531 3440 1599 grandia.
3471 1541 3493 1568 ε
3530 1530 3663 1586 Nolui
3695 1533 3740 1586 iu

2195 1623 2339 1690 sinu,
2369 1629 2428 1677 ut
2452 1621 2625 1689 aiunt,
2657 1622 3031 1679 abscondere:
3056 1622 3151 1678 sed
3179 1622 3302 1678 aliis
3333 1639 3537 1695 quoque
3557 1624 3747 1680 demou-

2196 1728 2375 1777 strare
2420 1718 2604 1773 malui.
2637 1718 2820 1790 Itaque
2865 1728 3073 1789 partem
3121 1719 3293 1774 direxi
3340 1720 3542 1787 amicis,
3574 1730 3750 1791 partem

564 1809 657 1865 29.
701 1809 907 1866 Tamen
935 1811 983 1866 si
1030 1811 1153 1882 quis
1182 1820 1286 1879 est,
1319 1812 1411 1883 qui
1444 1812 1571 1887 licet
1616 1823 1884 1885 suSpecIae
1915 1814 1987 1869 sit
2012 1815 2095 1870 in-
2125 1814 2172 1875 B
2200 1809 2335 1866 mihi
2361 1811 2656 1867 reservavi.

497 1902 800 1972 ﬁrmitatis,
829 1912 885 1960 et
916 1905 1158 1961 nutantis
1203 1905 1452 1972 allectus,
1495 1921 1728 1979 purgare
1758 1908 1997 1965 habitam
2029 1910 2098 1967 de

495 2009 557 2051 se
577 1996 895 2066 Opinionem
925 1998 1075 2065 velit,
1120 2000 1375 2069 permitte
1402 2009 1459 2056 ut
1484 2002 1815 2060 satisfecisse
1838 2019 1898 2060 se
1922 2015 2095 2076 putet.

504 2088 726 2160 indulge
752 2089 1181 2162 aliquantulum;
1211 2091 1368 2162 cujus
1398 2094 1543 2148 enim
1587 2094 1896 2150 excluditur
1939 2101 2100 2152 satis-

500 2183 689 2251 factio,
714 2185 983 2240 avertitur
1006 2186 1240 2243 animus.
1272 2186 1403 2241 Nam
1444 2188 1607 2244 etiam
1648 2190 1901 2246 medendi
1941 2190 2101 2262 periti

497 2293 622 2334 cum
651 2278 835 2334 vident
862 2278 890 2318 δ
929 2291 1087 2336 notas
1123 2281 1497 2353 mgritudines,
1548 2293 1605 2338 ut
1656 2284 1759 2354 ipsi
1800 2286 2098 2355 appellant,

504 2370 830 2427 medicinam
861 2372 1082 2443 quidem
1112 2389 1220 2429 non
1251 2374 1543 2444 adhibent;
1568 2376 1664 2432 sed
1708 2387 1889 2433 tamen
1929 2378 2098 2434 medi-

496 2464 640 2520 cina:
689 2472 899 2534 tempus
945 2476 1268 2537 exspectant
1298 2484 1312 2521 :
1341 2482 1440 2524 nec
1489 2469 1752 2525 deserunt
1781 2471 2101 2539 invalidum,

506 2569 529 2593 ο
561 2555 658 2611 sed
686 2555 991 2613 lenioribus
1020 2558 1223 2626 verbis,
1244 2570 1339 2615 aut
1369 2562 1566 2630 quibus
1589 2572 1839 2633 possunt,
1887 2566 2107 2636 palpant

497 2650 902 2718 delinimentis;
952 2667 1022 2708 ne
1059 2662 1155 2708 aut
1182 2653 1492 2710 intermissa
1534 2657 1799 2728 aegritudo
1845 2657 2106 2725 despera-

502 2745 654 2801 tione
683 2744 847 2800 animi
878 2757 1186 2817 gravescat,
1214 2757 1307 2802 aut
1332 2748 1552 2804 crudior
1577 2749 1904 2807 medicinam
1946 2751 2106 2824 762

504 2850 868 2912 respuatzeo
914 2841 1058 2913 quod
1118 2842 1184 2897 ad
1239 2843 1611 2899 maturitatem
1662 2846 1946 2914 pervenire
2014 2863 2108 2902 ne-

500 2942 691 3006 queat,
721 2936 765 2991 si
798 2935 1084 3008 iudigesta:
1115 2938 1361 2994 insolens
1383 2954 1563 2994 rerum
1592 2938 1905 3009 hujusmodi
1936 2939 2109 2996 medi-

504 3026 883 3085 cus‘adhibeat
931 3043 1144 3084 manus.
1174 3029 1455 3101 Siquidem
1501 3040 1556 3087 et
1598 3046 1816 3101 pomum
1840 3047 1963 3088 cum
2003 3032 2105 3087 im-

510 3131 785 3178 maturum
813 3122 1140 3195 exagitatur,
1171 3124 1282 3179 cito
1299 3122 1535 3195 deperit.

2272 1901 2327 1957 2.
2368 1902 2547 1959 Suave
2578 1919 2792 1971 munus,
2831 1902 2849 1941 ί
2884 1919 2990 1959 non
3023 1914 3200 1959 tamen
3241 1905 3315 1957 ita
3359 1904 3681 1974 prmpollcus,
3708 1914 3755 1960 at

2203 1996 2589 2067 comprimeret
2620 1996 2897 2067 querelam
2942 2010 3116 2052 meam
3138 1999 3262 2067 jure
3304 1997 3598 2061 excitatam.
3636 1997 3757 2068 quod

2205 2080 2304 2145 nos
2343 2089 2549 2145 tamdiu
2597 2097 2845 2146 amantes
2868 2090 2942 2144 tui
2967 2105 3306 2162 nequaquam
3332 2093 3552 2146 revisas.
3573 2091 3631 2145 Et
3652 2105 3762 2146 care

2207 2183 2433 2253 posthac
2481 2198 2551 2239 ne
2594 2183 2803 2253 majora
2844 2193 2870 2231 ε
2910 2184 3154 2239 invenias
3181 2182 3392 2239 doloris
3423 2184 3621 2239 tubera.
3650 2183 3759 2238 Nam

2207 2278 2365 2348 hujus
2402 2277 2640 2333 nominis
2666 2276 2882 2333 diversa
2926 2277 3097 2343 ratio;
3128 2286 3189 2332 ut
3227 2277 3372 2333 enim
3403 2287 3548 2348 grata
3590 2278 3638 2331 in
3667 2294 3762 2332 mu-

2208 2386 2357 2439 nere,
2386 2372 2459 2427 ita
2503 2370 2558 2426 in
2591 2384 2825 2441 corpore
2852 2380 3017 2442 atque
3052 2369 3106 2424 in
3144 2369 3346 2425 affectu
3389 2369 3606 2425 molesta
3640 2378 3765 2423 sunt.

2208 2470 2286 2526 De
2317 2479 2369 2526 te
2412 2470 2671 2540 itnpetra,
2713 2466 3008 2540 quominus
3048 2475 3100 2523 te
3142 2467 3342 2523 abesse
3384 2465 3621 2532 doleam;
3664 2481 3766 2520 nam

2208 2578 2368 2621 causa
2397 2560 2786 2619 commotionis
2808 2576 2970 2628 meat,
2998 2559 3337 2616 desiderium
3362 2569 3447 2615 est
3481 2559 3578 2615 tui.
3601 2557 3764 2621 Effice,

2207 2659 2252 2713 si
2287 2666 2460 2726 potes,
2496 2666 2551 2711 ut
2583 2657 2763 2710 minus
2792 2661 2978 2725 gratus
3003 2653 3100 2709 sis.

2280 2753 2335 2809 '5.
2364 2750 2498 2806 Rem
2533 2748 2794 2820 exposui,
2817 2762 3035 2803 causam
3061 2746 3304 2817 probavi.
3321 2745 3667 2817 lntorqnenda
3701 2754 3769 2800 est

2210 2843 2239 2882 δ
2264 2852 2537 2900 amentata
2584 2842 2676 2898 illa
2725 2855 2832 2897 non
2860 2840 3216 2913 manipularis
3242 2840 3533 2895 sententia.
3566 2838 3770 2894 Metuisti

2208 2947 2402 2994 certe:
2428 2935 2524 2993 sed
2570 2932 2695 2991 vide
2730 2949 2894 3006 quam
2936 2949 3179 3000 movear,
3226 2941 3286 2988 ut
3329 2932 3561 2989 delectet
3596 2932 3763 3003 jocari.

2212 3032 2405 3088 Postea
2437 3039 2619 3085 tamen
2658 3044 2727 3084 ne.
2761 3025 3110 3084 excusaveris
3141 3042 3159 3082 :
3188 3025 3392 3082 etenim
3438 3025 3669 3096 quamvis
3697 3034 3768 3077 tua

2213 3124 2330 3180 hth
2363 3122 2379 3160 ί
2414 3122 2694 3194 vectigalis
2724 3120 2945 3176 mihisit
2965 3118 3267 3185 excusatio;
3285 3119 3427 3174 male
3458 3127 3627 3174 tamen
3647 3115 3706 3172 de
3727 3124 3769 3170 te

578 3216 671 3272 '50.
698 3214 765 3270 Et
785 3216 909 3286 quia
927 3216 996 3271 de
1019 3231 1148 3287 agro
1169 3217 1479 3287 exemplum
1502 3218 1852 3288 sumpsimus,
1875 3219 2107 3290 prmcipe
2134 3205 2179 3269 Ο
2205 3218 2432 3291 judicat,
2464 3232 2564 3273 nec
2591 3217 2660 3272 de
2689 3230 2776 3270 me
2798 3213 2959 3287 763
2989 3213 3204 3280 melius,
3234 3212 3283 3267 si
3311 3220 3405 3268 aut
3426 3222 3567 3267 tuam
3602 3211 3769 3265 absen-

509 3309 620 3364 illis
642 3308 896 3364 inviolata
928 3310 1149 3366 coniiuii
1184 3325 1404 3367 servare
1428 3310 1573 3382 jura,
1622 3324 1881 3383 paternos
1925 3326 2110 3370 custo-

509 3401 631 3457 dire
673 3403 964 3467 terminos,
1013 3419 1149 3474 quos
1200 3403 1309 3460 Lex
1352 3414 1553 3460 tuetur.
1595 3406 1770 3478 Supra
1811 3406 2107 3464 fraternam

511 3496 835 3552 cbaritatem
876 3495 1192 3566 frequenter
1237 3509 1318 3555 est
1359 3500 1522 3556 vicini
1566 3501 1741 3572 gratia
1783 3500 1960 3573 (Deut.
1994 3518 2106 3569 xtx,

516 3589 650 3659 id);
682 3589 777 3645 ille
802 3590 946 3645 enim
973 3605 1121 3660 saepe
1150 3591 1327 3661 longe,
1361 3592 1451 3650 hic
1479 3594 1532 3649 in
1560 3594 1808 3663 proximo
1847 3604 1951 3661 est,
1983 3596 2109 3651 vitae

512 3681 693 3736 omnis
715 3682 891 3747 testis,
937 3685 1377 3740 conversationis
1423 3687 1650 3742 arbiter.
1696 3687 1939 3743 Delectet
1985 3703 2110 3743 eum

516 3787 612 3841 per
639 3771 866 3828 ﬁnitima
887 3774 1061 3844 spatia
1085 3774 1254 3830 laxari
1288 3776 1518 3832 liberum
1546 3793 1733 3847 pecus,
1760 3787 1814 3834 et
1847 3778 1897 3834 in
1941 3778 2108 3836 herba

520 3862 678 3918 viridi
708 3864 1016 3934 projectum
1047 3879 1240 3921 secura
1271 3872 1496 3935 captare
1516 3867 1646 3922 otia.

585 3957 674 4012 51.
718 3957 919 4016 Servos
943 3973 1157 4030 quoque
1181 3958 1434 4016 dominus
1456 3960 1584 4031 jure
1617 3963 1824 4018 servitii
1863 3963 2109 4021 subditos

511 4115 662 4186 gob.,
702 4127 825 4186 cap.
882 4113 970 4178 18,
1013 4129 1176 4185 quem
1224 4114 1515 4185 geographi
1557 4117 1887 4186 posteriores
1926 4120 2099 4175 secuti

512 4195 660 4258 sunt.
697 4185 773 4258 Ea
820 4188 1181 4258 metrOpolitae
1224 4186 1524 4242 Ravennati
1559 4185 1728 4243 hodie
1773 4200 1941 4258 paret.
1980 4191 2102 4245 Fuit

510 4257 615 4330 hoc
636 4255 829 4330 eodem
858 4267 1104 4330 tempore
1120 4257 1472 4330 constantius
1495 4259 1655 4324 alius,
1683 4255 1957 4330 qui—simul
1977 4277 2099 4316 cum

511 4326 850 4401 Arausicano
881 4328 1556 4401 subscripsitAqtiiheiensi
1595 4326 1848 4396 concilio,
1892 4332 2104 4401 episco-

511 4410 612 4465 pus
637 4396 970 4473 Scissiensis.
996 4397 1197 4473 Verum
1221 4396 1341 4473 cum
1367 4397 1626 4455 Scissiam
1655 4403 1778 4456 novi
1804 4396 2103 4473 geographi

514 4467 763 4541 eamdem
802 4482 923 4524 esse
966 4471 1138 4524 velint
1174 4485 1239 4526 ae
1266 4471 1575 4538 Segestani,
1621 4486 1743 4541 qua:
1780 4467 1886 4527 sita
1911 4467 2025 4529 'est'
2048 4477 2100 4530 in

2213 3313 2338 3367 tiam
2380 3311 2698 3366 muneribus
2723 3306 3205 3379 compensandam,
3239 3316 3333 3361 attt
3377 3322 3463 3362 me
3494 3304 3769 3361 muneribus

2211 3401 2584 3459 redimendum
2617 3411 2795 3473 putes.
2819 3398 2976 3467 Vale,
3005 3407 3060 3454 et
3110 3413 3211 3452 nos
3238 3406 3485 3454 amantes
3511 3397 3583 3452 tui
3612 3397 3766 3467 dilige.

2717 3491 3061 3550 EPISTOLA
3103 3491 3168 3547 ιν
3199 3491 3247 3544 i.

2218 3591 2469 3646 Sermone
2486 3588 2702 3645 FELICIS
2732 3598 3017 3644 recreatum
3029 3604 3083 3655 se
3111 3603 3254 3654 esse;
3283 3587 3505 3641 maxime
3529 3601 3637 3641 vero
3660 3585 3770 3656 quod

2288 3694 2555 3740 venturum
2581 3684 2650 3738 ad
2674 3683 2898 3738 basilica:
2917 3682 3352 3736 consecrationem
3394 3698 3509 3735 eum
3536 3688 3737 3748 speraret
3752 3720 3766 3744 ,

2291 3789 2564 3849 postquam
2594 3777 2931 3832 cetebrassent
2961 3775 3077 3828 initi
3107 3773 3197 3829 abs
3217 3790 3272 3828 se
3300 3773 3617 3844 episcopatus
3639 3772 3764 3824 diua.

2291 3871 2431 3927 Suos
2457 3872 2526 3926 ad
2554 3872 2650 3927 hoc
2670 3886 2845 3943 preces
2871 3870 2917 3925 ei
2945 3869 3220 3940 promittit,
3282 3877 3582 3936 mutuasque
3620 3864 3677 3919 ab
3696 3880 3766 3918 ea-

2289 3966 2404 4020 dem
2430 3966 2685 4036 reposcit,
2733 3965 2858 4018 dum
2905 3961 3221 4035 ingredietur
3260 3970 3444 4015 sancta
3485 3969 3762 4016 sanctorum.

2210 4121 2539 4177 necessaria.
2572 4121 2916 4191 Quapmpter
2952 4120 3005 4174 in
3039 4119 3276 4175 lectione
3304 4118 3545 4175 omnium
3573 4131 3688 4173 mss.
3714 4123 3767 4167 et

2212 4192 2344 4248 edit.
2371 4192 2506 4248 nihil
2537 4193 2873 4248 mutandum.

2285 4275 2306 4301 ε
2349 4263 2480 4320 Mss.
2510 4264 2738 4333 aliquot,
2764 4263 2858 4319 sed
2878 4263 3158 4319 levioribus
3183 4261 3370 4318 verbis.

2284 4333 2309 4372 ἀ
2351 4335 2560 4405 Scripta
2592 4335 2724 4391 circ.
2759 4351 2882 4390 ann.
2915 4334 3041 4391 “580.

2287 4416 2310 4444 θ
2350 4402 2529 4461 Multa!
2560 4416 2690 4462 sunt
2717 4406 3084 4477 proverbiales
3113 4404 3366 4477 formula:
3392 4421 3421 4460 a
3451 4406 3569 4461 sinu
3598 4402 3770 4477 ductaf,

2212 4478 2406 4547 quibus
2450 4475 2729 4549 occultum
2762 4477 3038 4549 quidpiam
3075 4476 3451 4549 signiﬁcatur;
3478 4487 3537 4532 ut
3578 4475 3771 4549 pytagin

515 4537 815 4622 Pannonia,
844 4555 943 4595 nec
972 4543 1134 4622 etiam
1163 4543 1231 4622 ad
1261 4537 1405 4622 hunc
1426 4537 1811 4622 _Constantiu;u
1845 4545 2102 4622 destinari
2130 4553 2187 4614 1)
2210 4537 2328 4603 sinu
2356 4548 2605 4622 gaudere,
2641 4551 2695 4622 in
2716 4537 2834 4604 sinu
2859 4537 2968 4605 esse
2991 4567 3011 4604 :
3039 4549 3110 4606 de
3126 4537 3330 4620 quibus
3360 4537 3771 4609 Erastn.'Chil.t,

516 4608 693 4678 potuit
737 4608 854 4684 haec
903 4612 1152 4684 epistola.
1191 4610 1327 4668 Cum
1365 4613 1532 4682 igitur
1566 4613 1810 4684 ejusdem
1866 4615 2102 4671 nominis

515 4688 713 4748 prteter
750 4679 859 4755 bos
889 4682 1025 4737 duos
1057 4683 1241 4739 nullus
1282 4679 1545 4748 Antistes,
1590 4679 1680 4755 qui
1722 4685 1970 4742 ﬂoruerit
2012 4688 2100 4743 illa

512 4760 695 4830 aetate,
735 4752 900 4830 nobis
928 4765 1215 4830 occurrat;
1245 4756 1416 4811 nostri
1456 4752 1621 4827 hujus
1657 4759 1840 4813 sedem
1874 4759 2104 4830 ingenue

516 4823 749 4877 fatemur
780 4823 932 4879 nobis
958 4824 1216 4894 ignotam.

587 4903 612 4930 ει
652 4894 768 4965 Non
800 4895 905 4951 alia
927 4897 1109 4953 clades
1136 4896 1323 4965 procul
1351 4897 1515 4952 dubio
1552 4898 1639 4953 hic
1677 4900 1968 4965 indicatur,
2001 4903 2102 4957 nisi

511 4979 652 5043 qua,_
698 4964 926 5043 Valente
968 4964 1170 5043 Ariani)
1216 4968 1549 5043 imperatore
1600 4971 1889 5042 proﬂigato
1941 4964 2105 5043 atque

512 5035 816 5107 combusto,
850 5038 956 5093 illae
987 5040 1278 5107 provincia:
1299 5035 1336 5093 a
1360 5039 1554 5096 Gothis
1582 5035 1880 5098 victoribus
1921 5035 2100 5100 dirum

512 5106 568 5160 in
584 5106 816 5177 modum
845 5106 1166 5177 pervastata
1195 5120 1340 5164 sunt.

584 5173 633 5257 1³-
654 5175 816 5232 Forte
845 5173 1135 5257 legendum
1159 5189 1306 5235 notas
1332 5183 1678 5257 (egritudinis,
1707 5196 1764 5239 ιιι
1787 5186 2106 5257 designetur

509 5247 694 5325 statim
723 5258 886 5325 atque
912 5247 1248 5325 deprehensa
1289 5247 1412 5325 ξιιηί
1445 5254 1618 5323 prima
1649 5247 1987 5325 aegritudinis
2018 5259 2103 5312 in-

478 5316 690 5397 ‘d_i_cia,
730 5316 1058 5397 medicinam
1101 5336 1206 5397 non
1245 5316 1530 5397 adhiberi:
1562 5316 1761 5397 nempe
1799 5330 2102 5386 secundum

513 5387 856 5477 Hippocratis
891 5394 1332 5477 pronuntiatum,‘
1361 5396 1556 5452 Πέπονα
1600 5387 1964 5477 gap-pauens”,
2014 5407 2103 5477 uagi

510 5460 703 5535 invisa,
730 5466 800 5535 μή
823 5460 953 5535 ἄμα.
994 5463 1148 5535 Quod
1195 5464 1417 5535 pulchre
1457 5460 1715 5526 convén'ii
1752 5485 1875 5524 cum
1925 5460 2107 5527 verbis

510 5526 786 5609 Ant-binisii
822 5526 956 5585 infra
974 5526 1306 5609 positisfaut
1320 5536 1531 5591 crudior
1546 5579 1562 5606 ,
1588 5540 1853 5608 aegritudo
1868 5526 2099 5607 scilicet,

507 5594 820 5682 medicinam
843 5594 1072 5682 respuat.
1116 5594 1497 5673 verumtamen
1526 5594 1799 5680 pernotus
1833 5594 2104 5682 maritat—ti;

507 5670 937 5749 nesjttteltigere
962 5678 1122 5732 etiam
1151 5670 1437 5749 possumus
1465 5670 1760 5737 consuetos
1782 5690 1838 5737 et
1864 5670 1970 5737 ιῖοιι
1999 5684 2099 5738 im-

509 5730 753 5824 ῗξξξξξξείξε
786 5730 1039 5824 maritas;
1078 5730 1810 5824 Quin‘iijﬁiréiiiiﬁiqué
1842 5730 2094 5824 insolitis,

507 5802 732 5868 quando
770 5802 1072 5879 periculum
1100 5802 1157 5873 in
1178 5802 1338 5877 maia
1358 5802 1463 5877 ἐέῐ

2211 4620 2373 4676 cent.—
2386 4623 2441 4688 ὅ,
2468 4634 2633 4691 'prov.
2665 4620 2753 4675 i5.

2289 4691 2307 4730 τ
2355 4691 2500 4770 fidit.
2532 4704 2589 4749 et
2614 4693 3015 4770 quidanrmss"
3042 4707 3148 4746 non
3173 4701 3345 4746 tamen
3382 4693 3458 4746 ita
3492 4698 3774 4770 prapotens.

2285 4774 2311 4810 ις
2350 4765 2552 4841 Omnes
2600 4763 2733 4820 edit.
2759 4804 2775 4830 ,
2812 4761 3073 4841 juvenes;
3120 4778 3316 4841 omnes
3357 4761 3516 4841 mss_.’,
3555 4761 3780 4841 inreuifs.

2210 4832 2473 4890 Neutrum
2520 4833 2883 4891 incommode.
2912 4832 2986 4889 At
3020 4834 3165 4905 quod
3206 4834 3416 4890 ultima:
3457 4834 3622 4890 Paris.
3650 4832 3773 4905 edit.

2215 4921 2315 4975 pro
2341 4915 2489 4977 grata
2518 4906 2570 4961 in
2597 4922 2805 4960 munere
2831 4916 3018 4961 contra
3038 4901 3375 4977 'cteterztrum
3396 4915 3454 4961 et
3485 4919 3610 4960 mss.
3641 4901 3784 4956 ﬁdem

2216 4976 2536 5045 posui-runt.
2568 4988 2724 5049 grata
2745 4977 2799 5030 in
2829 4986 3015 5043 mente,
3042 4976 3094 5032 id
3116 4977 3333 5047 quidem
3364 4993 3394 5031 a
3421 4986 3600 5033 mente
3618 4984 3787 5028 aut-to-

2214 5049 2555 5126 risalienum
2582 5058 2667 5126 est
2693 5065 2706 5101 :
2735 5063 2864 5126 c_mn_
2880 5049 3107 5126 tubera,
3136 5063 3259 5126 quae
3290 5050 3344 5103 in
3384 5049 3545 5104 amici
3586 5059 3789 5126 munere

2211 5118 2314 5174 sibi
2347 5132 2499 5190 grata
2527 5119 2698 5175 fuisse
2728 5120 3019 5189 signiﬁcat,
3054 5115 3359 5189 pro—fructu
3402 5129 3564 5176 terra:
3603 5115 3786 5190 videli-

2212 5198 2302 5271 cet
2343 5192 2557 5263 posita;
2585 5190 3009 5271 eadem_posita_
3039 5205 3139 5262 pro
3184 5202 3400 5271 tumore
3447 5189 3703 5271 corporis
3732 5203 3791 5241 es

2213 5259 2456 5327 vulnere,
2505 5271 2600 5317 aut
2643 5259 3010 5334 animi’quasi
3040 5259 3413 5334 turgescentis
3463 5259 3789 5333 agritudine,

2213 5334 2438 5387 molesta
2468 5348 2591 5388 csse
2618 5331 2956 5390 tesﬁﬁcetur.

2284 5402 2598 5459 hAmentata
2621 5406 2873 5477 sententia
2911 5404 3285 5477 metaphorice
3305 5406 3508 5477 dicitur
3533 5406 3599 5459 ab
3619 5419 3795 5458 amen-

2214 5483 2322 5548 tata
2358 5481 2530 5542 hasta,
2561 5476 2612 5531 id
2644 5486 2750 5536 est.
2788 5476 3008 5532 vinculo
3052 5478 3288 5548 quodam
3336 5476 3477 5547 quod
3526 5485 3792 5530 amentum

2210 5545 2430 5621 dicitur,
2465 5548 2665 5621 illigata
2687 5549 3037 5621 ;_uticertius
3072 5545 3413 5621 validiusqne
3461 5550 3795 5621 intorquere-

2210 5626 2315 5691 tttr.
2338 5616 2416 5691 De
2444 5616 2919 5691 quovideJuuium
2941 5621 3272 5691 Adagiorum
3297 5616 3444 5675 cent.
3465 5620 3516 5681 5,
3551 5616 3790 5688 υτον.ιί

2285 5687 2299 5763 ξ
2358 5687 2637 5763 Vectigalis
2663 5689 2767 5745 hoc
2792 5700 2896 5751 cst.
2927 5687 3272 5763 (lutesttfosa;
3301 5707 3370 5763 eo
3410 5691 3552 5761 quod
3578 5705 3793 5743 ηιιιιιιιεέ

2202 5759 2457 5838 culorum
2476 5759 2640 5838 quasi
2664 5763 2894 5838 vectigal
2925 5759 3112 5822 secum
3138 5761 3407 5820 attulerit.

2277 5826 2290 5879 ί
2331 5820 2544 5902 scripta
2569 5843 2659 5887 an.
2684 5820 2813 5888 380.
