4014 6290
227 324 335 384 889

1457 319 1945 379 EPISTOLARUM
1983 320 2266 381 CLASSIS
2306 323 2345 379 I.

3428 327 3536 385 890

299 440 436 496 Tum
462 457 584 513 qua:
609 441 725 497 illic
747 440 1126 505 contineantur,
1158 439 1372 511 mystice
1404 437 1659 503 decursis,
1679 435 1833 492 Fsu-
1866 438 1920 499 Α
2014 438 2071 494 4.
2116 439 2137 477 τ
2181 439 2256 497 1ὺί
2306 453 2432 495 arca
2478 437 2813 496 Testamenti
2872 438 3113 512 undique
3177 454 3311 497 auro
3349 450 3489 499 tecta
3516 485 3534 510 ,

300 548 383 590 cts
408 534 914 590 administrationem
937 532 1209 606 praedicat,
1236 531 1604 602 polliceturque
1633 529 1839 602 adjuto-

303 645 386 684 res
410 629 459 684 ei
488 645 593 684 non
622 630 919 702 defuturos.

600 721 911 777 Aueuostus
938 728 963 757 ει
1007 719 1195 775 [εἐιιοι
1227 717 1482 774 salutem.

313 816 365 870 1.
407 814 527 870 Etsi
552 814 741 869 habitu
763 814 1017 884 corporis
1045 814 1222 868 minus
1246 812 1517 874 valebam,
1543 822 1725 867 tamen
1752 809 1842 867 ubi

237 920 546 963 sermonem
583 905 827 961 unanimi
854 904 983 959 mihi
1030 904 1266 974 pectoris
1292 903 1369 959 tui
1409 903 1546 974 legi,
1578 917 1687 959 non
1733 917 1844 958 me-

237 998 482 1053 diocrem
502 998 712 1067 sumpsi
739 996 809 1051 ad
837 994 1332 1053 convalescendum
1372 995 1600 1068 gratiam
1624 1037 1640 1061 ,
1686 995 1841 1066 quasi

236 1091 475 1163 quodam
506 1092 581 1146 toi
610 1090 834 1162 alloquii
865 1089 893 1130 1³
924 1090 1106 1162 puleio
1127 1088 1373 1155 reiotus;
1403 1089 1563 1146 simul
1593 1090 1718 1161 quia
1750 1104 1843 1146 ce-

239 1184 447 1240 lebrem
480 1182 704 1254 utrique
732 1192 977 1237 nostrum
1029 1182 1370 1238 annuntiasti
1425 1180 1568 1237 diem
1619 1179 1843 1246 adfore,

238 1292 350 1348 quo
406 1275 700 1345 suscepisti
760 1274 1124 1346 gubernacula
1173 1274 1372 1331 summi
1414 1272 1750 1339 sacerdotii,
1777 1272 1845 1329 de

239 1386 349 1442 quo
374 1378 503 1426 ante
543 1376 877 1425 momentum
925 1384 1047 1425 cum
1096 1368 1266 1424 fratre
1311 1377 1502 1423 nostro
1530 1379 1550 1405 π
1584 1367 1845 1422 Bassiano

242 1463 536 1535 loquebar.
577 1461 744 1516 Ortus
764 1462 908 1516 enim
944 1476 1125 1517 sermo
1149 1462 1219 1517 de
1242 1461 1504 1529 basilicas,
1529 1477 1688 1532 quant
1716 1476 1848 1516 con-

243 1559 386 1615 didit
411 1558 800 1630 Apostolorum
832 1558 1073 1627 nomine,
1116 1557 1461 1613 dedicatione
1484 1599 1500 1625 ,
1534 1556 1685 1613 dedit
1715 1556 1847 1612 huic

240 1652 487 1709 sermoni
515 1652 696 1717 viam;
747 1651 1014 1722 siquidem
1067 1651 1411 1722 signiﬁcabat
1456 1650 1601 1724 quod
1654 1650 1846 1707 sedulo

243 1754 353 1802 tua:
373 1752 646 1815 quaereret
675 1743 979 1799 sanetitatis
1010 1744 1378 1814 prmsentiam.

1948 529 2116 604 764
2136 531 2190 587 id
2221 531 2640 601 est,.doctrina
2690 532 2919 601 Christi,
2970 531 3215 590 doctrina
3256 535 3537 606 sapientia:

1949 624 2064 680 Dei.
2091 623 2167 681 lbi
2198 624 2400 681 dolium
2427 640 2655 682 aureum
2693 624 2900 682 habens
2941 639 3175 693 manna;
3224 636 3539 699 receptacu-

1947 715 2055 771 lum
2088 718 2301 774 scilicet
2326 717 2586 789 Spiritalis
2610 717 2904 786 alimoniae,
2930 726 2985 774 et
3008 716 3206 774 divinae
3224 728 3540 790 promptua-

1947 813 2087 867 rium
2132 813 2477 885 cognitionis.
2508 812 2587 869 lbi
2620 814 2765 885 virga
2793 814 2977 869 Aaron
3026 813 3239 886 insigne
3286 814 3543 870 sacerdo-

1948 904 2070 960 talis
2098 905 2310 975 gratiaz.
2343 904 2579 961 Aruerat
2609 916 2770 973 ante,
2824 904 2918 961 sed
2954 905 3005 960 in
3030 903 3247 963 Christo
3268 905 3535 962 reﬂoruit.

1946 997 2023 1054 1ὺί
2049 999 2343 1056 Cherubim
2366 1015 2530 1071 super
2551 1000 2766 1055 tabulas
2791 1000 3144 1067 Testamenti,
3176 1000 3427 1056 lectionis
3448 1016 3541 1058 co-

1946 1090 2116 1162 gnitio
2138 1105 2329 1147 sacrm.
2358 1091 2435 1147 lbi
2468 1092 2928 1163 pr0pitiatorium,
2957 1107 3120 1161 supra
3156 1092 3299 1163 quod
3341 1091 3396 1147 in
3445 1108 3540 1148 ex-

1948 1182 2113 1240 celsis
2140 1184 2285 1240 Deus
2310 1184 2543 1240 Verbum
2567 1192 2673 1252 est,
2713 1185 2890 1256 imago
2940 1184 3225 1241 invisibilis
3260 1185 3353 1241 Dei
3401 1184 3543 1259 (Co-

1947 1276 2073 1333 loss.
2106 1293 2145 1343 t,
2178 1276 2307 1347 15),
2339 1277 2481 1348 quod
2529 1277 2623 1333 tibi
2672 1277 2839 1332 dicit:
2877 1276 3085 1349 Loquar
3111 1290 3281 1332 tecum
3325 1278 3542 1350 desuper

1947 1371 2360 1444 pr0pitiatorium
2414 1372 2477 1425 de
2533 1371 2703 1427 medio
2750 1371 2973 1426 duorum
3006 1369 3285 1427 Cherubim
3316 1371 3335 1444 (
3366 1370 3539 1427 Exod.

1953 1480 2083 1531 xxv,
2116 1464 2188 1519 22
2215 1463 2272 1536 );
2318 1465 2398 1521 sic
2423 1465 2568 1522 enim
2608 1465 2849 1537 loquitur
2872 1466 3182 1535 nobiscum,
3214 1475 3396 1522 utnos
3426 1466 3546 1536 ejus

1948 1569 2256 1612 sermonem
2285 1556 2650 1629 intelligamus
2677 1575 2689 1612 :
2719 1558 2805 1614 vel
2830 1558 2953 1630 quia
2985 1574 3090 1614 non
3118 1559 3413 1624 mundana,
3444 1559 3541 1614 sed

1952 1647 2311 1721 intelligibilia
2352 1650 2612 1722 loquitur,
2643 1649 2783 1707 sicut
2805 1654 2919 1707 ait:
2950 1651 3194 1725 Aperiunt
3224 1653 3278 1708 in
3322 1652 3545 1726 parabo-

1952 1740 2014 1795 lis
2045 1757 2100 1796 os
2126 1757 2298 1796 meum
2338 1741 2529 1815 (Psal.
2564 1759 2767 1807 t.xxvu,
2789 1741 2881 1817 2).
2926 1742 3032 1802 Ubi
3070 1743 3216 1800 enim
3251 1745 3503 1802 Christus
3525 1789 3543 1815 ,

312 1838 371 1894 2.
411 1837 550 1894 Tum
594 1852 695 1909 ego
740 1838 941 1892 nostris
965 1836 1163 1892 fabulis
1188 1837 1394 1893 intexui
1436 1834 1463 1874 ί¹
1496 1837 1641 1893 diem
1690 1847 1842 1891 nata-
1872 1841 1919 1901 Β
1948 1834 2020 1890 ibi
2050 1837 2253 1903 omnia,
2278 1836 2349 1891 ibi
2372 1837 2618 1893 doctrina
2640 1838 2781 1910 ejus,
2806 1838 2877 1894 ibi
2900 1847 3144 1909 peccator
3160 1855 3248 1893 um
3266 1840 3543 1907 remissio,

244 1930 316 1987 lis
349 1930 452 1995 tui,
484 1928 577 2001 qui
604 1928 741 1984 foret
766 1929 819 1983 in
851 1928 1073 1984 exordio
1103 1930 1220 1998 ipso
1237 1927 1591 1985 kalendarum
1617 1928 1848 1983 Novem-

244 2021 431 2077 brium
460 2040 474 2077 :
506 2035 774 2092 eumque,
804 2021 849 2077 si
882 2036 990 2076 non
1040 2019 1256 2077 fallerer
1278 2063 1292 2086 ,
1346 2023 1809 2094 appropinquassc
1829 2064 1844 2088 ,

243 2128 303 2174 et
329 2116 567 2173 crastina
606 2114 994 2172 celebrandum
1025 2114 1144 2182 die;
1178 2114 1321 2171 unde
1353 2116 1581 2185 posthac
1603 2131 1709 2170 non
1740 2130 1842 2170 ex—

243 2221 589 2267 cusaturum.
611 2208 843 2265 Promisi
878 2223 1011 2279 ergo
1039 2208 1108 2265 de
1138 2218 1222 2273 te.
1276 2210 1533 2279 quoniam
1585 2218 1640 2265 et
1666 2208 1763 2264 tibi
1794 2208 1848 2264 id

242 2301 318 2357 de
345 2317 432 2356 me
462 2300 629 2357 licet:
660 2301 883 2371 promisi
917 2300 1026 2366 illi,
1059 2302 1220 2372 exegi
1248 2301 1412 2368 mihi;
1458 2313 1848 2372 prtesumptum

242 2393 396 2449 enim
430 2393 605 2449 habeo
628 2392 775 2463 quod
806 2390 1075 2471 affuturus
1119 2394 1217 2460 sis,
1262 2394 1388 2465 quia
1430 2394 1600 2450 debes
1631 2395 1846 2452 adesse.

245 2486 371 2542 Non
401 2502 533 2558 ergo
558 2497 611 2542 te
632 2486 808 2557 magis
837 2503 1018 2543 meum
1050 2488 1381 2558 promissum
1413 2488 1649 2555 tenebit,
1683 2505 1847 2561 quam

246 2588 403 2634 tuum
431 2578 737 2635 institutum
759 2620 775 2646 ,
806 2580 896 2650 qui
927 2580 979 2635 id
1012 2589 1035 2618 ο
1065 2580 1119 2636 in
1166 2582 1407 2636 animum
1444 2582 1692 2639 iudueris
1716 2624 1732 2650 ,
1793 2593 1853 2639 ut

245 2672 394 2744 quod
447 2682 665 2743 oportet
714 2672 902 2729 facias.
948 2672 1204 2731 Advertis
1245 2676 1426 2746 itaque
1452 2676 1578 2747 quia
1608 2687 1848 2732 nontam

247 2764 511 2836 promissi
549 2764 750 2832 audax,
782 2780 945 2836 quam
972 2766 1044 2820 tui
1073 2767 1332 2823 conscius
1365 2767 1518 2823 fratri
1555 2769 1850 2839 spopondi.

252 2856 387 2913 Veni
419 2857 603 2928 igitur,
633 2873 700 2914 ne
731 2856 873 2915 duos
899 2858 1215 2916 sacerdotes
1255 2860 1552 2932 redarguas
1584 2880 1597 2917 :
1632 2871 1687 2919 te
1714 2903 1730 2928 ,
1757 2862 1852 2933 qui

249 2966 364 3008 non
388 2951 660 3018 adfueris;
684 2961 739 3008 et
764 2967 873 3019 me,
902 2954 992 3023 qui
1020 2960 1126 3008 tam
1151 2951 1314 3008 facile
1342 2948 1705 3024 promiserim.

325 3046 385 3102 3.
428 3043 673 3099 Natalem
692 3053 873 3099 autem
904 3053 1055 3099 tuum
1087 3059 1480 3116 prosequemur
1499 3047 1700 3102 nostris
1732 3062 1858 3103 ora-

253 3136 522 3202 tionibus,
553 3147 611 3192 et
640 3146 695 3191 tu
729 3137 903 3193 nostri
923 3138 977 3193 in
1010 3139 1117 3194 tuis
1145 3139 1290 3194 votis
1336 3154 1446 3194 non
1485 3139 1853 3196 obliviscaris.

1950 1927 2020 1983 ibi
2043 1930 2238 1999 gratia,
2266 1930 2338 1984 ibi
2372 1932 2643 2001 separatio
2668 1939 3006 1987 mortuorum
3054 1945 3119 1987 ac
3146 1932 3469 1988 viventium.

2021 2022 2073 2077 5.
2120 2022 2183 2076 lit
2211 2024 2387 2078 Aaron
2416 2024 2634 2095 quidem
2659 2025 2827 2081 semel
2851 2024 3002 2080 stetit
3033 2026 3086 2081 in
3112 2025 3295 2081 medio
3315 2041 3507 2082 eorum
3528 2068 3543 2093 ,

1949 2112 2216 2182 objiciens
2245 2130 2324 2182 se,
2354 2131 2421 2171 ne
2450 2130 2596 2171 mors
2618 2117 2878 2172 transiret
2903 2116 2969 2173 ad
2995 2117 3290 2173 viventium
3332 2119 3546 2189 agmina

1951 2222 1980 2261 a
2007 2208 2287 2265 funeribus
2330 2218 2665 2264 mortuorum
2697 2208 2883 2281 (Num.
2913 2226 3030 2276 xvt,
3059 2209 3153 2279 47,
3181 2210 3297 2283 18).
3334 2211 3431 2267 llic
3451 2227 3549 2267 au-

1954 2311 2059 2357 tem
2106 2303 2257 2373 quasi
2292 2301 2529 2357 Verbum
2572 2317 2792 2373 semper
2818 2310 2928 2358 stat
2972 2302 3025 2358 in
3078 2305 3346 2374 singulis,
3387 2320 3547 2376 quem

1954 2412 2054 2452 nos
2100 2410 2206 2450 non
2249 2395 2517 2461 videmus,
2562 2394 2706 2450 intra
2757 2410 2857 2450 nos
2897 2410 3165 2465 separans
3194 2396 3548 2452 rationabiles

1953 2488 2182 2543 virtutes
2224 2503 2252 2541 a
2282 2487 2637 2543 cadaveribus
2671 2486 2982 2558 passionum
3015 2486 3315 2555 lethalium,
3348 2497 3403 2543 et
3431 2502 3552 2557 pes-

1956 2580 2225 2636 tilentium
2253 2580 2663 2651 cogitatiomtm.
2699 2579 2795 2634 Hic
2826 2588 2955 2643 stat,
3006 2578 3167 2650 quasi
3196 2580 3288 2649 qui
3317 2579 3371 2634 in
3405 2579 3549 2636 hunc

1957 2674 2217 2729 mundum
2243 2672 2473 2740 venerit,
2505 2681 2565 2727 ut
2593 2672 2838 2727 aculeum
2871 2672 3062 2727 mortis
3094 2670 3415 2737 hebetaret,
3458 2672 3553 2727 de-

1956 2765 2294 2821 voratorium
2319 2766 2439 2836 ejus
2463 2765 2775 2819 obstruerct
2798 2802 2814 2830 ,
2846 2764 3152 2819 viventibus
3188 2764 3549 2820 aeternitatem

1954 2859 2142 2931 gratia:
2169 2858 2363 2924 daret,
2412 2856 2683 2912 defunctis
2721 2854 3552 2911 resurrectionemconcederet

1959 2950 2163 3021 (Hebr.
2199 2967 2254 3017 ιι,
2286 2948 2543 3022 14,15).

2031 3049 2084 3106 6.
2130 3048 2264 3104 llnic
2290 3056 2345 3106 tu
2378 3047 2580 3102 militas
2608 3045 2804 3101 bonam
2837 3046 3088 3100 militiam
3118 3044 3163 3118 (1
3200 3044 3332 3098 Tim.
3362 3060 3400 3112 ι,
3432 3044 3550 3114 18),

1959 3141 2119 3213 lmjus
2149 3141 2456 3211 depositum
2477 3137 2742 3206 custodis,
2774 3138 2933 3208 hujus
2981 3137 3265 3207 pecuniam
3298 3138 3513 3192 feneras
3534 3178 3551 3204 ,

252 3232 338 3289 Te
370 3239 556 3286 noster
581 3230 808 3301 spiritus
833 3230 1230 3286 comitabitur:
1263 3241 1319 3286 tu
1341 3245 1558 3302 quoque
1604 3247 1727 3287 cum
1769 3234 1852 3288 in-
1881 3235 1926 3298 C
1957 3233 2253 3290 secundum
2306 3232 2451 3303 quod
2492 3231 2756 3301 scriptum
2801 3240 2886 3286 est
2931 3248 2944 3284 :
2983 3226 3267 3284 Fencrabis
3318 3228 3554 3301 gentibus

253 3323 524 3397 gredieris
552 3325 853 3380 secundant
884 3324 1314 3391 tabernaculum,
1337 3325 1479 3395 quod
1502 3324 1703 3381 dicitur
1727 3340 1856 3380 san-

257 3428 348 3475 cta
378 3428 686 3474 sanctorum
722 3415 920 3490 (Exod.
952 3434 1103 3482 xxvi,
1125 3415 1193 3472 55
1215 3427 1262 3472 et
1285 3415 1416 3490 seq.)
1441 3433 1457 3476 :
1485 3418 1648 3472 facito
1671 3426 1861 3473 nostro

255 3524 450 3576 more,
500 3518 555 3564 ut
578 3524 679 3567 nos
713 3523 931 3581 quoque
977 3521 1151 3564 tecum
1203 3508 1448 3564 inducas.
1500 3508 1633 3564 Cum
1664 3509 1859 3579 spiritu

255 3603 449 3659 adoles
472 3618 698 3658 aureum
726 3601 856 3656 illud
892 3600 1413 3675 thymiamaterium,
1447 3616 1647 3657 nosne
1694 3602 1863 3658 inter-

256 3696 511 3759 miseris;
547 3696 722 3767 ipsum
747 3703 831 3751 est
852 3696 995 3751 enim
1027 3694 1168 3765 quod
1199 3695 1251 3750 in
1279 3694 1519 3750 secundo
1542 3695 1862 3754 tabernacu-

256 3794 313 3849 lo
345 3802 453 3857 est,
476 3791 544 3846 de
575 3807 682 3861 quo
706 3792 861 3861 plena
890 3791 1170 3862 sapientiae
1192 3789 1366 3845 oratio
1391 3800 1480 3846 tua
1508 3790 1648 3846 sicut
1675 3791 1861 3846 incen-

254 3900 380 3940 sum
411 3883 660 3954 dirigitur
683 3883 749 3938 ad
779 3882 1045 3939 ctelestia.

336 4008 367 4038 ⁸
405 3998 608 4055 Omnes
658 3997 813 4062 edit.,
848 3993 1016 4050 Felici
1060 3993 1298 4051 Comensi
1341 3995 1623 4067 episcopo;
1670 4008 1864 4067 omnes

259 4086 425 4136 mss.,
458 4067 627 4123 Felici
647 4073 887 4131 salutem,
916 4077 1115 4139 praeter
1137 4081 1337 4137 paucos
1365 4067 1418 4120 in
1437 4135 1454 4139 _
1460 4066 1665 4139 quibus
1703 4066 1865 4139 omit.

259 4146 397 4199 titur
413 4134 657 4200 salutem.
687 4149 743 4196 et
766 4134 982 4194 Tbua'n.
1023 4140 1112 4199 ιιὺί
1138 4134 1396 4194 Ἰιιώθιιηι
1427 4134 1718 4191 Feliciano.
1745 4136 1861 4192 Non

258 4213 396 4270 satis
424 4207 590 4268 recte'.
640 4211 797 4267 Hune
848 4227 1012 4280 porro
1068 4210 1302 4265 Felicem
1334 4209 1591 4265 Comensi
1635 4208 1862 4265 dioecesi

264 4284 555 4355 praefuisse
577 4283 735 4353 hujus
763 4283 1008 4350 epistolae
1053 4288 1342 4337 contextus
1397 4290 1586 4355 aperte
1626 4282 1860 4350 probat;

259 4352 523 4413 enuidem
554 4352 735 4409 autem
767 4369 888 4409 esse
918 4369 1039 4408 cum
1063 4368 1147 4419 eo,
1177 4355 1243 4407 ad
1266 4368 1425 4421 quem
1454 4352 1637 4406 datum
1659 4362 1742 4405 est
1768 4366 1859 4406 su-

262 4430 453 4500 perius
475 4426 809 4500 epistolium,
840 4443 946 4480 non
984 4442 1017 4480 e
1044 4425 1417 4500 llttllllllt!‘§0l0
1444 4424 1622 4500 colligi
1655 4424 1817 4500 datur
1842 4465 1856 4487 ,

260 4494 361 4556 sed
396 4499 735 4568 potissimum
768 4512 832 4551 ex
863 4498 1168 4568 argumenti
1222 4494 1509 4568 affinitate.
1554 4494 1690 4568 Cum
1714 4496 1858 4550 enim

266 4567 439 4627 Felici
465 4568 744 4625 excusanti
772 4568 915 4639 quod
939 4567 1064 4622 non
1092 4568 1353 4639 venisset,
1404 4567 1615 4636 priores
1654 4567 1861 4639 littera:

262 4644 556 4698 destinata:
578 4649 782 4706 essent,
817 4640 899 4693 bas
949 4642 1079 4710 ipsa:
1127 4653 1235 4692 non
1282 4638 1857 4710 tglbscuramejnsdem

1960 3326 2161 3401 (Deut.
2193 3342 2284 3393 xv,
2309 3325 2394 3398 6).
2424 3325 2631 3380 Bonum
2660 3325 2815 3379 fenus
2843 3322 3106 3393 spiritalis
3130 3321 3317 3392 gratim
3343 3362 3358 3385 ,
3405 3320 3551 3391 quod

1961 3417 2189 3475 veniens
2220 3417 2485 3473 Dominus
2512 3432 2632 3472 cum
2660 3415 2842 3471 usuris
2868 3415 3045 3485 exiget
3069 3432 3083 3482 ;
3115 3423 3168 3470 et
3187 3429 3308 3469 eum
3344 3421 3395 3468 te
3419 3412 3557 3468 bene

1961 3512 2309 3582 dispensasse
2338 3508 2629 3572 invenerit,
2662 3507 2813 3563 dabit
2846 3508 2939 3561 tibi
2966 3506 3116 3577 plura
3162 3521 3260 3576 pro
3290 3505 3560 3574 pauciori-

1965 3607 2100 3662 bus:
2147 3604 2358 3675 eritqne
2387 3602 2517 3657 mihi
2560 3599 2770 3656 fructus
2802 3599 3174 3666 dulcissimus,
3208 3596 3350 3670 quod
3375 3612 3555 3653 meum

1966 3699 2022 3755 in
2056 3696 2388 3768 tejudicium
2419 3694 2884 3765 comprobabitur.
2921 3703 2945 3739 κ
2971 3692 3255 3749 Ordinatio
3310 3705 3415 3746 non
3469 3706 3557 3745 re-

1966 3789 2358 3864 prehendetur,
2387 3805 2547 3861 quam
2579 3788 2833 3856 accepisti
2876 3802 2971 3857 per
3002 3785 3399 3857 impositionem
3444 3799 3558 3839 ma-

1968 3876 2132 3939 nuum
2167 3896 2431 3948 mearum,
2477 3889 2534 3936 et
2565 3879 2998 3935 benedictionem
3031 3878 3083 3932 in
3116 3877 3335 3932 nomine
3377 3875 3562 3930 Domi-

1970 3994 2146 4078 leium.
2177 3993 2390 4078 enim?
2420 3990 2535 4078 sive
2562 3991 2793 4078 γλήχων.
2837 3989 2930 4043 Est
2956 3988 3132 4078 etiam‘
3147 3986 3318 4078 herba
3352 3985 3554 4078 poliunt

1968 4067 2111 4148 dicta
2144 4059 2288 4148 πίαρᾶ
2300 4059 2407 4148 ’τῆς
2428 4059 2727 4148 πδλιᾶτηιέρς
2747 4076 2824 4148 .ne
2850 4059 3070 4148 canitie.
3096 4059 3169 4114 De
3188 4072 3414 4148 quarunt
3436 4069 3555 4109 allt-

1970 4138 2160 4192 barmn
2189 4128 2481 4190 virtutibus
2502 4135 2723 4187 consule
2751 4130 3120 4185 Dioscoridem
3144 4139 3304 4199 atque
3326 4128 3481 4199 alios.

2043 4219 2065 4246 ο
2109 4207 2244 4262 Cod.
2274 4206 2404 4261 ιωι.
2433 4215 2489 4260 et
2510 4203 2722 4268 Carol.,
2749 4200 3079 4267 Bassiliauo;
3111 4197 3296 4255 ca-teri
3318 4210 3373 4254 et
3393 4197 3555 4264 edit.,

1967 4279 2243 4334 Bassiano.
2270 4276 2608 4346 Subscripsit
2631 4276 2677 4329 is
2704 4273 2937 4327 concilio
2982 4270 3316 4346 Aquileiettsi
3346 4280 3395 4346 et
3414 4271 3554 4346 _ep't-

1967 4353 2122 4406 suda:
2163 4350 2229 4404 ad
2263 4340 2558 4421 Syriciutn,
2591 4363 2655 4421 ac
2682 4345 2969 4421 utrobique
2997 4344 3137 4421 sicut
3167 4351 3220 4421 et
3254 4341 3395 4421 apud
3414 4340 3556 4396 Pau-

1962 4424 2131 4478 linum
2160 4422 2211 4476 in
2239 4415 2347 4475 vita
2372 4418 2645 4475 Ambrosii
2678 4427 2899 4472 vocatur
2921 4415 3220 4471 Landensis
3244 4416 3554 4482 episcopus.

1963 4494 2209 4550 Basilicas
2236 4493 2303 4548 ab
2323 4490 2518 4547 eodem
2540 4490 2775 4547 conditze
2804 4487 3046 4543 meminit
3068 4485 3351 4558 Ugltellns,
3377 4493 3436 4540 ut
3450 4484 3558 4540 dic-

1963 4577 2074 4620 tum
2099 4574 2183 4620 est
2212 4566 2262 4618 in
2292 4564 2697 4618 Admonitione.
2722 4560 2853 4629 Ejus
2878 4576 3007 4614 vero
3022 4557 3217 4614 nomen
3238 4557 3562 4627 inscriptum

1962 4638 2089 4692 albo
2113 4645 2432 4691 sanctorum
2455 4636 2651 4705 legitur
2680 4648 2767 4687 xxv
2794 4631 2906 4686 kal.
2938 4629 3287 4705 Februarias.

262 4712 638 4771 excusationis
666 4698 865 4767 faciunt
890 4698 1241 4781 mentionem.
1275 4707 1432 4781 Adde
1458 4709 1600 4777 quod
1633 4698 1861 4779 utraque
1892 4723 1947 4781 D
2041 4706 2068 4745 ά
2108 4708 2433 4781 Ambrosius
2483 4698 2918 4781 anniversarium
2959 4698 3396 4781 consecrationis
3433 4699 3560 4781 epi-

262 4786 333 4842 ad
351 4783 959 4848 familiarissimum,nec
980 4781 1146 4835 nimio
1162 4779 1449 4834 intervallo
1462 4791 1727 4834 semotum
1740 4781 1867 4836 scri-

265 4868 377 4929 pta:
403 4865 827 4929 cognoscuntur.
862 4853 1031 4929 Hujus
1062 4850 1280 4929 Eclicis,
1312 4850 1470 4919 cujus
1490 4866 1685 4929 nomen
1705 4866 1863 4929 sanc-

266 4923 449 4985 iurum
476 4923 721 4995 catalogo
745 4926 910 4981 inseri
937 4924 1154 4987 meruit,
1172 4923 1369 4995 festum
1392 4923 1867 4995 renuntiatur-hmi-

264 5003 361 5055 die
390 5000 508 5053 idus
536 4992 710 5052 Julias
737 4997 789 5052 in
815 4996 933 5051 lucc
956 4997 1118 5059 verba
1144 5012 1159 5050 :
1192 4993 1475 5047 Novoconti
1503 4995 1669 5047 sancti
1722 4992 1867 5048 Feli—

264 5074 345 5128 cis
373 5070 528 5143 primi
554 5068 1037 5143 ejusdemcivitatis
1062 5064 1480 5143 episcopi._Eotn
1506 5063 1766 5143 Ughellus
1788 5081 1869 5143 as-_

266 5135 408 5199 serit
457 5140 526 5195 ab
556 5135 844 5195 Ambrosio
872 5155 978 5193 non
1009 5135 1282 5207 tamquam
1313 5135 1749 5260 Metrqpolitano,
1773 5136 1868 5190 sed

268 5227 546 5260 Iamnltttm
574 5211 879 5260 apostolico
906 5209 1086 5260 leuato
1116 5209 1434 5260 eoisconum
1507 5205 1748 5260 omensis
1773 5207 1868 5260 Ec-

268 5227 559 5285 tamquam
574 5211 879 5285 apostolico
906 5209 1086 5280 legato
1116 5205 1434 5285 episcopum
1453 5205 1874 5285 ComensisEc-

265 5276 459 5343 etesia:
490 5276 661 5338 luisse
689 5276 993 5335 institutum
1020 5296 1035 5345 ;
1068 5276 1191 5334 cum
1224 5279 1338 5332 haec
1369 5277 1533 5333 sedes
1553 5276 1874 5347 Aquileien-

269 5363 319 5413 εἰ
352 5369 648 5425 numquam
678 5352 918 5421 subjecta
951 5366 1056 5406 non
1077 5347 1278 5425 fuerit:
1307 5353 1393 5425 At_
1415 5349 1619 5404 nullum
1651 5357 1874 5425 senten-

273 5431 364 5485 tiro
394 5419 919 5494 suteargumcntum
971 5422 1195 5489 profert.
1242 5419 1398 5494 Quod
1447 5435 1578 5494 vero
1621 5420 1874 5494 eumdem

273 5500 513 5571 primum
541 5490 841 5571 Novocomi
873 5493 1082 5571 sedisse
1105 5492 1371 5571 negat_,__id
1403 5506 1507 5545 non
1562 5490 1754 5571 injuria
1784 5507 1875 5571 _ex

272 5560 465 5627 ultima
497 5577 654 5639 parte
683 5564 1116 5639 hujus_.epistol-.e
1146 5562 1319 5618 refelli
1345 5572 1543 5633 potest.
1577 5560 1835 5633 Expende
1860 5603 1875 5628 ,

274 5646 476 5706 lector,
501 5635 560 5694 et.
592 5635 901 5705 pronuntia.

348 5714 375 5753 ιι
423 5704 523 5767 Ubi
552 5704 687 5764 edit.
725 5706 949 5779 pulegio,
980 5704 1359 5779 mss.,_habent
1410 5705 1607 5779 partim
1655 5705 1826 5779 poleio
1862 5745 1876 5769 ,

298 5775 732 5851 ‘artimpuleio.’
782 5775 1262 5846 tsuue'pulegiUIn
1298 5786 1365 5830 et'
1407 5775 1644 5840 puleium
1688 5775 1877 5842 e'detu

276 5803 453 5911 lium
482 5862 607 5911 est;
644 5777 873 5911 lcgrinus
903 5844 1050 5904 enim
1091 5849 1144 5904 in
1191 5846 1403 5903 Classis
1452 5790 1749 5903 Philoxcnl‘
1788 5852 1877 5911 ‘pus

297 5874 349 5914 N:

357 5856 453 5911 rba
482 5844 607 5917 est;
644 5844 873 5921 legimus
903 5844 1050 5904 enim
1091 5844 1144 5904 in
1191 5846 1403 5903 Classis
1452 5844 1733 5903 Philoxcni
1788 5852 1880 5912 ‘pus

1974 4780 2211 4849 scopalis
2240 4779 2385 4833 diem
2415 4776 2519 4832 hoc
2547 4778 2666 4849 loco
2684 4786 2841 4830 vocat
2863 4774 3001 4849 diem
3026 4774 3240 4849 natalis1
3264 4786 3373 4843 quo
3394 4770 3557 4824 etiam

1975 4843 2135 4905 modo
2159 4848 2330 4903 illum'
2354 4857 2578 4904 vocarat
2603 4848 2695 4902 lib.
2747 4862 2841 4902 vnt
2879 4847 3078 4915 Expos.
3133 4846 3183 4899 in
3218 4843 3369 4915 Luc.
3408 4855 3557 4894 Iltllll.

1974 4923 2063 4978 73.
2096 4920 2230 4976 Cum
2257 4927 2438 4975 autem
2463 4920 2571 4990 jam
2601 4919 2671 4974 ibi
2701 4911 3033 4991 nonniltilde
3056 4911 3446 4991 consuetudine
3470 4924 3558 4991 ce:

1976 4991 2225 5049 lebrandi
2276 4992 2396 5060 ejus
2445 4983 2549 5046 diei
2602 4991 2946 5045 observatum
2971 4988 3060 5055 sit,
3092 4987 3143 5042 id
3172 5001 3332 5060 unum
3362 4983 3562 5053 placuit

1975 5055 2591 5140 hic_addere,‘eutn_qui
2616 5061 2834 5116 uberius
2855 5060 3133 5140 quidpiam
3165 5057 3232 5140 de
3265 5055 3365 5140 hoc
3408 5066 3560 5140 more

1974 5124 2413 5197 desideraverit,
2445 5124 2596 5203 plura
2638 5124 3057 5203 reperturom'in
3088 5126 3245 5183 Notis
3290 5124 3565 5180 Casaubo—

1976 5210 2029 5262 ni
2058 5206 2122 5262 ad
2143 5201 2514 5273 Spartianum,
2544 5218 2666 5273 pag.
2692 5201 2761 5273 10
2780 5242 2797 5266 ,
2823 5217 2875 5256 η.
2902 5201 2993 5255 45.

2050 5290 2074 5316 θ
2118 5271 2291 5343 Edit.,
2320 5277 2375 5330 in
2407 5271 2639 5329 animum
2666 5271 2957 5326 induxeris.
3062 5339 3103 5345 _
3366 5333 3393 5345 ν,

2051 5348 2070 5387 ί
2114 5339 2579 5417 Quemadmodum
2616 5345 2710 5417 hic
2728 5358 2822 5417 per
2851 5357 3031 5417 arcam
3061 5339 3398 5417 Testamenti
3442 5348 3569 5417 san-

1981 5404 2193 5476 ctoru~m
2225 5417 2638 5489 Evangeliorum
2683 5404 2818 5489 liber
2861 5413 3192 5489 designatur,
3222 5410 3292 5462 ita
3341 5420 3439 5476 per
3468 5404 3567 5489 (lo-

1984 5475 2113 5546 lium
2144 5475 2599 5546 aurenmvmanna
2624 5486 2884 5541 refertum
2911 5475 3257 5551 sig‘nilicatur
3279 5491 3432 5551 sacra
3480 5475 3568 5528 illa

1986 5562 2165 5632 pyxis,
2189 5564 2241 5618 in
2265 5562 2368 5632 Qua
2392 5558 2719 5614 servabatur
2740 5549 3010 5632 adoranda
3041 5549 3391 5606 euchariSIia.

2058 5641 2083 5680 ις
2123 5623 2362 5689 Ᾰόνεὲῑθ
2393 5632 2696 5685 institutum
2728 5623 3047 5690 episc0pum
3091 5635 3385 5691 numquam
3422 5633 3577 5688 repe-

1986 5702 2107 5771 riri,
2138 5705 2241 5759 nisi
2267 5719 2364 5774 per
2392 5710 2646 5774 manuum
2670 5692 3086 5774 alterinsetiatn
3120 5690 3364 5774 episeopi
3404 5692 3575 5774 impo—

1985 5761 2237 5844 sitionem
2267 5761 2283 5830 Ξ
2316 5772 2405 5843 qui
2439 5781 2555 5824 mos
2584 5776 2790 5820 temere
2815 5762 3124 5831 antiquatus
3148 5761 3232 5819 est
3286 5763 3356 5819 ab
3404 5761 3580 5817 luere.
3648 5834 3657 5844 _

1989 5842 2134 5901 licis.
