4014 6290
182 261 280 316 8‘37

1339 252 1824 312 EPISTOLARUM
1864 251 1952 310 CL
1969 249 2153 311 KSSIS
2191 251 2229 307 Ι.

3357 254 3468 311 898

179 377 187 436 1
250 373 330 428 18.
359 369 666 438 Quamlibet
692 379 1134 442 argumentatus,
1167 384 1365 441 negare
1404 387 1509 426 non
1542 373 1759 440 potuisti
1792 375 1842 434 Λ
1869 370 2134 424 insinuavi
2170 377 2371 424 saneta:
2402 369 2578 424 sorori
2611 366 2754 440 quod
2789 377 3001 438 peteres
3025 381 3209 424 coram
3243 369 3359 440 ipsa
3387 371 3469 425 iu-

179 467 312 535 quo-.l
339 464 402 517 ad
436 463 689 517 Iudiciam
722 465 1032 533 scripseris,
1068 464 1323 534 quoniam
1360 464 1628 519 Maximus
1665 480 1759 517 Seu

179 557 398 627 impulsu
426 556 655 612 aliorum
678 598 692 621 ,
722 571 818 611 seu
852 556 1046 612 dolore
1089 557 1313 628 proprio
1353 558 1559 612 crimen
1598 573 1763 629 grave

176 650 442 706 detulerit.
472 649 597 707 Sola
622 653 737 706 haec
765 651 998 722 epistola
1029 653 1160 707 satis
1191 661 1278 707 est
1307 651 1373 706 ad
1401 652 1762 708 accusationis

178 743 559 809 testimonium;
593 759 769 815 neque
790 743 936 798 enim
962 753 1012 798 te
1039 759 1139 815 ego
1171 744 1276 799 tuis
1307 744 1372 798 ad
1406 759 1493 800 me
1513 743 1655 799 datis
1679 743 1778 807 lit-_

177 838 299 894 teris
313 837 604 908 urgendum
630 838 840 907 putavi,
864 836 962 893 sed
987 836 1054 892 iis
1073 837 1227 894 lectis
1250 851 1384 908 quas
1405 835 1473 892 ad
1495 836 1760 908 virginem

175 929 413 998 dederas,
447 929 656 985 adverti
686 928 963 985 diversum
994 944 1136 996 esse,
1169 929 1309 1000 quod
1334 927 1400 983 ad
1426 943 1511 984 me
1532 928 1765 998 scripse-

173 1035 285 1086 ras;
309 1029 361 1076 et
391 1029 707 1076 tamencum
731 1021 982 1092 epistola:
1005 1028 1110 1076 tua;
1133 1021 1237 1076 sibi
1256 1035 1364 1075 non
1384 1020 1760 1087 convenirent,

172 1114 552 1171 consulendum
585 1124 667 1182 te,
698 1129 804 1169 non
831 1113 1164 1185 arguendum
1197 1113 1396 1183 putavi.
1437 1111 1576 1180 Quid
1605 1110 1765 1183 igitur

171 1207 266 1264 sibi
295 1207 407 1262 vult
434 1207 521 1261 illa
552 1207 972 1278 argumentatio,
996 1207 1118 1276 quia
1142 1205 1275 1262 illud
1309 1205 1586 1272 detulerit,
1617 1205 1763 1276 quod

170 1303 232 1357 ad
257 1318 340 1360 me
366 1301 687 1374 scripseras,
721 1301 954 1357 delatam
978 1301 1234 1356 videlicet
1253 1316 1372 1356 eam
1401 1301 1452 1356 in
1487 1300 1627 1372 turpi
1653 1301 1763 1356 cri-

169 1398 339 1462 mine;
372 1396 441 1451 ita
470 1406 526 1451 ut
555 1396 757 1451 editum
786 1395 1112 1464 etjobrutum
1147 1406 1356 1466 partum
1380 1395 1485 1450 dici
1515 1394 1766 1450 asserat?

167 1489 324 1557 Quasi
354 1505 484 1545 vero
514 1489 656 1545 istud
697 1489 764 1544 ad
796 1489 1070 1555 lndiciam,
1110 1505 1216 1544 non
1247 1493 1313 1544 ad
1346 1505 1433 1545 me
1460 1490 1762 1560 scripseris.

169 1582 256 1638 Illa
286 1583 371 1638 ubi
395 1582 602 1638 audivit
628 1583 824 1638 litteris
854 1585 959 1638 tuis
987 1583 1274 1639 Maximum
1297 1583 1525 1638 subduci
1543 1597 1769 1638 accusa-

1866 461 1999 530 spici
2027 461 2305 515 ctvisitari
2351 467 2706 515 memoratam
2738 459 3024 531 virginem.
3056 459 3126 514 At
3155 459 3247 514 illa
3279 471 3470 516 sancte

1865 552 2256 621 iuspemionem
2276 551 2496 622 quidem
2525 551 2815 617 recusavit,
2845 550 2940 604 sed
2966 549 3334 606 testimonium
3361 566 3468 604 non

1864 642 1912 697 di
1935 643 2177 710 clinavit,
2205 643 2395 699 dicens
2413 643 2546 698 nihil
2570 658 2627 699 se
2651 645 2703 698 in
2736 643 2934 699 Indicia
2963 643 3468 714 comprehendisse,

1865 736 1968 790 nisi
2001 738 2143 807 quod
2173 748 2320 793 esset
2351 737 2631 809 virginalis
2654 737 2875 809 pudoris
2904 747 2960 794 et
2988 739 3292 794 sanctitatis
3320 756 3333 792 :
3371 738 3469 793 ha-

1855 827 2065 883 bitasse
2091 844 2210 884 eam
2235 830 2425 884 Romae
2454 830 2507 885 in
2533 831 2696 886 domo
2718 840 2925 895 nostra,
2945 832 3101 888 nobis
3125 831 3467 897 absentibus,

1866 921 1996 975 nulli
2030 937 2147 976 eam
2173 921 2201 960 ι)
2229 937 2289 977 se
2319 923 2574 979 vitiorum
2609 923 2962 980 familiaritati
2990 924 3229 993 dedisse,
3275 934 3470 997 Optare

1864 1028 1987 1070 cum
2017 1030 2078 1070 ea
2103 1014 2202 1071 sibi
2230 1031 2258 1070 a
2281 1015 2512 1072 Domino
2532 1016 2662 1074 Jesu
2686 1026 2895 1090 partem
2929 1019 3194 1074 reservari
3219 1018 3270 1074 in
3301 1032 3471 1089 regno

1869 1106 1984 1161 Dt'i.

1934 1201 2026 1255 22.
2070 1202 2360 1260 Paternam
2392 1219 2610 1276 quoque
2634 1204 2795 1260 filiam
2826 1215 3070 1262 nostram
3097 1206 3471 1279 interrogavi,

1865 1294 2006 1365 quod
2037 1296 2104 1350 ab
2131 1312 2508 1367 ennumquam
2539 1298 2713 1353 soleat
2740 1297 3026 1354 discedere
3048 1340 3062 1364 ,
3097 1298 3253 1369 cujus
3283 1298 3469 1354 chari-

1869 1398 1952 1443 tas
1981 1389 2105 1444 vitae
2136 1389 2298 1460 hujus
2323 1391 2694 1446 testimonium
2727 1401 2831 1447 est.
2861 1391 3046 1462 Itaque
3076 1391 3178 1448 etsi
3209 1391 3352 1463 quod
3390 1393 3472 1447 in-

1864 1484 2041 1554 jurata
2069 1483 2300 1550 diceret,
2327 1483 2452 1539 ﬁdei
2491 1493 2836 1540 sacramento
2874 1484 3266 1540 conferendum
3301 1484 3478 1551 foret;

1876 1575 1977 1631 sub
2001 1575 2368 1632 obtestatione
2396 1585 2574 1632 tamen
2605 1577 2849 1647 professa
2871 1586 2953 1632 est
2976 1575 3207 1632 alienam
3240 1576 3488 1633 criminis

170 1675 314 1741 tioni,
348 1675 558 1731 litteras
586 1684 706 1731 tuas
735 1675 979 1746 protulit,
1015 1675 1211 1746 quibus
1237 1691 1363 1732 eum
1400 1675 1644 1731 criminis
1672 1674 1766 1730 de-
1871 1682 1977 1738 quo
1999 1668 2375 1738 aPPclebalur,
2422 1684 2523 1723 nec
2553 1669 2842 1739 quidquam
2877 1669 2928 1724 in
2969 1683 3032 1725 ea
3064 1670 3208 1726 seire
3237 1683 3297 1724 se
3323 1669 3480 1726 bona!

169 1767 387 1822 latorem
421 1767 707 1837 probavit:
735 1766 802 1823 ad
833 1784 917 1823 me
944 1768 1101 1824 datas
1129 1784 1233 1823 non
1262 1769 1484 1840 legerat,
1517 1783 1617 1824 nec
1639 1767 1764 1838 quid
1795 1757 1842 1820 B
1870 1777 2099 1817 vacuum
2137 1763 2589 1819 conversationis.
3400 1773 3405 1778 '

167 1858 448 1924 haberent,
484 1859 714 1915 sciebat.

241 1954 324 2009 19.
361 1951 474 2023 Ego
501 1953 969 2010 autetn‘exhorrni
996 1970 1024 2008 a
1060 1955 1233 2026 primo
1255 1954 1611 2019 calumniam,
1646 1953 1770 2024 quia

168 2045 512 2101 advertebant
535 2062 640 2102 non
663 2047 866 2103 crimen
895 2048 1124 2112 intendi,
1150 2047 1242 2102 sed
1267 2047 1520 2118 injuriam
1547 2048 1772 2118 virginis

171 2139 499 2209 desiderari,
530 2142 682 2212 cujus
710 2143 976 2213 inspectio
1006 2152 1060 2197 et
1090 2143 1330 2197 visitatio
1372 2142 1770 2212 postulabatur,

171 2250 272 2289 non
296 2234 516 2306 aliquod
546 2234 802 2306 ﬂagitium
834 2233 1204 2292 deferebatur.
1233 2235 1363 2303 Quis
1389 2235 1533 2290 enim
1567 2234 1708 2290 istud
1741 2250 1770 2290 a

172 2331 435 2401 principio
484 2329 675 2386 fraude
718 2331 1078 2401 compositum
1120 2344 1459 2401 nequaquam
1505 2331 1604 2386 sibi
1644 2345 1774 2386 con-

171 2437 361 2492 gruere
382 2434 434 2479 et
459 2423 754 2479 convenire
784 2439 888 2479 non
917 2424 1304 2479 arbitraretur?
1319 2422 1638 2479 Cucurrisse
1657 2439 1773 2478 mu-

173 2515 332 2570 lieres
363 2518 499 2571 viles
529 2525 554 2552 ⁸
580 2514 646 2572 ad
672 2518 1083 2584 monasterium,
1105 2517 1342 2586 jactasse
1376 2526 1586 2588 partum
1609 2516 1775 2588 virgi-

171 2607 272 2674 nis,
317 2617 372 2664 et
397 2623 589 2664 necem
622 2608 883 2681 pignoris,
916 2608 984 2664 de
1017 2609 1344 2664 monasterio
1373 2624 1644 2664 rumorem
1679 2624 1776 2679 per

171 2703 401 2770 populos
448 2717 735 2773 sparsum,
783 2718 1015 2773 eumque
1062 2701 1339 2758 afﬂuxisse
1371 2703 1421 2757 iu
1460 2717 1621 2758 aures
1653 2703 1775 2758 novi

170 2793 348 2850 altiuis
377 2796 622 2862 Maximi,
657 2796 725 2852 ab
757 2795 875 2866 ipso
910 2795 1310 2865 interpellatum
1341 2795 1675 2866 episcopum,
1700 2795 1776 2850 di-

171 2888 366 2944 missas
395 2903 492 2944 eas
532 2902 650 2958 quae
694 2888 899 2943 dixisse
928 2887 1267 2952 ferebantur,
1311 2887 1554 2957 atquein
1596 2887 1775 2955 fugam

172 2991 423 3048 coactas,
463 2990 522 3037 ut
550 2981 690 3052 apud
722 2996 822 3037 nos
853 2982 1024 3053 patuit
1058 3000 1071 3036 :
1104 2997 1200 3037 eus
1231 2982 1320 3056 qui
1360 2981 1576 3036 audisse
1604 2996 1662 3035 se
1691 2981 1776 3035 di-

173 3086 398 3140 cerent,
433 3075 500 3130 ad
545 3075 847 3132 Ecclesiam
892 3083 1113 3130 vocatos
1141 3074 1389 3146 prodisse
1432 3074 1695 3130 chatum
1727 3082 1782 3130 et

1942 1857 2033 1912 ‘25.
2067 1856 2343 1913 Nutricem
2367 1872 2584 1930 quoque
2609 1858 2796 1914 libera:
2826 1859 3157 1915 conditionis
3181 1860 3486 1931 interroga-

1870 1948 2068 2016 vimus,
2098 1949 2184 2005 cui
2213 1957 2268 2004 et
2298 1959 2474 2005 status
2505 1949 2924 2022 haudquaquam
2971 1952 3228 2023 degeneri
3253 1952 3479 2009 servitio

1871 2041 2144 2097 obnoxius
2173 2043 2479 2100 libertatem
2513 2059 2642 2100 vera
2675 2044 2878 2100 fatendi
2909 2045 3066 2102 daret
3087 2087 3101 2113 ,
3154 2054 3209 2102 et
3237 2046 3373 2102 fides
3401 2055 3485 2100 at-

1870 2147 1974 2205 que
2021 2145 2152 2190 tetas
2194 2135 2260 2191 ad
2316 2137 2603 2193 veritatem
2657 2139 3074 2208 astipularetur,
3122 2149 3176 2196 et
3228 2140 3481 2196 oflicium

1873 2229 2100 2285 nutricis
2151 2231 2218 2285 ad
2261 2231 2634 2302 cognitionem
2695 2235 2918 2289 secreti.
2955 2235 3032 2289 Ea
3078 2249 3297 2306 quoque
3345 2233 3511 2290 nihil-

1872 2335 1930 2376 se
1958 2321 2275 2378 indecorum
2325 2322 2546 2392 vidisse,
2579 2325 2711 2380 nihil
2761 2326 2866 2381 sibi
2897 2327 3053 2396 quasi
3085 2327 3301 2396 parenti
3331 2341 3486 2384 com-

1875 2415 2098 2468 missum
2131 2432 2160 2468 a
2186 2416 2393 2485 virgine
2422 2418 2600 2488 aliqua
2633 2416 2854 2488 dignum
2886 2417 3337 2489 reprehensione.

1945 2507 2036 2564 24.
2062 2507 2156 2563 His
2183 2510 2338 2577 moti,
2371 2509 2630 2567 lndiciam
2662 2511 2916 2568 inolfeusi
2945 2513 3210 2582 virginem
3245 2513 3490 2570 muneris

1877 2604 2392 2674 pronuntiavimus:
2433 2605 2726 2661 Maximum
2771 2615 2952 2663 autem
3003 2617 3059 2662 et
3108 2606 3381 2663 Renatum
3438 2615 3493 2662 et

1878 2698 2166 2754 Leontium
2201 2702 2276 2754 ita
2308 2699 2534 2756 involvit
2559 2701 2833 2758 sententia
2853 2743 2868 2770 ,
2892 2712 2950 2757 ut
2982 2701 3239 2768 Maximo,
3269 2703 3313 2757 si
3341 2717 3495 2758 erro-

1880 2807 1994 2848 rem
2023 2793 2365 2861 emendaret,
2414 2809 2542 2871 spes
2575 2795 2782 2851 reditus
2824 2805 3226 2862 reservaretur;
3250 2795 3495 2852 Renatus

1879 2897 2060 2940 autent
2101 2895 2156 2942 et
2187 2885 2448 2943 Leontius
2495 2889 2948 2944 exeommunieati
3001 2899 3324 2956 manerent,
3385 2889 3492 2946 nisi

1884 2977 2024 3034 forte
2056 2978 2286 3049 probata
2316 2981 2398 3034 sui
2423 2981 2761 3049 paenitentia,
2787 2989 2842 3036 et
2870 2981 3032 3052 hujus
3063 2981 3192 3037 facti
3235 2981 3496 3037 diuturna

1884 3071 2488 3144 deploratione,dignos
2513 3088 2576 3130 se
2597 3075 2908 3146 praeberent
2935 3075 3496 3146 misericordia.\'ale,

178 3124 232 3131 --
271 3124 358 3130 --η
381 3124 398 3140 ,
433 3124 500 3130 κ-
545 3124 847 3132 _-_-------_-
904 3124 1110 3130 ηπ---
1141 3124 1192 3146 Γ
1215 3124 1387 3130 --ηπ
1432 3124 1695 3130 _----_-_---
1732 3124 1779 3130 --
2513 3124 2574 3130 η
2599 3124 2908 3146 τ-π-----.-
2935 3124 3205 3132 -------.-,-

173 3168 490 3235 Leontium,
525 3170 661 3225 duos
691 3170 809 3225 illos
845 3169 1144 3240 iniquitatis
1167 3169 1333 3233 viros,
1366 3184 1500 3239 quos
1531 3168 1780 3238 apposuit
1808 3124 1853 3188 Ο
1886 3167 2068 3231 frater,
2103 3175 2158 3220 et
2185 3181 2286 3221 nos
2314 3166 2512 3236 dilige;
2539 3167 2662 3236 quia
2695 3181 2794 3221 nos
2824 3175 2876 3223 te
2905 3166 3205 3238 diligimus.

171 3263 396 3322 Jezabel
422 3264 516 3338 (Ill
543 3264 672 3337 Reg.
697 3281 808 3332 xxi,
832 3263 942 3337 10),
974 3263 1458 3335 redarguitDaniel
1479 3263 1641 3335 (Dan.
1659 3277 1773 3330 xm,

174 3356 301 3413 iSct
317 3357 1130 3430 seq.),snbornavitIudaeorum
1151 3358 1383 3428 pepulus
1403 3355 1773 3430 (Hall/LXXVI,

169 3449 263 3518 59,
293 3451 413 3522 60);
445 3461 507 3507 ut
527 3460 803 3507 auctorem
833 3452 954 3506 vitae
981 3467 1093 3506 sua:
1121 3451 1255 3505 falso
1283 3459 1605 3521 appeterent
1627 3450 1779 3506 testi-

173 3545 384 3599 monio.
406 3546 510 3614 Qui
530 3557 843 3601 tamencum
864 3547 1021 3600 simul
1046 3545 1481 3616 composuissent
1498 3543 1776 3614 flagitium,

174 3636 339 3691 simul
371 3636 600 3707 ingressi
631 3648 815 3694 essent
845 3638 984 3692 viam
1009 3679 1022 3702 ,
1070 3647 1126 3693 et
1169 3653 1237 3692 ne
1278 3637 1404 3708 quid
1435 3645 1778 3706 prazteream,

173 3729 421 3801 adjuncti
454 3731 711 3797 Maximo,
758 3731 1172 3800 comitantibus,
1227 3740 1284 3786 ut
1325 3731 1455 3787 dixit
1487 3731 1780 3796 Leontius,

173 3823 242 3881 iis
269 3826 364 3896 qui
389 3825 544 3880 illum
575 3841 848 3881 rumorem
881 3832 1216 3896 sparserant;
1247 3833 1424 3880 tamen
1460 3826 1548 3880 ubi
1580 3823 1632 3878 in
1663 3837 1783 3878 meo

173 3919 478 3974 astiterunt
504 3917 733 3988 judicio,
764 3933 885 3973 eum
915 3918 1090 3989 primo
1111 3918 1180 3975 de
1203 3919 1412 3989 origine
1437 3931 1613 3973 causae
1639 3933 1786 3988 qua:-

172 4027 390 4079 rerem,
427 4013 646 4069 diversa
669 4021 720 4068 et
747 4012 1004 4069 distantia
1037 4026 1349 4081 prompsere
1369 4053 1382 4076 ,
1411 4025 1517 4064 non
1542 4011 1782 4066 locorum

173 4106 450 4176 separati,
486 4106 580 4161 sed
613 4105 1017 4162 mendaciorum
1051 4103 1308 4159 divortio.

244 4199 342 4254 20.
388 4200 527 4256 Cum
559 4200 718 4270 igitur
748 4198 849 4254 sihi
882 4197 984 4268 ipsi
1015 4213 1125 4253 non
1166 4196 1551 4261 convenirent,
1581 4196 1786 4251 Mercu-

173 4297 319 4352 rium
355 4305 416 4352 et
437 4295 601 4351 Leam
634 4295 912 4350 vilissima:
941 4294 1266 4350 conditionis
1289 4301 1344 4348 et
1369 4291 1790 4348 detestabilioris

171 4390 447 4459 nequitiae
476 4403 736 4459 personas
774 4386 1246 4454 amandavissent,
1279 4384 1572 4456 aufugisset
1612 4383 1792 4438 Theu—

171 4481 328 4545 dule,
364 4497 482 4536 non
525 4481 706 4551 ignara
732 4477 1022 4550 objiciendi
1058 4478 1156 4534 sibi
1185 4476 1463 4543 facinoris,
1495 4475 1636 4546 quod
1666 4487 1792 4531 ante

173 4574 390 4631 lectum
429 4574 621 4628 Renati
653 4573 768 4629 sola
795 4573 1168 4641 cubitavisset,
1200 4572 1394 4628 ancilla
1418 4580 1616 4642 ιιι-ωειο
1647 4580 1796 4628 esset

172 4669 313 4736 alia,
346 4685 477 4740 quae
499 4678 691 4738 stupro
719 4668 961 4740 ejusdem
988 4668 1179 4723 Renati
1210 4682 1269 4723 se
1299 4667 1506 4723 diceret
1545 4666 1796 4736 coinqui-

172 4777 413 4827 natam;
449 4761 559 4818 'die
589 4763 747 4834 7'71
796 4762 944 4831 ipso,
991 4762 1082 4832 qui
1126 4761 1303 4815 dictus
1325 4769 1443 4816 erat
1467 4758 1796 4830 cognitioni,

175 4855 588 4910 subtraxerunt
621 4871 681 4910 se
710 4855 1088 4923 episcoporum
1126 4853 1446 4917 conventui',
1477 4852 1601 4907 licet
1631 4853 1793 4908 etiam

177 4948 369 5018 pridie
417 4947 602 5003 subito
629 4961 690 5002 se
729 4945 1066 5017 profecturos
1118 4943 1258 5000 idem
1303 4942 1545 5000 Renatus
1597 4944 1799 5000 clama-

174 5042 352 5098 verit.

133 5136 138 5141 ’
253 5135 358 5191 ει.
408 5132 568 5190 Unde
592 5149 694 5206 ego
717 5134 924 5206 judicio
953 5132 1266 5206 praescripsi
1317 5131 1496 5198 diem,
1526 5135 1595 5186 'et
1625 5142 1801 5187 tamen

175 5229 346 5286 nullo
379 5238 696 5296 accusante,
759 5229 924 5285 nullis
957 5226 1287 5284 testimoniis
1337 5226 1760 5297 perurgentibus
1787 5269 1800 5292 ,

255 5379 286 5407 ⁸
317 5369 384 5426 Si
421 5369 814 5424 monasterium
848 5366 948 5420 hoc
979 5364 1211 5422 Verona:
1250 5363 1556 5419 institutum
1587 5363 1813 5418 femina-

173 5457 309 5497 rum
342 5448 498 5504 erat,
529 5438 671 5507 quod
700 5437 934 5493 maxime
959 5436 1175 5493 videtur
1211 5436 1512 5507 verisimile
1532 5477 1546 5501 ,
1576 5435 1698 5490 inde
1725 5449 1817 5507 co-

171 5525 452 5584 gnoscas
479 5505 608 5584 illic
633 5524 664 5584 e
690 5509 1196 5584 sanctimonialibus
1219 5508 1355 5584 alias
1388 5506 1575 5584 fuisse,
1601 5522 1721 5584 qua:
1764 5505 1816 5559 in

172 5578 490 5639 communi
523 5580 860 5650 parthenone
893 5581 1174 5650 degerent,
1201 5581 1336 5633 alias
1361 5578 1563 5650 quzeiu
1586 5579 1697 5650 suis
1727 5584 1823 5632 aut

171 5660 503 5728 parentum
525 5649 780 5728 aedibus;
807 5649 1058 5728 privatim
1086 5653 1232 5728 enim
1256 5649 1820 5728 Ind-iciababitavihsse

171 5719 420 5795 iiquido
443 5738 509 5795 ex
530 5721 716 5778 multis
737 5719 897 5790 hujus
919 5723 1167 5795 epistolie
1190 5722 1324 5795 locis
1345 5721 1685 5795 intelligitur.
1711 5719 1819 5795 Sed

174 5792 348 5856 idem
401 5794 762 5852 observatum
791 5792 1006 5864 quoque
1035 5793 1159 5849 aliis
1202 5793 1335 5849 locis
1359 5835 1372 5859 ,
1403 5793 1480 5847 uti
1514 5807 1617 5846 nou
1651 5792 1820 5846 semel

2427 3260 2765 3318 EPISTOLA
2808 3260 2871 3315 Vl
2892 3271 2936 3315 ο.

1882 3352 2010 3410 Cum
2040 3353 2274 3409 SYAGBIO
2303 3353 2442 3422 quod
2474 3353 2735 3408 [adiciant
2779 3356 3166 3412 contumeliosa:
3191 3356 3499 3430 inspectiom'

1952 3447 2204 3501 sententia
2233 3463 2327 3501 sua
2350 3447 2679 3512 addixisset,
2721 3449 3023 3504 Ausuosws
3053 3451 3216 3505 amice
3241 3463 3491 3523 exposlu-

1957 3540 2062 3605 lat;
2092 3539 2237 3610 eique
2267 3539 2640 3594 atrocissimam
2663 3540 2936 3607 ultionem,
2967 3557 3123 3612 quant
3148 3542 3411 3599 Israelin
3431 3544 3494 3599 ob

1957 3632 2198 3685 violatam
2220 3632 2272 3685 in
2302 3630 2466 3685 levita:
2487 3647 2646 3686 uxore
2674 3633 2964 3688 castitatem
2989 3634 3354 3704 repetiverunt,
3378 3644 3498 3691 ante

1959 3725 2135 3780 oculos
2164 3742 2378 3796 ponens,
2409 3734 2568 3779 totam
2596 3727 2670 3781 rei
2698 3728 2884 3782 seriem
2909 3727 3168 3800 eleganter
3189 3729 3456 3788 describit.

2385 3818 2686 3876 AMBROSIUS
2732 3821 2986 3878 SYAGBIO.

1964 3915 2014 3968 l.
2058 3912 2188 3981 Quae
2210 3912 2319 3968 sint
2364 3913 2417 3967 in
2459 3922 2649 3966 nostro
2688 3911 2894 3982 judicio
2923 3913 3174 3980 decursa,
3217 3923 3498 3983 comperta

1891 4007 2124 4073 retines;
2183 4016 2238 4062 et
2293 4004 2415 4062 ideo
2444 4020 2587 4060 nunc
2619 4006 2772 4076 quasi
2803 4006 3000 4061 animae
3028 4007 3335 4076 portionem
3365 4023 3502 4063 con-

1896 4102 2056 4156 venio
2081 4115 2238 4168 meae,
2268 4100 2477 4156 habens
2499 4100 2640 4171 apud
2672 4112 2723 4156 te
2749 4114 2849 4172 pro
2876 4100 3143 4156 castitatis
3170 4100 3504 4156 contumelia

1893 4195 2217 4251 familiarem
2266 4204 2320 4251 et
2367 4194 2639 4250 dolentem
2689 4194 2992 4266 querelam.
3052 4192 3203 4250 ltaue
3250 4195 3497 4265 oportuit

1894 4290 2159 4346 inoratam
2191 4297 2352 4361 atque
2381 4287 2674 4344 inauditam
2709 4287 3042 4357 virginitatis
3086 4302 3306 4342 causam
3343 4287 3501 4359 adju-

1894 4382 2106 4450 dicari,
2139 4391 2195 4437 nt
2219 4398 2324 4436 non
2350 4382 2522 4453 possit
2550 4380 2800 4438 absolvi?
2830 4380 2944 4436 lloc
2971 4388 3078 4446 est,
3108 4379 3212 4434 nisi
3241 4393 3336 4434 sua
3369 4380 3508 4450 inju-

1896 4479 1998 4542 ria,
2036 4477 2135 4532 nisi
2162 4477 2230 4532 ab
2255 4475 2484 4532 honesto
2510 4474 2718 4545 pudore
2742 4473 3059 4529 traducatur
3089 4472 3157 4528 ad
3181 4471 3500 4530 indecoram

1903 4573 1984 4627 sui
2017 4571 2267 4641 corporis
2313 4569 2647 4626 oblationem
2679 4610 2694 4636 ,
2725 4566 2932 4638 grande
2982 4567 3241 4623 videlicet
3266 4568 3506 4624 relatura

1905 4666 1985 4719 sui
2018 4663 2404 4728 testimonium,
2439 4671 2500 4718 ut
2529 4669 2832 4731 exponatur
2882 4658 3143 4728 ludibrio,
3173 4671 3226 4716 et
3259 4661 3506 4731 procaci-

1909 4758 2031 4812 tatis
2058 4767 2293 4812 notetur.
2323 4755 2474 4810 Hanc
2501 4754 2666 4824 igitur
2698 4752 3117 4823 prmrogativam
3149 4751 3393 4806 detulisti
3424 4752 3508 4805 in-

1911 4848 2183 4920 tegritati,
2233 4845 2534 4918 hujusmodi
2570 4845 3066 4912 honorificentiam,
3093 4844 3254 4916 772
3298 4859 3404 4913 qua
3453 4856 3514 4898 se

1907 4943 2146 5000 lacessiri
2176 4951 2269 4997 aut
2299 4941 2514 4996 invitari
2541 4938 2854 5011 gaudeant,
2904 4952 3024 5008 qua:
3063 4936 3164 4991 hoc
3193 4950 3391 4990 munus
3422 4948 3512 4988 re-

1906 5036 2212 5107 cipiendum
2241 5042 2462 5106 putant;
2488 5042 2547 5088 ut
2576 5032 2832 5088 amittant
2863 5031 3170 5086 libertatem
3201 5028 3510 5082 communis

1908 5121 2248 5194 assertionis,
2293 5141 2395 5182 nec
2423 5140 2484 5182 se
2524 5125 2650 5196 jure
2691 5132 2948 5180 tueantur
2979 5120 3062 5177 vel
3119 5126 3323 5174 sanctte
3354 5117 3512 5189 legis,

1906 5223 1992 5278 vel
2016 5221 2254 5293 publico,
2288 5229 2348 5276 ut
2386 5232 2497 5275 non
2541 5226 2918 5274 accusatorem
2946 5213 3163 5283 exigat,
3196 5224 3301 5266 nou
3331 5224 3516 5266 arcer-

1920 5367 2046 5416 ante
2077 5358 2418 5430 designatum
2446 5365 2554 5430 est.
2765 5426 2776 5430 _
2998 5423 3016 5430 _
3224 5418 3254 5430 ._
3303 5419 3328 5430 ί,

1995 5431 2022 5470 ι)
2055 5419 2229 5486 Eras."
2239 5439 2295 5485 et
2322 5444 2438 5499 seq.
2467 5429 2626 5495 edit.,
2657 5442 2712 5481 se
2727 5426 2957 5480 virorum
2988 5419 3350 5499 familiaritati.
3375 5419 3526 5490 Opti-

1923 5518 2014 5560 mo
2044 5516 2229 5557 sensu.
2263 5489 2466 5554 Veru'm
2495 5489 2622 5554 cuni
2671 5511 2772 5551 nec
2800 5489 2998 5548 sensus
3039 5489 3289 5544 lectionis
3313 5489 3445 5546 mss.
3474 5501 3532 5548 et

1923 5573 2149 5631 Amerb.
2180 5570 2450 5626 absurdus
2469 5569 2742 5630 videatur,
2775 5562 2842 5618 ab
2864 5575 3054 5617 eorum
3080 5575 3347 5617 consensu
3376 5577 3530 5622 rece-

1924 5647 2056 5702 dere
2086 5643 2279 5712 religio
2309 5651 2413 5696 est.

2001 5729 2022 5756 ο
2065 5706 2276 5784 Scripta
2310 5712 2444 5767 circ.
2471 5725 2596 5764 ann.
2626 5706 2753 5766 380.
