4014 6290
508 260 615 321 905

1839 250 2085 309 SANCTI
2121 245 2452 306 AMBROSII
3672 251 3750 309 θοι

509 388 629 428 rum
658 370 854 429 effusio
895 374 1068 430 movit
1122 372 1424 445 passionem
1474 369 1659 435 animi,
1709 377 1764 425 et
1792 376 1819 406 ιι
1850 367 2103 425 allectum
2132 369 2185 433 Α
2213 360 2863 434 proccsserinlidignam
2908 375 3044 420 sane
3070 361 3271 418 tribum
3317 363 3428 431 iam
3477 379 3577 422 non
3607 383 3754 438 pinna,

512 466 772 537 perpulit,
807 466 1032 522 smvitia:
1058 466 1201 522 ratio
1228 464 1489 522 successit
1517 481 1530 518 :
1566 462 1823 533 missique
1853 462 2010 533 legati
2042 462 2107 517 ad

511 568 804 615 sexcentos
856 558 983 615 illos
1031 558 1317 630 Beniamin
1376 558 1542 623 viros,
1594 555 1688 627 qui
1734 571 1829 626 per
1876 566 2111 627 quatuor

515 667 734 709 menses
781 651 928 708 edito
981 666 1043 708 se
1091 659 1481 724 prteruptarum
1531 650 1823 703 tuebantur
1870 648 2105 720 rupium,

512 755 606 801 aut
626 745 831 802 deserti
880 743 1204 817 indigentia,
1234 758 1354 814 qum
1382 741 1714 797 multitudini
1741 740 2108 797 obsidentium

513 839 760 913 periculo
778 839 937 902 foret,
950 837 1375 908 deploraverunt
1390 849 1736 892 communem
1757 835 1908 891 illam
1921 850 2113 890 terum-

515 948 665 1000 nam,
690 930 831 1004 quod
888 930 966 986 illi
1014 927 1375 997 contribules,
1406 928 1497 983 isti
1537 936 1801 1000 cognatos
1831 936 1888 983 et
1930 928 2113 983 socios

515 1023 868 1089 amisissent;
899 1019 994 1077 sed
1027 1029 1208 1076 tamen
1235 1035 1344 1075 non
1371 1021 1586 1090 penitus
1633 1019 1996 1090 interceptam
2029 1033 2114 1074 re-

517 1114 771 1187 paranda:
795 1113 965 1169 tribus
995 1114 1398 1170 successionem
1436 1130 1450 1169 :
1493 1111 1785 1168 consulere
1820 1126 1881 1167 se
1910 1112 1964 1167 in
1994 1125 2111 1168 me-

516 1208 665 1265 dium
722 1204 993 1278 quomodo
1050 1213 1106 1262 et
1159 1205 1485 1261 sacramenti
1539 1203 1673 1261 tides
1728 1204 1831 1261 sibi
1875 1213 2112 1269 constet,

516 1308 572 1356 et
598 1300 768 1357 tribus
813 1315 917 1355 una
969 1312 1312 1370 nequaquam
1360 1312 1652 1370 acorpore
1692 1297 1883 1355 avulsa
1942 1296 2117 1353 inter-

515 1394 683 1450 cidat.
1590 1450 1622 1461 ..

557 1488 676 1560 ³15.
707 1486 876 1544 Altari
896 1486 1078 1559 itaque
1098 1486 1277 1558 posito
1309 1484 1501 1561 (Ibid.,
1540 1485 1577 1540 4
1605 1495 1653 1542 et
1680 1485 1841 1558 seq.),
1871 1490 2117 1543 reconci—

514 1580 754 1639 liationis
774 1590 830 1639 et
857 1582 1003 1653 pacis
1031 1581 1274 1638 oblatum
1324 1580 1676 1638 sacriﬁcium.
1710 1581 1775 1636 Et
1816 1581 1939 1653 quia
1967 1580 2119 1637 Jahis

516 1674 720 1733 Galaad
761 1675 995 1747 populus
1022 1684 1141 1731 erat
1183 1688 1362 1746 pana:
1409 1682 1465 1730 et
1507 1673 1798 1731 maledicto
1847 1672 2119 1729 obnoxius

2213 456 2308 513 sed
2339 454 2709 513 misericordia
2744 473 2757 511 ε
2792 456 2924 513 satis
2949 456 3086 513 dure
3123 459 3372 513 stevitum
3402 459 3458 514 in
3483 475 3593 528 eos,
3616 471 3664 518 et
3687 463 3758 519 de-

2212 549 2469 607 bellatam
2514 551 2760 622 corporis
2808 550 2894 607 sui
2922 560 3132 624 partem
3168 570 3182 605 :
3217 552 3614 612 immoderatius
3635 572 3761 614 exar-

2213 644 2352 700 sisse
2379 643 2623 715 plebem,
2656 654 2716 700 ut
2757 645 3164 702 successionem
3208 644 3556 703 domesticam
3597 651 3764 706 exstin-

2212 743 2426 805 gueret,
2462 744 2627 806 atque
2651 750 2719 791 ex
2742 736 2858 793 suis
2890 746 3118 793 necaret
3146 755 3160 791 :
3194 738 3414 809 placere
3439 738 3545 795 Deo
3570 755 3665 795 non
3692 758 3767 813 pe-

2214 827 2325 884 rire
2374 830 2575 901 populo
2616 830 2852 901 tribum,
2906 848 3084 905 neque
3132 848 3234 906 pro
3288 848 3395 889 una
3445 835 3656 892 muliere
3681 844 3767 893 tam

2216 924 2411 980 acerbe
2432 926 2665 982 consuli.

2289 1018 2376 1073 I7.
2410 1018 2784 1076 Probaverunt
2823 1021 3115 1078 consilium
3156 1021 3418 1080 Israelita:
3453 1023 3633 1096 (Ibit,
3658 1023 3769 1094 23):

2217 1108 2461 1167 exsecuti
2489 1120 2619 1166 sunt
2669 1112 2770 1167 viri
2798 1111 3109 1184 Beniamin,
3159 1122 3216 1171 et
3264 1114 3514 1186 dispositi
3553 1116 3603 1172 in
3634 1115 3773 1173 vineis

2217 1204 2339 1262 loco
2370 1217 2683 1279 opportuno
2721 1218 2776 1265 ct
2828 1218 3099 1283 tempore,
3154 1212 3347 1283 plenas
3391 1213 3605 1270 feminei
3629 1216 3771 1287 agmi-

2220 1297 2304 1354 nis
2332 1298 2448 1354 vias
2495 1310 2927 1372 occupaverunt.
2958 1302 3193 1359 Praebuit
3223 1303 3328 1359 illis
3374 1305 3567 1361 festum
3591 1307 3771 1377 nuptia-

2220 1406 2341 1447 rum
2370 1391 2649 1463 religionis
2688 1393 3029 1450 solemnitas.
3062 1394 3282 1452 Avulsae
3312 1395 3382 1452 de
3406 1398 3678 1468 complexu
3703 1414 3776 1468 pa-

2222 1492 2363 1538 trum
2396 1482 2541 1552 Iilite,
2573 1493 2844 1555 tamquam
2874 1486 2927 1540 in
2975 1501 3191 1542 manum
3223 1487 3295 1542 ab
3334 1487 3471 1559 ipsis
3506 1488 3775 1559 parentibus

2222 1575 2594 1644 tradebantur,
2616 1586 2672 1632 et
2693 1577 2838 1633 velut
2862 1587 3069 1648 pactam
3094 1594 3124 1635 e
3148 1580 3364 1649 gremio
3384 1581 3571 1635 matris
3594 1597 3686 1636 non
3702 1581 3777 1635 ab-

2221 1671 2366 1739 duci,
2400 1672 2497 1729 sed
2543 1672 2762 1741 prodire
2795 1672 3165 1730 arbitrareris.
3223 1673 3304 1729 Ita
3336 1673 3509 1730 tribus
3537 1674 3774 1746 Beniamin

518 1765 912 1839 (obstrinxerat
954 1768 1096 1824 enim
1152 1783 1214 1824 se
1256 1767 1440 1823 omnis
1469 1767 1635 1823 Israel
1688 1781 1887 1839 magno
1933 1781 2117 1822 sacra—
2147 1776 2195 1840 Β
2223 1780 2363 1837 pene
2406 1765 2708 1837 intercepta
2737 1775 2900 1838 atque
2939 1766 3207 1823 exstincta
3246 1765 3401 1823 brevi
3422 1767 3619 1833 ﬂoruit,
3644 1769 3780 1824 docu-

518 1872 727 1930 mento,
761 1864 878 1919 utsi
908 1863 1033 1935 quis
1064 1877 1171 1919 non
1194 1862 1535 1920 ascendisset
1558 1877 1681 1919 cum
1704 1878 1771 1919 eo
1792 1862 1859 1917 ad
1893 1862 2117 1933 punien-

517 1955 649 2012 dum
677 1954 962 2026 ﬂagitium,
1010 1964 1188 2012 morte
1220 1940 1549 2028 moreretur)
1577 1954 1606 1994 ι)
1629 1955 1917 2012 duodecim
1949 1954 2116 2011 millia

518 2045 843 2103 bellatorum
893 2046 1224 2114 directa;ut
1269 2056 1328 2104 et
1357 2047 1457 2102 viri
1510 2062 1700 2104 omnes
1755 2056 1813 2104 et
1856 2046 2117 2104 mulieres

518 2140 667 2197 ferro
706 2140 1192 2214 exstinguerentur
1221 2184 1237 2208 ,
1270 2144 1417 2199 solas
1454 2142 1628 2199 virilis
1676 2141 1822 2198 thori
1870 2150 2119 2201 exsortes

520 2244 862 2292 reservarem
912 2234 1372 2292 adolescentulas.
1403 2235 1709 2293 Interfectis
1738 2236 1919 2309 itaque
1944 2236 2121 2293 omni-

520 2325 623 2383 bus
648 2326 800 2384 .labis
828 2326 1059 2396 Galaad,
1083 2329 1215 2385 sola:
1250 2341 1271 2367 ε
1302 2327 1540 2400 virgines
1560 2328 1976 2400 quadringenta:
2005 2329 2121 2386 exi-

524 2419 601 2476 tio
630 2431 957 2478 caeterorum
980 2422 1388 2494 superfuerunt.
1419 2423 1568 2492 Quas
1621 2425 1897 2497 accipiens
1925 2424 2117 2493 Israel,

526 2516 716 2572 statuit
740 2517 888 2572 viros
915 2516 1199 2588 Beniamin
1246 2517 1373 2572 belli
1424 2526 1628 2575 metum
1659 2517 1961 2590 deponere,
1988 2529 2044 2575 et
2065 2517 2119 2576 in

524 2608 834 2682 coniugium
855 2609 957 2666 sibi
985 2624 1205 2666 sumere
1232 2610 1470 2682 integras
1496 2610 1597 2666 aevi
1629 2610 1778 2682 iuxta
1806 2625 1872 2667 ac
1899 2611 2122 2683 pudoris

526 2699 690 2772 776
714 2700 923 2772 puellas
950 2718 965 2755 :
995 2700 1192 2773 quibus
1221 2710 1277 2758 et
1302 2715 1465 2758 causa
1510 2711 1659 2759 esset
1689 2701 1834 2774 apud
1863 2702 2013 2760 viros
2038 2701 2124 2760 in-

528 2800 702 2866 tegra,
733 2794 876 2865 quod
904 2810 1066 2853 nemo
1097 2811 1322 2854 suorum
1345 2796 1635 2855 adversum
1658 2812 1754 2855 eos
1778 2797 1983 2855 bellum
2001 2812 2122 2854 sus-

525 2898 748 2969 ceperat
779 2888 1178 2948 :etcharitatis
1221 2893 1417 2963 gratia,
1461 2893 1587 2965 quia
1631 2900 1855 2965 propter
1900 2907 1997 2949 eos
2025 2908 2119 2947 su-

523 2995 714 3054 premo
753 2983 1021 3054 supplicio
1068 2993 1272 3056 ereptae
1322 2984 1522 3042 forent.
1548 2983 1691 3056 _IIoc
1736 2984 1904 3057 igitur
1957 2984 2121 3042 modo

522 3077 931 3151 quadringentis
966 3078 1259 3152 iuvenibus
1286 3080 1512 3152 quaesita
1530 3080 1850 3153 copularum
1891 3095 2120 3137 consor-

528 3162 772 3227 tia’sunt.

599 3241 686 3297 I6.
714 3240 823 3299 Sed
859 3242 984 3314 quia
1027 3243 1250 3300 ducenti
1296 3258 1526 3301 numero
1550 3253 1897 3317 supererant,
1923 3243 2119 3316 quibus

521 3331 735 3404 iugales
753 3331 983 3391 deerant
1008 3332 1203 3407 (Ibid.,
1234 3334 1303 3392 I6
1351 3345 1400 3393 et
1452 3335 1609 3411 seq.),
1638 3337 1705 3394 iis
1758 3352 1976 3409 quoque
2003 3337 2123 3393 sine

528 3425 718 3484 fraude
766 3440 1235 3488 sacramentorum
1266 3433 1575 3489 consultum
1619 3432 1948 3504 accepimus.
1999 3431 2123 3488 Dies

526 3518 702 3577 festus
730 3520 783 3576 in
807 3522 921 3579 Silo
951 3525 1245 3594 quotannis
1274 3527 1677 3584 celebrabatur.
1721 3525 1800 3582 Ibi
1847 3525 2124 3583 exsultare

528 3612 707 3668 solita:
726 3613 987 3685 virgines,
1010 3624 1067 3672 et
1094 3616 1325 3674 choreas
1366 3616 1569 3676 ducere
1617 3619 1669 3674 in
1700 3617 1968 3674 honorem
1997 3617 2126 3673 reli-

528 3704 707 3775 gionis
737 3725 751 3762 :
783 3707 904 3764 alite
932 3709 1125 3780 praeire
1175 3712 1457 3782 matribus,
1502 3721 1559 3768 et
1582 3721 1754 3768 totum
1786 3711 1891 3768 iter
1911 3712 2126 3784 agmine

528 3797 772 3854 viantum
822 3799 1043 3873 repleri.
1075 3802 1220 3858 Dixit
1259 3819 1398 3861 unus
1440 3820 1507 3861 ex
1556 3805 1867 3863 senioribus
1895 3824 1907 3861 :
1931 3806 1990 3863 Si
2022 3805 2125 3863 du-

530 3891 675 3947 centi
699 3891 778 3947 illi
807 3892 978 3950 tribus
998 3894 1280 3966 Beniamin
1309 3897 1409 3954 viri
1462 3898 1603 3955 intra
1635 3899 1821 3955 vineas
1846 3898 1934 3955 siti
1966 3914 2125 3956 excu-

531 3981 649 4038 bias
676 3983 988 4053 tenderent,
1021 3985 1198 4044 donec
1223 4004 1284 4045 se
1305 3989 1482 4046 omnis
1506 3989 1739 4048 feminea
1768 3993 1925 4049 turba
1948 3991 2127 4049 etfun-

531 4073 710 4145 deret,
741 4087 795 4134 et
825 4088 1113 4151 surgentes
1140 4095 1207 4137 ex
1241 4081 1412 4138 vineis
1439 4083 1810 4156 unusquisque
1839 4100 1999 4156 quam
2039 4100 2130 4141 oc-

531 4185 726 4227 cursus
777 4171 1025 4241 dederit,
1075 4189 1298 4232 uxorem
1353 4176 1456 4232 sibi
1501 4177 1826 4247 vindicaret,
1872 4177 2048 4234 fraudi
2076 4178 2128 4233 id

532 4278 873 4335 nequaquam
909 4264 1182 4334 futurum;
1207 4268 1465 4339 populum
1496 4270 1700 4326 etenim
1730 4269 1913 4328 favere
1969 4286 2124 4343 repa-

534 4356 725 4412 randae
755 4357 927 4415 tribus
970 4362 1327 4429 successioni,
1360 4373 1585 4435 propter
1608 4376 2010 4422 sacramentum
2032 4368 2130 4422 im-

537 4453 741 4523 pertire
762 4468 869 4510 non
901 4470 1060 4525 posse
1090 4457 1320 4515 filiarum
1373 4475 1593 4516 suarum
1642 4460 1958 4518 societatem
1994 4478 2130 4519 :ne-

535 4559 641 4614 que
672 4553 849 4602 tamen
877 4558 1067 4605 contra
1093 4561 1495 4609 sacramentum
1520 4552 1716 4623 videri,
1747 4555 1793 4609 si
1824 4556 2123 4626 prohiben-
2152 4565 2206 4628 Ι)

537 4636 664 4694 dum
695 4654 803 4697 non
834 4653 1085 4713 putaret;
1134 4647 1259 4717 quia
1309 4656 1651 4705 sacramento
1679 4664 1856 4722 neque
1875 4650 2128 4723 cogendi,

537 4744 714 4803 neque
752 4734 1070 4802 prohibendi
1103 4738 1405 4795 necessitas
1425 4738 1681 4812 imposita
1708 4741 2030 4800 videretur:
2063 4744 2129 4800 il-

536 4822 618 4880 los
646 4823 901 4883 sibisine
930 4837 1079 4884 metu
1107 4830 1396 4887 consulere
1417 4844 1692 4904 oportere.
1719 4834 1864 4892 Sane
1903 4835 1948 4891 si
1971 4836 2128 4908 pucl-

536 4916 710 4975 larum
732 4930 986 4991 parentes
1006 4920 1300 4979 vindictam
1323 4924 1705 4997 efﬂagitarent,
1727 4927 1922 4998 partim
1947 4943 2129 5000 prece,

537 5011 734 5082 partim
773 5012 936 5068 etiam
977 5015 1397 5086 retorquendod
1454 5018 1508 5074 in
1562 5019 1709 5090 ipsos
1786 5021 1968 5078 invitae
2017 5022 2129 5078 cul-

537 5114 660 5172 pam
690 5104 978 5173 custodias,
1006 5119 1129 5162 sese
1169 5117 1524 5167 revocaturos
1549 5128 1565 5179 ε
1589 5114 1715 5185 quia
1768 5129 1891 5172 cum
1931 5115 2135 5173 scirent

541 5190 823 5266 Beniamin
849 5196 998 5253 viros
1018 5207 1266 5256 exsortes
1289 5215 1414 5258 esse
1433 5201 1722 5274 iugalium,
1746 5221 1871 5263 eum
1919 5207 2134 5266 filiabus

614 5347 643 5411 ἓ
668 5338 839 5411 Edita
856 5336 1115 5411 ,απεοεωη
1136 5339 1375 5411 percutit.

614 5407 643 5447 ιι
664 5408 792 5482 μη,
820 5408 1045 5482 aliquot,
1068 5407 1250 5482 uiginti
1271 5411 1374 5465 duo
1400 5412 1565 5469 millia
1592 5417 1912 5474 bellatorum.

838 5477 998 5551 Reg,
1027 5477 1250 5552 virgines
1287 5491 1641 5545 trecenta"...
1672 5491 2035 5562 quadragentis
2046 5496 2137 5567 λα-

546 5549 1200 5701 ῗεῗῗέἶηεὲεέιουηριιί,
1217 5632 1272 5701 et
1299 5633 1407 5682 νει.
1431 5626 1561 5683 οάῖι-
1591 5628 1750 5701 30‘“-
1765 5645 1897 5688 Vem
1921 5634 2060 5701 ⁶⁰¹³’
2088 5637 2141 5689 θ’

553 5684 690 5775 Et?!
721 5690 801 5775 lin
846 5690 1111 5775 diligentis
1159 5684 1364 5767 culpant
1420 5684 1661 5756 custodia
1678 5684 1788 5758 ἴα(
1809 5684 2141 5772 ih'pihiiiiu'é

557 5766 689 5810 mss.
721 5756 809 5814 hic
828 5756 966 5817 nihil
991 5763 1129 5818 sani.

2221 1868 2464 1916 mentum
2492 1860 2780 1929 exhibens,
2815 1861 2958 1932 quod
2986 1876 3181 1933 magno
3222 1860 3395 1918 exitio
3432 1862 3504 1917 sit
3543 1863 3781 1919 insolenti-

2224 1953 2325 2010 bus
2346 1952 2584 2009 vindicta
2612 1952 2906 2024 putlicitim,
2934 1964 2987 2009 et
3021 1954 3169 2009 Iazsae
3196 1953 3467 2009 castitatis
3480 1953 3627 2009 ultio.

2295 2044 2383 2101 I8.
2413 2043 2525 2100 Nec
2556 2043 2660 2099 hoc
2710 2044 2830 2102 solo
2857 2045 3015 2113 loco,
3062 2045 3161 2100 sed
3209 2045 3490 2117 plerisque
3536 2045 3779 2111 Scriptura

2222 2137 2329 2192 hoc
2386 2135 2571 2192 docet.
2620 2135 2753 2190 Nam
2811 2146 2868 2192 et
2917 2138 2967 2192 in
3013 2137 3211 2194 Genesi
3258 2138 3485 2208 legimus
3522 2139 3782 2194 exercitum

2227 2238 2251 2267 ε
2269 2227 2666 2301 quaestionibus
2684 2244 2867 2300 regem
2888 2229 3111 2303 Egypti
3133 2230 3349 2287 Pharao
3368 2230 3513 2304 quod
3530 2231 3700 2288 Saram
3717 2242 3784 2285 at-

2225 2322 2537 2378 tentavisset
2560 2337 2576 2389 ;
2600 2330 2657 2377 et
2682 2330 2862 2379 tamen
2884 2323 3119 2380 alienam
3140 2339 3265 2381 esse
3290 2339 3517 2382 uxorem
3546 2325 3785 2382 nesciebat

2224 2411 2380 2486 (Gen.
2412 2430 2509 2481 xu,
2544 2411 2658 2486 I7).

2297 2506 2388 2565 I9.
2424 2506 2523 2563 Est
2553 2508 2718 2579 igitur
2746 2508 2979 2566 Domino
3004 2510 3276 2568 castitatis
3303 2510 3517 2568 tuenda:
3545 2511 3786 2579 voluntas,

2225 2612 2431 2673 quanto
2479 2603 2654 2674 magis
2704 2611 2790 2659 est
2840 2602 3190 2661 defensandte
3242 2605 3619 2677 Integritatis?
3658 2604 3789 2662 Unde

2228 2696 2372 2752 nulla
2400 2695 2561 2752 debet
2591 2696 2889 2768 virginibus
2933 2699 3107 2754 sacris
3163 2699 3396 2772 irrogari
3438 2699 3789 2770 iniuriaque

2227 2788 2375 2845 enim
2412 2803 2521 2844 non
2553 2788 2785 2856 nubunt,
2837 2797 2894 2845 et
2932 2791 3022 2861 qui
3064 2804 3268 2848 uxores
3316 2805 3425 2847 non
3467 2792 3681 2860 ducunt,
3706 2790 3790 2846 ba-

2227 2882 2426 2939 bentur
2452 2881 2596 2938 sicut
2615 2884 2791 2954 angeli
2817 2882 2912 2937 Dei
2941 2883 2996 2939 in
3016 2884 3158 2940 coelo
3182 2882 3337 2956 (Luc.
3363 2900 3455 2952 xx,
3474 2884 3583 2958 56).
3609 2885 3670 2941 Et
3688 2884 3791 2940 ideo

2224 2976 2431 3032 caelesti
2457 2975 2648 3048 gratia:
2678 2992 2789 3035 non
2838 2976 3138 3034 inferamus
3163 2979 3503 3050 corporalem
3544 2988 3794 3035 contume-

2225 3070 2350 3126 liam
2378 3087 2393 3137 ;
2420 3069 2681 3141 quoniam
2713 3079 2905 3143 potens
2933 3082 3021 3145 est
3060 3072 3414 3145 Deus,-quem
3443 3088 3542 3131 nec
3568 3074 3793 3147 praevari-

2150 3173 2196 3239 C
2226 3164 2369 3221 catio
2398 3173 2704 3236 przetereat,
2728 3174 2784 3222 et
2836 3174 3060 3223 moveat
3098 3171 3309 3240 accepti
3352 3170 3457 3227 sibi
3508 3173 3795 3229 muneriset

2226 3266 2562 3314 consecrata:
2608 3258 2941 3330 virginitatis
2988 3260 3150 3333 777
3179 3261 3376 3318 acerba
3407 3271 3464 3319 et
3488 3263 3662 3335 gravis
3684 3278 3790 3320 eoa-

2228 3351 2475 3407 tumelia.
2515 3350 2667 3419 Vale,
2689 3350 2878 3420 frater,
2901 3361 2958 3409 et
3005 3368 3107 3409 nos
3155 3352 3362 3427 dilige;
3393 3357 3521 3429 quia
3544 3373 3641 3415 nos
3663 3357 3796 3415 tedi-

2227 3441 2467 3514 ligimus.

2804 3538 3139 3595 EPISTULA
3165 3538 3258 3595 VII
3282 3538 3326 3594 τ.

2227 3652 2393 3710 Jusro
2414 3657 2679 3712 sciscitanti
2694 3656 2928 3726 quidam
2948 3652 3231 3708 didraelmu'
3244 3656 3504 3711 dimidiam
3524 3670 3613 3723 pro
3632 3657 3797 3709 redeat-

2290 3741 2454 3807 ptione
2474 3742 2645 3807 afferri
2661 3747 2961 3808 praeceptum
2979 3740 3302 3808 signiﬁcasset
3317 3744 3592 3795 Ammius
3606 3737 3801 3793 rescribit

2288 3823 2437 3889 ﬁdem
2462 3839 2521 3877 ac
2543 3823 2960 3889 misericordiam,
2986 3825 3039 3875 in
3069 3826 3243 3891 quibus
3264 3824 3539 3891 redemptio
3560 3832 3655 3889 est,
3676 3837 3726 3876 eo
3740 3821 3801 3875 si-

2290 3908 2434 3977 gnari
2461 3926 2473 3961 :
2497 3908 2590 3960 hac
2618 3910 2681 3962 de
2701 3923 2758 3962 re
2784 3908 2917 3961 idem
2934 3908 3142 3973 pretium
3165 3909 3354 3964 semotis
3387 3910 3732 3976 praescriptam,
3757 3908 3805 3959 in

2291 4010 2387 4062 quo
2409 4010 2521 4049 cum
2550 4010 2755 4060 manna,
2780 3995 2922 4062 cuius
2952 4010 3182 4050 mensura
3212 3998 3278 4049 de
3307 3996 3547 4063 sapientia
3579 4005 3627 4049 et
3651 3993 3807 4047 Christi

2291 4080 2525 4148 sanguine
2555 4079 2830 4146 explicatur
2843 4121 2858 4145 ,
2884 4081 3104 4147 congruit
3139 4095 3158 4135 :
3194 4082 3420 4149 congruit
3452 4090 3685 4148 praeterea
3714 4094 3806 4131 cm

2291 4156 2511 4228 paschali
2532 4177 2676 4230 agno,
2701 4163 2785 4231 qui
2807 4163 3060 4230 wquatiter
3071 4164 3358 4218 distributus
3378 4165 3617 4230 equalan
3633 4162 3811 4231 εὐερκέες

2292 4246 2670 4313 redemptionem
2689 4247 2839 4300 tribui
2863 4247 3145 4312 indicabat;
3169 4263 3265 4315 quo
3299 4248 3451 4302 etiam
3480 4250 3689 4316 refertur
3711 4260 3810 4313 pre-

2293 4328 2445 4384 missa
2474 4329 2527 4382 in
2556 4328 2824 4398 Evangelia
2844 4329 3017 4383 eadem
3050 4344 3255 4384 merces.
3283 4331 3379 4384 His
3409 4332 3575 4385 subdit
3597 4329 3813 4383 Christus!

2294 4420 2511 4466 nostram
2529 4427 2634 4467 esse
2656 4413 3056 4480 redemptionem,
3067 4428 3164 4482 qua
3184 4427 3299 4466 om
3319 4428 3413 4480 pro
3426 4427 3484 4469 se
3500 4413 3812 4481 miadigsl.

2294 4500 2521 4548 staterem
2546 4497 2648 4559 non
2670 4509 2761 4549 sua
2779 4534 2793 4559 ,
2818 4496 2908 4549 sed
2939 4504 3108 4549 nostra
3141 4510 3296 4549 causa
3317 4497 3438 4549 dari
3704 4493 3815 4558 Quid

2292 4578 2465 4630 eodem
2483 4586 2662 4632 statere
2682 4578 3002 4646 signiﬁcetur,
3024 4587 3108 4632 aut
3735 4580 3814 4629 Ια-

2299 4659 2398 4712 diei
2429 4675 2462 4712 a
2488 4661 2777 4716 Christianis
2803 4659 2940 4715 haud
2969 4661 3215 4716 mut.
3250 4662 3440 4730 Adjicit
3472 4663 3726 4717 dimidium
3753 4663 3816 4714 di-

2296 4744 2524 4798 drachmi
2563 4760 2733 4800 eorum
2758 4748 2973 4815 figurant
3002 4761 3133 4813 esse,
3159 4749 3245 4814 qui
3284 4748 3400 4803 vita
3436 4760 3631 4816 partem
3659 4750 3819 4802 nulla

2297 4828 2582 4894 impendunt
2604 4845 2622 4882 :
2650 4832 2780 4897 quod
2816 4846 2913 4884 non
2943 4831 3162 4897 fecerunt
3195 4834 3398 4887 Hebraei
3431 4833 3595 4897 pueri.
3624 4831 3819 4897 Daha?

2300 4909 3819 4980 ubiezposuit,quareDominusquodnondebebat,solwi.

2296 4993 2501 5062 mystica
2519 4997 2749 5061 quwdam
2769 4993 2988 5049 enucleat
3016 4999 3085 5049 ad
3120 4996 3444 5053 instituendos
3468 5013 3625 5054 mores
3645 4999 3818 5053 idm

2601 5127 2909 5184 Ausaosms
2939 5136 2965 5175 ε
2991 5127 3160 5187 Jusro
3178 5171 3194 5197 ,
3222 5130 3477 5188 salutem.

2315 5217 2368 5271 I.
2396 5214 2633 5274 Pulchre
2657 5218 2948 5288 admones,
2971 5219 3163 5289 frater,
3187 5228 3251 5276 ut
3264 5221 3591 5295 epistolares
3610 5222 3823 5287 fabulas,

2317 5361 2340 5389 θ
2356 5352 2880 5437 Quiestionibus,h.e.
2891 5357 3197 5426 ,lormentis
3207 5364 3264 5413 et
3272 5355 3484 5415 doloris
3494 5358 3824 5416 cruciatibus

2320 5420 2340 5459 τ
2375 5424 2591 5486 Scripta
2613 5435 2741 5482 ante
2784 5442 2914 5484 ann.
2942 5429 3070 5486 581.

2820 5444 2914 5484 IIII.
2942 5444 3070 5485 ὒδι.

2321 5440 2335 5459 ι
2375 5440 2591 5496 acrtpta
2613 5440 2741 5482 ante
2784 5442 2914 5484 ann.
2942 5440 3070 5486 581.

2319 5503 2345 5542 8
2372 5494 2606 5573 Ita_mss.
2656 5507 2713 5553 at
2734 5497 2872 5573 edit.
2916 5498 3334 5573 nominiglusto
3363 5500 3499 5558 nihil
3542 5502 3703 5573 plane
3741 5501 3831 5558 ad-

2245 5565 2416 5649 duni...
2438 5565 2632 5649 Solent
2657 5569 2878 5649 quidem
2925 5571 3286 5649 Augustinus,
3311 5565 3701 5649 Hieronymus,
3730 5573 3832 5649 Leo

2246 5646 2304 5710 et
2326 5637 2417 5710 alii
2450 5637 2596 5694 illius
2635 5637 2704 5695 ad
2744 5656 2908 5710 quem
2956 5637 3225 5709 scribunt,
3259 5637 3456 5700 nomen
3477 5637 3640 5701 etiam
3685 5637 3832 5700 titulo

2247 5707 2528 5783 dignitatis
2577 5720 2693 5783 aut‘
2728 5707 3085 5783 professionis
3148 5707 3411 5771 decorare
3462 5733 3476 5767 :
3522 5715 3834 5773 Ambrosim

2249 5775 2381 5836 vero
2401 5775 2713 5851 huiusmodi
2728 5775 2915 5840 'titulis
2936 5784 3043 5842 nisi
3075 5784 3132 5842 in
3162 5785 3230 5842 iis
3254 5784 3526 5858 epistolis,
3556 5802 3683 5861 qua:
3701 5788 3832 5845 date
