4014 6290
235 316 338 375 905

1439 317 1925 386 EPISTOLMIUM
1963 326 2248 387 CLASSIS
2289 327 2331 386 Ι.

3420 351 3526 408 906

230 444 285 491 et
309 446 619 491 sermonem
649 436 958 493 absentium
983 435 1049 493 ad
1083 435 1589 510 interpretationem
1629 443 1815 500 conl‘e-
1840 447 1889 508 Α
1919 455 2090 500 autem
2121 464 2244 519 pars
2274 447 2566 504 didrachmi
2591 451 2758 508 illatio
2790 445 3032 511 Domino.
3071 458 3252 514 Omnis
3299 464 3386 532 qui
3441 467 3526 520 in-

229 543 406 584 ramus
435 529 637 584 oraculi
665 530 928 597 caelestis,
955 531 1298 603 interrogans
1343 548 1430 591 me
1450 534 1579 604 quid
1610 536 1819 607 signiﬁ-

225 628 312 676 cet
356 619 491 675 illud
522 629 550 658 α
593 620 994 692 didrachmum,
1021 624 1176 695 cujus
1220 625 1503 681 dimidium
1557 626 1818 686 Hebraeus

225 714 531 784 praecipitur
598 713 800 772 oIl‘erre
854 732 953 787 pro
1002 717 1381 797 redemptione
1451 721 1648 776 animae
1704 737 1818 780 suae

221 807 419 875 (Exod.
453 824 586 876 xxx,
605 810 672 864 l2
693 821 742 865 et
768 803 926 882 αφ).
949 811 1088 880 Quid
1111 814 1256 869 enim
1289 822 1395 869 tam
1422 817 1814 887 consociabile,

221 919 378 977 quam
402 903 473 961 de
501 904 700 963 divinis
724 907 888 964 rebus
911 923 1222 966 sermonem
1253 914 1592 970 contexere?

289 999 345 1056 2.
371 999 470 1055 Est
498 1009 679 1057 autem
715 1002 999 1060 dimidium
1044 1003 1371 1074 didrachmi,
1403 1007 1662 1065 drachma
1692 1027 1707 1068 :
1732 1026 1818 1072 re-

218 1091 458 1164 demptio
500 1101 683 1150 autem
728 1095 947 1164 animae,
979 1098 1114 1155 ﬁdes
1145 1117 1157 1153 :
1189 1099 1322 1156 Iides
1363 1115 1496 1173 ergo
1533 1103 1813 1169 drachma,

216 1202 376 1259 quam
408 1187 502 1243 illa
531 1188 728 1245 mulier
757 1191 810 1245 in
847 1191 1162 1264 Evangelio,
1195 1204 1255 1250 ut
1276 1194 1530 1266 legimus,
1561 1200 1816 1253 amissam

214 1280 505 1352 diligenter
529 1281 782 1353 requirit,
807 1284 1082 1341 lucernam
1111 1288 1438 1355 accendens,
1465 1299 1522 1345 et
1549 1290 1818 1346 mundans

214 1371 436 1430 domum
502 1389 712 1442 suam;
789 1385 846 1434 et
895 1379 942 1434 si
999 1379 1310 1448 invenerit,
1363 1393 1630 1440 convocat
1680 1384 1816 1439 ami-

211 1483 302 1523 cas
337 1477 394 1524 et
425 1467 636 1524 vicinas
663 1478 856 1540 petens
885 1474 1256 1543 eongratulari
1310 1489 1404 1530 eas
1428 1490 1644 1543 secum,
1669 1475 1815 1547 quod

211 1559 486 1617 invenerit
513 1561 828 1620 drachmam
852 1606 868 1632 ,
899 1581 1060 1636 quam
1107 1566 1421 1638 perdiderat
1469 1567 1624 1642 (Luc.
1655 1585 1748 1634 xv,
1782 1568 1816 1624 8

208 1664 255 1708 et
281 1654 438 1727 scq.).
470 1653 722 1727 Magnum
772 1657 918 1714 enim
947 1659 1208 1716 damnum
1239 1661 1460 1731 animae,
1491 1664 1537 1719 si
1587 1664 1709 1736 quis
1753 1663 1816 1719 li-

207 1744 329 1802 dem
351 1747 624 1815 amiserit,
644 1749 729 1805 vel
747 1753 1001 1822 gratiam,
1033 1768 1193 1824 quam
1218 1753 1346 1810 ﬁdei
1373 1756 1554 1827 pretio
1578 1756 1811 1828 acquisi-

1920 539 2128 592 traverit
2149 539 2358 594 uisitare
2379 557 2413 594 a
2442 542 2622 614 viginti
2643 544 2796 598 annis
2819 555 2866 599 et
2889 563 3072 616 supra,
3104 550 3300 606 dabunt
3325 555 3524 612 illatio-

1920 645 2034 685 nem
2064 629 2307 687 Domina.
2339 632 2440 700 Qui
2463 635 2600 689 diues
2617 645 2712 703 est,
2754 653 2858 692 non
2877 640 3118 708 adjiciet:
3143 652 3191 696 et
3211 645 3300 713 qui
3322 661 3522 717 pauper

1920 731 2016 787 est,
2048 739 2150 777 non
2187 724 2533 781 minorabitur
2552 744 2584 781 a
2608 727 2825 784 dimidia
2853 739 3000 800 parte
3039 733 3372 804 didraehmi;
3399 755 3522 795 cum

1921 815 2164 882 caepen'nt
2192 815 2316 870 dare
2340 817 2648 873 oblationem
2669 817 2914 888 Domino,
2943 841 3156 882 exorare
3186 844 3280 897 pro
3322 830 3521 886 anima-

1921 905 2014 962 bus
2042 909 2172 962 suis.
2194 907 2264 963 Et
2281 911 2505 980 accipies
2524 914 2800 984 pecuniam
2840 916 3094 973 illationis
3113 937 3145 973 a
3173 922 3298 990 ﬁliis
3321 920 3516 993 Israel,

1919 1009 1965 1053 et
1995 1000 2140 1055 dabis
2179 1003 2326 1057 illam
2366 1005 2422 1059 in
2471 1022 2602 1077 opus
2641 1005 2986 1064 Tabernaculi
3013 1013 3312 1082 testimonii,
3349 1025 3398 1071 et
3426 1017 3524 1072 erit

1920 1092 2045 1161 ﬁliis
2093 1092 2266 1149 Israel
2310 1097 2603 1169 legitimum
2637 1102 2932 1157 memoriale
2983 1103 3038 1157 in
3084 1117 3357 1177 conspectu
3404 1108 3520 1164 Do-

1920 1187 2064 1254 mini,
2118 1205 2335 1245 cxorare
2379 1209 2472 1263 pro
2524 1196 2710 1251 animis
2754 1199 2934 1254 vestris
2976 1199 3174 1273 (Exod.
3225 1220 3351 1274 xxx,
3382 1206 3450 1260 l2
3470 1217 3518 1262 et

1919 1281 2072 1352 seq.).

1991 1374 2047 1429 4.
2074 1373 2150 1430 Ita
2181 1392 2313 1449 ergo
2335 1379 2525 1437 deerat
2549 1383 2636 1439 vel
2666 1384 2845 1454 dives,
2872 1388 2964 1458 qui
2990 1389 3112 1459 plus
3141 1390 3363 1448 oIl'erret
3392 1410 3406 1459 ;
3433 1397 3518 1450 vel

1920 1480 2144 1536 pauper,
2173 1470 2264 1540 qui
2295 1472 2477 1530 minus
2506 1475 2754 1544 haberet,
2806 1478 2852 1533 si
2881 1479 2933 1534 in
2961 1483 3186 1549 pecunia
3237 1484 3520 1540 dimidium

1920 1555 2297 1618 didracbmum
2343 1565 2486 1621 istud
2521 1609 2535 1633 ,
2595 1578 2649 1624 et
2698 1583 2805 1624 non
2835 1570 2887 1625 in
2920 1572 3122 1631 virtute
3151 1578 3339 1632 esset?
3367 1577 3522 1636 Unde

1919 1655 2316 1714 advertendum
2347 1662 2493 1732 quod
2523 1679 2630 1718 non
2684 1665 2982 1723 materialis
3019 1669 3144 1737 ista,
3169 1671 3265 1726 sed
3322 1671 3526 1729 intelli-

1917 1747 2098 1820 gibilis
2121 1750 2381 1810 drachma
2408 1755 2500 1823 sit,
2534 1772 2657 1828 quae
2681 1773 2749 1814 ex
2779 1775 2936 1832 aequo
2986 1761 3056 1818 ab
3083 1765 3338 1822 omnibus
3389 1782 3522 1824 con-

207 1838 283 1893 vit
312 1839 443 1895 sibi.
479 1840 548 1895 Et
593 1850 649 1896 tu
703 1857 836 1914 ergo
884 1847 1122 1902 accende
1165 1847 1446 1906 lucernam
1476 1861 1621 1906 tuam
1655 1870 1667 1905 :
1706 1851 1816 1907 Lu-
1845 1844 1892 1906 B
1921 1840 2144 1899 ferenda
2170 1845 2496 1902 aestimatur-

204 1947 358 1987 cerua
394 1940 487 1987 tua
507 1935 688 1990 oculus
731 1945 852 1992 tuus
878 1948 953 1993 est
979 1938 1195 2009 (Matth.
1223 1957 1302 2008 vr,
1332 1942 1451 2013 22),
1477 1943 1573 2001 illc
1601 1945 1815 2004 scilicet

202 2025 436 2082 Interior
485 2026 679 2084 oculus
727 2030 946 2086 mentis.
991 2029 1153 2088 Istam
1200 2038 1477 2091 lucernam
1548 2038 1810 2108 accende,

201 2134 324 2190 qua:
357 2120 561 2191 accipit
603 2121 789 2179 oleum
840 2124 1112 2195 spiritale,
1136 2134 1194 2182 et
1232 2127 1382 2184 lucet
1423 2128 1478 2184 in
1508 2139 1620 2186 tota
1649 2129 1814 2188 domo

202 2218 314 2268 tua.
365 2213 572 2282 Quare
605 2214 921 2274 drachmam
971 2219 1403 2292 redemptionem
1459 2222 1809 2290 animantum,

198 2319 364 2376 quam
420 2307 522 2378 qui
566 2307 855 2378 amiserit,
906 2312 1198 2369 turbatur:
1230 2316 1324 2384 qui
1376 2314 1665 2382 invenerit,
1710 2331 1810 2372 ex-

196 2399 385 2456 sultat.

268 2492 324 2550 3.
345 2495 449 2551 Est
475 2504 539 2552 et
565 2496 874 2572 redemptio
890 2501 1088 2558 animae
1111 2502 1493 2560 misericordia
1519 2520 1535 2570 ;
1559 2504 1813 2576 redemp-

196 2585 273 2644 tio
298 2587 448 2646 enim
472 2591 677 2649 anima:
703 2591 946 2650 hominis
982 2595 1190 2654 divitia:
1221 2598 1364 2670 ejus,
1395 2599 1594 2670 quibus
1622 2600 1813 2672 utique

195 2684 255 2740 Ilt
278 2687 688 2759 misericordia,
714 2705 836 2762 qua:
871 2701 1093 2763 sumptu
1133 2709 1406 2766 pauperes
1427 2694 1584 2764 juvat
1618 2693 1809 2766 (Prov.

193 2793 313 2846 xm,
339 2779 425 2851 8).
476 2780 650 2854 778
675 2782 706 2821 ιι
745 2782 907 2841 Fides
950 2785 1138 2858 igitur,
1168 2787 1362 2858 gratia,
1410 2787 1811 2857 misericordia,

195 2873 518 2946 redemptio
539 2886 627 2932 est
646 2877 863 2946 animae,
909 2895 1031 2951 qua:
1061 2881 1360 2951 drachmas,
1383 2881 1437 2938 id
1463 2891 1571 2950 est,
1597 2883 1814 2955 integro

193 2971 376 3040 pretio
407 2987 648 3028 summa:
675 2975 937 3045 plenioris
971 2976 1322 3047 expenditur.
1352 2977 1445 3034 Sic
1473 2978 1619 3034 enim
1639 2980 1814 3049 scrip-

193 3069 311 3118 tum
333 3074 442 3133 est,
475 3065 704 3123 dicente
736 3067 969 3125 Domino
995 3069 1066 3125 ad
1105 3069 1326 3142 Moysen
1358 3089 1371 3124 :
1403 3071 1535 3126 Cum
1555 3072 1814 3143 acceperis

191 3161 640 3230 computationem
691 3162 922 3230 ﬁliorum
953 3161 1124 3219 Israel
1148 3165 1516 3221 invisitatione
1554 3166 1811 3238 ipsorum,

1991 1933 2235 2008 Denique
2254 1939 2419 1994 etiam
2445 1939 2512 1996 de
2539 1941 2630 1996 illa
2653 1943 2865 2002 caelesti
2920 1961 3046 2003 esca
3075 1948 3225 2020 (esca
3254 1959 3434 2011 autem
3465 1962 3524 2010 et

1917 2025 2211 2084 delectatio
2240 2029 2486 2087 alimenti
2513 2034 2756 2091 cmlestis
2777 2037 3047 2108 sapientia
3078 2050 3305 2113 est,qua
3336 2059 3523 2102 vesce-

1916 2120 2117 2179 bantur
2140 2123 2194 2179 in
2221 2124 2476 2195 paradiso
2503 2127 2694 2194 locati,
2715 2129 2809 2200 qui
2833 2140 2952 2186 erat
2978 2131 3299 2192 indeﬁciens
3328 2137 3526 2194 anima:

1917 2220 2093 2287 cibus,
2122 2236 2282 2292 quem
2308 2224 2527 2279 vocavit
2557 2239 2754 2280 manna
2801 2225 3021 2283 divinus
3052 2230 3259 2301 sermo)
3293 2232 3366 2287 ita
3391 2233 3527 2306 legi-

1917 2329 2038 2370 mus
2069 2314 2511 2373 distributionem
2541 2316 2740 2374 I'acmm
2794 2335 2892 2389 per
2931 2321 3176 2393 singulas
3202 2325 3434 2393 animas,
3465 2335 3527 2382 ut

1916 2410 2140 2483 aequalis
2165 2411 2325 2468 ﬁeret
2350 2412 2571 2469 divisio.
2604 2414 2673 2470 Et
2701 2415 3044 2488 collegerunt
3074 2421 3375 2477 secundum
3409 2423 3524 2479 dis-

1915 2503 2246 2574 positionem
2278 2506 2474 2578 Moysi,
2505 2508 2598 2579 qui
2631 2508 2946 2579 plurimum,
2978 2520 3035 2568 et
3065 2514 3157 2583 qui
3188 2508 3519 2571 minimum:

1915 2607 1974 2655 et
2011 2597 2370 2656 mensuramd
2402 2600 2652 2658 fecerunt
2704 2619 2928 2675 gomor,
2966 2616 3022 2661 et
3049 2622 3156 2663 non
3198 2609 3523 2679 abundavit,

1917 2707 2018 2748 nec
2041 2694 2312 2764 superfuit
2337 2695 2411 2761 ei,
2440 2696 2532 2766 qui
2582 2696 2838 2764 multum,
2873 2705 2932 2753 et
2975 2700 3024 2754 ei
3051 2701 3139 2770 qui
3171 2702 3376 2770 minus,
3409 2717 3523 2760 non

1914 2784 2090 2842 defuit
2113 2785 2314 2860 (Exod.
2341 2803 2453 2855 xvt,
2517 2787 2605 2855 17,
2658 2789 2776 2861 I8).
2815 2791 3197 2864 Unusquisque
3237 2798 3384 2853 enim
3424 2814 3526 2869 pro

1915 2898 2146 2940 numero
2175 2884 2504 2951 animarum,
2537 2884 2628 2956 qui
2664 2885 2810 2956 apud
2860 2902 2920 2943 se
2949 2899 3071 2945 erat
3115 2892 3170 2946 in
3201 2893 3523 2950 tabernacu-

1916 2976 2007 3045 lis,
2030 2977 2370 3058 collegerunt
2412 2991 2512 3048 per
2559 2977 2777 3048 singula
2828 2982 3006 3050 capita
3041 2992 3063 3019 ε
3096 2998 3309 3054 gomor,
3336 2986 3389 3040 id
3417 2998 3526 3052 est,

1915 3087 2231 3128 mensuram
2255 3072 2388 3139 vini,
2408 3072 2551 3128 sicut
2576 3072 2741 3128 habet
2770 3072 3174 3146 interpretatio.

1988 3164 2041 3220 6.
2065 3165 2162 3219 Est
2201 3174 2381 3221 autem
2431 3180 2687 3220 mensura
2727 3167 3035 3237 sapientiae,
3093 3186 3213 3240 qua:
3269 3174 3316 3228 si
3356 3172 3524 3245 supra

195 3250 401 3307 dabunt
422 3255 622 3326 singuli
653 3265 677 3293 ο
703 3256 1106 3326 redemptionem
1141 3258 1331 3313 anima:
1354 3274 1464 3314 sua:
1490 3257 1738 3326 Domino,
1761 3267 1809 3314 et
1835 3242 1882 3306 C
1915 3271 2223 3313 mensuram
2253 3257 2346 3322 sit,
2376 3265 2569 3322 nocet;
2598 3257 2722 3327 quia
2755 3258 3024 3328 scriptum
3071 3271 3156 3316 est
3183 3277 3196 3314 :
3236 3261 3366 3318 Noli
3406 3242 3517 3322 esse

194 3362 306 3403 non
331 3348 433 3404 erit
459 3349 522 3403 in
559 3350 636 3405 his
664 3351 841 3418 ruina,
867 3352 924 3407 in
954 3352 1252 3408 uisitatione
1270 3369 1467 3408 eorum.
1505 3352 1575 3408 Et
1607 3353 1705 3408 hoc
1732 3360 1808 3408 est

190 3442 336 3510 quod
363 3441 574 3498 dabunt
601 3485 618 3511 ,
648 3453 900 3516 quotquot
946 3446 1303 3517 perambulant
1339 3447 1702 3514 visitationem,
1732 3447 1815 3502 di-

190 3532 439 3590 drachmi
460 3535 740 3592 dimidiam
769 3547 992 3608 partem,
1015 3539 1152 3610 quod
1176 3549 1248 3595 est
1267 3540 1552 3596 secundum
1568 3540 1815 3595 didrach-

190 3644 337 3684 mum
384 3642 656 3686 sanctum.
715 3629 915 3702 Viginti
963 3632 1101 3689 oboli
1131 3634 1495 3692 didrachmum
1523 3652 1542 3691 :
1593 3636 1813 3691 dimidia

185 3800 321 3864 sunt
341 3791 416 3848 ad
448 3792 837 3864 imperatores,
871 3792 988 3850 fere
1011 3794 1269 3851 abstinet.
1292 3795 1433 3853 Hinc
1453 3796 1513 3852 ﬁt
1532 3804 1594 3852 ut
1614 3795 1809 3852 difﬁci-

187 3863 297 3938 lius
324 3880 430 3922 eos
459 3866 665 3934 quibus
696 3867 878 3938 missae
906 3876 1055 3932 sunt,
1087 3883 1481 3938 cognoscamus
1505 3885 1520 3934 ;
1550 3869 1657 3924 nisi
1678 3868 1807 3938 quid

184 3936 241 3992 in
273 3937 398 4010 ipso
451 3944 723 3994 contextu
779 3937 903 3992 illos
957 3936 1182 4010 indicet:
1241 3940 1413 3996 Porro
1444 3936 1807 4010 praeterquam

185 4009 339 4081 quod
357 4009 803 4081 familiaritatem
831 4009 1124 4080 quamdam
1161 4012 1335 4080 spirat
1364 4009 1473 4067 tota
1521 4009 1683 4081 hujus
1723 4025 1811 4066 se-

185 4080 326 4148 ries,
353 4080 451 4154 hic
473 4081 596 4151 ipse
615 4080 805 4137 Justus
829 4082 900 4154 ab
915 4082 1205 4154 Ambrosio
1232 4087 1394 4154 frater
1415 4080 1640 4138 vocatur
1665 4100 1678 4136 :
1703 4097 1810 4153 quo

183 4153 474 4208 vocabulo
505 4168 630 4208 cum
661 4154 791 4225 olim
817 4152 1062 4223 episcopi
1106 4152 1241 4225 raro;
1265 4155 1403 4210 alios
1425 4152 1808 4225 dignarentur,

183 4225 714 4298 quam‘episcopos,
738 4224 868 4279 hinc
920 4225 1070 4280 illum
1102 4224 1293 4282 eadem
1318 4224 1580 4298 dignitate
1610 4226 1811 4296 praedi-

185 4303 305 4352 tum
356 4296 542 4353 fuisse
572 4295 848 4367 c0njicere
900 4307 983 4352 est
1016 4314 1030 4350 :
1059 4313 1182 4354 eum
1233 4295 1413 4354 autem
1465 4314 1533 4354 eo
1562 4295 1810 4367 tempore

180 4379 423 4452 sanctus
451 4367 670 4452 1Iustus,
701 4368 857 4452 cujus
893 4371 1162 4452 _meminit
1187 4386 1240 4452 LV
1294 4386 1424 4452 non.
1463 4369 1807 4452 Sept..Rom_.

181 4439 710 4514 Martyrologium,
758 4438 1104 4514 Lugdunensi
1187 4441 1450 4499 Ecclesiae
1504 4438 1807 4514 praefuerit,

179 4511 460 4583 idemque
472 4511 818 4581 Aquileiensi
837 4512 1071 4568 concilio
1092 4511 1598 4581 interfuerit,dubio
1621 4512 1809 4583 procul

1915 3352 2133 3405 multum
2157 3351 2366 3420 sapiens
2385 3349 2557 3422 (Eccl.
2582 3365 2677 3415 vn,
2702 3348 2819 3423 17).
2877 3351 2944 3406 Et
2984 3352 3184 3408 Paulus
3220 3355 3409 3413 docuit
3437 3373 3523 3416 se-

1917 3444 2153 3501 cundum
2196 3457 2511 3500 mensuram
2534 3443 2651 3498 dari
2685 3443 3009 3500 divisionem
3047 3448 3368 3519 gratiarum,
3397 3469 3521 3511 cum

1916 3537 2046 3594 dicit
2081 3555 2095 3591 :
2127 3537 2263 3606 Quia
2312 3536 2595 3606 unicuique
2640 3536 2796 3591 datur
2820 3537 3174 3608 manifestatio
3198 3542 3413 3612 spiritus
3453 3547 3522 3601 ad

1916 3632 2214 3697 utilitatem,
2243 3629 2342 3685 alii
2365 3645 2533 3684 sermo
2577 3628 2870 3699 sapientior,
2899 3627 2921 3666 ί
2951 3630 3042 3685 alii
3073 3648 3240 3688 sermo
3269 3636 3520 3706 scientiae,

1914 3801 2173 3866 quentem
2195 3789 2520 3866 dictionem,
2539 3786 2754 3866 scilicet
2770 3787 3132 3866 misericordia
3157 3806 3479 3866 expungunt
3505 3817 3518 3852 :

1915 3859 2011 3922 sed
2039 3864 2163 3920 cod.
2192 3862 2412 3918 Belvac.
2437 3869 2492 3915 et
2521 3859 2730 3928 aliquot
2778 3859 2873 3914 alii
2902 3875 3086 3916 veram
3110 3859 3380 3923 exhibent
3411 3869 3523 3924 lec-

1917 3939 2146 4002 tionem,
2162 3949 2324 4006 quam
2355 3931 2760 4006 amplectimur.

1992 4021 2014 4048 ο
2045 4001 2196 4063 Cum"
2213 4021 2346 4061 mss.
2379 4003 2432 4058 in
2466 4003 2571 4058 hoc
2614 4001 2789 4056 Exodi
2847 4011 3005 4058 textu
3062 4013 3172 4060 vet.
3205 4006 3340 4062 edit.
3389 4013 3523 4068 satis

1917 4088 2226 4150 congruunt
2255 4095 2268 4131 :
2303 4085 2359 4131 at
2383 4075 2547 4152 _Rom.
2582 4073 2716 4152 cdit.
2749 4074 3058 4152 immutavit
3088 4081 3372 4152 nonnulla.
3399 4099 3522 4152 quin

1918 4144 2352 4223 uno'consrpectu
2383 4145 2472 4202 hic
2521 4144 2872 4223 cxbihem‘us,
2890 4148 3122 4223 pretium
3148 4144 3521 4223 redemptionis

2012 4228 2066 4278 in
2095 4216 2222 4291 ipsis
2245 4216 2789 4292 plaga..._did_rachmi
2815 4216 3079 4292 oblatio...
3105 4216 3369 4292 intraverit
3392 4226 3518 4280 uisi-

2012 4236 2066 4278 in
2095 4239 2222 4291 tpsts
2245 4236 2332 4292 pta
2371 4237 2472 4272 a...
2496 4236 2789 4270 asaracnms
2815 4236 3079 4273 octauo...
3105 4236 3369 4277 intraverit
3392 4236 3518 4280 mst-

1918 4297 2229 4351 tationem...
2271 4236 2413 4366 degit
2441 4289 2824 4366 oblationem...
2850 4291 3328 4366 ncn_minorabit...
3361 4313 3519 4366 pecu-

1917 4369 2058 4422 niam
2101 4363 2450 4436 oblationic...
2484 4357 2658 4414 Israel
2698 4360 3065 4415 memoriale...
3107 4362 3178 4416 ad
3228 4357 3521 4436 propitian-

1917 4440 2038 4494 dum
2066 4454 2159 4505 pro
2182 4434 2472 4491 animabus.

1989 4509 2016 4548 ά
2047 4502 2251 4566 Gomor
2273 4519 2528 4576 mensura
2553 4512 2640 4559 est
2660 4502 2849 4576 _trium
2888 4505 3177 4560 chenicnm
3209 4507 3520 4576 atticarum.

179 4583 256 4637 ab
278 4574 604 4663 Ambrosio
626 4585 854 4663 hujusce
881 4585 1096 4663 concilii
1116 4599 1342 4663 auctore
1365 4574 1641 4663 praecipuo
1671 4584 1813 4663 in_vi-
1838 4649 1889 4663 _
1920 4592 2062 4663 teste
2085 4581 2438 4663 Hieronymo.
2490 4574 2773 4663 Iosephus
2793 4576 3123 4663 inqu_it_eam
3146 4577 3349 4663 habcre
3378 4574 3517 4661 τρεῖξ

184 4664 364 4724 tatus,
394 4671 513 4741 ncn
535 4657 676 4712 alius
695 4647 852 4741 nobis
874 4655 1063 4741 Justus
1084 4659 1344 4726 occurrit,
1364 4647 1452 4713 cui
1480 4647 1682 4728 ju'stius
1713 4656 1811 4713 de-
1837 4649 1894 4712 D
1917 4647 2322 4741 ᾐμιῳξοτύλςγξ
2339 4667 2378 4741 λ
2391 4647 2603 4741 AS921}?
2632 4649 3200 4741 Aﬁgielff-f|2_llg{ni[l?
3220 4647 3514 4741 iﬁlli-cst,

175 4718 400 4783 stinaia
432 4726 657 4782 dicatur
694 4729 809 4783 haec
843 4728 1098 4799 epistola.
1330 4718 1341 4726 ’
1480 4718 1499 4728 ’
1915 4718 2056 4805 teste
2078 4724 2308 4805 Fannio.
2338 4718 2598 4805 continet
2628 4733 2761 4805 erg?
2804 4718 3079 4805 heminam
3129 4724 3330 4805 etejus
3360 4718 3524 4784 dimi;

254 4809 284 4836 ει
313 4797 714 4854 Didrachmum
737 4791 896 4869 apud'
931 4798 1206 4855 Haebrzeos
1233 4800 1474 4870 pondere
1520 4800 1664 4857 idem
1695 4809 1812 4856 erat

1926 4797 2086 4870 dium.
2111 4796 2188 4851 Ita
2214 4793 2482 4856 Nannius,
2510 4805 2540 4844 a
2571 4805 2678 4860 quo
2708 4791 2908 4861 Fagius
2953 4792 3007 4846 in
3037 4791 3213 4849 Exodi
3241 4791 3354 4850 'xv1
3406 4814 3518 4856 non

174 4885 246 4927 ac
271 4871 489 4928 siclus.
512 4870 698 4943 Itaque
728 4880 787 4926 ut
815 4871 1014 4939 duplex
1047 4871 1216 4927 siclus
1238 4871 1520 4936 fuit,alius
1551 4872 1814 4943 profanus

170 4943 277 5014 qui
329 4943 490 4998 duas
536 4942 826 4999 drachmas
872 4959 972 4999 seu
999 4943 1189 5000 decem
1233 4945 1425 4999 obolos
1453 4942 1809 5010 continebat;

171 5016 328 5070 alius
365 5014 792 5071 ecclesiasticus
818 5016 909 5085 qui
939 5015 1229 5071 drachmas
1254 5025 1504 5086 quatuor,
1535 5015 1651 5073 sive
1679 5015 1813 5071 obo-

169 5086 265 5144 los
299 5086 561 5158 viginti:
594 5088 673 5142 sic
699 5087 974 5158 geminum
1013 5085 1177 5142 etiam
1207 5085 1582 5144 didrachmum
1615 5087 1813 5142 admit-

170 5158 426 5242 tend-un}
459 5167 574 5241 est,
601 5159 824 5242 vulgarc
870 5159 1012 5242 quth
1044 5158 1232 5242 decem
1283 5159 1482 5242 obolis,
1501 5168 1564 5242 et
1593 5173 1808 5242 sacrum

167 5231 334 5301 quod
363 5229 575 5302 viginti
615 5229 922 5286 constabat.
956 5231 1285 5288 Eamobrem
1314 5230 1810 5302 quodiAmbrosius

166 5301 516 5385 didrachmi
542 5302 826 5385 dimidiam
844 5312 1061 5372 partem,
1090 5301 1410 5385 hoc_Versio
1437 5301 1597 5385 Vjulg:
1635 5312 1812 5385 trans-

167 5371 662 5448 fert,cdimidium
709 5371 870 5448 sicli;
908 5385 963 5448 ct
989 5375 1271 5448 quodiille,
1302 5375 1487 5448 viginti
1541 5371 1813 5448 cbolisdi-

167 5446 547 5510 drachmam,
574 5443 677 5518 hoc
703 5445 892 5518 eadem
916 5443 1103 5517 Vulg.,
1121 5447 1294 5503 Siclus
1310 5443 1490 5518 viginti
1506 5445 1690 5518 obolos
1719 5445 1815 5497 ha-

163 5518 297 5574 bet.
323 5517 519 5572 Plura
561 5515 630 5588 de
663 5516 814 5588 hisce
843 5515 1178 5588 ponderibus
1226 5515 1445 5575 tradunt
1473 5517 1808 5582 Munsterus,

166 5588 401 5660 lf‘agius
457 5592 530 5660 Aet
577 5586 859 5660 Yatablus'
893 5591 947 5645 in
1004 5591 1254 5647 eumdem
1299 5591 1518 5648 locum:
1573 5588 1815 5660 itemque

164 5658 548 5718 Gualoerius
575 5659 625 5712 in
656 5659 847 5714 Matth.
892 5676 1021 5716 xvn.

247 5732 281 5808 γ’
311 5729 460 5808 vet.
490 5729 653 5808 edin,
671 5729 1019 5808 ides_igitur
1033 5735 1222 5805 gratia,
1240 5735 1412 5808 gratia
1437 5731 1815 5808 misericordia,

168 5800 582 5875 misericordia
596 5800 912 5875 redemptio:
933 5820 963 5858 a
984 5800 1180 5875 quibus
1207 5800 1390 5875 piures
1420 5819 1552 5860 mss.
1583 5803 1685 5858 hoc
1702 5811 1820 5858 tan-

169 5886 307 5939 tum
330 5873 594 5943 distant,
616 5873 763 5946 quod
785 5873 1015 5941 habent,
1035 5873 1614 5947 gratia'misericordite,
1647 5884 1703 5930 et
1730 5888 1819 5930 se-

822 5969 1098 6032 ΡΑΤιιοι..
1129 5969 1303 6034 XVI.

1914 4797 2086 4852 dium.
2111 4796 2188 4851 Ita
2214 4793 2482 4856 Nannius,
2510 4805 2540 4844 a
2571 4805 2678 4860 quo

1914 4869 2365 4995 disseedit.
2409 4933 2549 4998 sola,
2595 4947 2795 5004 gomor,
2823 4932 2879 4986 id
2925 4943 3022 5002 est,
3066 4951 3382 5004 mensuram,
3423 4956 3515 4996 seu

1915 5011 2424 5067 consummationem.
2477 5006 2546 5060 Et
2596 5003 2913 5074 Hieronym.
2944 5006 3164 5075 quidem
3196 5009 3260 5061 de
3294 5003 3514 5066 Nomia.

1916 5084 2192 5149 Hebraic.,
2252 5078 2446 5135 Gomor
2494 5075 2808 5149 assumptio,
2841 5076 2944 5149 sive
2988 5078 3384 5149 consummatio,
3435 5085 3517 5138 rel

1916 5156 2165 5228 ρει-μειερ
2179 5146 2255 5211 ’m
2281 5149 2427 5228 acad
2452 5162 2563 5228 n_on
2593 5146 2884 5228 hic-agitur
2906 5147 2975 5228 de
3007 5148 3320 5228 hujusmodi
3347 5153 3518 5228 signi-

1914 5216 2212 5282 iica'tione:
2245 5222 2383 5278 nihil
2413 5216 2790 5292 quippealiud
2851 5216 3145 5292 indicatur,
3194 5219 3300 5292 nisi
3331 5216 3518 5290 cujus-

1915 5314 2041 5354 nam
2065 5296 2285 5368 generis
2310 5287 2563 5368 mensura
2593 5290 2690 5368 sit,
2722 5303 2844 5368 quae
2870 5287 2952 5341 sic
2979 5289 3200 5344 dicitur.
3223 5287 3520 5361 Propterea

1915 5357 2331 5425 inira'subdidit
2375 5362 2697 5419 Ambrosius
2723 5357 2964 5413 {Gomor
3011 5375 3133 5432 ergo
3161 5357 3397 5416 mensura
3419 5378 3516 5435 est,

1917 5451 1967 5496 et
1994 5456 2235 5495 mensura
2271 5437 2396 5492 vini.

1993 5512 2014 5551 τ
2038 5513 2117 5567 Ita
2175 5524 2308 5566 mss.
2363 5519 2561 5582 magno
2606 5514 2927 5582 consensu;
2970 5511 3168 5582 contra
3213 5518 3347 5559 vero
3384 5507 3518 5564 edit.

1923 5599 2115 5640 omnes
2137 5598 2166 5638 a
2192 5570 2481 5637 communi
2500 5573 2736 5630 lectione
2758 5570 3064 5640 Apostolici
3095 5582 3274 5630 textus
3303 5591 3410 5632 non
3431 5595 3521 5636 re-

1924 5639 2210 5718 cedentes,
2233 5649 2486 5721 eumdem
2510 5644 2744 5721 eﬂerupt
2772 5642 2825 5693 in
2850 5639 2966 5721 haec
2992 5647 3206 5721 verba_:
3234 5645 3524 5721 A_lii_s_ermo

1925 5709 2155 5784 scientia:
2199 5709 2510 5792 secundum
2539 5709 2776 5769 eumdem
2814 5709 3274 5792 spiritum,_alteri
3317 5718 3525 5792 ﬁdesiu

1928 5799 2106 5854 eodem
2147 5795 2333 5866 spiritu
2365 5833 2380 5858 ,
2416 5788 2510 5842 alii
2548 5796 2736 5855 genera
2756 5788 3043 5838 sanitatum
3085 5789 3139 5843 in
3168 5804 3270 5842 uno
3318 5791 3528 5861 spiritu,

1929 5880 2040 5926 θιο.

3054 5957 3135 6020 29
