4014 6290
1889 223 1973 280 SA
1983 223 2142 280 NCTl
2181 220 2508 282 Αιιιιιιοειι
3686 230 3751 288 908

526 347 617 402 alii
644 347 776 416 ﬁde:
792 342 1162 418 sapientitz‘per
1179 346 1420 414 spiritum
1433 342 1662 406 scientia:
1684 341 1965 397 secundum
1988 360 2132 397 eum-
2165 345 2214 405 Α
2319 343 2405 398 ll.
2451 341 2630 404 llabes
2659 342 2760 398 hoc
2793 344 2846 400 in
2883 343 3174 416 Evangelio
3201 345 3416 416 (Matth.
3448 361 3536 414 xx,
3561 345 3656 418 10),
3673 351 3754 420 quia

529 445 647 496 dem
661 441 919 513 spiritum,
942 438 1072 510 ﬁdes
1097 440 1151 493 in
1169 439 1344 494 eodem
1366 437 1550 508 spiritu
1573 434 1892 508 (ICor.xu,7
1915 445 1961 490 et
1979 434 2134 508 seq.);
2243 451 2456 492 merces
2485 437 2710 507 aqualis
2739 438 2993 494 omnibus
3021 439 3247 496 solvitur
3271 437 3326 494 in
3359 440 3509 496 vinea
3534 439 3754 498 laboranti-

530 545 588 590 et
617 534 795 590 dividi
820 530 986 605 779
1025 540 1147 588 eam
1187 533 1416 602 gratiam
1469 527 1764 584 secundum
1804 528 2134 584 voluntatem
2238 527 2381 584 bus:
2415 527 2510 584 sed
2543 528 2699 598 pauci
2725 530 2791 584 ad
2819 531 3063 594 bravium
3089 575 3106 600 ,
3145 533 3300 603 pauci
3333 532 3399 586 ad
3429 547 3655 588 coronam
3677 551 3754 605 pcr-

529 629 788 700 Spiritus.
840 626 997 696 Quod
1040 623 1254 690 dividit,
1309 622 1586 693 aequitatis
1614 631 1698 678 est
1732 637 1746 675 :
1777 621 1918 693 quod
1949 630 2131 676 autem
2237 621 2508 690 veniunt,
2541 623 2696 690 pauci
2726 621 2914 680 dicunt
2942 641 2956 678 :
2982 623 3228 696 Reposito
3256 635 3332 682 est
3361 624 3483 679 mihi
3508 643 3670 680 corona
3681 630 3756 696 ita

529 722 830 780 secundum
864 722 1202 778 voluntatem
1247 735 1400 776 suam
1433 717 1649 784 dividit,
1673 750 1678 755 ς
1702 717 2008 788 potestatis.
2033 715 2131 771 Vel
2235 715 2362 770 tilia:
2392 713 2458 786 (ΙΙ
2487 714 2620 770 Tim.
2645 732 2718 782 Iv,
2743 716 2824 788 8).
2849 717 2965 773 Alia
2989 728 3074 776 est
3091 720 3236 775 enim
3261 735 3474 778 merces
3493 719 3758 778 liberalitatis

527 819 654 888 quia
683 815 735 872 id
763 815 894 873 velit
932 814 1232 884 unicuique
1287 811 1564 880 conferre,
1595 811 1738 882 quod
1790 809 2127 882 profuturum
2233 819 2288 866 et
2315 811 2529 882 gratiae,
2565 811 2712 870 aliud
2739 813 2954 872 virtutis
2979 814 3336 886 stipendium,
3365 814 3396 854 lt
3425 815 3614 873 laboris
3637 831 3761 872 remu-

527 909 762 968 noverit.
2232 903 2465 959 neratio.
3087 956 3096 960 _

595 1006 648 1060 7.
689 1004 893 1062 Gomor
937 1017 1068 1074 ergo
1118 1015 1372 1057 mensura
1424 1009 1542 1066 est,
1569 1009 1624 1054 et
1669 1013 1930 1058 mensura
1976 999 2125 1066 vini,
2304 1000 2390 1078 lit.
2437 1000 2580 1071 Ergo
2620 1000 3004 1060 didrachmum
3047 1003 3362 1086 redemptio
3389 1013 3509 1073 est,
3539 1004 3634 1059 imo
3654 1006 3764 1064 dimi-

521 1099 665 1170 quod
693 1097 936 1155 laetiﬁcat
979 1109 1074 1151 cor
1106 1093 1344 1150 hominis
1375 1093 1394 1164 (
1421 1091 1518 1148 Ps.
1544 1108 1670 1161 cur,
1704 1092 1832 1164 l5).
1864 1090 2004 1160 Quid
2031 1107 2127 1146 au-
2228 1094 2377 1152 dium
2408 1095 2734 1152 didracltmi.
2767 1097 3024 1154 Redemit
3049 1108 3236 1154 autem
3260 1113 3358 1153 nos
3383 1114 3414 1154 a
3445 1109 3634 1164 morte,
3656 1100 3765 1156 rede-

523 1202 628 1249 tem
661 1192 763 1246 nisi
791 1191 1074 1261 sapientia:
1105 1198 1265 1260 potus
1308 1186 1624 1256 jucunditas
1653 1187 1835 1242 cordis
1860 1186 1983 1242 est?
2007 1181 2126 1241 ‘lloc
2228 1189 2328 1244 mit
2357 1204 2386 1244 a
2416 1190 2718 1256 servitute;
2753 1206 2820 1248 ne
2849 1191 3082 1264 subjecti
3107 1193 3280 1249 simus
3311 1171 3477 1264 ἡδο
3501 1193 3765 1260 mundo,cui

514 1296 600 1341 est
628 1284 762 1340 illud
791 1282 974 1338 vinum
1002 1323 1016 1346 ,
1049 1281 1197 1353 quod
1230 1279 1450 1336 miscuit
1502 1281 1555 1335 in
1595 1269 1806 1336 cratere
1847 1279 2123 1350 Sapientia
2226 1283 2687 1340 renuntiavimus.
2723 1284 2876 1341 Unde
2907 1285 3170 1341 Dominus
3201 1287 3252 1342 in
3285 1287 3572 1357 Evangelio
3593 1288 3696 1343 dicit
3719 1289 3766 1344 ad

516 1375 702 1450 (Prov.
730 1392 807 1442 lx,
840 1373 921 1448 2),
953 1385 1009 1430 et
1032 1373 1194 1431 oﬁ‘ert
1226 1373 1542 1438 bibendum,
1573 1382 1630 1428 nt
1656 1387 1936 1428 sumamus
1966 1369 2124 1427 nobis
2225 1375 2468 1446 Petrum,
2501 1386 2561 1434 ut
2587 1380 2743 1434 vadat
2786 1379 2856 1436 ad
2889 1395 3060 1446 mare,
3089 1382 3268 1435 mittat
3297 1379 3538 1447 hamum,
3565 1391 3612 1437 et
3636 1382 3676 1436 in
3700 1397 3768 1438 ore

512 1471 871 1528 sobrietatem
898 1478 955 1525 et
974 1469 1319 1542 prudentiam
1338 1485 1351 1521 :
1368 1467 1510 1539 quod
1533 1483 1593 1522 ea
1619 1466 1925 1537 aequalitate
1948 1475 2122 1520 trans-
2225 1471 2391 1540 piscis
2419 1473 2701 1528 inventum
2731 1484 2754 1513 ο
2777 1481 3032 1529 staterem
3057 1484 3257 1542 sumat,
3281 1484 3337 1528 et
3361 1473 3451 1530 det
3479 1489 3574 1544 pro
3595 1474 3770 1529 Domino

510 1564 663 1620 fundi
694 1573 912 1635 oportet
957 1563 1215 1620 sensibus
1245 1571 1301 1617 et
1328 1561 1752 1633 cogitationibus
1799 1561 2034 1626 nostris,
2063 1568 2121 1616 et
2225 1572 2282 1618 et
2315 1579 2415 1633 pro
2443 1579 2502 1619 se
2529 1565 2870 1636 exigentibus
2900 1561 2926 1601 ἀ
2954 1565 3270 1620 didrachma
3300 1565 3516 1638 (Matth.
3549 1583 3664 1632 xvn,
3685 1565 3766 1634 £6).

511 1661 766 1718 omnibus
811 1659 1054 1716 motibus
1078 1701 1094 1727 ,
1123 1660 1214 1730 qui
1249 1659 1387 1716 intra
1419 1658 1559 1714 hanc
1589 1667 1832 1712 nostram
1863 1665 1990 1712 sunt
2017 1656 2118 1712 do-
2225 1653 2342 1712 Hoc
2382 1667 2466 1712 est
2513 1657 2682 1728 igitur
2726 1657 3044 1716 didraehma
3067 1701 3083 1725 ,
3109 1659 3252 1730 quod
3283 1658 3600 1730 exigebatur
3623 1673 3770 1715 secun-

508 1771 692 1818 tnum;
730 1765 790 1810 ut
819 1755 1060 1810 sciamus
1081 1768 1248 1824 posse
1275 1752 1554 1808 abundare
1583 1750 1858 1816 omnibus,
1888 1749 2124 1806 deﬁcere
2154 1752 2202 1814 B
2229 1749 2355 1804 dum
2387 1750 2586 1823 Legem
2615 1769 2628 1806 :
2653 1751 2751 1808 sed
2781 1767 2888 1808 non
2921 1751 3159 1808 debebat
3188 1752 3318 1809 illud
3353 1751 3498 1807 ﬁlius
3529 1751 3680 1822 regis,
3700 1749 3770 1807 sed

505 1849 663 1906 milli.
2224 1841 2458 1898 alienus.
2503 1843 2643 1912 Quid
2677 1845 2822 1900 enim
2866 1860 2928 1900 se
2971 1843 3228 1900 Christus
3274 1845 3568 1902 redimeret
3607 1847 3665 1902 ab
3695 1845 3767 1899 hoc

577 1941 635 1997 8.
675 1939 899 1996 Plenius
927 1949 1110 1996 autem
1151 1940 1216 1994 de
1243 1939 1511 2010 sanguine
1534 1938 1738 1994 Christi
1771 1937 2111 2010 intelligitur,
2218 1936 2458 2004 mundo,
2513 1938 2607 2010 qui
2653 1949 2907 1996 venerat'
2933 1951 2990 1995 ut
3039 1941 3259 1996 tolleret
3309 1951 3585 2012 peccatum
3630 1941 3767 1997 mundi

506 2045 532 2072 α
561 2035 719 2105 cujus
743 2035 814 2090 ad
845 2035 1076 2106 gratiam
1106 2034 1241 2088 nihil
1273 2033 1536 2088 minuitur
1561 2075 1576 2099 ,
1607 2032 1744 2088 nihil
1775 2033 2108 2102 adjungitur.
2220 2027 2412 2102 (Ibid.,
2447 2029 2578 2102 24)?
2627 2030 2766 2102 Quid
2796 2047 2857 2088 se
2885 2049 2915 2086 a
2949 2043 3174 2103 peccato
3223 2033 3550 2100 redimeret,
3579 2035 3656 2105 qui
3695 2035 3766 2088 de-

501 2125 574 2184 Et
598 2129 644 2183 si
677 2143 868 2199 parum
900 2143 1120 2195 sumas,
1151 2136 1205 2183 et
1238 2127 1286 2184 si
1319 2127 1610 2198 plurimum
1639 2125 1884 2194 haurias,
1916 2125 2109 2181 eadem
2215 2122 2502 2180 scenderat
2525 2165 2540 2185 .
2594 2135 2653 2180 ut
2693 2126 2946 2182 omnibus
2994 2137 3278 2198 peccatum
3306 2127 3600 2184 dimitteret
3625 2129 3762 2199 (Ιοιιιι.

502 2219 744 2290 perfecta
773 2229 859 2276 est
885 2219 1142 2276 omnibus
1188 2234 1440 2274 mensura
1471 2217 1887 2281 redemptionis.
2215 2231 2255 2280 ι,
2278 2216 2414 2286 29)?
2441 2217 2582 2288 Quid
2607 2232 2668 2273 se
2696 2218 2989 2276 redimeret
3019 2236 3050 2276 a
3079 2221 3346 2276 servitute
3373 2263 3388 2290 ,
3416 2221 3508 2292 qui
3539 2236 3591 2274 se
3618 2221 3766 2274 exin:-

571 2311 626 2368 9.
671 2313 878 2369 Pascha
907 2327 1126 2382 quoque
1169 2312 1416 2378 Domini,
1459 2312 1564 2367 hoc
1603 2320 1718 2376 est,
1765 2324 2000 2380 agnum,
2031 2308 2108 2366 ita
2215 2311 2445 2376 nivcrat,
2478 2321 2535 2364 ut
2569 2311 2840 2367 universis
2887 2312 3192 2368 libertatem
3240 2312 3399 2368 daret
3429 2295 3593 2387 (Phil.
3621 2310 3763 2382 11,7)?

504 2406 696 2464 Patres
727 2406 939 2478 epulari
966 2405 1226 2476 jubentur
1255 2403 1454 2477 (Exod.
1491 2419 1580 2468 an,
1614 2403 1692 2472 4),
1724 2413 1782 2458 ut
1809 2401 2127 2458 secundum'
2210 2401 2350 2472 Quid
2377 2419 2436 2458 se
2463 2403 2758 2460 redimeret
2787 2420 2818 2460 a
2841 2415 3052 2472 morte,
3083 2405 3175 2477 qui
3213 2421 3436 2462 carnem
3477 2413 3760 2476 susceperat.

505 2511 792 2556 numerum
820 2499 1124 2554 animarum
1161 2497 1456 2568 epulentur
1486 2511 1746 2566 suarum,
1776 2511 1956 2566 neque
1983 2496 2108 2567 plu-
2211 2504 2272 2552 ut
2307 2509 2515 2574 .morte
2561 2515 2656 2555 sua
2711 2499 2968 2557 omnibus
3030 2499 3494 2558 resurrectionem
3563 2499 3762 2572 acquire-

500 2608 593 2650 res
615 2635 630 2660 ,
663 2608 840 2664 neque
871 2591 1158 2664 pauciores
1203 2608 1215 2644 :
1259 2605 1438 2661 neque
1481 2590 1606 2645 aliis
1645 2589 1765 2660 plus
1795 2588 1954 2656 dari,
1985 2589 2108 2644 aliis
2209 2588 2334 2644 ret?

493 2686 714 2754 minus,
748 2684 844 2742 sed
897 2683 1196 2741 secundum
1242 2682 1451 2741 animas
1494 2681 1876 2754 singulorum;
1918 2695 1986 2736 ne
2014 2691 2107 2738 aut
2284 2682 2377 2738 15.
2419 2681 2538 2738 Non
2571 2684 2758 2756 utique
2785 2699 2922 2754 Opus
2947 2681 3136 2739 habuit
3165 2684 3536 2756 redemptione
3555 2685 3761 2754 redemp-

495 2780 755 2836 l'ortiores
801 2779 1038 2850 amplius
1090 2789 1339 2842 sumant,
1373 2787 1466 2832 aut
1515 2777 1846 2832 inﬁrmiores
1895 2775 2098 2832 minus.
2207 2781 2292 2830 tor
2319 2777 2703 2832 universorum
2735 2794 2748 2832 :
2775 2777 2869 2832 sed
2900 2778 3041 2832 sicut
3076 2769 3544 2835 circumcislmteln
3571 2777 3759 2848 accepit,

493 2871 681 2930 Gratia
725 2875 874 2930 enim
921 2872 1147 2943 :equalis
1191 2872 1421 2942 singulis
1463 2869 1742 2940 dividitur,
1795 2870 2104 2942 redemptio
2204 2879 2263 2924 ut
2299 2869 2469 2941 legem
2511 2861 2766 2940 impleret
2813 2869 2969 2940 (Luc.
3003 2888 3074 2939 ll,
3105 2869 3236 2944 22);
3285 2882 3341 2929 et
3385 2872 3452 2928 ad
3481 2873 3760 2946 baptismum

489 2963 784 3031 dividitur,
825 2964 1030 3020 donum
1079 2962 1362 3020 dividitur.
1409 2963 1600 3034 Neque
1651 2965 1834 3034 plures
1882 2973 2104 3035 oportet
2203 2964 2390 3030 venit,
2425 2973 2486 3018 ut
2521 2963 2772 3036 impleret
2817 2963 3085 3035 justitiam
3131 2965 3366 3040 (Matth.
3400 2983 3488 3037 ιιι,
3521 2961 3612 3036 15)
3651 2985 3664 3021 :
3703 2971 3761 3020 ita

487 3074 640 3128 esse,
673 3074 743 3116 ne
773 3059 897 3131 quis
927 3074 1134 3116 vacuus
1161 3059 1277 3130 spei
1319 3068 1374 3114 et
1409 3058 1810 3129 redemptionis
1855 3060 2094 3116 recedat.
2201 3054 2364 3109 etiam
2413 3043 2728 3110 didraclnna
2777 3055 3120 3128 exigentibus
3161 3058 3484 3115 solutionem
3517 3075 3610 3114 non
3636 3074 3763 3114 recu-

487 3153 684 3210 Plures
729 3164 876 3220 sunt,
925 3153 1142 3224 quando
1185 3152 1356 3223 aliqui
1399 3161 1554 3209 extra
1587 3169 1873 3209 numerum
1923 3163 2051 3208 sunt
2078 3170 2092 3208 :
2122 3141 2168 3204 C
2201 3150 2374 3218 savit;
2404 3147 2500 3204 sed
2529 3135 2710 3204 Statim
2741 3160 2999 3206 staterem
3049 3168 3147 3224 pro
3173 3149 3492 3212 didrachmo
3513 3154 3658 3228 jussit
3682 3171 3762 3225 pro

485 3248 658 3304 sancti
707 3256 887 3303 autem
923 3247 1190 3303 numerati
1219 3253 1351 3300 sunt
1375 3261 1588 3314 omnes,
1623 3259 1679 3301 et
1702 3246 1886 3318 capilli
1911 3262 2101 3302 eorum
2205 3257 2267 3297 se
2293 3251 2346 3296 et
2373 3242 2533 3299 Petro
2559 3241 2674 3297 dari
2700 3238 2912 3317 (Matth.
2945 3261 3076 3312 xvn,
3105 3238 3220 3318 26).
3255 3244 3440 3305 Maluit
3465 3251 3601 3305 enim
3626 3264 3766 3320 supra

489 3339 709 3411 (Matth.
742 3356 816 3405 ι,
847 3339 976 3410 50);
1023 3339 1280 3409 cognovit
1329 3337 1471 3394 enim
1521 3337 1787 3394 Dominus
1831 3339 1927 3410 qni
1976 3349 2104 3395 sunt
2204 3335 2404 3406 Legem
2445 3335 2700 3404 solvere,
2743 3354 2904 3409 quam
2933 3337 2985 3394 id
3015 3341 3161 3412 quod
3207 3337 3328 3397 erat
3370 3343 3530 3414 Legis
3573 3343 3762 3415 negare.

485 3432 660 3500 ipsius
691 3451 704 3484 :
737 3445 918 3502 neque
958 3430 1270 3500 pauciores,
1305 3445 1372 3486 ne
1404 3429 1778 3501 magnitudine
1809 3431 1998 3502 gratiae
2028 3431 2101 3488 sit
2200 3423 2449 3482 Ostendit
2479 3439 2660 3484 autem
2686 3441 2873 3486 contra
2904 3431 3102 3504 Legem
3132 3431 3352 3491 .ludaaos
3378 3437 3573 3500 facere.
3603 3437 3683 3508 qui
3709 3435 3765 3491 ab

487 3524 553 3579 ad
581 3523 952 3594 recipiendum
982 3522 1276 3578 inﬁrmior.
2199 3508 2701 3575 uno'didrachmum
2726 3523 3036 3594 exigerent;
3060 3539 3180 3581 cum
3201 3524 3481 3584 dimidium
3499 3527 3765 3585 didrachmi

559 3617 650 3672 10.
692 3616 759 3672 Ει
783 3615 906 3670 ideo
932 3629 1126 3671 omnes
1157 3616 1523 3687 aequalitatem
1551 3615 1862 3672 devotionis
1887 3627 1944 3672 et
1970 3617 2094 3673 ﬁdei
2196 3615 2522 3686 exigendum
2553 3615 2771 3688 Moyses
2802 3620 3214 3690 prtescripserit.
3246 3621 3313 3678 Et
3338 3621 3490 3687 ideo.
3519 3635 3571 3679 et
3605 3640 3694 3693 pro
3715 3639 3765 3677 se

485 3709 708 3766 deferre
725 3708 982 3780 prmcepit
1007 3708 1072 3762 ad
1104 3707 1308 3779 pascha
1333 3707 1570 3769 Domini,
1596 3708 1648 3762 id
1672 3719 1778 3776 est,
1804 3708 1870 3763 ad
1897 3710 2095 3766 transi.
2194 3711 2252 3764 et
2281 3725 2382 3780 pro
2421 3709 2585 3765 Petro
2617 3719 2890 3780 tamquam
2923 3714 3166 3785 singulas
3195 3714 3485 3774 drachmas
3515 3719 3562 3772 in
3587 3730 3764 3774 statere

532 227 638 288 901

483 3812 620 3858 tum.
655 3800 862 3858 Pascha
889 3812 1067 3856 autem
1117 3811 1202 3856 est
1225 3843 1240 3868 ,
1276 3800 1494 3872 quando
1525 3801 1703 3856 anima
1737 3803 2087 3858 irrationabi-

479 3899 590 3954 lem
629 3897 852 3968 deponit
887 3897 1233 3968 passionem,
1266 3894 1434 3950 sumit
1486 3903 1670 3952 autem
1710 3895 1909 3952 bonam
1940 3912 2092 3951 com-

477 3992 930 4062 passionetn;,ut
977 3989 1342 4059 compatiatur
1391 3986 1646 4055 Christo,
1693 3998 1747 4043 et
1799 3991 2084 4045 transitum

480 4086 598 4154 ejus
621 4083 676 4140 in
693 4085 773 4140 se
797 4080 1074 4152 suscipiat,
1101 4090 1160 4136 ut
1181 4078 1449 4138 lnhabitet
1477 4081 1529 4134 in
1559 4095 1646 4147 ea,
1667 4091 1719 4136 et
1747 4080 2083 4148 deambulet,

481 4186 536 4233 ct
563 4177 660 4232 ﬁat
683 4176 802 4246 ejus
833 4175 996 4232 Deus.
1047 4172 1228 4230 Gratia
1261 4167 1440 4243 itaque
1471 4174 1694 4243 aequalis
1741 4188 1838 4243 per
1867 4185 2080 4239 Omnes,

479 4269 654 4324 virtus
683 4278 864 4323 autem
895 4267 1109 4322 diversa
1153 4267 1210 4320 in
1257 4265 1508 4336 singulis.
1545 4264 1929 4336 Unusquisque
1954 4282 2084 4338 ergo

477 4360 784 4434 portionem
815 4367 1216 4432 competentem
1247 4359 1364 4414 suis
1408 4358 1618 4414 viribus
1648 4368 1856 4428 sumat,
1891 4376 1959 4416 ne
1986 4371 2080 4416 aut

475 4456 670 4513 l‘ortior
699 4454 957 4527 indigeat,
987 4463 1082 4510 aut
1105 4459 1367 4512 oneretur
1394 4454 1686 4510 inﬁrmior.

2192 3803 2327 3857 solvi
2377 3803 2672 3858 mandavit.
2731 3803 2916 3860 Bonus
2963 3816 3146 3863 autem
3193 3825 3395 3866 census
3443 3812 3763 3882 Christi,qui

2189 3898 2673 3973 staterc'solvitur;
2701 3888 3064 3971 quiastatcra
3088 3904 3302 3976 justitia
3327 3913 3433 3972 est,
3456 3909 3653 3978 justitia
3676 3923 3764 3961 an-

2189 4001 2299 4048 tem
2331 4010 2491 4062 supra
2533 3993 2756 4066 Legem.
2804 3995 3049 4068 Denique
3096 3999 3218 4056 linis
3260 3997 3680 4072 chis'Chrisms
3706 3999 3765 4056 ad

2183 4084 2451 4154 justitiam
2499 4086 2649 4140 omni
2699 4086 2943 4142 credenti
2973 4087 3153 4160 (Rom.
3201 4108 3254 4159 tt,
3285 4092 3368 4163 4).
3401 4093 3496 4150 Hic
3536 4103 3693 4149 Stater
3717 4091 3764 4146 ia

2185 4191 2278 4233 ore
2305 4179 2472 4250 piscis
2491 4179 2768 4235 invenitur
2793 4199 2806 4234 :
2832 4182 2974 4236 illius
3001 4184 3166 4253 piscis
3190 4227 3204 4252 ,
3238 4201 3403 4258 quem
3430 4189 3639 4257 capiunt
3666 4187 3766 4257 pis-

2182 4283 2396 4328 catores
2442 4271 2723 4332 hominum
2759 4275 2946 4332 :illius
2988 4277 3175 4348 piscis,
3210 4289 3233 4316 ε’
3263 4281 3354 4352 qui
3383 4279 3635 4355 ponderat
3661 4295 3765 4335 scr-

2181 4382 2372 4422 tnones
2417 4381 2584 4435 suos,
2635 4379 2695 4424 ut
2745 4370 2868 4442 igne
2918 4371 3260 4428 examinatus
3311 4378 3551 4446 proterat
3586 4373 3761 4445 (Paul.

2181 4471 2316 4525 xvn,
2350 4458 2464 4531 51).

547 4633 571 4662 α
612 4621 709 4702 llic
738 4621 1195 4702 locust-operitur
1237 4623 1434 4702 citatus
1465 4619 1534 4702 ab
1582 4611 2073 4702 EcclesiaLugdu:
2095 4613 2152 4686 D
2175 4637 2298 4677 cum
2327 4623 2584 4702 versione
2611 4621 2774 4702 vulg.
2809 4624 3053 4702 ejusdem
3085 4639 3209 4702 cap.
3247 4628 3402 4685 Unde
3439 4645 3554 4685 cum
3585 4629 3767 4702 Origo:-

469 4695 630 4754 neusi
661 4697 713 4749 in
745 4693 852 4750 ﬁne
881 4693 1003 4750 libri
1031 4694 1094 4747 de
1120 4692 1367 4748 Tenenda
1392 4691 1680 4762 Scriptum
1710 4691 1957 4757 veritate,
1975 4694 2066 4750 ubi

472 4777 652 4842 tamen
687 4781 922 4836 quonam
953 4781 1020 4819 ex
1053 4779 1220 4835 opere
1246 4763 1412 4842 fuerit
1456 4765 1797 4831 desumptus,
1828 4779 1936 4818 non
1967 4781 2066 4820 ex-

507 4837 738 4895 rimitur.

634 4855 646 4890 ι
724 4877 738 4891 .

468 4855 764 4964 “magis.
797 4909 930 4963 edit.
951 4949 966 4970 ,
987 4908 1095 4961 alia
1118 4906 1310 4960 laboris
1329 4905 1708 4971 remuneratio;
1735 4904 1831 4965 sed
1874 4921 2063 4961 vocem

465 4980 575 5036 alia
601 4994 782 5050 neque
811 4987 918 5035 vet.
952 4979 1084 5050 edit.
1118 4993 1292 5050 neque
1324 4991 1456 5050 mss.
1489 4977 1584 5050 ulli
1611 4986 1934 5050 agnoscunt.
1958 4977 2067 5034 Ille-

465 5053 570 5108 lius
598 5048 811 5121 utique;
844 5065 966 5103 nam
999 5049 1217 5103 virtutis
1246 5059 1299 5102 et
1331 5048 1534 5102 laboris
1565 5062 1777 5103 merces
1799 5049 1986 5116 gratiae
2014 5055 2070 5104 et

466 5121 810 5200 libera-litatis
839 5121 1306 5200 donocoucinne
1331 5121 1624 5200 opponitur
1666 5137 1682 5173 :
1725 5134 1834 5200 non
1881 5131 2063 5200 autem

465 5193 668 5248 laboris
685 5190 1346 5262 remuneratioStipendia
1374 5190 1624 5262 virtutis;
1655 5207 1776 5262 cum
1809 5191 1914 5246 hoc
1943 5192 2064 5248 loco

465 5267 641 5320 virtus
669 5267 722 5319 in
754 5265 939 5318 labore
969 5261 1264 5332 positasit.
1313 5261 1514 5315 Eadem
1556 5262 1688 5316 edit.
1743 5261 1903 5316 Rom.
1937 5273 2064 5320 ante

465 5350 651 5388 vocem
683 5352 714 5388 a
747 5346 911 5390 morte
959 5331 1138 5402 posuit
1167 5331 1402 5388 Christus
1426 5373 1442 5395 ,
1494 5341 1546 5386 et
1595 5332 1711 5387 voci
1755 5350 1788 5386 a
1823 5335 2088 5389 seruitute.

467 5405 744 5478 subjunxit
769 5405 1128 5478 peccatiised
1159 5415 1386 5478 utraque
1413 5402 1570 5458 abest
1598 5419 1630 5456 a
1653 5418 1782 5478 mss.
1809 5416 1863 5459 et
1885 5408 2053 5478 antiq.

465 5476 596 5529 edit.
628 5491 730 5530 nec
757 5474 874 5533 ullo
903 5477 1067 5533 modo
1087 5475 1272 5532 sensui
1304 5485 1388 5530 est
1415 5474 1744 5540 necessaria.

541 5555 564 5582 ο
591 5545 782 5617 Stater
801 5565 1000 5604 nomen
1027 5559 1142 5602 erat
1169 5548 1372 5603 nummi
1394 5545 1596 5617 Dorici,
1624 5562 1783 5614 quem
1811 5546 2054 5617 ejusdem

470 5613 626 5686 pretii
655 5615 822 5674 fuisse
862 5635 923 5675 ac
968 5620 1159 5676 siclum
1193 5620 1306 5674 sive
1333 5617 1512 5686 majus
1539 5613 1913 5672 didracbmtint
1945 5633 2053 5676 non

469 5684 670 5760 ex__lta_c
705 5698 906 5744 tantum
952 5690 1222 5745 Ambrosii
1265 5684 1494 5760 epistola
1522 5728 1535 5752 ,
1567 5692 1954 5760 verumketiatn
1988 5706 2052 5746 ex

467 5751 754 5812 collatione
790 5773 910 5829 cap.
955 5775 1072 5816 xxx
1099 5759 1270 5819 Exodi
1303 5751 1618 5816 'tralatiOnis
1659 5756 1804 5814 LXX
1849 5759 2048 5832 lnterp.

2176 4709 2278 4748 nes
2327 4694 2378 4748 in
2431 4693 2668 4749 Matthzri
2717 4693 2850 4751 xvn’
2881 4698 3014 4751 dicit
3056 4717 3067 4751 :
3111 4693 3366 4769 Pro-cipit
3397 4703 3635 4757 Salvator
3659 4693 3764 4754 diri

2176 4775 2450 4838 stateram,
2491 4771 2544 4819 in
2577 4781 2690 4838 quo
2717 4778 2866 4838 erant
2892 4769 2995 4822 duo
3037 4771 3366 4838 didrachmn,
3395 4773 3763 4837 intelligendus

2173 4837 2388 4910 videtur
2417 4851 2525 4890 non
2557 4837 2987 4910 degdidracltmis
3017 4845 3228 4910 templi,
3260 4837 3361 4900 sed
3387 4847 3455 4899 de
3477 4844 3766 4900 communi-

2174 4908 2289 4982 bus.
2347 4909 2527 4982 itaque
2575 4908 2754 4982 minus
2801 4921 2948 4967 recte
2993 4929 3022 4968 a
3071 4908 3288 4970 Nannio
3334 4916 3388 4972 in
3431 4918 3658 4974 Schoiiis
3699 4914 3764 4970 ad

2175 4975 2380 5060 hancce
2429 4975 2715 5060 epistolam
2749 4983 3168 5060 reprehenditur
3217 4987 3455 5060 Rudens,
3486 4991 3624 5060 quod
3655 4999 3762 5042 sta-

2173 5059 2610 5126 t‘cremquatnor
2655 5052 2946 5126 drachmas
2987 5055 3172 5112 valere
3222 5052 3470 5116 docuerit
3489 5052 3572 5126 {si
3623 5062 3760 5115 enim

2171 5121 2238 5175 de
2287 5121 2590 5201 minoribus
2637 5123 2912 5201 drachmis
2961 5127 3106 5195 loqui
3151 5129 3345 5199 voluit,
3378 5147 3411 5187 a
3441 5121 3562 5188 vero
3592 5130 3764 5201 pretio

2170 5209 2277 5264 non
2309 5191 2613 5248 aberravit.
2645 5194 2824 5264 Ipsum
2855 5191 3100 5254 consule.

2239 5263 2266 5300 ἀ
2308 5264 2382 5320 lla
2414 5280 2544 5318 mss.
2573 5275 2630 5320 et
2661 5263 2767 5322 vet.
2813 5268 2944 5322 edit.
2981 5271 3065 5324 hic
3110 5282 3164 5326 et
3211 5271 3348 5329 infra
3380 5277 3546 5331 semel
3571 5291 3637 5330 ac
3669 5274 3764 5329 ite

2166 5351 2313 5413 rum.
2357 5335 2466 5391 Nec
2520 5339 2663 5413 male
2707 5339 2926 5409 quidem
2955 5357 2972 5413 ;7
3019 5341 3251 5400 habetur
3298 5346 3442 5402 enim
3491 5349 3570 5403 his
3623 5345 3763 5413 apud

2162 5403 2477 5492 ﬁlattltatn‘m
2648 5403 2773 5492 loco
2800 5453 2822 5492 ,_
2853 5415 2916 5468 τὰ
2940 5403 3232 5492 ’δίδραχμα
3264 5418 3501 5492 intecto
3531 5403 3758 5491 plurali;

2163 5477 2270 5558 dici
2305 5490 2480 5532 tamen
2528 5478 2774 5558 drachma
2811 5483 2888 5558 ιιιΔ
2907 5477 3170 5556 singulari
3201 5491 3346 5558 quod
3387 5477 3645 5545 Continuo
3671 5477 3760 5544 se;

2163 5553 2375 5633 quirttr‘,
2410 5553 2684 5618 ostendit;
2731 5554 2826 5610 sed
2859 5553 3018 5612 Rom.
3047 5559 3182 5614 edit.
3219 5553 3429 5632 ubique
3453 5559 3762 5633 anteposuit

2162 5621 2541 5678 didrachmum.

2238 5702 2260 5772 (ς
2297 5689 2475 5772 Rom.
2505 5693 2688 5772 edit,
2720 5699 2807 5766 qui
2850 5709 3041 5754 statera
3089 5701 3382 5772 ponderat;
3409 5705 3526 5762 alia:
3565 5717 3761 5760 omnes

2161 5769 2380 5822 ac‘tn'ss.
2411 5767 2670 5836 omnium
2695 5783 2883 5826 vocem
2915 5767 3126 5828 statera.
