4014 6290
234 300 341 356 909

1447 298 1934 361 EPISTOLABUM
1974 296 2262 357 CLASSIS
2299 298 2339 355 ι.

3419 300 3531 359 910

306 416 396 470 11.
439 415 595 472 llunc
622 426 881 474 staterem
910 419 1225 475 nescierunt
1263 418 1469 484 Judaei,
1499 433 1660 490 quem
1710 432 1834 487 pro-
1860 415 1912 477 Δ
1939 417 2069 473 baut
2106 413 2290 488 (Deut.
2340 427 2491 476 xvm.
2523 412 2602 484 2).
2660 411 2801 484 Ergo
2845 425 3034 467 eorum
3078 413 3379 489 imitatores
3429 433 3536 472 non

234 508 397 563 ditori
449 508 737 565 dederunt.
789 509 898 566 Lex
957 520 1138 567 autem
1187 510 1470 567 dimidium
1525 508 1830 566 didraehmi

234 616 332 671 pro
356 600 734 672 redemptione
756 604 948 659 anima:
976 604 1162 675 exigit,
1186 619 1345 675 quam
1375 604 1689 661 drachmam
1719 604 1832 661 Deo

233 693 496 763 deputat;
546 697 673 763 quia
728 704 902 752 totum
957 696 1332 753 didracltnmm
1387 696 1664 754 vindicare
1720 712 1827 753 non

234 794 469 856 poterat.
502 784 603 841 Vix
649 788 793 843 enim
842 789 895 843 in
939 788 1127 844 Judzeo
1166 790 1253 845 vel
1302 790 1480 859 portio
1524 788 1831 847 devotionis

233 891 446 953 poterat
473 881 813 952 investigari.
838 881 938 949 Qui
968 891 1147 937 autem
1178 897 1337 937 verus
1368 892 1452 938 est
1482 882 1645 947 liber,
1664 897 1830 940 verus

232 974 524 1037 chrmus,
557 983 699 1029 totus
730 983 816 1029 est
842 974 974 1041 Dei;
1010 984 1179 1029 totum
1210 974 1353 1045 quod
1389 975 1579 1043 habet,
1611 975 1831 1031 liberta-

233 1070 302 1125 tis
344 1077 448 1123 est.
495 1068 637 1123 Nihil
685 1069 848 1124 habet
901 1070 1085 1137 illius,
1119 1069 1210 1140 qui
1256 1069 1564 1125 libertatem
1616 1080 1831 1126 recusat

232 1161 419 1216 dicens
443 1180 456 1214 :
484 1159 661 1216 Dilexi
681 1162 945 1216 dominum
972 1178 1159 1228 meum,
1185 1171 1229 1216 et
1253 1178 1465 1216 uxorem
1495 1172 1540 1216 et
1564 1164 1791 1234 infantes
1810 1178 1830 1215 :

230 1270 330 1308 non
362 1253 511 1308 abibo
541 1253 670 1310 liber
700 1253 911 1326 (Exod.
944 1271 1065 1323 ut,
1114 1252 1203 1325 5).
1233 1253 1387 1321 Quod
1417 1271 1521 1308 nou
1556 1255 1729 1309 solum
1760 1253 1829 1309 ad

231 1346 533 1414 dominum,
566 1346 661 1403 sed
692 1349 855 1404 etiam
890 1348 958 1404 ad
1002 1350 1123 1420 ejus
1152 1351 1388 1405 rel'ertur
1415 1348 1789 1405 inﬁrmitatem
1811 1391 1826 1416 ,

228 1439 320 1511 qui
345 1455 406 1497 se
428 1440 721 1510 subjeeerit
747 1441 973 1510 mundo,
998 1441 1141 1512 quod
1165 1440 1355 1513 diligat
1381 1440 1666 1508 mundum,
1692 1451 1720 1479 ἰ
1743 1441 1829 1498 vel

228 1545 465 1590 mentem
494 1551 672 1602 suam,
700 1535 752 1590 id
783 1547 890 1601 est,
917 1543 1059 1606 νοῦν,
1085 1536 1247 1607 hujus
1275 1547 1552 1593 auctorem
1585 1538 1832 1593 volunta-

229 1631 317 1684 tis.
366 1627 479 1684 Nec
508 1628 684 1684 solum
716 1629 782 1683 ad
813 1645 1071 1698 uxorem,
1100 1629 1198 1686 sed
1227 1628 1392 1685 etiam
1422 1628 1488 1685 ad
1516 1629 1831 1687 delectatio-

220 1737 351 1780 nem
380 1721 643 1789 refertur,
682 1738 808 1794 quae
836 1722 1213 1791 domesticam,
1244 1740 1350 1778 nou
1391 1723 1538 1779 illam
1570 1733 1827 1780 mteruam

1936 508 2152 564 solvunt
2179 506 2671 578 tributum,quihus
2697 505 2874 576 portio
2898 505 3039 562 Deus
3062 518 3166 563 est.
3196 508 3329 565 Ideo
3354 510 3541 568 Domi-

1932 620 2040 665 nus
2088 603 2163 660 ait
2189 622 2202 661 :
2229 604 2468 670 Reddite,
2502 602 2554 658 id
2577 611 2693 669 est,
2721 616 2819 658 vos
2841 601 3073 669 reddite,
3115 603 3206 674 qui
3235 606 3540 674 protulistis

1933 700 2222 772 imaginem
2252 698 2507 767 Ctesaris,
2534 698 2675 769 apud
2701 712 2839 771 quos
2865 700 3141 755 invenitur
3171 718 3184 753 :
3216 717 3321 772 ego
3351 713 3531 759 autem

1935 793 2076 849 nihil
2104 793 2281 849 debeo
2310 790 2545 857 Caesari,
2575 794 2700 863 quia
2730 791 2864 847 nihil
2898 791 3055 862 hujus
3103 792 3289 849 mundi
3319 793 3494 852 habeo
3519 814 3533 849 :

1945 884 2095 941 Venit
2142 886 2276 940 enim
2321 884 2482 958 hujus
2528 884 2709 938 mundi
2748 886 2987 957 princeps
3011 927 3026 951 ,
3058 887 3184 941 etin
3213 903 3293 943 me
3321 888 3539 943 inueniet

1936 979 2068 1034 nihil
2098 977 2276 1052 (Joan.
2310 994 2422 1047 nv,
2457 979 2574 1052 50).
2607 978 2751 1034 Nihil
2794 977 2961 1034 debet
2991 979 3214 1046 Petrus,
3241 981 3374 1037 nihil
3403 997 3537 1052 apo-

1935 1074 2059 1130 stoli
2090 1074 2234 1141 mei;
2261 1074 2385 1144 quia
2416 1088 2523 1129 non
2571 1082 2700 1129 sunt
2727 1072 2794 1129 de
2821 1075 2923 1128 hoe
2950 1074 3175 1139 mundo,
3205 1076 3306 1130 etsi
3347 1077 3400 1131 in
3427 1076 3534 1132 hoc

1935 1166 2143 1223 mundo
2168 1177 2313 1222 sunt.
2348 1166 2460 1237 Ego
2505 1166 2625 1221 misi
2672 1181 2769 1223 eos
2818 1167 2871 1221 in
2914 1165 3062 1223 hunc
3090 1168 3395 1233 mundum;
3438 1169 3531 1226 sed

1929 1264 2041 1335 jam
2072 1280 2179 1319 non
2208 1274 2335 1319 sunt
2361 1263 2429 1319 de
2451 1263 2554 1319 hoe
2578 1261 2803 1329 mundo,
2824 1261 2951 1333 quia
2980 1276 3192 1318 mecum
3217 1272 3345 1319 sunt
3370 1277 3532 1333 supra

1934 1355 2221 1413 mundum.

2007 1447 2097 1503 18.
2141 1447 2284 1519 Ergo
2304 1446 2449 1518 quod
2476 1445 2673 1501 divinae
2705 1444 2840 1517 legis
2870 1454 2974 1510 est,
2995 1445 3130 1501 Solvi
3157 1443 3404 1515 jubetur,
3428 1462 3534 1501 non

1934 1543 2078 1614 quod
2110 1542 2364 1599 Caesaris.
2418 1539 2529 1598 Sed
2578 1549 2758 1595 tamen
2809 1549 2863 1596 et
2910 1540 3087 1611 ipsum
3135 1538 3447 1609 perlectus,
3480 1538 3535 1594 id

1934 1643 2039 1701 est,
2072 1635 2394 1706 przcdicator
2426 1631 2709 1703 Evangelii
2735 1631 2846 1702 jam
2878 1649 2984 1687 non
3012 1630 3266 1697 debebat,
3293 1630 3388 1702 qui
3418 1632 3537 1702 plus

1935 1728 2287 1800 praedicabat.
2318 1726 2437 1783 Non
2468 1725 2700 1783 debebat
2736 1725 2910 1782 Filius
2934 1726 3057 1792 Dei,
3093 1741 3197 1781 non.
3224 1724 3460 1781 debebat
3485 1736 3541 1781 et

216 1831 411 1874 curam
445 1816 696 1888 suscipit.
728 1817 865 1873 Huic
896 1833 1027 1889 ergo
1053 1817 1120 1872 ad
1145 1818 1311 1873 limen
1343 1826 1396 1873 et
1423 1820 1624 1874 ostium
1666 1833 1823 1875 suum
1858 1822 1904 1884 Β
1932 1820 2126 1877 Petrus
2152 1822 2206 1877 in
2239 1820 2586 1891 adoptionem
2615 1834 2645 1874 a
2678 1819 2837 1875 Patre
2864 1815 3109 1874 adscitus
3134 1833 3235 1891 per
3261 1818 3490 1889 gratiam
3521 1837 3533 1872 :

216 1909 480 1966 dominus
502 1909 634 1966 stius
655 1926 845 1966 aurem
875 1910 1181 1981 pertundit;
1210 1919 1268 1965 ut
1290 1902 1598 1967 meminerit
1622 1926 1829 1968 sermo-

219 2004 311 2058 nis
343 2005 447 2070 sui,
475 2019 586 2075 quo
616 2003 936 2061 servitutem
966 2003 1147 2075 elegit.

292 2097 457 2168 781
491 2096 578 2151 15.
618 2097 684 2152 Et
716 2097 837 2152 ideo
870 2106 947 2162 tu,
976 2096 1294 2164 Christiane,
1319 2095 1350 2135 ³)
1384 2099 1544 2153 istum
1573 2115 1681 2155 non
1712 2100 1832 2154 imi-

215 2192 382 2257 teris;
415 2192 543 2263 quia
593 2192 689 2247 tibi
730 2194 995 2263 scriptum
1041 2203 1149 2259 est,
1184 2210 1288 2249 non
1319 2203 1379 2249 ut
1415 2193 1716 2250 didrachmi
1749 2195 1831 2250 di-

216 2285 474 2351 midium,
502 2285 547 2340 si
582 2294 760 2340 tamen
796 2286 878 2340 vis
928 2285 1202 2357 perlectus
1248 2301 1403 2351 esse,
1450 2287 1561 2342 Deo
1587 2288 1826 2344 oti'eras:

217 2377 317 2434 sed
346 2387 404 2431 ut
429 2378 610 2432 omnia
644 2386 735 2431 tua
764 2379 974 2433 vendas
994 2420 1008 2444 ,
1041 2389 1095 2434 et
1124 2379 1219 2434 des
1249 2381 1581 2450 pauperibus
1610 2381 1825 2452 (Matth.

217 2487 338 2534 χιι,
368 2469 485 2543 2t).
529 2470 642 2528 Nec
672 2481 730 2527 ttt
758 2472 1065 2543 portionem
1102 2474 1383 2529 servitutis
1423 2474 1625 2530 mundo
1654 2492 1826 2531 reser.

218 2579 321 2636 ves
350 2581 362 2616 :
394 2563 490 2619 sed
525 2573 584 2620 ut
615 2574 786 2620 totum
837 2576 890 2620 te
938 2565 1180 2638 abneges
1205 2609 1222 2634 ,
1258 2577 1312 2623 et
1356 2567 1571 2623 Domini
1606 2584 1826 2625 crucem

218 2658 406 2725 tollas,
433 2665 489 2713 et
518 2659 769 2730 sequaris
790 2674 937 2715 eum.

298 2751 384 2807 l6.
427 2749 796 2822 Cognovimus
843 2753 1025 2823 itaque
1061 2751 1184 2808 ideo
1214 2753 1493 2809 dimidium
1527 2754 1828 2811 didrachmi

215 2845 370 2916 Lege
404 2846 688 2915 postulari,
720 2846 846 2917 quia
887 2846 1169 2902 dimidium
1200 2848 1385 2920 generi
1420 2847 1575 2918 hujus
1614 2849 1826 2917 mundi,

210 2941 274 2999 id
306 2949 410 3007 est,
438 2940 836 2996 conversationi
866 2941 1115 2997 szeculari
1141 2984 1154 3006 ,
1185 2950 1242 2998 et
1281 2944 1399 2998 usui
1428 2943 1751 3013 domestico,
1775 2954 1831 3001 et

215 3032 528 3105 posteritati
579 3032 1002 3100 reservabatur,
1049 3034 1249 3105 quibus
1318 3051 1546 3092 necesse
1603 3046 1724 3091 erat
1776 3047 1825 3093 et

221 3139 244 3165 σ
281 3136 489 3183 sortem
520 3142 588 3183 ex
614 3135 767 3182 sorte
790 3170 805 3195 ,
857 3128 908 3183 id
943 3137 1045 3196 est,
1078 3129 1506 3186 transmissionis
1554 3130 1826 3200 deputari.

1931 1914 2029 1970 sed
2057 1932 2119 1970 ne
2143 1914 2560 1971 scandalizentur
2583 1954 2598 1981 ,
2628 1913 2801 1985 inquit
2826 1955 2839 1977 ,
2868 1913 2996 1968 vade
3023 1914 3092 1967 ad
3118 1927 3283 1980 mare,
3316 1922 3366 1968 et
3396 1913 3536 1966 mitte

1935 2009 2165 2074 hamum,
2195 2019 2242 2062 et
2272 2025 2385 2063 eum
2412 2009 2634 2080 piscem,
2662 2008 2750 2073 qui
2794 2008 2995 2080 primus
3035 2005 3343 2073 ascenderit,
3368 2006 3534 2072 tolle;

1931 2111 1982 2156 et
2009 2112 2188 2171 aperto
2217 2117 2304 2157 ore
2329 2102 2460 2173 ejus,
2491 2101 2716 2156 invenies
2744 2101 2816 2155 ibi
2845 2110 3085 2155 staterem
3103 2141 3120 2166 ,
3150 2100 3298 2155 illum
3328 2115 3533 2156 sumens

1932 2193 2003 2249 da
2029 2195 2094 2249 iis
2121 2212 2215 2266 pro
2241 2210 2321 2249 me
2346 2202 2393 2248 et
2419 2202 2468 2249 te
2491 2193 2705 2265 (Matth.
2737 2209 2870 2256 xvn.
2891 2192 3008 2265 ‘26).
3039 2192 3083 2248 Ο
3110 2208 3301 2263 magna
3331 2202 3539 2261 myste-

1932 2287 2041 2342 rial
2076 2286 2170 2342 dat
2204 2285 2486 2341 dimidium
2533 2284 2836 2341 didraehmi
2882 2284 3026 2353 quod
3060 2283 3169 2340 Lex
3192 2283 3450 2355 jubebat,
3480 2293 3536 2339 et

1933 2394 2039 2434 non
2070 2388 2226 2449 negat
2257 2377 2401 2447 quod
2450 2376 2610 2447 Legis
2638 2386 2722 2433 est
2746 2420 2760 2443 ,
2792 2376 2945 2448 quasi
2984 2374 3157 2431 factus
3187 2392 3253 2431 ex
3283 2375 3535 2441 muliere,

1932 2473 2105 2528 lactus
2152 2472 2253 2527 sub
2303 2470 2451 2542 Lege
2496 2469 2695 2543 (Galat.
2744 2484 2822 2539 IV,
2850 2469 2932 2539 1).
2981 2468 3204 2525 Factum
3234 2468 3531 2524 secundum

1932 2564 2360 2622 incarnationem
2411 2565 2630 2620 locutus
2674 2579 2793 2620 sum
2816 2605 2830 2629 ,
2861 2579 2927 2620 ex
2972 2563 3203 2620 muliere
3230 2562 3532 2621 secundum

1931 2674 2119 2716 sexum
2147 2676 2162 2720 :
2188 2659 2386 2715 mulier
2414 2674 2577 2714 sexus
2604 2666 2688 2713 est
2714 2698 2730 2722 .
2759 2657 2912 2728 virgo
2941 2656 3154 2727 species
3198 2673 3211 2711 :
3254 2653 3416 2712 sexus
3443 2671 3537 2727 ge-

1933 2752 2102 2819 neris,
2133 2752 2287 2822 virgo
2317 2751 2665 2821 integritatis.
2694 2749 2752 2805 ln
2781 2765 2889 2820 quo
2914 2765 3044 2821 ergo
3068 2749 3219 2805 venit
3247 2749 3349 2804 sub
3369 2748 3533 2821 Lege,

1933 2847 1986 2901 in
2018 2862 2083 2903 eo
2111 2848 2276 2920 782
2298 2846 2469 2901 laetus
2494 2855 2576 2901 cst
2598 2861 2663 2902 ex
2699 2846 2949 2910 muliere,
2975 2844 3027 2900 id
3058 2853 3163 2912 est,
3199 2845 3249 2899 iu
3278 2859 3531 2916 corpore.

1934 2941 2003 2997 Et
2024 2941 2145 2998 ideo
2163 2940 2536 2997 didraehmum
2559 2940 2703 2998 solvi
2724 2940 2881 3011 jubet
2909 2956 3007 3010 pro
3033 2957 3094 2998 se
3116 2952 3172 2997 et
3201 2941 3386 3007 Petro,
3409 2942 3536 3011 quia

1935 3044 2164 3107 uterque
2209 3035 2313 3090 sub
2360 3034 2504 3106 Lege
2550 3032 2817 3104 generati.
2870 3032 3033 3089 Jubet
3064 3049 3194 3105 ergo
3233 3033 3532 3089 secundum

1934 3127 2131 3199 Legem
2163 3127 2334 3194 solvi,
2365 3136 2422 3182 ut
2450 3142 2548 3182 eos
2581 3126 2672 3196 qui
2690 3125 2804 3182 sub
2839 3123 2984 3197 Lege
3024 3135 3210 3194 erant,
3241 3124 3537 3182 redimeret

216 3219 388 3275 Unde
414 3230 469 3275 et
490 3220 753 3275 Dominus
796 3222 1132 3277 tentantibus
1176 3234 1236 3277 Se
1263 3222 1555 3277 Phariszeis
1600 3224 1827 3279 subdola
1856 3216 1901 3278 C
1938 3219 2136 3292 (Galat.
2166 3236 2237 3285 tv,
2264 3221 2344 3289 5).

215 3312 659 3383 interrogatione
698 3322 881 3368 utrum
916 3314 1171 3369 suaderet
1200 3329 1424 3370 censum
1455 3315 1570 3369 dari
1601 3316 1825 3382 Caesari,

210 3408 512 3479 respondit
553 3426 565 3461 :
612 3408 752 3475 Quid
800 3425 878 3462 me
927 3408 1130 3463 lentatis
1156 3450 1169 3472 ,
1204 3409 1521 3480 hypocriten?
1564 3407 1830 3462 Ostendite

209 3504 355 3558 mihi
403 3504 664 3558 numisma
699 3520 883 3557 census
925 3502 1147 3575 (Matth.
1198 3518 1332 3567 χχιι,
1364 3502 1429 3566 8.
1463 3499 1587 3573 19).
1632 3501 1704 3557 At
1749 3502 1826 3557 illi

208 3597 542 3653 obtulerunt
571 3598 618 3651 ei
647 3595 955 3660 denarium,
985 3595 1040 3650 in
1080 3610 1190 3664 quo
1219 3584 1540 3665 eratimago
1568 3592 1826 3649 Caesaris.

205 3693 305 3749 Ait
343 3692 451 3749 illis
494 3708 508 3746 :
553 3690 771 3745 Reddite
798 3706 913 3761 qua:
941 3700 1059 3744 sunt
1094 3688 1332 3754 Ctt’saris,
1368 3686 1606 3754 Caesari;
1640 3697 1687 3741 et
1714 3703 1829 3759 quw

201 3796 344 3842 sunt
389 3780 519 3853 Dei,
556 3783 668 3840 Deo
699 3783 863 3856 (Ibid.
893 3826 909 3850 ,
939 3784 1062 3850 2i);
1106 3783 1401 3839 ostendens
1448 3784 1572 3838 illos
1601 3783 1676 3838 ita
1705 3798 1827 3838 esse

203 3877 609 3948 imperfectos,
654 3878 743 3947 qui
776 3878 878 3931 sibi
926 3875 1151 3947 perfecti
1208 3876 1542 3942 viderentur,
1575 3887 1631 3930 ut
1676 3877 1828 3948 prius

198 3968 429 4026 Caesari
460 3985 618 4041 quam
648 3971 760 4025 Deo
783 3970 1082 4025 Solverent.
1114 3969 1324 4037 Quilms
1345 3970 1486 4024 enim
1518 3968 1664 4039 prior
1684 3976 1830 4024 esset

198 4081 353 4122 cura
380 4063 590 4130 mundi,
624 4064 780 4119 abiis
812 4066 964 4133 prius
992 4063 1314 4120 solvendum
1350 4063 1511 4129 l'oret,
1540 4063 1684 4131 quod
1711 4070 1831 4119 erat

194 4158 444 4216 natandi.
472 4156 628 4214 Unde
650 4166 711 4213 et
731 4158 840 4218 ait;
872 4157 1175 4225 Reddite,id
1207 4168 1310 4223 est,
1336 4174 1432 4213 vos
1462 4157 1693 4225 reddite,
1715 4174 1830 4229 qua

198 4262 341 4309 sunt
362 4250 602 4307 Caesaris
631 4251 794 4326 (Dan.
828 4269 889 4321 ιι,
914 4252 1023 4325 l7),
1046 4252 1184 4325 apud
1207 4267 1342 4325 quos
1373 4252 1539 4325 ﬁgura
1567 4262 1621 4307 et
1653 4253 1828 4325 imago

200 4349 516 4405 invenitur
539 4344 788 4403 Cmsaris.

278 4442 388 4496 17.
434 4440 520 4495 Illi
549 4457 679 4511 ergo
728 4441 939 4496 Hebraei
972 4442 1126 4510 pueri
1157 4441 1418 4509 Ananias,
1454 4441 1697 4507 Asarias,
1730 4441 1828 4496 Mi-

183 4536 328 4591 sael
368 4531 540 4606 (Dan.
572 4547 651 4599 ιιι,
682 4532 796 4604 18),
832 4533 924 4589 ille
953 4533 1136 4589 Daniel
1165 4532 1464 4605 sapientior
1492 4532 1653 4607 (Dan.
1681 4549 1719 4600 ι,
1748 4531 1826 4606 8),

2005 3314 2093 3370 19.
2138 3314 2205 3369 Ει
2234 3323 2413 3370 tamen
2446 3322 2706 3369 staterem
2737 3312 2853 3367 dari
2880 3311 3050 3382 jubet,
3083 3322 3189 3383 quo
3216 3321 3402 3368 vectes
3429 3314 3534 3367 im-

1933 3416 2200 3479 ponerent
2226 3409 2306 3463 ori
2338 3422 2474 3474 suo,
2521 3422 2587 3462 ne
2618 3423 2683 3462 ex
2728 3406 3073 3477 multiloquio
3118 3417 3402 3480 peccatum
3437 3408 3532 3463 ad.

1932 3502 2231 3557 mitterent.
2267 3501 2332 3556 Et
2354 3500 2511 3571 jubet
2548 3500 2665 3557 dari
2707 3502 2758 3556 iu
2788 3516 2885 3557 ore
2925 3501 3091 3571 piscis
3126 3515 3407 3573 repertum
3433 3546 3447 3569 ,
3474 3514 3534 3559 ut

1930 3602 2293 3666 agnoscerent
2328 3593 2587 3649 Verbum.
2619 3595 2723 3662 Qui
2752 3594 2893 3650 enim
2923 3594 3067 3667 quod
3097 3595 3256 3668 Legis
3282 3605 3388 3663 est,
3419 3598 3534 3652 exi-

1928 3688 2156 3759 gebant;
2194 3702 2292 3742 cur
2333 3686 2476 3758 quod
2526 3686 2688 3758 Legis
2732 3697 2852 3755 est,
2893 3688 3248 3745 nesciebant?
3292 3690 3530 3749 Verbum

1930 3784 2076 3838 enim
2110 3782 2203 3837 Dei
2233 3783 2483 3851 ignorare
2515 3797 2623 3836 non
2651 3781 2956 3847 debebant;
2983 3783 3109 3853 quia
3135 3784 3393 3851 scriptum
3417 3793 3530 3841 est:

1932 3879 2105 3949 PrOpe
2132 3888 2205 3933 est
2248 3877 2465 3933 Verbum
2494 3879 2549 3933 in
2578 3895 2666 3933 ore
2693 3888 2781 3931 tuo
2802 3918 2816 3943 ,
2843 3887 2891 3933 et
2931 3879 2986 3932 in
3026 3879 3182 3933 corde
3225 3889 3313 3934 tuo
3348 3880 3529 3950 (Deut.

1931 3989 2059 4039 xxx,
2092 3972 2203 4044 11).
2236 3972 2429 4028 'l‘otum
2474 3971 2636 4044 igitur
2674 3970 3052 4027 didrachmum
3085 3970 3196 4027 Deo
3224 3973 3411 4039 solvit,
3439 3974 3531 4044 qui

1929 4066 2133 4123 saeculo
2161 4064 2293 4120 nihil
2328 4065 2652 4121 reservavit.
2699 4064 2809 4120 Deo
2831 4064 2975 4120 enim
3013 4063 3224 4134 justitia
3273 4065 3526 4131 solvitur,

1930 4176 2050 4231 quae
2099 4167 2185 4215 est
2232 4160 2430 4215 mentis
2474 4160 2793 4215 sobrietas:
2833 4158 2944 4214 Deo
2994 4159 3227 4214 solvitur
3256 4161 3528 4216 sermonis

1930 4252 2213 4319 custodia,
2242 4268 2361 4321 qum
2402 4261 2486 4308 est
2526 4254 2793 4309 sermonis
2842 4252 3114 4310 sobrietas
3155 4270 3170 4310 :
3213 4253 3368 4308 corde
3396 4256 3531 4311 enim

1931 4349 2157 4404 creditur
2200 4346 2269 4401 ad
2299 4349 2597 4418 justitiam,
2644 4364 2733 4404 ore
2784 4348 3044 4420 confessio
3092 4349 3153 4418 ﬁt
3196 4348 3266 4402 ad
3312 4350 3532 4405 salutent

1933 4442 2116 4515 (Rom.
2148 4457 2200 4505 κ,
2237 4440 2352 4512 10).

2001 4534 2093 4590 20.
2134 4533 2321 4590 Patest
2369 4542 2550 4588 autem
2583 4541 2637 4589 et
2667 4532 2924 4588 drachma
2970 4549 3070 4606 pro
3122 4535 3295 4591 veteri
3343 4534 3533 4592 Testa-

184 4628 294 4698 τιυὶ
338 4639 461 4679 non
488 4624 857 4680 adoraverunt
886 4624 1173 4696 imaginem
1212 4626 1385 4696 regis,
1414 4627 1503 4697 qui
1532 4642 1638 4681 non
1672 4641 1825 4681 reee-
1854 4612 1907 4672 D
1934 4639 2115 4683 mento
2140 4627 2332 4699 accipi,
2360 4626 2734 4683 didrachmqu
2761 4642 2858 4697 pro
2886 4627 3168 4697 utriusque
3191 4626 3530 4686 Testamenti

182 4729 435 4796 perunt
482 4736 637 4787 eam,
663 4721 754 4791 qui
789 4719 922 4775 nihil
952 4719 1020 4775 de
1060 4720 1148 4775 illa
1188 4733 1370 4775 mensa
1420 4721 1562 4791 regis
1599 4720 1832 4789 accipie-

181 4819 372 4882 bant,
422 4828 530 4868 non
572 4813 895 4869 tenebantur
940 4812 1008 4867 ad
1052 4812 1381 4866 solutionem
1425 4811 1632 4867 tributi.
1684 4811 1832 4867 Nihil

181 4914 364 4970 enim
407 4924 599 4965 eorum
620 4951 634 4976 ,
677 4924 800 4979 quae
832 4907 935 4963 sub
961 4922 1087 4980 rege
1115 4914 1334 4963 terreno
1361 4916 1536 4974 erant,
1585 4905 1832 4977 posside-

267 5090 301 5117 ιι
357 5076 498 5134 Vet.
528 5076 690 5141 edit.,
718 5076 796 5130 vel
823 5084 1040 5130 mentem
1080 5089 1251 5139 suam,
1283 5073 1338 5125 id
1362 5082 1460 5137 est,
1493 5087 1596 5127 non
1615 5088 1634 5136 ;
1661 5070 1818 5126 Rom.

172 5160 321 5211 νοῦν
356 5148 597 5222 quidem
628 5147 968 5222 restituerat,
1016 5146 1111 5201 sed
1145 5159 1339 5222 Vocum_
1369 5144 1613 5222 ordinent
1647 5144 1826 5198 inver-

172 5213 399 5288 terat;
424 5236 587 5288 quem
619 5235 717 5274 nos
745 5220 1078 5273 restituimus
1107 5232 1138 5272 e
1160 5215 1372 5272 eunetis
1398 5229 1525 5270 mss.
1555 5213 1824 5288 Getarum

168 5312 305 5355 non
350 5286 561 5355 parum
594 5293 723 5345 locis
758 5290 845 5344 hic
872 5290 1023 5347 locus
1055 5288 1306 5357 accipiet.
1329 5291 1374 5341 si
1417 5302 1543 5342 eum
1574 5302 1695 5340 eum
1727 5286 1824 5341 Μ).

1935 4722 2147 4792 pretio;
2179 4721 2302 4792 quia
2332 4721 2630 4778 secundum
2661 4721 2862 4793 Legem
2894 4723 3263 4794 unusquisque
3294 4739 3394 4793 per
3422 4725 3526 4779 Le-

1936 4829 2054 4886 gem
2086 4814 2454 4869 redimebatur
2478 4832 2491 4870 :
2515 4814 2604 4884 qui
2637 4822 2818 4869 autem
2850 4815 3148 4870 secundum
3178 4814 3530 4887 Evangelium

1938 4906 2226 4963 redimitur
2253 4949 2268 4975 ,
2296 4906 2457 4963 solvit
2484 4905 2800 4963 drachmam
2825 4905 3123 4963 secundum
3152 4905 3376 4977 Legem,
3403 4920 3533 4962 san-

1933 5072 2093 5127 miles
2113 5070 2526 5126 exhortationes
2551 5068 2796 5135 reperias
2816 5067 2957 5138 apud
2983 5067 3373 5138 Hieronme
3394 5066 3538 5121 sicut

1934 5145 1987 5199 in
2016 5143 2176 5213 epist.
2214 5142 2338 5206 128,
2367 5141 2433 5197 ad
2481 5140 2790 5204 Fabiolam,
2823 5135 2879 5194 et
2922 5136 3148 5213 129,Aad
3168 5135 3533 5213 Dardanum;

1932 5207 2079 5271 unde
2105 5213 2363 5284 eonjieias
2391 5223 2678 5283 utrumque
2709 5220 2955 5284 sanctum
2985 5207 3246 5284 epistolas
3268 5220 3398 5284 suas
3429 5223 3531 5277 pu-

1934 5286 2057 5341 blici
2079 5277 2224 5355 juris
2250 5294 2343 5340 aut
2387 5284 2502 5339 fore
2554 5277 2914 5355 praevidlsse,
2951 5277 3046 5335 aut
3099 5279 3309 5332 fortean
3352 5277 3534 5337 lacere

1937 5359 2366 5484 ὼῖιῗζξῗιῗθῆθι.
2391 5427 2602 5482 Thuan.
2636 5433 2693 5480 et
2721 5424 2894 5485 Belv.,
2923 5432 3115 5476 sortem
3128 5431 3409 5487 mortem,
3432 5421 3538 5479 hoe

1939 5511 2061 5567 est,
2094 5516 2284 5555 vanam
2326 5509 2490 5569 atque
2532 5496 2807 5569 inutilem,
2840 5503 3029 5569 utpote
3072 5503 3385 5569 terrenam;
3427 5510 3537 5549 non

1940 5561 2100 5647 secus
2128 5561 2417 5647 aedicitur
2438 5586 2465 5621 a
2492 5568 2699 5626 Grzrcis
2721 5566 2831 5637 βίος
2856 5565 3100 5647 ὰᾷίωγος.
3127 5564 3288 5647 χᾲρις
3315 5561 3539 5635 ἄχαρις,

168 5388 190 5427 ι
217 5371 301 5425 de
345 5363 628 5420 Paradiso
657 5377 776 5431 eap.
809 5361 864 5426 2,
896 5378 1043 5416 num.
1084 5362 1179 5426 11,
1209 5358 1458 5414 conferre
1493 5359 1751 5431 volueris.

258 5440 295 5481 ιτ
350 5437 504 5493 Mss.
562 5429 848 5496 nonnulli,
891 5433 1150 5487 Christum
1209 5448 1311 5485 non
1362 5431 1600 5485 imiteris.
1654 5429 1830 5483 Minus

168 5523 358 5573 recte
384 5524 404 5575 ;
438 5507 600 5559 istum
623 5506 764 5559 enim
786 5515 990 5559 certum
1015 5511 1100 5559 est
1119 5501 1306 5575 referri
1330 5502 1399 5575 ad
1416 5517 1631 5557 servum
1655 5500 1833 5563 illum,

168 5589 254 5647 dc
305 5573 450 5654 quo
501 5577 746 5654 maxime
798 5585 922 5629 ante
967 5575 1171 5654 dictum
1219 5574 1339 5629 fuit.
1377 5573 1615 5654 Advorte
1651 5582 1833 5654 autem
1940 5587 2100 5654 secus
2128 5573 2465 5654 ac‘dicitura
2492 5573 2699 5654 Grzrcis
2721 5573 2996 5654 {iugasti

168 5636 349 5718 ᾗῖυδ
391 5636 519 5721 non
547 5648 836 5721 admodum
866 5662 991 5702 esse
1023 5651 1280 5721 usitatum
1302 5687 1317 5713 ,
1342 5656 1417 5721 _ut
1459 5644 1675 5721 quisad
1701 5646 1840 5699 ami-
1941 5643 2103 5720 δῶρον
2148 5641 2372 5719 adespoto;
2407 5636 2769 5721 mss..tamen
2815 5636 2999 5721 deteri
3041 5636 3539 5721 etnedinomnes,
3570 5682 3576 5689 .

394 5718 664 5793 privatim
710 5718 956 5793 scribens
982 5758 996 5782 ,
1030 5718 1226 5772 litteris
1270 5707 1386 5772 suis
1436 5707 1676 5770 murales
1701 5731 1839 5793 prte-
1941 5707 2131 5793 seftem
2162 5730 2224 5769 ea:
2248 5707 3034 5793 iam,nitniruutgpﬂliﬂtﬂw
3238 5709 3544 5793 ροξςθεείρ-

165 5778 545 5872 cep-tiones,
576 5789 864 5872 qgtzunalios.
890 5778 1157 5872 spectent,
1191 5798 1466 5872 aspergat,
1490 5778 1841 5872 quemadmo-
1904 5806 1911 5811 '
1945 5789 2048 5872 nis,
2083 5800 2206 5872 qua:
2247 5786 2299 5872 in
2335 5778 2836 5872 uprimamdivisioue
2874 5791 2937 5831 uc
2986 5778 3278 5833 sortitione
3300 5778 3549 5849 singulis

163 5855 331 5935 du'm
376 5868 495 5924 hic
520 5871 578 5919 et
596 5855 670 5916 'in
702 5861 808 5916 line
836 5855 1180 5917 Ambrosius.
1228 5855 1480 5917 Attamen
1509 5855 1656 5913 haud
1697 5858 1841 5916 absi-
1947 5855 2198 5914 tribubus
2216 5856 2478 5911 attributa
2508 5859 2612 5907 est.
