4014 6290
496 333 598 392 9η

1854 312 2103 375 SANCTI
2140 306 2467 371 AMBROSII

3661 297 3748 363 {ita

487 446 654 517 guine
675 441 960 499 redimitur
983 436 1191 495 Christi
1220 434 1522 493 secundum
1547 431 1799 503 gratiam,
1821 412 2095 502 geminam
2123 434 2175 497 Α
2206 433 2346 509 (Col.
2376 450 2416 501 ι,
2443 430 2557 503 15).
2584 428 2862 486 Confitere
2886 440 3010 483 eum
3043 425 3096 481 in
3123 425 3288 497 Lege,
3308 431 3368 479 ut
3388 421 3745 517 euminEvan-

494 538 709 594 habens
759 531 1229 603 redemptionem,
1263 537 1320 585 et
1348 524 1650 583 devotionis
1693 533 1750 579 et
1792 523 2094 595 sanguinis.

494 632 608 688 Nec
638 630 787 685 enim
822 628 953 684 fides
983 626 1097 682 sola
1138 623 1206 679 ad
1249 618 1633 693 perfectionem
1679 616 1814 673 satis
1855 626 1961 685 est,
1992 617 2097 672 nisi

498 723 666 780 etiam
698 719 1041 792 baptismatis
1082 696 1415 785 adipiscatur
1443 712 1666 781 gratiam
1692 752 1707 778 ,
1738 718 1763 746 ⁸
1795 717 1852 765 et
1879 709 2099 781 sangui-

497 831 626 874 nem
651 814 860 870 Christi
888 811 1200 881 redemptus
1227 805 1478 877 accipiat.
1505 804 1654 860 Bona
1685 818 1817 875 ergo
1840 802 2097 859 drachma

498 925 624 981 quae
653 909 768 965 Deo
797 906 1045 964 solvitur.

570 1000 600 1040 ι’
639 1000 761 1057 Νοη
806 1008 890 1057 est
938 997 1196 1055 drachma
1246 995 1536 1063 denarius,
1562 993 1658 1050 sed
1688 993 1961 1050 diversum
1990 1001 2094 1048 est.

495 1094 745 1165 Denique
779 1093 836 1149 in
878 1091 1102 1147 denario
1134 1091 1314 1161 imago
1344 1088 1580 1144 Cazsaris
1609 1096 1725 1155 est,
1756 1088 1809 1142 in
1836 1086 2095 1144 drachma

492 1190 678 1258 imago
703 1186 802 1243 Dei
832 1183 1046 1259 (Matth.
1078 1197 1194 1238 xm
1214 1223 1230 1249 ,
1259 1181 1389 1253 21);
1421 1181 1549 1254 quia
1578 1182 1741 1237 unius
1767 1191 1848 1237 est
1880 1180 2001 1248 Dei,
2029 1180 2097 1237 ad

489 1280 851 1336 imitationem
885 1277 1077 1347 ipsius.
1109 1275 1195 1332 Ab
1237 1290 1345 1330 uno
1392 1274 1621 1345 incipit,
1655 1282 1711 1329 et
1735 1273 1791 1330 in
1822 1272 2094 1329 inﬁnitum

492 1371 817 1429 dill‘unditur
847 1388 862 1424 :
895 1377 953 1425 et
981 1370 1178 1425 iterum
1209 1368 1278 1424 de
1320 1366 1534 1423 infinito
1563 1381 1792 1422 numero
1822 1364 1877 1420 in
1905 1381 2092 1430 unum,

486 1466 647 1537 quasi
693 1464 748 1521 in
800 1463 963 1520 finem
1012 1462 1195 1518 omnia
1241 1470 1626 1527 revertuntur;
1674 1458 1802 1530 quia
1849 1458 1992 1513 Deus
2043 1466 2099 1513 et

487 1558 817 1632 principium
849 1566 905 1613 et
936 1556 1057 1612 linis
1086 1554 1331 1611 omnium
1361 1564 1465 1611 est.
1500 1552 1655 1611 Unde
1681 1568 1781 1608 nec
1808 1566 2095 1608 numerum

487 1656 722 1712 monada
748 1694 765 1721 ,
806 1652 902 1708 sed
952 1650 1283 1707 elementum
1329 1646 1583 1715 numeri,
1626 1646 1823 1718 quibus
1864 1660 1929 1701 ea
1964 1660 2095 1701 cura

485 1757 592 1815 est,
622 1746 1053 1819 appellaverunt.
1085 1742 1153 1799 Et
1181 1742 1285 1798 hoc
1331 1748 1621 1812 propterea
1667 1728 1937 1805 diximus,
1966 1737 2091 1809 quia

2201 527 2346 599 gelio
2394 537 2779 597 recognoscas.
2824 520 2882 577 Si
2931 518 3235 591 cognovisti
3278 517 3332 573 in
3383 515 3751 581 mandatis,rc-

2199 633 2472 692 cognosce
2517 616 2571 672 in
2622 613 2900 687 operibus.
2947 610 3083 668 Vale
3106 653 3122 678 ,
3153 621 3210 667 et
3238 609 3285 665 si
3315 624 3424 665 non
3468 606 3753 663 infructuose

2200 712 2580 768 didrachmum
2604 707 2749 765 istud
2772 708 3123 763 commissum
3147 703 3281 759 mihi
3309 701 3470 775 783
3491 698 3749 764 arbitraris,

2202 804 2398 860 iterum
2428 802 2474 858 si
2501 800 2633 874 quid
2664 800 2832 856 habes
2852 839 2868 865 ,
2901 796 3248 854 committere
3278 810 3349 852 ne
3375 792 3696 850 dubitaveris.

2715 890 3053 950 EPISTOLA
3091 889 3205 946 Vill
3233 901 3281 945 ε.

2201 993 2460 1050 Adversus
2486 1009 2570 1048 eos
2599 1031 2613 1057 ,
2644 990 2731 1061 qui
2759 987 3041 1045 secundum
3070 992 3233 1040 artem
3258 982 3510 1056 negabant
3531 980 3758 1053 scripsisse

2270 1105 2444 1144 sacros
2492 1096 2758 1151 auctores,
2798 1080 3062 1137 contendit
3094 1078 3157 1134 ab
3205 1078 3287 1132 his
3330 1077 3459 1144 ipsis
3485 1073 3761 1143 illasquide

2271 1183 2453 1239 eadem
2497 1190 2606 1237 arte
2652 1184 3035 1251 prazceperunt,
3086 1172 3400 1244 expressisse
3442 1169 3622 1239 placita
3665 1184 3758 1221 sua.

2271 1274 2407 1331 Tum
2432 1273 2709 1344 propositis
2742 1285 3011 1327 sacrorum
3042 1267 3276 1322 codicum
3301 1264 3499 1335 aliquot
3523 1260 3664 1328 locis,
3697 1259 3764 1313 di-

2270 1370 2419 1428 cendi
2440 1369 2575 1441 leges
2596 1367 2707 1422 illic
2736 1364 2928 1420 servari
2949 1362 3130 1419 sedulo
3155 1360 3357 1434 probat.

2708 1473 3003 1518 Alanosrus
3027 1455 3056 1495 (ί
3093 1456 3285 1513 Josro.

2274 1562 2325 1615 1.
2368 1558 2578 1632 Negant
2622 1553 2869 1628 plerique
2915 1562 2940 1591 θ
2991 1560 3211 1608 nostros
3274 1547 3568 1606 secundum
3622 1555 3761 1604 artem

2198 1653 2506 1725 scripsisse.
2534 1650 2645 1707 Nec
2674 1664 2776 1706 nos
2804 1648 3140 1713 obnitimur;
3179 1660 3288 1701 non
3313 1644 3459 1701 enim
3504 1641 3761 1699 secundum

2200 1754 2373 1801 artem
2396 1743 2747 1815 scripserunt,
2770 1740 2867 1797 sed
2894 1738 3191 1797 secundum
3218 1737 3473 1808 gratiam,
3495 1750 3611 1807 qum
3627 1748 3762 1804 super

487 1842 756 1912 scriptum
781 1848 867 1896 est
899 1858 913 1895 :
945 1837 1057 1911 Ego
1087 1854 1203 1893 sum
1234 1861 1268 1894 α
1295 1844 1342 1892 et
1374 1861 1414 1892 ω
1441 1878 1455 1903 ,
1484 1835 1683 1906 primus
1711 1844 1759 1889 et
1786 1835 2095 1889 novissimus
2124 1838 2174 1900 B
2202 1852 2424 1894 omnem
2452 1845 2624 1892 artem
2654 1845 2769 1900 est;
2803 1833 3140 1903 scripserunt
3166 1829 3315 1886 enim
3333 1843 3455 1900 qua:
3479 1826 3693 1897 Spiritus
3711 1825 3763 1880 iis

486 1934 675 2007 (Apoc.
706 1948 759 2001 ι,
792 1930 885 2005 8);
918 1940 973 1989 et
1014 1949 1029 1987 :
1061 1929 1202 1985 Audi
1242 1928 1449 1995 Israel,
1484 1927 1738 1983 Dominus
1784 1926 1926 1983 Deus
1972 1936 2091 1983 tuus

487 2028 632 2084 Deus
658 2044 792 2083 unus
818 2036 895 2082 est
925 2025 1106 2102 (Deut.
1134 2041 1207 2091 vt,
1238 2024 1317 2097 4).

556 2121 653 2176 22.
694 2120 762 2176 Et
806 2127 862 2175 tu
907 2133 1040 2190 ergo
1080 2117 1149 2173 ad
1194 2117 1605 2173 similitudinem
1644 2116 1743 2173 Dei
1788 2131 1927 2172 unus
1970 2125 2090 2172 esto

486 2223 651 2286 atque
676 2213 823 2268 idem
850 2228 995 2268 :non
1035 2210 1199 2267 hodie
1229 2211 1447 2267 sobrius
1472 2252 1487 2277 ,
1516 2226 1639 2267 cras
1682 2210 1901 2266 ehrius:
1929 2209 2091 2267 hodie

486 2307 771 2378 pacificus,
802 2306 1040 2377 crastina
1070 2304 1160 2360 die
1203 2302 1469 2375 litigiosus
1496 2320 1508 2356 :
1537 2304 1701 2360 hodie
1745 2301 1908 2374 frugi,
1940 2318 2092 2360 cras-

490 2401 604 2456 tina
652 2399 742 2455 die
798 2397 1192 2464 incontinens;
1233 2405 1475 2451 mutatur
1527 2396 1671 2452 enim
1718 2396 2093 2468 unusquisque

487 2507 706 2551 morum
737 2492 1020 2556 varietate,
1044 2499 1101 2547 et
1129 2490 1190 2545 lit
1217 2490 1355 2545 alter
1380 2508 1393 2544 :
1418 2489 1471 2544 itt
1492 2505 1601 2561 quo
1629 2507 1735 2545 non
1757 2490 2089 2562 agnoscitur,

487 2586 638 2658 quod
680 2586 818 2653 fuit,
849 2594 906 2641 et
934 2584 1126 2655 incipit
1151 2597 1310 2652 esse,
1344 2583 1489 2655 quod
1516 2599 1624 2638 non
1656 2582 1783 2651 fuit,
1817 2585 1898 2639 sui
1925 2585 2089 2655 dege-

489 2696 612 2736 ner.
645 2678 824 2736 Grave
854 2686 939 2734 est
966 2676 1111 2734 enim
1144 2676 1340 2731 mutari
1373 2676 1425 2730 in
1457 2676 1611 2747 pejus
1637 2692 1650 2729 :
1679 2676 1775 2731 sed
1805 2686 1925 2731 esto
1951 2677 2094 2731 sicut

489 2778 672 2845 imago
702 2774 757 2829 in
788 2772 1047 2828 drachma
1074 2814 1089 2836 ,
1134 2770 1492 2826 immutabilis
1517 2810 1533 2837 ,
1565 2769 1816 2826 eumdem
1848 2752 2089 2823 habitum

489 2882 718 2926 servans
743 2864 1010 2938 quotidie.
1037 2863 1242 2921 Videtis
1273 2863 1626 2930 drachmam,
1658 2861 1879 2919 attende
1905 2862 2093 2933 imagi-

490 2975 639 3024 nem,
670 2958 773 3013 boc
804 2964 909 3026 est,
936 2956 1127 3011 videns
1175 2955 1371 3027 Legem
1391 2996 1406 3023 ,
1436 2954 1659 3011 attemle
1686 2956 1739 3010 in
1783 2946 1927 3025 Lege
1958 2954 2093 3010 ima-

490 3054 673 3125 ginem
696 3052 799 3107 Dei
829 3050 1142 3119 Christum;
1180 3051 1306 3121 quia
1337 3050 1452 3120 ipse
1478 3050 1654 3121 imago
1678 3049 1774 3105 Dei
1805 3049 2093 3106 invisibilis

494 3155 551 3202 et
577 3144 1008 3217 incorruptibilis
1029 3185 1045 3212 ,
1080 3143 1264 3199 luceat
1294 3142 1389 3200 tibi
1420 3143 1572 3199 velut
1599 3143 1651 3198 in
1682 3143 1904 3214 speculo
1935 3142 2092 3215 Legis

2198 1932 2346 2004 loqui
2380 1929 2565 1986 dabat.
2619 1927 2732 1985 Sed
2772 1936 2953 1982 tamen
2986 1924 3043 1991 ii,
3078 1924 3169 1995 qui
3201 1922 3272 1979 de
3297 1931 3416 1977 arte
3438 1920 3758 1989 scripserunt,

2194 2024 2264 2082 de
2284 2039 2473 2081 eorum
2505 2022 2729 2093 scriptis
2755 2029 2929 2076 artem
2960 2019 3309 2083 invenerunt,
3340 2023 3400 2071 et
3440 2012 3761 2071 condiderunt

2186 2126 2500 2193 commenta
2527 2112 2682 2181 artis,
2708 2124 2764 2170 et
2785 2110 3096 2185 magisteria
3128 2109 3147 2183 (
3171 2109 3285 2163 Act.
3313 2124 3378 2174 ιι,
3402 2109 3437 2163 4
3459 2106 3501 2180 ).

2265 2212 2321 2267 2.
2367 2210 2607 2281 Denique
2632 2209 2684 2263 in
2717 2215 2833 2263 arte
2873 2206 3226 2277 requiruntur
3275 2200 3570 2273 praecipue,
3614 2208 3665 2254 ut
3705 2197 3761 2254 sit

2195 2303 2381 2370 αἴτιον,
2413 2303 2529 2370 ὕλη,
2561 2301 2919 2373 inermem;
2946 2313 3067 2354 cum
3096 2296 3259 2368 igitur
3287 2294 3530 2365 legamus
3552 2299 3759 2349 sanctum

2203 2397 2223 2436 ί
2255 2397 2405 2453 lsaac
2444 2396 2589 2451 Patri
2627 2395 2811 2451 dicere
2843 2412 2855 2447 :
2889 2391 3025 2448 Ecce
3049 2392 3184 2463 ignis
3227 2400 3275 2446 et
3321 2389 3483 2464 ligna,
3510 2388 3590 2444 ubi
3625 2387 3759 2441 hostis

2201 2490 2221 2565 (
2248 2490 2379 2546 Gen.
2414 2505 2549 2556 χιιι,
2579 2489 2612 2543 7
2637 2486 2686 2560 )7
2708 2486 2835 2559 quid
2856 2486 3047 2542 horum
3074 2484 3269 2541 deest?
3295 2482 3430 2538 Nam
3459 2481 3548 2554 qui
3578 2479 3757 2553 quaerit,

2195 2584 2407 2641 dubitat
2433 2603 2447 2641 :
2481 2583 2572 2655 qui
2602 2581 2896 2653 respondet
2929 2578 3219 2652 quaarenti,
3248 2576 3580 2649 pronuntiat,
3609 2583 3659 2630 et
3681 2573 3758 2629 du-

2198 2678 2511 2735 bitationem
2535 2675 2784 2732 absolvit.
2807 2674 2946 2731 Ecce
2970 2673 3132 2744 ignis,
3149 2670 3202 2728 id
3226 2680 3311 2727 est
3326 2668 3489 2728 αἶτιον
3512 2687 3527 2725 :
3553 2677 3607 2725 et
3622 2669 3756 2741 ligna,

2198 2770 2250 2827 id
2278 2780 2381 2838 est,
2401 2771 2517 2836 ὕλη,
2545 2784 2665 2839 qua:
2685 2767 2877 2824 Latine
2906 2766 3132 2823 materia
3149 2765 3350 2821 dicitur
3380 2781 3395 2818 :
3428 2762 3636 2819 tertium
3655 2762 3759 2833 quid

2197 2873 2466 2935 superest,
2503 2862 2607 2919 nisi
2635 2863 2988 2935 ἀποτέλεσμα,
3019 2858 3163 2931 quod
3193 2856 3612 2930 illiusquaesivit,
3639 2864 3768 2924 pater

2196 2958 2383 3013 retulit
2430 2955 2651 3012 dicenti.
2689 2953 2789 3010 Ubi
2818 2952 3031 3008 hostia?
3066 2950 3230 3019 Deus,
3284 2950 3483 3022 inquit,
3521 2947 3765 3021 proaidebit

2198 3049 2294 3103 sibi
2324 3048 2661 3119 sacriﬁcium,
2692 3046 2773 3117 ﬁli
2805 3042 3016 3118 (lbid.,
3048 3042 3139 3117 8).
3384 3056 3388 3061 ‘

2272 3141 2325 3197 '5.
2370 3151 2396 3188 ε
2442 3138 2772 3197 Differamus
2830 3137 3105 3209 paulisper
3156 3136 3501 3209 mysterium.
3554 3130 3763 3191 Ostendit

565 3292 592 3320 δι
632 3282 708 3337 Ita
736 3290 843 3337 vet.
878 3279 1099 3352 edit.ac
1128 3294 1264 3336 mss.
1298 3295 1470 3352 prope
1486 3279 1564 3352 ad
1596 3295 1761 3352 unum
1797 3297 1812 3333 :
1840 3281 2088 3336 nonnulli
2118 3284 2165 3348 C
2198 3281 2358 3338 tianis
2420 3279 2561 3352 ipsis
2592 3320 2607 3346 ,
2672 3279 2764 3351 qui
2825 3277 3148 3350 objectionis
3198 3287 3543 3352 agnoverunt
3598 3276 3766 3352 verita.

496 3364 678 3411 tamen
708 3363 764 3407 et
794 3352 951 3408 Rom.
974 3351 1133 3418 edit.,
1161 3350 1413 3424 sanguine
1434 3350 1628 3407 Christi
1656 3350 1950 3422 redemptus
1977 3370 2095 3409 cru-

498 3444 604 3482 cem
632 3425 873 3497 accipiat.

570 3497 598 3535 ι»
638 3495 720 3551 Att
746 3493 1009 3550 drachma
1036 3504 1092 3550 et
1116 3493 1371 3549 denarius
1410 3494 1584 3565 pretio
1626 3495 1769 3551 inter
1814 3510 1873 3552 se
1899 3511 2099 3553 conve-

502 3568 694 3632 niant,
724 3566 1057 3620 dissentiunt
1098 3566 1240 3620 inter
1282 3581 1375 3629 se,
1406 3578 1465 3622 ut
1508 3567 1747 3621 Nannius
1784 3567 1836 3622 in
1869 3568 2099 3624 scholiis

501 3639 782 3701 observat,
812 3636 1051 3702 Budens,
1082 3635 1346 3709 Alciatus,
1378 3648 1541 3708 atque
1567 3638 1710 3694 Rod.
1734 3639 2008 3709 Agricola,
2031 3640 2099 3695 ad

501 3723 641 3780 quos
689 3708 1013 3780 huiusmodi
1041 3707 1314 3780 studiosos
1355 3707 1683 3764 eruditionis
1730 3707 2097 3779 remittimus,

503 3779 647 3837 sicut
696 3786 755 3836 et
799 3779 869 3835 ad
913 3779 1331 3851 Villapandum,
1384 3780 1767 3836 Brerewodum
1809 3797 1873 3838 ac
1914 3781 2102 3837 Valte-

505 3868 657 3909 num.

582 3936 607 3964 ο
646 3923 857 3994 Scripta
884 3931 1011 3978 ante
1036 3937 1164 3977 ann.
1193 3921 1319 3979 581.

577 3993 606 4033 d
646 3993 1081 4052 Veri’admodutn
1105 3994 1283 4049 simile
1297 4002 1405 4059 est,
1434 4010 1556 4050 cum
1587 3996 1906 4053 Ambrosius
1924 4007 2105 4055 extre-

509 4068 612 4123 mis
642 4068 850 4123 ultimm
879 4065 1125 4133 epistola:
1147 4066 1325 4120 verbis
1349 4066 1505 4122 Jttsto
1532 4076 1852 4135 potestatem
1885 4068 2106 4126 fecisset

508 4140 692 4195 denuo
720 4139 865 4194 circa
894 4139 1223 4207 Scripturas,
1272 4139 1317 4191 si
1367 4138 1492 4208 quid
1523 4140 1822 4206 videretur,
1872 4141 2106 4197 interro-

510 4210 705 4281 gandi;
745 4209 889 4282 httnc
924 4209 993 4282 ah
1030 4224 1098 4282 eo
1136 4209 1471 4263 sciscitatum
1511 4208 1700 4282 fuisse,
1737 4210 1999 4282 quidnam
2037 4212 2107 4268 de

511 4280 653 4353 stylo
684 4290 739 4336 et
766 4280 977 4335 dicendi
1005 4281 1341 4353 charactere,
1370 4296 1528 4353 quem
1559 4280 1802 4353 Foederis
1824 4284 2107 4353 utriusque

512 4351 809 4420 scriptores
862 4351 1035 4406 secuti
1076 4360 1223 4415 sunt,
1256 4352 1522 4406 sentiret:
1562 4352 1823 4422 illumque
1868 4354 1968 4410 hac
2021 4351 2108 4410 re-

513 4422 809 4494 sponsione
839 4422 1081 4494 ejusdem
1113 4423 1444 4494 interrogato
1472 4423 1820 4479 satisfecisse.

590 4504 623 4577 ο.
655 4492 812 4562 Quod
843 4492 1137 4576 negabatur
1166 4508 1198 4547 a
1235 4492 1511 4577 plerisque
1548 4509 1616 4549 ex
1659 4495 2109 4577 artis.p_raec.eptis

515 4566 1124 4637 scriptagcomposuisse
1155 4579 1344 4637 sacros
1370 4575 1640 4637 auctores,
1669 4566 1869 4622 nemini
1908 4570 2105 4623 mirum

2203 3363 2334 3409 tem.
2387 3347 2653 3421 Namque,
2690 3347 2763 3421 ut
2827 3347 3144 3405 omittamus
3183 3351 3324 3405 alios
3369 3351 3572 3420 plures,
3613 3347 3768 3419 Orige-

2201 3441 2299 3481 nes
2347 3423 2446 3479 lib.
2476 3439 2492 3477 ι
2520 3419 2669 3479 cont.
2719 3419 2937 3477 Celsum
2968 3422 3037 3477 de
3093 3419 3475 3491 apostolis’ita
3518 3422 3765 3491 loquitur:

2204 3496 2328 3552 Non
2356 3498 2515 3559 enim,
2563 3494 2759 3563 inquit,
2790 3494 2903 3548 ulla
2933 3494 3012 3549 Itis
3042 3494 3208 3547 inerat
3248 3510 3314 3549 ea:
3339 3504 3453 3548 arte
3478 3494 3669 3549 dicendi
3689 3492 3767 3555 eis,

2201 3570 2305 3624 sive
2325 3566 2697 3637 pronuntiandi
2713 3578 2732 3620 :
2747 3565 2827 3620 uel
2856 3583 2949 3634 pro
2973 3564 3274 3637 Gra'carum
3289 3566 3518 3635 artiﬁcio
3534 3564 3771 3619 dialectics

2202 3640 2426 3713 quodam
2452 3647 2541 3713 aut
2581 3638 2835 3693 rhetorico
2857 3638 2986 3713 o_rdo
3012 3636 3199 3706 aliquis
3224 3638 3545 3713 au_t__ntodus,
3576 3654 3669 3713 quo
3689 3652 3769 3688 trs-

2204 3707 2392 3766 ditores
2416 3710 2699 3764 allicerent.
2728 3707 3004 3763 Arnobius
3040 3722 3257 3777 quoque
3287 3708 3381 3764 lib.
3407 3724 3425 3763 ι
3454 3710 3575 3762 adv.
3591 3707 3772 3763 Gentes

2207 3799 2314 3838 non
2344 3782 2611 3836 dilfltetur
2636 3780 2698 3833 ab
2716 3780 2935 3834 indoctis
2956 3780 3249 3834 hominibus
3272 3789 3322 3833 et
3349 3780 3562 3835 rudibus
3586 3778 3772 3835 condita

2206 3869 2331 3910 esse
2378 3868 2533 3907 sacra
2558 3852 2854 3917 volumina,
2887 3866 3116 3920 quorum
3154 3866 3468 3907 sermonem
3511 3866 3614 3905 non
3638 3849 3776 3904 modo

2207 3923 2816 3980 trivialemetsordidum
2838 3922 3095 3994 appellat,
3130 3921 3225 3977 sed
3258 3937 3364 3979 nec
3398 3922 3777 3978 clamitantibus

2208 4012 2297 4053 res
2323 4005 2539 4050 nostras
2569 3993 2989 4049 bat'barismis'ac
3014 3993 3316 4049 soluecismis
3344 3995 3549 4049 obsitas
3567 4009 3682 4050 esse
3701 4008 3775 4048 re-

2209 4068 2469 4139 fragatur,
2502 4066 2809 4139 barbariem
2851 4067 2995 4120 illam
3022 4066 3074 4120 in
3104 4065 3417 4139 christiana:
3446 4081 3618 4139 causa).
3654 4065 3781 4120 utili-

2211 4137 2374 4195 tatém
2405 4138 2747 4193 transtulisse
2774 4145 3084 4203 contentus,
3127 4137 3274 4206 quod
3295 4139 3463 4208 etiam
3486 4139 3555 4193 ab
3574 4138 3783 4208 Origene

2211 4212 2350 4267 libro
2380 4211 2474 4265 cit.
2499 4208 2797 4265 factitatum
2827 4218 2931 4265 est.
2962 4207 3103 4281 Quid
3125 4222 3281 4278 ergo,
3313 4207 3551 4281 inquies,
3579 4225 3643 4264 an
3669 4207 3783 4281 ω..

2213 4291 2295 4337 tra
2323 4290 2594 4336 tantorum
2621 4281 2862 4335 virorum
2896 4280 3274 4335 auctoritatem
3297 4278 3489 4337 saeros
3502 4282 3709 4337 codices
3725 4278 3783 4333 ad

2210 4353 2658 4424 grammaticales
2680 4366 2918 4407 canones
2959 4360 3205 4416 exactos,
3237 4352 3325 4407 vel
3349 4352 3636 4409 rhetoricis
3671 4351 3784 4424 llos:

2211 4421 2345 4479 culis
2373 4432 2428 4478 et
2473 4422 2799 4479 calamistris
2830 4431 3080 4493 comptos
3106 4424 3307 4478 asserit
3344 4424 3538 4480 doctor
3581 4421 3785 4479 noster!

2211 4496 2431 4552 Minime
2458 4510 2623 4551 sane:
2656 4493 2763 4549 hoc
2800 4494 2945 4550 enim
2996 4510 3162 4549 unum
3211 4495 3509 4563 contendit,
3560 4505 3787 4552 auctores

2213 4582 2399 4623 sacros
2429 4581 2553 4639 quas
2592 4564 2659 4621 ad
2708 4566 2970 4639 cujusque
3016 4566 3093 4639 rei
3126 4566 3496 4635 cognitionem
3537 4569 3787 4639 praecipue

512 4635 687 4710 videri
718 4635 899 4710 debet.
923 4635 1567 4710 Nantdeveteriquidem
1590 4635 1960 4706 Testamento,
1984 4640 2111 4710 licet
2140 4684 2187 4710 η
2215 4635 2533 4710 exponenda
2561 4647 2710 4705 sunt,
2736 4635 2808 4693 ita
2837 4636 3277 4710 expressisse,_ut
3300 4635 3784 4708 posteris'formatn,

515 4708 714 4789 partim
741 4722 771 4761 a
799 4706 982 4789 Moyse
1011 4708 1064 4761 in
1091 4684 1467 4789 {Egyptior'utn
1484 4710 1750 4779 sapientia
2140 4684 2187 4745 θ

516 4788 797 4853 exaratum
836 4779 931 4853 sit,
977 4784 1178 4853 partim
1221 4779 1291 4853 ab
1332 4780 1454 4834 aliis
1490 4796 1719 4849 quorum
1770 4779 1874 4837 non
1909 4797 2110 4853 paucos

516 4849 787 4922 multijugi
816 4848 1061 4923 doctrina
1093 4850 1336 4905 excultos
1363 4848 1608 4916 constat;
1663 4862 1843 4908 tamen
1888 4848 2009 4923 quia
2039 4854 2109 4909 ob

515 4920 695 4977 raram
742 4920 1054 4992 primigenii
1080 4924 1397 4977 eorumdcm
1431 4923 1691 4977 librorum
1721 4920 1990 4980 sermonis
2018 4939 2111 4978 co-

519 4994 839 5064 gnitionem,
888 4992 1005 5065 fere
1048 5007 1155 5065 non
1200 4992 1334 5065 nisi,
1365 4994 1415 5047 in
1449 4995 1812 5058 versionibus.
1848 4997 2020 5065 iisque
2042 4995 2111 5051 de

517 5062 691 5120 verbo
710 5079 881 5134 prope
915 5062 1162 5134 redditis,
1200 5062 1537 5132 legebantur.
1572 5065 1696 5120 illos
1728 5062 1951 5122 necesse
1989 5074 2113 5122 erat

517 5133 848 5204 parum’prz’n
868 5148 928 5190 se
956 5134 1097 5207 ferre
1110 5133 1413 5207 elegantiae,
1441 5147 1627 5206 utpote
1655 5140 1832 5192 nativa
1861 5153 1958 5193 sua
1986 5154 2110 5207 per-

516 5203 645 5277 inde
674 5203 747 5261 ac
764 5205 1047 5277 peregrina
1095 5203 1403 5277 destitutos.
1443 5203 1596 5273 Quod
1627 5220 1806 5265 autem
1836 5210 1904 5265 ad
1940 5203 2110 5266 novas

519 5276 934 5350 Tabulas,cum
966 5291 1153 5350 earum
1192 5276 1486 5350 scriptores
1528 5280 1711 5335 rustici
1761 5297 1824 5336 ac
1871 5282 2107 5350 imperiti

518 5349 742 5414 fuerint,
784 5349 829 5403 si
866 5346 1298 5421 modoALucatn,
1326 5358 1382 5402 et
1411 5349 1655 5415 Paulum,
1678 5353 1769 5421 qui
1802 5346 1981 5407 tamen
2012 5353 2109 5407 hu-

515 5434 694 5474 manae
732 5419 1014 5493 sapientia:
1047 5418 1514 5493 lenociniisgusum
1542 5436 1601 5475 se
1624 5418 1803 5492 negat,
1832 5423 2106 5493 excipias;

515 5490 791 5565 quomodo
803 5498 1229 5565 consentaneum
1244 5490 1650 5565 arbitraremur,
1666 5490 1724 5547 u‘.
1742 5496 1938 5559 scripta
1954 5490 2107 5565 quas?

514 5560 620 5616 aito
648 5571 705 5615 et
727 5560 1001 5616 adscititio
1041 5562 1217 5637 nitore
1246 5563 1562 5637 perpolituri
1600 5567 1815 5637 essent?
1842 5560 1986 5621 Cntn'
2010 5567 2109 5637 igi-

518 5641 836 5712 turpant-os
863 5631 1148 5712 secundum
1176 5631 1623 5712 artem—scripsisse
1651 5652 1681 5689 a
1711 5636 1983 5712 plerisque
2014 5631 2109 5693 tie-

516 5702 633 5770 gari
662 5703 823 5757 tradit
865 5702 1210 5768 Ambrosius,
1254 5704 1358 5761 hoc
1403 5702 1508 5762 non
1554 5706 1622 5762 de
1668 5702 1800 5762 solis
1826 5702 2031 5763 exteris
2055 5718 2112 5765 et

512 5771 1458 5856 inlidelihus_accipiendum_est,
1509 5793 1539 5832 a
1595 5779 1790 5856 quibus
1841 5777 2111 5856 frequens

498 5840 809 5916 iactabatur
854 5840 1045 5900 isthaec
1067 5846 1339 5903 accusatio
1366 5865 1380 5904 :
1413 5840 1598 5907 verum
1612 5840 1792 5909 'etiam
1823 5849 1894 5909 de
1938 5840 2112 5910 chris-

2215 4790 2338 4837 rent
2364 4774 2552 4851 {quod
2579 4779 2797 4851 quidem
2841 4774 2963 4836 etim
2988 4781 3113 4853 styli
3143 4774 3501 4853 simplicitate
3524 4792 3616 4837 aut
3640 4774 3787 4837 etiam

2212 4852 2460 4909 barbarie
2488 4855 2796 4922 neutiquam
2820 4862 3041 4923 pugnat.

2292 4924 2310 4963 ί
2346 4924 2553 4996 ΙΙωοᾉει
2580 4924 2838 4996 pleraque
2865 4926 2969 4996 alia
3012 4923 3172 4995 hujus
3193 4923 3443 4996 epistolae
3472 4941 3538 4981 ex
3567 4925 3786 4996 Philonis
3862 4936 3877 4961 ἰ

2214 4994 2352 5051 libro
2376 4995 2443 5050 de
2468 4993 2716 5066 Profugis
2739 4993 2916 5049 hausit
2946 4993 3285 5053 Ambrosius.
3320 4995 3392 5052 Ut
3414 5007 3592 5052 autem
3616 5012 3678 5051 ea
3707 4994 3786 5050 ini-

2215 5068 2333 5140 nori
2365 5068 2581 5140 negotio
2607 5067 2812 5140 capias,
2852 5066 3075 5140 adverte
3101 5067 3385 5124 Philonem
3416 5083 3578 5140 agere
3599 5084 3666 5123 eo
3691 5068 3779 5140 loci

2213 5139 2282 5193 de
2330 5137 2678 5193 scientiarum
2727 5139 3053 5210 adeptione:
3084 5140 3200 5194 ubi.
3229 5137 3515 5210 postquam
3559 5137 3787 5208 esposuit

2211 5209 2578 5281 quadruplicis
2600 5210 2815 5282 generis
2846 5208 3125 5282 hominum
3138 5208 3552 5280 aﬂ'ectus‘atque
3578 5221 3784 5282 conatus

2212 5279 2341 5352 erga
2370 5279 2676 5346 scientiam,
2725 5281 2946 5337 secundi
2974 5282 3214 5352 generis,
3262 5279 3669 5352 nempeeorurn
3708 5279 3785 5350 qui

2210 5363 2266 5424 et
2288 5360 2597 5424 qutrrerent
2623 5352 2791 5416 illam.
2814 5423 2817 5424 ν
2839 5362 2911 5424 et
2935 5353 3263 5424 invenirent,
3303 5354 3530 5424 figuram
3558 5352 3784 5424 fuissegia

2208 5422 2450 5494 Josepho
2476 5433 2637 5493 atque
2661 5423 2863 5479 lsaacio
2882 5422 3061 5479 docet.
3108 5422 3191 5480 Ut'
3212 5422 3392 5480 autem
3423 5440 3544 5481 eam
3571 5441 3680 5479 rem
3705 5422 3786 5479 dc-

2212 5502 2480 5551 monstret
2522 5494 2591 5551 de
2622 5494 2850 5561 l~aat:io,
2888 5511 3052 5566 quam
3097 5505 3224 5566 apte
3265 5494 3409 5551 idem
3439 5511 3628 5553 causas
3653 5494 3785 5551 dubii

2214 5567 2299 5650 sui
2323 5566 2709 5650 interrogando
2765 5568 3056 5650 aperuerit,
3106 5582 3379 5650 quamque
3425 5568 3719 5623 absolutam
3756 5580 3785 5619 a

2217 5647 2377 5709 patre
2398 5637 2584 5694 tulerit
2605 5639 3041 5709 responsionem,
3073 5637 3330 5694 ostendit.

2289 5719 2315 5756 8
2353 5708 2514 5764 Rom.
2538 5708 2713 5793 edit.,,
2743 5710 3071 5793 Disseza‘ntus
3100 5710 3400 5793 paulisper;
3443 5718 3785 5793 catenarum

2219 5795 2350 5836 mss.
2372 5796 2542 5852 prope
2561 5781 2849 5846 universis,
2870 5779 3205 5848 Differamus.
3221 5779 3440 5838 Minime
3461 5782 3629 5845 male;
3657 5779 3785 5852 idem

2218 5849 2489 5910 enim'est
2515 5862 2679 5925 atque
2706 5852 3099 5925 expandantus,
3138 5863 3205 5910 et-
3241 5853 3398 5925 quasi
3429 5853 3483 5909 in
3521 5854 3667 5926 plura
3689 5849 3787 5908 dis-
