4014 6290
274 268 386 327 915

1496 268 1986 327 EPISTOLARUM
2024 269 2306 329 CLASSIS
2345 273 2386 330 1.

3477 280 3585 336 914

276 383 416 440 Deus
437 385 667 444 arietem
690 389 1012 458 pendentem
1028 370 1280 446 cornibus
1298 388 1878 462 (Gen.sxtt,l5):aries
1906 391 1959 451 A
1984 391 2096 446 lum
2124 391 2220 447 Dei
2252 391 2615 460 liberandum,
2667 394 2734 450 ad
2773 409 2954 465 regem
3000 397 3242 469 Egypti,
3293 399 3402 454 ait:
3457 401 3588 466 Quis

271 489 450 534 autem
481 491 564 536 est
587 482 824 540 Verbum
853 487 1068 554 plenum
1093 485 1516 556 tranquillitatis,
1539 495 1594 540 et
1618 484 1866 541 modera-

271 573 458 640 tionis,
488 585 649 644 atque
681 579 989 647 patientiae;
1014 597 1118 652 quo
1140 579 1440 636 ostenditur
1464 583 1664 634 bonum
1693 579 1864 634 sacri-

266 665 444 722 ﬁcium
496 683 617 724 esse
659 672 998 741 sapientiam,
1048 682 1102 727 et
1144 673 1435 743 prudenter
1489 671 1767 728 emerendi
1798 687 1863 727 ac

264 760 590 831 propitiandi
615 765 880 820 rationem
903 781 1250 835 cognoscere.
1285 765 1441 821 Unde
1486 775 1540 820 et
1595 764 1860 836 propheta

261 857 386 911 ait:
426 856 728 928 Sacri/irate
778 862 1089 928 sacriﬁcium
1124 861 1344 934 justitire
1398 859 1591 932 (Psal.
1639 875 1720 921 tv,
1767 860 1857 924 6).

263 947 447 1019 Itaque
498 948 747 1020 iustitiae,
790 952 866 1008 ita
893 962 950 1008 ut
977 955 1255 1024 sapientia:
1285 953 1610 1033 sacriﬁcium
1641 961 1746 1007 est.

331 1041 386 1098 4.
430 1041 571 1099 Ecce
591 1059 721 1115 ergo
754 1061 910 1102 mens
929 1048 1104 1103 calida
1135 1058 1190 1104 et
1210 1048 1446 1112 fervens,
1476 1058 1530 1102 ut
1554 1047 1713 1118 ignis,
1741 1062 1862 1118 quae

259 1145 563 1207 operatur:
605 1153 732 1195 ecce
775 1150 830 1196 et
883 1141 1266 1214 intelligibilia,
1326 1142 1380 1198 id
1432 1152 1538 1208 est,
1593 1141 1856 1206 materia;

258 1230 424 1304 784
450 1231 536 1288 ubi
565 1241 649 1288 est
685 1233 922 1301 tertium,
955 1235 1303 1307 intelligere?
1333 1245 1359 1273 θ
1382 1235 1524 1290 Ecce
1553 1233 1741 1300 color;
1767 1234 1858 1290 ubi

257 1336 342 1379 est
365 1323 588 1382 videre?
617 1325 756 1382 Ecce
785 1327 1104 1394 sensibilia;
1139 1328 1228 1382 ubi
1259 1336 1345 1384 est
1368 1326 1606 1384 sentire?
1638 1325 1858 1382 Materia

257 1415 403 1472 enim
454 1432 566 1472 non
619 1417 688 1473 ab
732 1419 985 1476 omnibus
1016 1419 1260 1483 videtur;
1318 1419 1550 1490 ideoque
1596 1419 1739 1474 Deus
1767 1418 1861 1474 dat

255 1523 452 1564 manus
479 1510 841 1581 intelligendi,
869 1522 927 1568 et
954 1512 1250 1578 sentiendi,
1281 1521 1338 1568 et
1357 1512 1601 1568 videndi.

323 1602 378 1657 5.
411 1602 645 1660 Verbum
696 1621 826 1676 ergo
872 1607 964 1663 Dei
993 1608 1328 1681 ἀποτέλεσμα
1372 1616 1475 1674 est,
1510 1607 1682 1673 idest,
1717 1607 1855 1662 dell-

253 1696 390 1751 nitio
442 1706 498 1752 et
535 1701 936 1755 consummatio
987 1701 1409 1770 disputationis,
1463 1701 1605 1772 quod
1678 1700 1858 1757 inlun-

1968 500 2082 538 sum
2111 500 2227 557 ego,
2260 495 2316 540 ut
2338 486 2540 552 vadum,
2572 497 2621 542 et
2650 489 2867 542 educam
2906 490 3068 562 785
3094 492 3348 559 populum
3377 509 3411 547 a
3440 493 3581 562 regis

1967 579 2253 647 potestate?
2273 579 2574 649 Respondit
2606 581 2863 637 Dominus
2886 601 2898 636 :
2925 583 3033 655 Ego
3061 601 3147 639 ero
3167 594 3328 640 tecum
3355 587 3372 654 (
3399 585 3578 641 Exod.

1969 683 2047 726 ιιι.
2067 668 2154 735 ll,
2187 668 2300 739 12).
2332 670 2708 742 lnterrogabat
2735 673 2929 728 iterum
2953 675 3168 747 Moyses
3195 693 3208 728 :
3246 677 3387 743 Quid
3408 676 3582 730 dicam

1967 758 2095 825 illis,
2127 761 2172 813 si
2201 762 2510 831 requirant:
2542 763 2669 831 Quis
2715 775 2789 818 est
2829 763 3105 832 Dominus,
3133 767 3222 837 qui
3259 769 3396 820 misit
3424 778 3490 834 te,
3531 778 3584 823 et

1967 851 2106 919 quod
2132 868 2314 905 nomen
2363 863 2438 907 est
2487 854 2605 908 illi?
2660 855 2810 910 Dixit
2867 857 3301 932 Dominus:Ego
3330 877 3446 915 sum
3490 862 3581 930 qui

1965 962 2102 1000 sum.
2141 945 2289 1001 Dices
2322 963 2340 1001 :
2373 948 2474 1014 Qui
2519 959 2614 1015 est,
2649 951 2787 1004 misit
2835 968 2914 1005 me
2939 952 2957 1025 (
2983 950 3158 1008 Exod.
3189 969 3271 1021 ιιι,
3308 955 3397 1019 15,
3429 954 3498 1010 14
3530 956 3574 1026 ).

1967 1039 2081 1095 Hoc
2111 1050 2194 1096 est
2223 1058 2407 1098 verum
2458 1059 2655 1100 nomen
2703 1045 2823 1112 Dei,
2873 1060 2995 1101 esse
3054 1062 3292 1117 semper.
3327 1046 3487 1104 Unde
3515 1060 3577 1106 et

1966 1134 2262 1204 Apostolus
2305 1137 2374 1192 de
2404 1136 2660 1193 Christo:
2713 1137 2810 1194 Dei
2839 1141 2974 1194 enim
3006 1142 3148 1210 ﬁlius
3192 1140 3345 1197 Jesus
3393 1140 3572 1198 Chris-

1966 1238 2066 1294 tus,
2100 1230 2187 1296 qui
2216 1231 2268 1283 in
2297 1230 2437 1285 vobis
2464 1242 2560 1298 est,
2589 1233 2679 1301 qui
2702 1249 2794 1302 per
2812 1250 2906 1287 nos
2919 1233 3231 1304 praedicatus
3249 1244 3342 1302 est,
3381 1251 3472 1305 per
3491 1252 3574 1290 me

1965 1331 2011 1374 et
2050 1321 2335 1392 Sylvanum
2365 1333 2411 1377 et
2459 1322 2823 1392 Timotheum;
2878 1342 2980 1380 non
3015 1327 3115 1397 fuit
3137 1369 3152 1391 ,
3183 1327 3375 1398 inquit,
3406 1326 3499 1382 Est
3527 1340 3577 1383 et

1966 1413 2091 1468 Non
2123 1433 2142 1470 :
2167 1417 2258 1470 sed
2302 1416 2396 1471 Est
2424 1419 2478 1471 in
2510 1418 2604 1472 illo
2631 1421 2730 1490 fuit
2758 1418 2827 1491 (ll
2856 1420 2975 1474 Cor.
3011 1437 3049 1486 ι,
3083 1422 3151 1477 19
3183 1422 3222 1491 ).
3266 1421 3576 1492 Respondit

1963 1509 2177 1580 Moyses
2209 1526 2221 1561 :
2259 1509 2320 1564 Si
2347 1526 2450 1564 non
2493 1511 2803 1565 crediderint
2851 1511 3000 1580 mihi,
3034 1529 3197 1584 neque
3244 1514 3572 1569 obaudierint

1962 1617 2136 1655 vocem
2159 1619 2342 1666 meam,
2376 1605 2619 1670 dicentes,
2669 1607 2790 1675 quia
2845 1622 2947 1660 non
2985 1607 3234 1677 apparuit
3281 1608 3376 1661 tibi
3403 1606 3569 1674 Deus,

1962 1694 2086 1765 quid
2113 1695 2280 1749 dicam
2309 1695 2450 1764 illis(
2478 1695 2649 1752 Exod.
2684 1713 2757 1763 tv,
2793 1697 2886 1753 let
2908 1714 3015 1768 seq.
3040 1699 3086 1769 )?
3116 1697 3276 1754 Dedit
3304 1699 3380 1754 illi
3409 1701 3570 1770 signa

248 1789 397 1846 ditur
420 1791 878 1861 prudentioribus,
911 1803 964 1849 et
984 1792 1145 1850 dubia
1169 1794 1476 1850 conﬁrmat.
1505 1795 1736 1850 Pulchre
1756 1811 1853 1850 au-
1885 1787 1928 1847 Β
1959 1789 2233 1857 facere,ut
2257 1790 2574 1846 crederetur
2603 1792 2727 1862 quia
2753 1807 2782 1845 a
2801 1791 3034 1846 Domino
3065 1793 3266 1848 missus
3295 1800 3402 1848 est.
3433 1792 3568 1847 Ter-

247 1890 360 1938 tem
389 1884 553 1939 etiam
585 1885 645 1952 ii,
681 1888 770 1956 qui
804 1888 857 1942 in
902 1886 1194 1943 adventum
1224 1887 1426 1943 Christi
1464 1902 1571 1943 non
1602 1888 1854 1944 credide-

246 1984 402 2043 runt,
436 1993 496 2034 se
523 1979 670 2049 ipsos
691 1980 1014 2046 revincunt;
1060 1991 1120 2036 ut
1162 1981 1548 2048 conﬁteantur,
1579 1981 1723 2052 quod
1755 1997 1850 2038 ne-

242 2069 481 2139 gandum
519 2080 732 2142 putant.
755 2071 785 2111 b
815 2073 1013 2129 Dicunt
1038 2075 1183 2130 enim
1220 2074 1446 2130 arietem
1476 2073 1714 2130 Verbum
1732 2075 1847 2144 Dei,

244 2170 438 2218 etnon
470 2165 703 2220 credunt
761 2166 1032 2237 passionis
1080 2168 1437 2239 mysterium;
1484 2183 1608 2223 cum
1657 2169 1709 2223 in
1761 2169 1852 2226 illo

244 2256 508 2329 mySterio
541 2255 780 2313 Verbum
801 2259 898 2316 Dei
926 2261 1018 2328 sit,
1044 2260 1096 2316 in
1126 2276 1234 2331 quo
1263 2260 1544 2332 impletum
1567 2270 1652 2317 est
1680 2263 1851 2318 sacri-

244 2351 446 2408 licium.

314 2445 367 2502 6.
411 2446 555 2518 Ergo
613 2448 846 2519 primum
903 2449 1263 2506 accendamus
1335 2451 1388 2505 in
1461 2449 1616 2506 nobis
1667 2451 1845 2521 ignem

241 2539 460 2605 mentis,
492 2549 824 2610 utoperetur
853 2542 907 2598 in
938 2543 1114 2598 nobis.
1141 2542 1463 2611 Quaeramus
1497 2553 1520 2582 ο
1553 2542 1847 2613 subjicien-

243 2633 314 2687 tis
346 2634 654 2701 materiam,
687 2635 817 2706 quid
871 2636 945 2690 sit
983 2635 1127 2707 quod
1180 2637 1384 2690 nutriat
1413 2635 1670 2701 animam,
1707 2644 1847 2690 tam-

241 2738 401 2792 quam
433 2725 485 2779 in
520 2725 764 2781 tenebris
805 2728 1147 2798 requiramus
1189 2743 1330 2782 eam.
1362 2727 1548 2798 Neque
1585 2727 1728 2783 enim
1757 2727 1842 2782 vel

243 2816 438 2873 Patres
464 2818 729 2886 sciebant,
756 2819 884 2892 quid
913 2830 1060 2876 esset
1096 2835 1291 2876 manna
1325 2839 1338 2877 :
1367 2821 1722 2885 invenerunt,
1757 2821 1841 2876 in-

239 2911 381 2982 quit,
413 2926 610 2968 manna
631 2913 878 2971 dicentes
920 2916 1095 2984 ipsum
1127 2931 1250 2972 esse
1276 2932 1585 2972 sermonem
1624 2927 1678 2972 et
1714 2917 1844 2972 Ver-

239 3003 369 3060 bum
395 3005 486 3060 Dei
515 3005 732 3077 (Exod.
757 3024 866 3075 xvr,
900 3007 982 3072 15,
1013 3008 1134 3079 16);
1161 3009 1303 3066 unde
1325 3024 1517 3065 omnes
1542 3009 1842 3081 disciplina:

241 3096 389 3153 fonte
412 3098 522 3168 jugi
552 3113 616 3154 ac
643 3109 906 3170 perpetuo
936 3101 1107 3156 lluunt
1134 3112 1296 3173 atque
1321 3103 1592 3158 derivant.

1961 1884 2038 1939 tio
2065 1884 2139 1937 ait
2168 1884 2382 1955 Moyses
2409 1901 2421 1938 :
2457 1882 2579 1938 Non
2606 1901 2716 1938 sum
2751 1884 2960 1957 dignus,
2998 1895 3043 1938 et
3066 1885 3248 1955 gracili
3274 1898 3396 1939 uoce
3427 1901 3568 1948 sum,

1958 1979 2184 2032 tardiore
2201 1979 2398 2048 lingua,
2414 1979 2672 2048 quomodo
2691 1996 2768 2032 me
2783 1979 2956 2032 audiet
2971 1977 3222 2051 Pharao(
3246 1977 3411 2043 Ibid.,
3444 1977 3564 2048 10)?

1957 2072 2302 2144 Responsum
2328 2081 2412 2128 est
2442 2074 2490 2128 ei
2520 2091 2532 2126 :
2586 2073 2748 2137 Vade,
2783 2082 2830 2127 et
2859 2090 2951 2146 ego
2979 2074 3210 2143 aperiam
3235 2089 3292 2128 os
3311 2082 3476 2140 tuum,
3509 2082 3560 2127 et

1953 2167 2208 2220 instruant
2239 2175 2285 2220 te
2305 2166 2430 2236 quid
2460 2165 2645 2220 debeas
2676 2167 2814 2235 loqui
2847 2167 2866 2238 (
2892 2166 3063 2234 Ibid.,
3100 2165 3167 2220 12
3191 2167 3232 2236 ).

2024 2260 2077 2316 9.
2123 2261 2578 2330 lnterrogationes
2623 2276 2753 2330 ergo
2785 2259 2893 2314 illa:
2936 2259 2990 2314 in
3021 2259 3202 2314 medio
3247 2267 3300 2314 et
3330 2272 3562 2330 respon-

1953 2353 2137 2407 siones
2167 2351 2368 2407 habent
2415 2351 2698 2422 sapientia:
2737 2353 2944 2406 semina
2977 2361 3033 2407 et
3058 2354 3296 2428 θεωρίαν.
3325 2351 3555 2407 Gratum

1951 2457 2131 2503 tamen
2175 2448 2504 2520 ἀποτέλεσμα
2553 2454 2666 2511 est;
2725 2447 2848 2516 quia
2908 2447 2985 2500 ait
3024 2463 3037 2499 :
3111 2445 3225 2517 Ego
3264 2462 3351 2500 ero
3395 2455 3563 2500 tecum

1949 2539 2176 2614 (Exod.,
2201 2555 2281 2606 ιιι,
2315 2538 2382 2592 12
2402 2537 2442 2609 ).
2469 2537 2537 2592 Ει
2561 2537 2810 2608 quamvis
2839 2536 3052 2593 dederit
3081 2539 3130 2593 ei
3155 2538 3306 2608 signa
3340 2537 3521 2593 lacere
3547 2555 3562 2603 ;

1951 2643 2132 2688 tamen
2166 2633 2433 2688 dubitanti
2465 2632 2686 2698 iterum,
2713 2640 2769 2686 ut
2796 2631 2938 2686 scias
2967 2626 3092 2702 quia
3117 2632 3270 2702 signa
3305 2646 3410 2686 non
3436 2646 3557 2687 cre-

1948 2726 2227 2792 dentibus,
2261 2727 2589 2796 promissum
2640 2735 2822 2782 autem
2853 2725 3224 2791 credentibus,
3271 2725 3559 2791 reSpondit

1946 2819 2014 2875 ad
2047 2821 2416 2875 inlirmitatem
2441 2820 2528 2875 vel
2561 2820 2762 2888 meriti,
2798 2821 2883 2875 vel
2915 2820 3027 2874 voti
3060 2839 3074 2875 :
3105 2817 3218 2890 Ego
3249 2822 3479 2890 aperiam
3501 2837 3559 2874 os

1947 2924 2114 2981 tuum,
2173 2923 2220 2968 et
2256 2914 2512 2967 instruant
2561 2924 2608 2968 te
2651 2914 2777 2983 quid
2825 2914 3010 2966 debeas
3057 2912 3218 2982 loqui.
3248 2910 3555 2968 Perfectum

1947 3019 2075 3076 ergo
2097 3006 2425 3079 ἀποτέλεσμα
2454 3015 2728 3059 servatum
2756 3013 2860 3059 est.

2020 3097 2106 3152 10.
2153 3097 2325 3152 llabes
2358 3097 2461 3151 hoc
2488 3106 2542 3152 et
2572 3098 2625 3151 in
2655 3097 2951 3166 Evangelio
2981 3115 2993 3151 :
3029 3097 3216 3164 Petile,
3254 3107 3301 3151 et
3333 3097 3547 3152 dabitur

317 3191 370 3244 7.
415 3189 538 3245 Haec
558 3200 642 3246 est
685 3207 809 3248 esca
855 3193 1117 3249 caelestis.
1161 3194 1509 3265 Significatur
1539 3203 1720 3250 autem
1770 3209 1837 3249 ex
1867 3174 1911 3236 (ἶ
1946 3190 2083 3246 vobis
2107 3207 2126 3245 :
2154 3192 2387 3260 qmerite,
2413 3201 2463 3245 et
2492 3192 2757 3246 invenietis
2787 3207 2806 3246 :
2827 3194 3048 3264 pulsate,
3078 3203 3127 3247 et
3165 3193 3425 3265 aperietur
3454 3209 3550 3247 vo-

241 3295 475 3351 persona
502 3281 729 3340 dicentis
761 3302 774 3338 :
800 3281 938 3339 Ecce
950 3302 1042 3356 ego
1073 3285 1252 3356 pluam
1277 3287 1417 3341 vobis
1442 3303 1600 3356 panes
1621 3287 1685 3342 de
1712 3287 1838 3340 creto

240 3377 260 3445 (
288 3371 471 3447 Ibid.)
503 3375 700 3433 εαῖτιον
730 3391 884 3448 ergo,
932 3393 999 3433 eo
1051 3377 1196 3448 quod
1252 3387 1508 3446 operatur
1549 3379 1712 3445 Deus,
1743 3380 1839 3449 qui

238 3467 430 3538 irrigat
465 3477 675 3525 mentes
720 3486 844 3526 rore
887 3469 1205 3540 sapientiae:
1253 3472 1368 3537 ὕλη,
1416 3471 1542 3542 quia
1592 3469 1840 3526 videntes

236 3560 435 3616 anima:
473 3571 527 3616 et
561 3570 840 3633 gustautes
883 3563 1250 3629 delectantur,
1286 3571 1342 3617 et
1376 3563 1664 3633 requirunt
1693 3561 1839 3618 unde

237 3655 313 3709 sit
340 3654 468 3710 illud
500 3655 835 3726 splendidius
875 3656 1012 3723 luce,
1039 3655 1254 3712 dulcius
1299 3655 1484 3711 melle.
1517 3655 1836 3725 Responde-

237 3757 329 3803 tur
359 3749 438 3804 eis
462 3749 756 3821 Scriptura:
784 3749 928 3807 serie
954 3768 966 3806 :
998 3749 1097 3805 Hic
1124 3760 1200 3806 est
1231 3753 1382 3821 panis
1409 3768 1557 3822 queat
1585 3751 1725 3806 dedit
1753 3767 1839 3805 eo.

234 3843 314 3896 bis
341 3843 652 3898 manducare
677 3841 932 3898 Dominus
962 3842 1151 3916 (Ibid,
1195 3843 1315 3916 15);
1360 3853 1418 3900 et
1452 3844 1556 3900 hoc
1591 3855 1675 3900 est
1707 3844 1841 3900 Ver-

234 3936 366 3992 bum
392 3935 508 3998 Dei.
538 3936 683 4006 quod
728 3935 996 4007 disposuit
1042 3937 1205 4003 Deus,
1256 3936 1342 3992 vel
1384 3937 1656 3992 ordinavit
1686 3955 1698 3991 :
1732 3952 1840 4008 quo

233 4029 478 4100 pascitur
507 4031 688 4085 anima
718 4028 1092 4100 prudentium,
1116 4038 1170 4084 et
1199 4029 1505 4084 delectatur
1533 4048 1546 4083 :
1579 4029 1725 4100 quod
1754 4039 1839 4086 est

231 4122 524 4178 candidum
565 4131 620 4179 et
659 4137 845 4190 suave,
880 4124 1129 4179 veritatis
1175 4123 1468 4193 splendore
1497 4121 1834 4187 illuminans,

232 4224 290 4271 et
319 4216 575 4270 virtutum
603 4216 868 4272 suavitate
899 4215 1216 4271 demulcens
1243 4214 1578 4270 audientium
1602 4218 1833 4269 animas.

308 4308 362 4363 8.
397 4309 455 4364 In
484 4323 544 4364 se
571 4307 714 4363 enim
755 4306 1017 4363 didicerat
1048 4306 1310 4376 prepheta
1351 4305 1481 4376 quid
1521 4313 1670 4360 esset
1703 4319 1832 4360 con-

231 4403 570 4458 summandam
593 4403 669 4458 rei
697 4400 876 4458 αἴτιον.
911 4401 1043 4456 Nam
1071 4416 1195 4456 cum
1226 4399 1530 4456 mitteretur
1561 4399 1628 4453 ad
1661 4413 1834 4470 popu-

234 4517 538 4575 trahamus.
563 4519 764 4573 lterum
793 4534 925 4573 vero
954 4519 1043 4574 ubi
1073 4517 1205 4573 edit.
1243 4525 1378 4580 vet.,
1411 4517 1598 4571 bonum
1626 4531 1732 4570 esse
1753 4531 1838 4569 sa-

233 4592 492 4658 criﬁcium
513 4591 738 4661 justitim
785 4592 936 4644 etiam
965 4591 1295 4660 sapientiam,
1342 4599 1388 4643 et
1436 4587 1738 4661 prudenter,
1787 4597 1842 4642 et

236 4665 402 4718 Rom.
423 4660 626 4729 autem,
652 4663 874 4734 justitia:
906 4678 1013 4716 esse
1049 4660 1622 4734 s_apientite_prudenter
1653 4675 1670 4712 :
1706 4673 1838 4714 mss.

237 4736 521 4791 uobiscum
555 4731 776 4800 iaciunt,
811 4734 912 4788 nisi
941 4731 1084 4802 quod
1127 4731 1371 4786 nonnulli
1399 4732 1702 4801 patientiam
1745 4745 1840 4802 ex-

236 4807 451 4869 hibent,
479 4822 584 4861 non
616 4801 1199 4874 sapientiaquuidam
1226 4803 1390 4857 etiam
1424 4812 1715 4874 utrumque
1744 4801 1841 4874 ha-

234 4881 393 4934 bent.
423 4872 701 4933 Postremo
731 4892 850 4946 pro,
880 4872 1065 4944 Itaque
1082 4874 1325 4948 justitite,
1360 4874 1444 4948 ita
1486 4882 1542 4926 ut
1573 4872 1841 4948 sapientiae

231 4960 332 5015 est,
361 4948 503 5018 quod
539 4951 590 5004 in
617 4942 988 5003 cunctis‘edit.’
1017 4942 1236 5001 ac'mss.
1271 4945 1496 5018 legitur,
1512 4943 1664 4999 solus
1685 4942 1835 4997 Belv.

231 5022 363 5077 cod.
383 5017 580 5086 habet,
609 5019 1041 5092 ltaqueqjusti_tia,
1083 5019 1254 5092 itaque
1280 5017 1552 5092 sapientia.

313 5103 338 5130 λ
374 5093 530 5146 Rom.
557 5086 864 5156 editﬁsula,
920 5088 1055 5143 Ecce
1106 5090 1262 5146 visus.
1307 5103 1416 5152 aer,
1447 5087 1620 5150 color;
1653 5086 1740 5139 ubi
1769 5095 1841 5139 est

232 5164 450 5219 uidere?
480 5162 614 5216 Ecce
655 5179 851 5228 sensus,
896 5177 1012 5216 ecce
1059 5160 1356 5224 sensibilia;
1401 5158 1489 5211 ubi
1511 5167 1582 5210 est
1618 5157 1845 5228 sentire?

233 5215 515 5293 signa...
535 5215 613 5288 (ei:
645 5215 1052 5287 Philonislibro
1081 5233 1268 5292 citata,
1302 5215 1390 5283 ubi
1425 5229 1651 5297 legimus
1677 5245 1690 5280 :
1716 5227 1842 5282 ’ἰδοὺ

236 5312 266 5369 ἡ
291 5307 496 5384 ὅρασις,
521 5305 627 5361 ἰδοὺ
651 5307 709 5360 τὸ
733 5310 1068 5384 χρῶμαΪ-ἶφῦ
1091 5305 1158 5384 τὸ.
1176 5302 1444 5384 ὁρῷνξκςιὶ
1467 5299 1716 5384 quails-af,
1736 5298 1844 5384 ἰδορ

235 5372 479 5454 αζσίθησις
505 5380 564 5433 τὸ
594 5372 884 5454 apicii-piae,
917 5377 1044 5432 ἀλλὰ
1074 5378 1161 5430 καὶ
1201 5372 1265 5429 ’ὶά
1297 5375 1515 5432 αἰσθητὰ
1541 5373 1594 5427 αἱ
1618 5372 1762 5437 ὗλαι,
1787 5372 1847 5426 τὸ

235 5449 331 5507 οἷον
359 5449 689 5506 αἰσθάνεσθαι
714 5449 814 5501 τὲοῦ
833 5464 847 5511 ;

313 5523 340 5560 δ
383 5519 660 5577 Ambrosii
691 5528 928 5574 mentem
963 5518 1122 5573 facile
1150 5517 1480 5584 assequeris.
1517 5516 1561 5567 si
1587 5514 1849 5569 observa-

237 5597 321 5651 ris
341 5593 655 5653 Philonem,
682 5605 804 5643 cum
856 5591 1080 5645 dixisset
1131 5589 1415 5659 preprium
1458 5587 1549 5642 Dei
1599 5600 1722 5641 esse
1750 5586 1852 5659 sibi

239 5665 540 5738 providere
571 5663 640 5716 de
689 5660 936 5738 victima,
972 5655 1280 5738 paulo'post
1305 5660 1526 5738 addere
1561 5676 1574 5713 :
1609 5659 1766 5738 apta;
1796 5655 1852 5738 δέ

241 5730 543 5804 cupientum
569 5730 943 5804 κατεχόμενος,
983 5734 1221 5804 τουτέστι
1250 5730 1728 5804 Λὸγρςλὴσυχάζὼν
1767 5731 1854 5784 καὶ

240 5789 482 5881 iisiiss,
505 5815 638 5868 etc.,
664 5789 810 5873 q’do'tl
839 5789 1000 5874 supra
1030 5803 1178 5859 num.
1214 5804 1248 5857 5
1271 5789 1681 5858 ιθᾉᾶἰιιιιιίῖξεὶι

1948 3285 2023 3339 bis
2048 3287 2063 3347 (
2093 3283 2282 3338 Matth.
2314 3299 2408 3351 VII,
2453 3285 2484 3338 7
2587 3283 2720 3338 Pete
2767 3287 2870 3341 ἀπὸ
2915 3293 3005 3341 τοῦ
3047 3287 3236 3349 αἰτίου,
3277 3285 3328 3339 id
3353 3294 3460 3353 est,
3493 3285 3563 3340 ab

1949 3386 2172 3432 auctore
2192 3391 2397 3446 quaere.
2424 3375 2602 3430 Habes
2626 3376 2747 3436 ὕλην
2771 3376 3154 3448 intelligibilia,
3179 3377 3377 3448 quibus
3405 3392 3555 3447 qua:-

1947 3471 2076 3538 rasj:
2100 3468 2273 3539 pulsa,
2309 3478 2362 3523 et
2391 3469 2567 3540 aperit
2605 3470 2702 3524 tibi
2732 3470 2876 3525 Deus
2919 3469 3182 3526 Verbum.
3221 3471 3356 3537 Qua:
3395 3473 3552 3541 petit,

1943 3576 2097 3617 mens
2123 3570 2226 3622 est.
2275 3577 2397 3631 qua:
2434 3571 2713 3632 operatur,
2778 3562 2920 3618 sicut
2942 3565 3080 3635 ignis
3112 3582 3124 3618 :
3159 3565 3552 3637 intelligibilia,

1942 3656 1996 3710 in
2025 3654 2221 3726 quibus
2251 3655 2452 3710 mentis
2503 3654 2666 3710 ardor
2693 3664 2977 3726 operatur,
3011 3657 3152 3713 sicut
3181 3658 3322 3729 ignis
3367 3659 3422 3729 in
3454 3658 3552 3729 lig—

1943 3748 2071 3802 nis:
2112 3749 2292 3817 aperit
2351 3746 2446 3802 tibi
2494 3747 2736 3803 Verbum
2799 3748 2965 3814 Deus,
3019 3750 3162 3820 quod
3217 3760 3302 3807 est
3349 3750 3556 3809 Ἀποτὲ-

1943 3841 2128 3912 λεσμα.
2161 3839 2431 3895 Habemus
2480 3847 2533 3895 et
2585 3841 2712 3896 alibi
2753 3840 2805 3894 in
2855 3841 3169 3912 Evangelio,
3195 3843 3411 3899 dicente
3443 3844 3551 3899 Do-

1945 3935 2094 3989 mino
2125 3951 2138 3987 :
2171 3932 2302 3987 Cum
2329 3941 2498 3986 autem
2543 3933 2746 3988 tradent
2801 3951 2908 3997 vos,
2961 3935 3121 3989 nolite
3159 3937 3386 4007 cogitare
3419 3953 3552 4006 quo-

1941 4030 2094 4083 modo
2121 4037 2209 4082 aut
2257 4028 2382 4100 quid
2429 4029 2712 4100 loquamini
2752 4047 2770 4095 ;
2807 4030 3016 4084 dabitur
3045 4033 3182 4086 enim
3207 4032 3346 4087 vobis
3373 4035 3427 4088 in
3456 4034 3554 4088 illa

1940 4121 2072 4176 liora
2095 4121 2220 4192 quid
2246 4121 2554 4191 loquamini.
2601 4120 2724 4176 Non
2768 4123 2904 4178 enim
2934 4140 3023 4178 vos
3062 4125 3228 4191 eritis,
3268 4126 3356 4193 qui
3387 4127 3557 4195 loqui-

1939 4215 2067 4268 mini
2096 4230 2116 4269 :
2134 4213 2224 4268 sed
2249 4214 2496 4284 gSpiritus
2519 4214 2695 4270 Patris
2743 4216 2916 4283 vestri,
2950 4218 3037 4288 qui
3081 4217 3311 4289 loquitur
3331 4220 3385 4273 in
3414 4217 3556 4274 vobis

1938 4308 2176 4381 (Matth.
2207 4325 2265 4374 ι,
2292 4307 2361 4364 16
2386 4310 2427 4379 ).

2011 4401 2101 4456 ll.
2127 4401 2306 4458 Habes
2332 4403 2502 4457 hocet
2525 4402 2578 4457 in
2609 4387 2806 4459 Genes‘i
2826 4445 2842 4472 ,
2866 4402 2893 4441 ά
2921 4403 3138 4462 dicente
3167 4407 3318 4462 Isaac
3347 4423 3361 4461 :
3397 4407 3550 4474 Quod

2024 4528 2046 4557 ο
2087 4517 2291 4594 Omnes
2317 4517 2450 4594 edit.
2481 4528 2535 4574 et
2563 4533 2696 4594 mss.
2724 4520 2994 4594 nonnulli,
3028 4521 3353 4594 subjicientes
3383 4533 3550 4580 mate-

1947 4591 2122 4668 riam;
2165 4590 2357 4668 reliqui
2389 4606 2519 4668 mss.
2552 4593 2772 4668 partim,
2805 4591 3091 4658 subientis;
3116 4590 3355 4668 partim,
3387 4597 3552 4668 subji-

1950 4662 2129 4737 cientis
2151 4663 2419 4737 materiam
2444 4679 2461 4728 ;
2484 4661 2824 4737 Lmtnsolus,
2859 4674 3117 4737 naturam.
3139 4661 3232 4720 'Et
3264 4678 3388 4737 post
3414 4661 3554 4721 duos

1946 4733 2268 4796 versiculos,
2297 4734 2386 4786 ubi
2415 4742 2525 4788 vet.
2567 4733 2698 4788 edit.
2747 4749 2868 4788 cum
2898 4736 3151 4790 omnibus
3183 4733 3313 4790 mss.
3347 4738 3558 4792 invene-

1946 4813 2090 4867 runt,
2110 4814 2240 4868 etc.,
2255 4804 2368 4857 sola
2383 4802 2539 4858 Rom.
2565 4804 2696 4859 edit.
2717 4805 3032 4861 emendavit
3059 4825 3070 4860 :
3091 4808 3416 4863 Inuenientes
3433 4823 3554 4863 rero

1947 4891 2159 4945 manna,
2179 4875 2467 4928 didicerunt
2482 4877 2654 4944 ipsum
2671 4893 2782 4930 esse
2791 4877 3012 4932 Verbum
3026 4877 3122 4932 Dei
3131 4878 3256 4934 .Nec
3270 4894 3402 4934 sane
3416 4879 3556 4933 mul-

1950 4959 2063 5000 tum
2093 4947 2534 5010 reclamaremus,
2566 4949 2610 5002 si
2648 4949 2699 5002 in
2730 4961 2945 5016 recepta
2989 4949 3220 5006 lectione
3249 4965 3436 5004 vocem
3467 4950 3554 5004 di-

1950 5027 2116 5070 centes
2146 5025 2352 5070 tantutn
2396 5018 2647 5072 vertisset
2687 5021 2736 5072 in
2771 5020 3059 5086 discentes;
3085 5037 3209 5076 nam
3256 5030 3313 5074 et
3357 5021 3554 5075 scribis

1951 5087 2039 5142 hic
2067 5089 2172 5142 labi
2191 5102 2442 5157 pronum,
2467 5099 2522 5141 et
2542 5089 2701 5144 Philo
2720 5093 3004 5158 posteriori
3032 5091 3252 5146 dictioni
3279 5090 3442 5153 lavet,
3459 5091 3550 5148 ubi

1949 5160 2137 5237 scribit
2172 5158 2365 5237 :_s13pov
2394 5161 2635 5237 μαθόντες
2663 5171 2805 5237 pnite:
2831 5169 2956 5237 Osci)
2987 5167 3070 5237 καξ
3089 5163 3232 5237 λόγον
3253 5163 3409 5226 θεῖον,
3440 5174 3548 5237 etc.

2025 5227 2049 5267 δ
2097 5227 2840 5302 EademhabetAmbiosius
2887 5234 2981 5287 lib.
3037 5233 3106 5287 de
3148 5227 3297 5287 Isaac
3346 5248 3466 5302 cap.
3491 5233 3550 5302 8,

1953 5302 2048 5358 sed
2083 5302 2243 5372 paulo
2293 5301 2468 5356 fusius
2493 5304 2779 5370 explicata.
2813 5303 2928 5358 lllic
2965 5311 3146 5357 autem
3175 5319 3295 5357 cum
3327 5301 3554 5361 monue-

1874 5349 1925 5408 D
1952 5349 2124 5428 rimu's
2150 5373 2523 5446 imitationem
2553 5349 2677 5428 esse
2714 5374 3023 5446 Philoniani
3053 5375 3146 5429 lib.
3177 5374 3244 5428 de
3284 5375 3554 5446 Prolugis,
3597 5385 3626 5416 ι’

1955 5445 2044 5500 hic
2074 5445 2363 5515 adjicimus
2387 5444 2634 5499 Judaaum
2664 5446 2815 5517 illum
2843 5444 2917 5497 ibi
2947 5445 3144 5517 docere
3174 5455 3359 5515 typum
3393 5444 3558 5517 atque

1953 5517 2243 5587 imaginem
2276 5517 2594 5589 eorum,qui
2617 5515 2901 5589 scientiam
2926 5529 3046 5589 non,
3067 5516 3337 5589 laboriosa
3371 5515 3554 5589 inqui-

1955 5584 2176 5655 sitio'ne,
2223 5587 2320 5642 sed
2351 5588 2400 5641 vi
2430 5595 2484 5640 et
2511 5586 2802 5658 sagacitate
2847 5584 3073 5658 ingenii,
3123 5584 3462 5658 invenirent;
3492 5592 3554 5647 in

1955 5658 2156 5732 Jacobo
2185 5655 2694 5732 patriarchanobis
2731 5656 2959 5732 proponi
2984 5673 3000 5712 :
3030 5666 3086 5712 et
3129 5655 3231 5732 hoc
3253 5659 3390 5732 inde
3431 5655 3559 5732 pro-

1959 5730 2075 5784 bari
2110 5726 2409 5786 ab'eodem
2463 5726 2884 5798 Pliilone_.__quod
2935 5727 3086 5798 Isaac
3123 5726 3559 5792 admiranti'ﬁlii

1958 5801 2317 5862 celeritatem,
2352 5802 2398 5854 is
2422 5795 2638 5851 causam
2661 5794 2807 5852 illius
2833 5797 3015 5855 statim
3035 5800 3336 5859 reddiderit
3370 5804 3562 5860 volvae
