4014 6290
247 303 354 358 M7

1459 289 1952 351 EPISTOLARDI
1988 286 2273 350 CLASSIS
2309 291 2350 347 Ῑ.

3453 285 3558 346 918

248 417 388 472 sium
435 415 713 473 civitatem
759 430 824 470 ex
865 412 1086 469 dioecesi
1118 410 1327 465 meritis
1355 407 1705 464 excellentia:
1736 416 1840 462 tua:
1874 409 1917 468 Α
1952 426 1972 460 t
2017 408 2210 474 stolus,
2232 422 2422 463 omnes
2448 406 2748 477 Scriptura
2773 415 2977 477 pmsto
3003 404 3332 469 suut.Unde
3363 406 3445 465 vis
3468 422 3555 469 as.

249 510 537 576 creditam,
561 510 848 579 episcOpos
876 507 1233 576 iusseramus.
1268 512 1294 540 τι
1322 501 1513 573 Neque
1535 502 1683 557 enim
1715 515 1845 556 con-

249 603 534 658 troversia:
556 601 733 657 dubiae
756 600 1043 655 sententiae
1067 598 1270 653 rectius
1295 604 1549 667 poterant
1571 593 1840 664 expediri,

248 710 411 766 quam
450 693 497 750 si
525 695 733 750 oborta:
761 693 1137 749 altercationis
1166 692 1492 759 interpretes
1536 688 1687 759 ipsos
1711 704 1846 743 eon-

247 786 615 842 stituiSsemus
632 785 928 851 antiStites;
958 794 1017 840 ut
1044 784 1294 839 videlicet
1324 798 1354 837 a
1380 782 1575 853 quibus
1597 781 1844 852 proﬁcis-

247 890 450 935 cuntur
480 880 726 935 instituta
753 878 1040 945 doctrinae,
1076 878 1145 931 ab
1171 877 1376 933 eisdem
1408 874 1678 932 discordis
1717 890 1844 931 eru-

245 973 471 1029 ditionis
500 974 865 1046 repugnantia
899 974 1234 1029 solveretur.

314 1067 370 1122 4.
410 1087 430 1121 ι
469 1068 655 1139 Neque
678 1083 813 1123 sane
839 1083 983 1123 nunc
1008 1067 1438 1138 aliterjuhemus
1459 1079 1522 1121 ac
1551 1064 1840 1135 jussimus,

246 1178 355 1216 non
398 1161 737 1217 invertentes
778 1161 1033 1232 przecepti
1066 1171 1338 1224 tenorem,
1369 1158 1466 1215 sed
1507 1158 1842 1227 superﬂuant

243 1270 604 1311 convenarum
634 1254 661 1293 ιι
693 1254 903 1325 copiam
928 1253 1254 1309 recolentes.
1283 1252 1417 1308 Nam
1441 1250 1584 1321 quod
1608 1249 1843 1305 Ambro-

242 1349 356 1403 sius
404 1358 459 1402 et
510 1350 633 1401 vitre
666 1347 884 1413 merito,
918 1356 972 1401 et
1021 1346 1113 1401 Dei
1160 1346 1478 1417 dignatione
1511 1344 1841 1413 conspicuus

240 1442 528 1512 episcopus
559 1441 1045 1497 Mediolanensium
1074 1440 1310 1495 civitatis
1336 1441 1407 1496 ibi
1437 1441 1839 1498 multitudinem

242 1552 349 1591 non
381 1552 519 1607 opus
550 1551 671 1591 esse
699 1535 962 1606 suggerit,
983 1535 1071 1588 ubi
1103 1534 1305 1589 veritas
1336 1550 1445 1588 non
1480 1533 1751 1590 laboraret
1779 1535 1836 1592 in

240 1629 510 1699 pluribus,
539 1629 585 1683 si
615 1628 790 1683 locata
819 1636 966 1683 essrt
992 1629 1043 1682 in
1069 1628 1257 1697 paucis
1290 1645 1305 1681 :
1334 1642 1502 1698 seque
1524 1642 1713 1683 eorum
1746 1631 1836 1699 qui

237 1733 428 1778 contra
462 1733 706 1778 astarent
744 1722 1165 1790 assertionibus,
1204 1731 1261 1777 et
1279 1721 1598 1777 sacerdotes
1624 1723 1836 1779 vicina-

1955 520 1973 552 ε
2021 509 2163 567 true,
2182 499 2230 554 si
2258 510 2415 571 putas
2441 515 2545 556 non
2569 515 2695 557 esse
2715 500 2812 556 Dei
2836 500 3035 559 Filium
3062 498 3484 569 sempiternum.
3519 518 3538 555 ι

2019 595 2071 649 ϐ.
2108 594 2383 650 Palladius
2403 595 2582 650 dixit:
2610 594 2840 653 «Vestro
2867 593 3050 653 studio
3080 592 3281 655 factum
3310 604 3417 663 est.
3439 593 3550 663 sic-

1949 697 2005 742 ut
2036 697 2059 725 θ
2092 687 2260 743 dictat
2307 689 2468 743 lectio
2498 702 2653 745 sacra
2687 702 2716 742 a
2747 686 2902 744 vobis
2930 688 3241 759 prolata,ut
3263 702 3372 749 non
3399 696 3548 745 esset

1947 782 2201 852 generale
2226 792 2283 836 et
2317 781 2539 852 plenum
2569 782 2861 839 concilium
2891 799 2904 837 :
2932 781 3252 840 absentibus
3281 782 3550 841 consorti-

1947 875 2049 931 bus
2079 876 2304 939 nostris,
2341 890 2442 930 nos
2467 875 2808 946 respondere
2830 890 2936 935 non
2964 890 3281 947 possumus.
3308 894 3329 935 ι

2015 966 2343 1022 Ambrosius
2362 967 2654 1039 episcopus
2683 965 2823 1025 dixit
2855 983 2868 1019 :
2904 985 2925 1019 ι
2962 966 3069 1035 Qui
3108 976 3237 1025 sunt
3265 976 3550 1025 consortes

1949 1061 2112 1116 vestri
2135 1060 2159 1113 ?
2192 1080 2213 1113 ι

2018 1154 2289 1210 Palladius
2314 1156 2492 1212 dixit:
2531 1173 2551 1208 ι
2585 1152 2900 1213 Orientales
2928 1152 3195 1224 episcopi.
3238 1173 3258 1207 ι

2018 1247 2071 1299 7.
2112 1246 2434 1303 Ambrosius
2469 1246 2767 1318 episcopus
2792 1244 2968 1304 dixit:
3004 1263 3023 1297 ι
3063 1244 3283 1302 Interim
3308 1246 3435 1318 quia
3460 1262 3548 1301 suo

1951 1358 1970 1392 ι
2007 1340 2319 1411 perioribus
2347 1340 2688 1411 temporibus
2716 1338 3011 1395 concilium
3061 1341 3144 1394 sic
3193 1338 3393 1397 factum
3443 1349 3544 1405 est,

1948 1452 1968 1486 ι
2003 1444 2063 1489 ιιι
2086 1433 2401 1490 Orientales
2431 1435 2484 1489 in
2512 1433 2759 1489 Orientis
2788 1432 3032 1503 partibus
3060 1432 3343 1489 constituti
3383 1432 3550 1489 habe-

1948 1547 1968 1582 t
2008 1538 2133 1582 rent
2155 1529 2473 1591 concilium,
2508 1525 2892 1583 Occidentales
2920 1526 2971 1581 in
3003 1524 3340 1590 Occidente;
3372 1539 3471 1580 nos
3496 1526 3548 1579 in

1949 1639 1968 1673 ε
2004 1619 2316 1677 Occidentis
2349 1620 2591 1691 partibus
2612 1619 2893 1674 constituti
2910 1617 3265 1673 convenimus
3290 1616 3358 1674 ad
3382 1616 3549 1689 Aqui-

1947 1732 1967 1766 ι
2001 1715 2290 1771 leiensium
2314 1715 2615 1778 civitatem,
2657 1710 2675 1751 τ
2706 1712 2865 1783 juxta
2910 1712 3258 1782 imperatoris
3307 1725 3550 1784 pracep-

233 1831 354 1870 rum
403 1831 473 1869 ex
525 1815 678 1870 Italia
717 1816 996 1869 civitatum
1029 1815 1163 1869 satis
1213 1815 1539 1884 abundeque
1583 1815 1835 1873 sufﬁcere
1868 1808 1916 1869 B
1948 1826 1969 1860 ι
2005 1817 2140 1862 tum.
2172 1808 2418 1877 Denique
2442 1808 2607 1863 etiam
2633 1805 2925 1875 [traiectus
2956 1804 3124 1865 Italiae
3153 1804 3548 1870 litterastledit.

232 1923 397 1981 posse
418 1908 692 1979 suggerit;
711 1909 737 1939 ⁸
762 1906 1143 1963 abstinendum
1171 1908 1566 1967 venerabilium
1590 1910 1830 1964 virorum

228 2004 556 2074 fatigatione
586 2003 924 2068 censuimus,
955 2018 1023 2058 ne
1052 2003 1174 2073 quis
1208 2003 1294 2058 vel
1325 2012 1538 2057 maturo
1569 2020 1688 2058 aevo
1714 2020 1833 2074 gra-

223 2100 333 2164 vis,
382 2099 471 2153 vel
498 2099 769 2169 corporali
798 2097 1080 2153 debilitate
1110 2096 1416 2164 coufectus,
1450 2099 1536 2153 vel
1570 2099 1834 2155 laudabili

223 2199 550 2262 paupertate
582 2192 897 2259 mediocris,
956 2192 1197 2247 insuetas
1252 2201 1464 2261 repetat
1520 2204 1715 2248 terras.
1767 2194 1835 2249 Et

223 2285 460 2357 reliqua.
516 2304 535 2337 ι

220 2442 498 2494 Αιηιοειυς
514 2440 690 2494 lectam
713 2441 821 2497 Arii
840 2440 1092 2507 epistolam
1110 2441 1336 2497 damnari
1363 2457 1395 2494 α
1426 2440 1653 2497 Palladio
1675 2444 1789 2510 petit
1813 2461 1831 2498 :

285 2524 366 2577 hic
386 2528 755 2591 tergiversatur,
779 2534 823 2578 et
852 2526 946 2577 nisi
966 2526 1017 2577 in
1040 2526 1255 2594 generali
1288 2527 1490 2579 concilio
1512 2536 1654 2593 negat
1677 2542 1727 2579 se
1750 2540 1830 2599 re-

288 2624 579 2675 sponsurum
596 2624 616 2672 ;
646 2614 823 2663 Patres
847 2611 1148 2661 anathemate
1173 2611 1445 2677 percetlunt
1476 2624 1577 2675 eos,
1598 2610 1681 2676 qui
1714 2609 1832 2671 filii

284 2692 376 2745 Dei
410 2693 485 2747 vel
519 2692 815 2746 divinitatem
848 2694 922 2751 vel
953 2694 1271 2747 teternitatem
1303 2702 1548 2759 negarent.
1586 2692 1832 2763 Eﬂ‘ugium

284 2789 557 2846 aucupatur
576 2779 627 2831 in
644 2793 700 2831 eo
713 2778 990 2843 Ραιιαάὶυδ,
1004 2778 1131 2844 quod
1147 2795 1197 2832 se
1214 2779 1359 2845 pum
1375 2779 1563 2832 dictitat
1587 2760 1832 2833 cariumu

284 2879 453 2918 verum
484 2878 590 2918 esse
612 2865 700 2916 Dei
727 2864 926 2917 Filium.
952 2866 1067 2928 Ejus
1089 2865 1226 2932 fraus
1246 2866 1297 2917 in
1317 2867 1587 2932 conﬁtendo
1608 2870 1833 2919 eumdem

283 2964 387 3001 esse
413 2951 566 3000 Deum
590 2957 734 3012 atque
758 2948 1070 3014 unigenitum.
1108 2953 1283 3003 Postea
1306 2952 1540 3003 transitur
1559 2952 1625 3003 ad
1652 2951 1832 3005 Christi

282 3032 707 3097 numertalitatem,
719 3039 862 3095 atque
881 3033 941 3084 ab
957 3045 1016 3084 ea
1032 3034 1098 3085 ad
1121 3034 1426 3099 sapientiam,
1438 3049 1472 3087 a
1488 3049 1585 3101 qua
1605 3034 1829 3089 similiter

283 3119 351 3169 ad
374 3118 658 3179 bonitatem;
685 3118 767 3169 ubi
788 3132 923 3170 more
953 3132 1042 3170 suo
1065 3115 1328 3171 Palladius
1359 3126 1561 3171 comitur
1594 3117 1826 3177 illudere.

1945 1918 1963 1951 ι
1998 1909 2057 1954 ut
2082 1900 2130 1955 si
2158 1900 2359 1955 vellent
2397 1898 2697 1955 orientales
2724 1896 3042 1959 convenire,
3077 1895 3129 1953 iu
3155 1901 3423 1965 potestate
3450 1894 3549 1951 ha-

1944 2010 1963 2044 t
1998 1993 2231 2051 bereut:
2263 1991 2361 2048 sed
2391 1993 2518 2062 quia
2568 1992 2811 2049 scierunt
2848 1989 3307 2049 consuetudinem
3359 1989 3548 2060 hujus-

1944 2104 1962 2138 ι
2001 2085 2167 2149 modi.
2195 2097 2254 2141 ut
2280 2088 2331 2141 in
2356 2088 2572 2141 oriente
2592 2084 2944 2140 orientalium
2962 2092 3111 2141 esset
3126 2083 3438 2151 concilium,
3466 2086 3547 2141 in.

1943 2201 1963 2233 ι
2002 2191 2085 2238 tra
2129 2181 2487 2239 Occidentem
2536 2180 3004 2245 Occidentalium;
3037 2178 3162 2237 ideo
3213 2186 3545 2251 putaverunt

1942 2293 1961 2328 ι
2001 2292 2106 2331 non
2141 2291 2264 2332 esse
2292 2276 2649 2333 veniendum.
2692 2293 2708 2329 t

2008 2369 2064 2425 8.
2105 2370 2376 2426 Palladius
2398 2371 2539 2426 dixit
2574 2390 2587 2426 :
2626 2388 2645 2421 ι
2680 2370 2986 2439 imperator
3016 2378 3206 2427 noster
3237 2367 3540 2431 Gratianus

1929 2462 2093 2533 jussit
2121 2462 2427 2520 Orientales
2468 2463 2653 2519 venire
2678 2480 2690 2516 :
2712 2478 2877 2532 negas
2907 2470 2964 2519 tu
2984 2461 3394 2532 iussisseeum?
3419 2462 3541 2536 Ipse

1936 2553 2231 2625 imperator
2259 2556 2414 2609 nobis
2436 2555 2571 2608 dixit
2597 2569 2657 2609 se
2686 2554 2993 2609 Orientales
3013 2553 3248 2623 iussisse
3275 2554 3483 2611 venire.
3514 2575 3532 2606 ι

2010 2646 2330 2702 Ambrosius
2350 2648 2636 2717 episcopus
2653 2646 2791 2707 dixit
2816 2663 2829 2699 :
2851 2665 2869 2698 ι
2898 2645 3095 2717 Utique
3109 2645 3298 2717 jussit,
3318 2647 3412 2719 qui
3428 2662 3534 2703 non

1942 2759 1960 2792 ι
1999 2741 2270 2812 proltihuit
2301 2740 2405 2796 huc
2431 2742 2638 2796 venire.
2683 2760 2702 2793 ι

2005 2833 2280 2889 Palladius
2310 2834 2447 2891 dixit
2478 2851 2491 2886 :
2528 2851 2547 2891 t
2585 2832 2692 2893 Sed
2721 2849 2786 2891 ne
2816 2833 3065 2897 venirent
3091 2840 3180 2888 tua
3232 2833 3422 2905 petitio
3451 2834 3535 2887 fe-

1933 2929 2008 2983 cit
2040 2944 2054 2981 :
2087 2938 2111 2976 s
2140 2927 2240 2983 sub
2267 2928 2447 2996 specie
2476 2926 2624 2989 l‘alsze
2647 2926 2943 2985 voluntatis
2974 2926 3077 2987 hoc
3125 2928 3451 2996 impetrasti,
3482 2936 3535 2989 et

1934 3020 2192 3077 distulisti
2216 3021 2525 3077 concilium.
2568 3038 2587 3072 ι

2008 3114 2061 3170 9.
2102 3114 2421 3170 Ambrosius
2448 3114 2732 3184 episcopus
2752 3112 2917 3177 dixit:
2941 3131 2960 3167 ί
2991 3111 3105 3167 Non
3148 3126 3281 3185 opus
3314 3118 3399 3173 est
3414 3111 3533 3169 ditt-

288 3202 477 3254 Deinde
510 3209 671 3254 utrum
698 3202 789 3254 Dei
820 3201 1003 3255 Filium
1032 3202 1401 3268 omnipotentem
1424 3243 1439 3267 ,
1480 3211 1644 3256 utrum
1680 3204 1828 3267 etiam
1856 3204 1902 3268 C
1940 3225 1958 3258 t
1995 3208 2103 3261 lius
2122 3208 2360 3277 evagari,
2391 3205 2659 3274 respOttde
2705 3220 2868 3265 nunc.
2904 3205 3048 3263 Bene
3074 3204 3216 3261 dixit
3244 3202 3412 3261 Arius
3443 3220 3535 3265 suc

279 3283 505 3349 judicent
522 3300 632 3339 eum
651 3294 899 3353 agnoscat,
924 3294 1159 3355 urgetur:
1178 3286 1245 3339 ad
1265 3299 1374 3354 qua:
1394 3295 1496 3350 post
1515 3286 1714 3339 multum
1728 3295 1830 3340 ter-

290 3366 651 3434 giversationem
670 3369 809 3421 solita
830 3370 977 3421 utitur
1001 3369 1067 3420 ad
1090 3367 1284 3434 plenum
1311 3368 1570 3421 concilium
1593 3384 1829 3434 provoca-

283 3452 425 3509 tione.
454 3452 552 3504 Sub
574 3452 677 3505 lucc
693 3452 852 3509 Attalo
875 3453 1186 3505 condemnato
1206 3489 1221 3513 ,
1262 3451 1343 3517 qui
1366 3454 1660 3518 respondere
1683 3442 1829 3507 etiam

282 3535 539 3588 recusabat
558 3576 572 3599 ,
607 3533 868 3591 Palladius
889 3537 1135 3590 auditores
1159 3537 1307 3592 laicos
1340 3536 1494 3603 petit,
1532 3547 1576 3591 et
1600 3541 1828 3592 condem-

283 3626 444 3672 natur.
1800 3628 1810 3639 ⁵

296 3752 349 3806 5.
374 3750 699 3809 Ambrosius
720 3753 1010 3823 episcopus
1034 3751 1174 3808 dixit
1206 3769 1219 3805 :
1250 3770 1269 3803 ι
1302 3752 1445 3809 Ecce
1467 3752 1616 3825 quod
1640 3752 1829 3825 Cbrisr

295 3845 477 3905 tiauus
500 3846 783 3901 constituit
806 3847 1127 3914 imperator.
1148 3843 1335 3903 Noluit
1361 3845 1616 3917 injuriam
1645 3845 1826 3909 facere

293 3936 714 4003 sacerdotibus;
752 3939 897 4007 ipsos
940 3938 1268 4008 interpretes
1294 3938 1581 3997 constituit
1610 3927 1828 4017 episco—

296 4046 417 4103 pos.
450 4034 525 4087 Ac
556 4047 651 4103 per
680 4031 808 4097 hoc,
850 4032 1104 4103 quoniam
1137 4031 1191 4085 in
1221 4030 1545 4087 sacerdotali
1570 4031 1822 4087 Concilio

292 4125 661 4191 considemus,
689 4126 957 4195 responde
978 4124 1044 4181 ad
1069 4140 1131 4179 ca
1155 4139 1277 4196 qua:
1298 4123 1399 4178 tibi
1423 4134 1821 4196 proponuntur.

295 4218 413 4273 Arii
444 4220 677 4291 epistola
723 4222 860 4275 lecta
892 4230 977 4275 est
1021 4238 1034 4276 :
1095 4222 1261 4285 etiam
1294 4236 1438 4276 nunc
1470 4221 1819 4288 recilahitur,

291 4312 343 4368 si
375 4313 469 4379 tibi
517 4313 684 4387 788
711 4314 944 4371 videtur.
978 4317 1019 4373 A
1050 4316 1320 4388 principio
1353 4316 1516 4373 habet
1569 4317 1826 4388 blasphe-

291 4408 454 4474 mias,
492 4408 672 4475 solum
719 4407 934 4464 Patrem
968 4418 1232 4469 internum
1270 4408 1428 4469 dixit.
1462 4410 1521 4466 Si
1552 4411 1648 4467 tibi
1675 4411 1824 4467 vide-

292 4512 383 4557 tttr
417 4502 563 4574 quod
597 4502 691 4560 Dei
725 4501 911 4567 Filius
947 4505 1315 4574 sempiternus
1345 4521 1453 4565 non
1480 4506 1572 4572 sit,
1607 4507 1711 4562 hoc
1740 4507 1824 4578 ip-

218 3861 242 3896 ἰ

220 3956 241 3989 ί

215 4050 237 4085 Ι

215 4144 236 4178 σ

214 4237 236 4270 ι

213 4331 237 4364 α

212 4426 234 4460 1

212 4522 235 4557 Ι

210 4612 233 4645 ς

210 4707 233 4743 s
284 4697 474 4760 putas,
504 4688 724 4744 damna.
774 4688 1126 4758 Evangelium
1160 4705 1398 4757 praesens
1429 4703 1513 4751 est
1540 4734 1554 4757 ,
1588 4703 1642 4747 et
1673 4693 1820 4765 Ανο-

285 4814 317 4843 ι
345 4804 546 4861 Eadem
574 4804 707 4860 edit.
727 4804 908 4869 Rom.,
938 4803 1116 4873 Neque
1135 4803 1309 4859 dubito
1337 4808 1603 4863 sententiis
1626 4812 1816 4868 rectius

201 4878 549 4950 mani/testari
586 4886 823 4950 pott'rant
861 4877 1240 4943 contrauersim,
1268 4893 1421 4944 quam
1458 4878 1503 4933 si
1544 4880 1599 4933 in
1630 4883 1819 4939 oborta:

199 4948 581 5013 altercationis
588 4948 867 5018 judicium.

286 5021 318 5059 b
354 5020 555 5075 Eadem
577 5021 729 5083 edit.,
753 5019 952 5088 copiam
978 5019 1278 5073 recidentes.

292 5104 321 5133 ο
359 5092 514 5147 Rom.
555 5092 715 5155 edit.,
740 5090 1097 5145 abstinendum
1124 5092 1239 5145 ideo
1267 5092 1577 5146 venerabiles
1600 5095 1735 5150 viros
1760 5097 1822 5151 ab

200 5165 424 5219 itineris
455 5164 758 5234 fatigatione
787 5163 1097 5228 censuimus,
1124 5179 1184 5216 ne
1209 5163 1388 5233 quis...
1423 5165 1647 5221 insuetas
1678 5184 1821 5233 com-

202 5238 407 5291 miaret
437 5247 618 5289 terras.

359 5307 503 5362 Edit.
528 5305 798 5378 quaedam,
828 5314 1073 5360 astruere.
1113 5305 1219 5360 Sed
1254 5306 1608 5359 damnandum
1636 5311 1825 5381 putas?

199 5379 454 5434 Damna.

292 5462 319 5488 υ
360 5448 547 5515 Cliiﬂ.,
571 5448 769 5504 indicat
798 5446 946 5502 lectio
977 5464 1138 5503 sacra:
1166 5466 1198 5502 α
1224 5447 1363 5503 vobis
1387 5449 1635 5518 prolotw;
1663 5451 1825 5507 Rom.

200 5523 385 5583 edit.,
425 5523 582 5574 dictat
624 5519 809 5573 divulis
846 5521 1041 5572 snnclio
1083 5535 1102 5574 :
1141 5519 1277 5575 Τι-ιι.
1312 5530 1491 5575 autem
1536 5532 1589 5576 et
1629 5523 1823 5589 Lalih.,

202 5596 384 5649 lectio
416 5609 583 5652 sacra,
616 5591 759 5661 quod
801 5606 962 5644 sensu
992 5592 1213 5645 minime
1238 5591 1511 5646 diversum
1545 5603 1649 5647 est.
1682 5593 1827 5649 Infra

202 5681 387 5727 vero,
423 5664 510 5718 ubi
559 5664 749 5717 eadem
784 5663 912 5716 edit.
956 5678 1017 5713 ac
1048 5661 1207 5717 Chii].
1241 5664 1271 5717 lt
1293 5666 1437 5717 l'tClIi.
1466 5706 1479 5728 ,
1512 5666 1832 5721 consortibus

202 5736 459 5801 nostris;
491 5734 631 5788 Tell.
663 5744 717 5787 et
746 5733 914 5788 Lahb.
963 5733 1172 5804 legunt,
1210 5737 1664 5792 consacerdotibus
1710 5753 1834 5792 nos-

205 5808 344 5865 tris.

1940 3318 1959 3352 ι
1999 3301 2106 3357 lum
2138 3312 2401 3359 aeternum
2424 3297 2677 3361 Patrem?
2702 3298 2766 3359 Et
2786 3296 3090 3365 secundum
3108 3296 3418 3368 Scripturas
3433 3296 3534 3355 hoc

1940 3409 1960 3445 t
1994 3391 2152 3457 dixit,
2180 3406 2246 3445 an
2281 3390 2423 3447 non?
2455 3408 2472 3442 ι

2005 3485 2279 3541 Palladius
2305 3485 2480 3541 dixit:
2509 3502 2529 3537 ‹
2567 3482 2682 3539 Non
2716 3482 2814 3539 tibi
2848 3481 3178 3553 respondeo.
3219 3501 3239 3539 ι

2002 3576 2355 3631 Constantius
2394 3575 2686 3645 episcopus
2739 3574 2923 3631 dixit:
2961 3592 2980 3635 ς
3018 3570 3135 3629 Non
3185 3564 3485 3643 respondes
3513 3614 3529 3642 ,

1932 3666 1959 3706 ιι
1989 3669 2085 3740 qui
2112 3668 2322 3724 tamdiu
2355 3666 2785 3737 blasphemasti?
2821 3685 2840 3721 ι

2003 3760 2276 3818 Eusebius
2298 3759 2592 3833 episcopus
2641 3758 2825 3813 dixit:
2861 3774 2881 3811 ι
2924 3755 3030 3815 Sed
3048 3755 3286 3825 debebis
3326 3756 3536 3828 simpli-

1929 3855 2063 3911 citer
2087 3854 2210 3911 ﬁdei
2247 3864 2350 3909 tua:
2403 3850 2633 3922 prodere
2683 3850 3014 3909 libertatem.
3066 3849 3126 3909 Si
3158 3858 3267 3913 ate
3308 3848 3530 3923 gentilis

1929 3947 2172 4019 exigeret
2195 3943 2653 4014 quemadmodum
2689 3944 2743 4003 in
2770 3938 3048 4001 Christum
3092 3941 3372 4009 crederes,
3402 3958 3533 4015 coq-

1930 4040 2067 4099 ﬁteri
2098 4039 2425 4094 erubescere
2462 4054 2565 4091 non
2590 4036 2843 4095 deberes.
2883 4056 2903 4089 υ

2002 4132 2086 4188 10.
2127 4130 2361 4187 Sabinus
2392 4129 2679 4201 episcopus
2719 4128 2856 4187 dixit
2893 4147 2905 4183 :
2945 4148 2964 4201 ς
2997 4128 3080 4195 Tu
3127 4130 3307 4200 petisti
3342 4138 3399 4195 ut
3444 4144 3528 4189 re-

1926 4224 2321 4297 sponderctnus
2353 4242 2365 4276 :
2395 4222 2555 4285 hodie
2577 4239 2642 4285 ex
2665 4222 2941 4283 voluntate
2972 4232 3083 4288 tua,
3112 4231 3166 4281 et
3196 4230 3247 4277 te
3280 4231 3528 4293 urgente,

1925 4324 2319 4384 convenimus,
2346 4327 2399 4373 et
2430 4334 2538 4381 non
2576 4316 3015 4387 exspectavimus
3040 4316 3285 4388 reliquos
3312 4315 3530 4385 fratres,

1924 4415 2014 4487 qui
2040 4421 2288 4485 poterant
2306 4414 2510 4467 venire.
2535 4409 2765 4467 Proinde
2790 4425 2896 4465 non
2913 4410 3006 4477 tibi
3037 4408 3270 4469 liberum
3299 4417 3383 4479 est
3408 4424 3537 4481 eva-

1924 4509 2061 4580 gari.
2090 4508 2368 4565 Chrismm
2399 4506 2533 4561 dicis
2559 4519 2681 4561 esse
2706 4504 3103 4567 creatumiaut
3127 4502 3531 4579 sempiternum

289 4604 417 4649 sum
444 4595 901 4665 quemadmodum
931 4598 1031 4659 vis,
1060 4594 1086 4647 φὶ
1112 4607 1295 4665 astrtte
1327 4617 1338 4650 :
1368 4598 1414 4655 si
1443 4598 1813 4663 dantttandum
1857 4593 1902 4653 Ι)
1931 4603 2065 4658 dicis
2086 4617 2212 4659 esse
2234 4600 2431 4659 Filium
2460 4598 2601 4661 Dei?
2641 4617 2659 4651 ι

2002 4691 2271 4751 Palladius
2313 4690 2492 4747 dixit:
2531 4708 2549 4745 t
2596 4688 2609 4725 ί
2646 4689 2763 4751 Dixi
2799 4690 2915 4757 tibi,
2978 4705 3078 4759 nos
3132 4692 3258 4759 ideo
3300 4691 3537 4761 diximus

1921 4813 2174 4880 scriptum
2200 4824 2219 4863 :
2248 4807 2442 4863 melius
2465 4805 2757 4880 eod.Tell._,
2787 4808 3136 4880 imperatoris,
3157 4807 3400 4866 Gratiani
3429 4814 3542 4866 sci-

1926 4878 2076 4945 licet,
2109 4880 2264 4949 cujus
2298 4880 2455 4933 unius
2484 4879 2687 4931 mentio
2722 4878 2810 4932 hic
2836 4878 3035 4947 passim
3066 4889 3264 4937 exstat.

2002 4964 2026 5027 ξς
2071 4954 2211 5027 ﬁdit.
2250 4950 2552 5027 Ront.,_sub
2570 4950 2739 5027 specie
2771 4950 3187 5027 pite,sed_falste
3215 4952 3445 5027 pietatis.

2000 5022 2027 5061 ιι
2071 5024 2174 5090 Qui
2204 5023 2401 5075 tamdiu
2423 5022 2809 5091 blasphemusti,
2845 5022 2988 5076 refer
3010 5022 3127 5076 haec
3160 5022 3321 5077 verba
3353 5023 3417 5075 ad
3442 5041 3534 5079 su-

1930 5094 2278 5168 periorailla
2306 5110 2319 5145 :
2352 5090 2453 5168 Diu
2502 5095 2632 5168 citra
2660 5101 2774 5146 acta
2796 5094 3170 5168 tractavimus,
3203 5094 3401 5168 quibus
3437 5096 3535 5168 do-

1929 5164 2116 5224 cemur
2144 5165 2564 5233 distiutationcnt
2587 5164 2700 5233 jatn
2726 5166 2877 5235 prius
2922 5167 3193 5239 utrimque
3218 5164 3386 5231 fuisse
3414 5166 3529 5238 agi.

1932 5248 2119 5296 latam.
2885 5279 2889 5283 .

2010 5312 2024 5348 ί
2072 5310 2229 5364 Rom.
2261 5308 2422 5371 edit.,
2456 5305 2584 5360 Dico
2616 5306 2705 5358 tibi
2745 5322 2838 5360 nos
2864 5306 2978 5359 ideo
3018 5305 3212 5359 dixisse
3233 5305 3338 5369 iam
3360 5308 3498 5361 vobis
3520 5351 3535 5373 ,

1932 5384 2069 5455 quod
2099 5380 2381 5434 veniremus
2408 5378 2820 5455 utconveniretis
2851 5386 2896 5455 et
2922 5391 3040 5455 vos;
3059 5377 3180 5455 quia
3204 5379 3537 5455 exspectaba-

1934 5445 2044 5508 mus
2074 5459 2354 5512 consortes,
2381 5450 2470 5502 sed
2502 5466 2601 5503 non
2628 5460 2761 5503 recte
2792 5446 2985 5515 fecistis
3016 5445 3306 5516 subrepere.
3353 5448 3523 5504 Labb.

1934 5541 2064 5581 vero
2118 5532 2173 5575 et
2220 5520 2380 5575 Cltill.
2438 5520 2569 5577 satis
2598 5528 2899 5587 Cllllgl'lﬂlﬂi
2929 5531 3051 5587 cum
3100 5532 3203 5571 ms.
3243 5518 3385 5575 'l‘ell.
3422 5522 3525 5583 nisi

1938 5598 2078 5666 quod
2127 5594 2285 5649 Chill.
2349 5592 2506 5666 solus,
2529 5605 2627 5666 pro
2658 5585 2767 5641 dixi
2790 5604 2893 5666 ηειδ-
2920 5585 3089 5666 habet
3121 5590 3543 5666 scripsimuspet

1935 5657 2035 5738 pro
2064 5666 2472 5738 convinceremus
2499 5657 2623 5730 legit
2649 5674 2770 5711 cum
2805 5657 2971 5738 Lahh.
3002 5657 3544 5738 cortveﬂiremusade-

1939 5726 2102 5807 hique
2133 5736 2222 5789 ubi
2248 5750 2342 5807 ulls
2369 5749 2489 5785 cum
2550 5726 2777 5807 iitroque
2826 5726 3116 5807 subrepere,
3148 5728 3285 5807 Tell.
3320 5734 3544 5791 exhibet

1941 5797 2226 5882 subripere.
2258 5805 2425 5859 Forte
2451 5797 2789 5882 a‘nhaudita
2820 5797 2985 5865 male,
3016 5814 3138 5856 cum
3157 5803 3349 5863 eodem
3375 5822 3541 5866 sensu

309 5878 331 5917 r
388 5876 543 5933 Rom.
578 5875 736 5942 edit.,
799 5875 966 5963 μω).
1000 5885 1055 5930 et
1089 5873 1245 5931 Chill.
1302 5877 1669 5951 imperatorum
1714 5894 1845 5949 prw-
1945 5869 2098 5939 inlra'
2117 5887 2374 5951 ponatur,
2405 5869 2755 5943 subripuistis.
