4014 6290
495 269 599 325 9l9
1829 251 2075 310 SANCTI
2114 252 2436 310 AMBROSII
3661 256 3744 312 ΜΟ

496 389 653 446 vobis
676 387 1161 454 utveniremus,et
1186 381 1638 440 convinceremus
1658 373 1804 447 quod
1822 386 1930 429 non
1946 380 2094 428 recte
2122 375 2172 435 Α
2272 371 2538 428 Eusebius
2571 371 2859 444 episcopus
2889 372 3030 428 dixit
3057 387 3071 426 :
3109 389 3127 422 ι
3154 371 3286 428 Sine
3323 368 3622 438 calliditate,
3649 368 3747 426 ﬁdei

495 483 706 540 fecistis
737 485 1036 554 subrepere
1067 477 1405 551 imperatori.
1439 496 1460 528 ι
2213 477 2320 524 tuae
2345 468 2738 539 professionem
2767 469 2936 525 debes
2963 482 3258 538 exponere.
3297 486 3316 520 ι

573 579 758 651 789.
801 576 1122 633 Ambrosius
1146 573 1438 644 episcopus
1473 567 1611 624 dixit
1645 585 1656 620 :
1690 583 1708 616 ‹
1731 565 1966 635 Legatur
1997 561 2109 631 epi-
2283 559 2556 616 Palladius
2585 560 2763 616 dixit:
2803 578 2822 612 ι
2858 561 2927 615 Et
2941 559 3069 632 quid
3093 559 3326 615 concilio
3363 559 3707 615 reservamus?
3733 578 3750 612 ι

511 691 530 724 ι
569 672 711 726 stola
741 670 993 736 Palladii,
1021 678 1202 724 utrum
1235 665 1394 721 nobis
1423 663 1527 718 hoc
1549 658 1910 724 mandaverit,
1935 664 1991 712 et
2013 654 2110 711 do-
2284 655 2370 711 l5.
2415 653 2736 712 Ambrosius
2768 655 3059 726 episcopus
3086 654 3226 709 dixit
3252 670 3268 710 :
3301 672 3320 706 ι
3357 653 3513 708 Omni
3537 667 3623 709 ore
3653 668 3756 708 cono

513 783 532 814 ‹
571 765 785 820 cebitur
815 764 961 836 quod
991 763 1154 818 etiam
1186 775 1331 815 nunc
1353 757 1506 812 fallit.
1547 775 1565 809 ι
2218 771 2234 803 ι
2270 751 2546 807 demnatio
2572 749 2715 807 facta
2739 751 2898 806 estin
2926 765 3074 816 eum,
3105 750 3198 820 qui
3237 757 3461 821 negaret
3489 749 3575 805 Dei
3599 749 3757 804 Filium

585 860 858 917 Palladius
877 858 1015 913 dixit
1043 874 1057 911 :
1096 874 1114 907 ‹
1152 853 1386 926 Legatur
1415 851 1597 924 plane.
1630 866 1649 900 ›
2218 863 2236 895 ι
2276 846 2699 916 sempiternum.
2729 844 2955 917 Negavit
2976 844 3162 909 Arius;
3196 844 3341 898 hunc
3362 843 3595 914 sequitur
3613 843 3759 898 Palla-

577 956 828 1029 Episcopi
859 954 1117 1008 dixerunt
1145 967 1158 1004 :
1196 969 1215 1002 ‹
1245 949 1548 1018 Imperator
1566 959 1688 1000 cum
1706 950 1854 999 esset
1872 954 2108 1012 praesens
2217 959 2235 991 ι
2274 941 2417 1008 dius,
2445 940 2538 1012 qui
2562 955 2669 996 non
2698 940 2815 994 vult
2842 939 3214 994 condemnare
3239 937 3404 1009 790
3443 936 3635 992 Arium.
3673 935 3761 991 ha-

509 1054 749 1125 Syrmio,
785 1059 842 1105 tu
871 1048 1020 1103 illum
1051 1042 1439 1114 interpellasti,
1463 1056 1532 1095 an
1561 1040 1676 1110 ipse
1707 1047 1761 1093 te
1799 1034 2060 1105 compulit
2086 1033 2109 1086 ?
2217 1053 2236 1087 ‹
2271 1050 2377 1106 que
2401 1044 2582 1090 utrum
2613 1034 2772 1104 hujus
2816 1032 3095 1104 probanda
3150 1033 3422 1087 sententia
3446 1031 3532 1098 sit,
3556 1030 3764 1087 conside-

509 1121 573 1201 Εἰ
597 1143 921 1200 addiderunt
951 1156 964 1192 :
997 1137 1138 1206 Quid
1168 1136 1236 1191 ad
1267 1136 1373 1190 ista
1399 1131 1735 1202 respondes?
1757 1149 1776 1182 s
2218 1145 2237 1177 ‹
2275 1135 2393 1182 rate
2421 1145 2434 1180 :
2465 1135 2522 1182 et
2562 1135 2744 1181 utrum
2794 1124 3098 1182 secundum
3153 1122 3466 1194 Scripturas
3500 1121 3663 1188 dicat,
3694 1131 3768 1177 aut

579 1236 853 1291 Palladius
882 1229 1162 1301 respondit
1191 1246 1204 1282 :
1235 1247 1253 1279 ‹
1298 1226 1442 1282 Dixit
1462 1222 1818 1280 mihi:Vade.
1847 1219 2106 1276 Diximus:
2215 1241 2234 1273 ι
2273 1232 2464 1278 contra
2521 1222 2856 1292 Scripturas,
2905 1219 3214 1290 intelligere
3267 1217 3417 1273 licet.
3466 1215 3669 1272 Lectum
3703 1225 3769 1272 est

505 1330 838 1395 Orientales,
885 1325 1141 1383 conventi
1191 1322 1366 1378 sunt?
1409 1330 1434 1358 α
1466 1319 1596 1374 Ait:
1631 1315 1900 1372 Conventi
1958 1322 2104 1368 sunt.
2216 1336 2236 1370 ς
2283 1317 2430 1372 enim
2473 1334 2488 1370 :
2531 1316 2865 1385 Sempiterna
2935 1314 3099 1368 uirtus
3162 1310 3261 1365 Dei
3326 1319 3477 1380 atque
3536 1310 3767 1364 divinitas.

503 1422 775 1495 Numquid
800 1421 847 1478 si
867 1419 1178 1476 Orientales
1207 1433 1317 1472 non
1366 1414 1598 1470 fuissent
1636 1409 1919 1476 convcnti,
1953 1423 2108 1462 num-
2215 1432 2233 1464 ε
2282 1409 2376 1466 Dei
2414 1412 2576 1466 virtus
2613 1407 2853 1464 Christus
2906 1418 2978 1462 est
3027 1405 3225 1479 (Rom.
3287 1421 3324 1470 ι,
3356 1402 3489 1474 20)?
3535 1402 3589 1459 Si
3637 1402 3771 1472 igitur

507 1517 636 1590 quid
666 1530 765 1572 nos
790 1512 1273 1570 convenissemus?
1310 1530 1329 1563 ι
2218 1525 2236 1557 ‹
2276 1505 2606 1577 sempiterna
2659 1503 2755 1558 Dei
2819 1503 2989 1557 virtus
3036 1511 3150 1568 est,
3209 1498 3572 1570 sempiternus
3616 1496 3770 1568 utique

579 1611 668 1665 ll.
703 1608 1024 1664 Ambrosius
1061 1605 1349 1676 episcopus
1393 1603 1571 1658 dixit:
1608 1621 1626 1654 ‹
1659 1601 2011 1671 Sequestrata
2037 1598 2111 1652 sit
2220 1617 2238 1650 ι
2269 1597 2524 1654 Christus
2547 1605 2666 1662 est;
2698 1596 2820 1667 quia
2841 1594 3094 1653 Christus
3117 1604 3204 1651 est
3232 1595 3333 1651 Dei
3361 1594 3534 1649 virtus
3563 1612 3581 1645 ι
3607 1591 3644 1664 (l
3667 1589 3768 1648 Cor.

509 1723 528 1756 ς
565 1718 727 1759 causa
758 1699 1148 1766 Orientalium,
1176 1699 1503 1754 sententiam
1537 1707 1680 1750 tuam
1714 1693 1876 1749 hodie
1895 1706 2105 1764 quaero.
2214 1705 2252 1758 ι,
2279 1690 2356 1762 8).

513 1817 531 1849 ι
573 1797 685 1852 Arii
719 1797 815 1852 tibi
856 1793 1086 1864 epistola
1137 1792 1281 1848 lecta
1324 1801 1448 1846 est:
1482 1790 1626 1845 soles
1650 1799 1700 1844 te
1723 1788 1989 1846 Arianum
2017 1803 2115 1842 ue-
2147 1773 2196 1834 Β
2293 1785 2562 1841 Eusebius
2589 1785 2879 1856 episcOpus
2904 1781 3046 1838 dixit
3079 1801 3092 1838 :
3129 1801 3148 1834 ι
3186 1781 3315 1837 llaec
3341 1779 3476 1836 ﬁdes
3501 1788 3668 1836 nostra
3691 1787 3775 1845 est,

513 1907 531 1941 ‹
569 1904 718 1961 gare.
747 1888 856 1943 Aut
878 1887 1072 1943 damna
1096 1884 1259 1940 hodie
1286 1883 1500 1948 Arium,
1530 1880 1896 1938 autdel'ende.
1933 1901 1952 1934 ι
2221 1876 2341 1932 haec
2387 1877 2746 1949 intelligentia
2797 1874 3088 1931 catholica.
3137 1873 3239 1942 Qui
3281 1871 3403 1928 haec
3443 1886 3548 1928 non
3587 1871 3778 1939 dixerit,

580 1979 856 2034 Palladius
878 1978 1017 2034 dixit
1045 1995 1056 2031 :
1091 1995 1110 2030 ι
1138 1975 1258 2032 Non
1282 1985 1368 2031 est
1394 1973 1736 2030 auctoritatis
1764 1982 1890 2040 tum,
1923 1981 1982 2028 ut
2011 1973 2116 2028 hoc
2218 1970 2529 2028 anathema.
2581 1989 2601 2023 s

510 2091 540 2128 a
563 2089 649 2129 me
670 2089 902 2145 quaeras.
944 2093 962 2126 ι
2289 2066 2493 2123 Omnes
2520 2065 2764 2136 episcopi
2794 2063 3052 2120 dixerunt
3085 2080 3098 2116 :
3139 2081 3156 2114 ι
3190 2061 3523 2118 Anathema.
3561 2080 3579 2114 ι

582 2169 850 2224 Eusebius
867 2167 1157 2238 episcopus
1183 2165 1357 2222 dixit:
1396 2184 1415 2217 ‹
1448 2164 1567 2220 Non
1599 2163 1875 2220 credimus
1896 2164 2118 2234 religio—
2297 2161 2379 2215 14.
2411 2158 2682 2214 Eusebius
2711 2156 3003 2228 episcopus
3027 2155 3172 2210 dixit
3210 2173 3225 2210 :
3263 2172 3283 2206 ε
3323 2153 3637 2226 Specialitcr
3669 2152 3778 2209 dicit

515 2278 636 2318 sum
689 2263 1078 2331 imperatorem
1133 2259 1280 2315 aliud
1338 2258 1583 2325 dixisse,
1647 2273 1810 2330 quam
1873 2259 2109 2329 scripsit.
2218 2256 2395 2312 solum
2447 2255 2662 2311 Patrem
2706 2252 3120 2324 sempiternum,
3163 2261 3220 2306 et
3269 2248 3476 2306 Filium
3526 2247 3777 2320 aliquando

511 2354 540 2394 ι)
559 2352 1376 2425 Episcopusjussitconvenire:
1406 2367 1512 2406 non
1533 2354 1712 2422 potuit
1742 2351 1835 2408 tibi
1851 2352 1954 2406 soli
1978 2366 2113 2407 con-
2218 2353 2472 2423 coepisse.
2514 2371 2535 2405 s

512 2456 597 2503 tra
624 2448 951 2517 rescriptum
965 2462 1122 2501 suum
1135 2445 1342 2514 dicere,
1364 2447 1554 2503 utsine
1567 2446 1928 2503 orientalibus
1948 2461 2114 2503 causa
2290 2445 2568 2503 Palladius
2614 2446 2759 2502 dixit
2796 2464 2809 2500 :
2862 2463 2881 2496 ι
2916 2443 3110 2500 Arium
3154 2457 3258 2499 nec
3289 2440 3424 2510 vidi,
3453 2454 3552 2498 nec
3577 2439 3681 2496 scio
3702 2438 3776 2510 qui

513 2541 741 2596 minime
769 2539 1065 2596 diceretur.
1098 2558 1117 2592 ι

777 2539 1065 2596 diceretur.
1098 2558 1117 2592 ι
2218 2543 2310 2599 sit.
2343 2561 2362 2596 ι

584 2633 861 2689 Palladius
892 2631 1029 2688 dixit
1059 2650 1072 2688 :
1107 2653 1126 2686 ‹
1163 2632 1222 2689 Si
1253 2632 1368 2688 Itali
1419 2632 1522 2689 soli
1572 2633 1711 2704 jussi
1747 2643 1876 2691 sunt
1909 2649 2117 2691 conve-
2291 2637 2563 2694 Eusebius
2590 2637 2886 2708 episcopus
2916 2633 3098 2690 dixit:
3136 2651 3156 2684 ι
3193 2630 3314 2688 Arii
3335 2627 3653 2700 blasphemia
3675 2640 3777 2698 pro-

517 2728 682 2784 nire?
718 2746 738 2782 ι
1888 2769 1899 2778 -
2220 2733 2328 2788 lata
2373 2742 2480 2800 est,
2526 2732 2582 2787 in
2631 2745 2733 2801 qua
2783 2737 2948 2800 negat
2999 2725 3096 2782 Dei
3143 2724 3349 2781 Filium
3397 2720 3776 2794 sempiternum.

586 2826 849 2896 Evagrius
882 2825 1170 2898 presbyter
1190 2835 1246 2882 et
1266 2826 1474 2898 legatus
1498 2825 1670 2881 dixit:
1699 2844 1720 2879 ι
1750 2825 1964 2884 Utante
1983 2843 2116 2900 qua-
2220 2829 2372 2885 Hanc
2400 2825 2686 2900 perﬁdiam
2719 2825 2948 2880 damnas
2971 2836 3094 2877 cum
3123 2828 3373 2885 auctore,
3395 2824 3491 2872 aut
3513 2813 3729 2870 asseris?
3757 2831 3774 2863 ι

513 2930 644 2976 tuor
673 2920 810 2986 dies,
841 2928 896 2976 et
921 2927 1047 2974 ante
1069 2919 1289 2976 biduum
1321 2919 1681 2990 responderet
1705 2936 1766 2977 se
1795 2920 2113 2976 affuturum.
2292 2921 2564 2979 Palladius
2590 2918 2728 2976 dixit
2754 2935 2767 2973 :
2794 2935 2813 2968 ι
2845 2915 2945 2972 Ubi
2968 2912 3270 2970 auctoritas
3295 2909 3448 2982 pleni
3470 2905 3671 2965 concilii
3688 2919 3776 2959 non

509 3012 652 3081 Quid
680 3027 811 3077 ergo
841 3012 1239 3083 exspectabas?
1284 3012 1668 3081 Orientalium,
1702 3023 1761 3068 ut
1787 3013 1947 3079 dicis,
1984 3029 2117 3070 con-
2219 3026 2326 3084 est,
2359 3031 2466 3071 non
2495 3015 2643 3070 dico.
2685 3031 2704 3064 s

506 3106 736 3161 sortium
771 3114 986 3161 tuorum
1022 3116 1044 3144 ο
1068 3105 1396 3160 sententiam
1421 3105 1882 3176 exspectandam?
1909 3103 2001 3162 Sic
2019 3105 2113 3162 de-
2159 3175 2180 3176 κν
2292 3109 2383 3166 15.
2428 3105 2752 3163 Ambrosius
2795 3104 3087 3175 episcopus
3129 3100 3268 3157 dixit
3302 3117 3317 3155 :
3365 3117 3386 3151 ε
3423 3096 3640 3154 Dubitas
3676 3102 3777 3164 post

507 3197 676 3252 bnisti
706 3197 988 3264 mandare,
1021 3212 1125 3252 non
1157 3198 1474 3267 promittere
1493 3175 1827 3253 conﬂictum.
1867 3217 1886 3250 ι
2139 3175 2186 3239 c
2223 3223 2242 3256 α
2289 3203 2467 3260 divina
2513 3201 2718 3273 judicia
2765 3199 3031 3255 damnare
3078 3195 3269 3251 Arium
3295 3236 3312 3262 ,
3355 3207 3480 3250 cum
3540 3188 3778 3260 crepuerit

577 3289 852 3344 Palladius
875 3289 1044 3344 dixit:
1068 3288 1245 3358 «Quia
1276 3291 1432 3360 quasi
1465 3289 1532 3345 ad
1556 3291 1849 3346 concilium
1890 3291 2109 3362 plenum
2221 3317 2240 3352 ‹
2289 3296 2534 3354 medius?
2572 3315 2593 3349 ι
2638 3294 2709 3350 Et
2736 3292 2950 3350 addidit
2981 3308 2994 3345 :
3035 3309 3053 3342 ι
3094 3289 3288 3344 Dicant
3316 3287 3484 3343 etiam
3513 3283 3672 3342 sancti
3696 3281 3779 3335 viri

512 3396 790 3447 veneram,
823 3381 937 3437 vidi
968 3397 1078 3437 non
1108 3383 1428 3440 convenisse
1479 3393 1764 3440 consortes
1794 3399 1967 3451 meos,
1996 3383 2022 3422 ά
2054 3395 2112 3440 ιιι
2220 3410 2239 3443 ‹
2285 3391 2449 3462 legati
2476 3387 2783 3444 Gallorum.
2825 3405 2844 3438 ι

511 3476 887 3540 convenirem,
911 3485 967 3529 et
995 3475 1235 3531 dicerem
1267 3477 1568 3532 secundum
1592 3476 1898 3547 iussionem
1921 3492 2110 3549 agere-
2283 3482 2636 3541 Constantius
2662 3479 2954 3551 episcopus
2981 3487 3038 3535 et
3058 3477 3274 3548 legatus
3301 3473 3580 3533 Gallorum
3610 3471 3734 3527 dixit
3766 3485 3779 3523 ε

510 3567 580 3622 tis
611 3568 664 3622 in
695 3567 1069 3638 praeiudicium
1097 3570 1259 3626 futuri
1287 3571 1539 3627 Concilii.
1575 3591 1595 3624 ι
2223 3599 2242 3632 ς
2287 3578 2439 3635 Hanc
2469 3577 2806 3647 impietatem
2830 3574 2952 3644 ejus
2979 3569 3219 3627 hominis
3245 3579 3303 3626 et
3327 3583 3546 3638 semper
3584 3565 3780 3621 damna-

579 3659 668 3714 12.
709 3659 1029 3717 Ambrosius
1050 3663 1338 3735 episcopus
1368 3665 1536 3719 dixit:
1561 3683 1579 3718 ι
1618 3663 1691 3722 Ut
1717 3663 1879 3720 hodie
1910 3665 2117 3722 residc-
2216 3674 2414 3739 vimus,
2445 3680 2500 3727 et
2521 3684 2664 3724 nunc
2688 3667 3012 3724 damnamus
3033 3680 3142 3722 non
3171 3664 3350 3720 solum
3381 3663 3604 3725 Arium;
3632 3657 3717 3714 sed
3738 3666 3783 3712 et

518 3775 535 3806 ι
576 3770 784 3822 remus,
817 3755 932 3826 ipse
956 3755 1205 3826 exegisti.
1251 3758 1494 3828 Denique
1530 3759 1695 3813 etiam
1724 3758 1884 3814 hodie
1909 3768 1965 3813 tu
1995 3761 2112 3830 ipse
2215 3767 2546 3839 quicumque
2575 3763 2772 3819 Filium
2805 3761 2900 3817 Dei
2928 3775 3035 3816 non
3062 3759 3271 3815 dixerit
3296 3755 3699 3827 sempiternum.
3733 3771 3750 3802 ι

519 3867 539 3900 ι
573 3847 763 3904 dixisti
824 3849 951 3918 quia
1008 3849 1289 3905 christiani
1341 3851 1408 3906 ad
1457 3852 1789 3909 christianos
1837 3852 2109 3909 venimus.
2287 3859 2612 3916 Ambrosius
2650 3858 2945 3928 episcopus
2992 3853 3132 3910 dixit
3172 3872 3185 3908 :
3239 3871 3257 3902 ι
3307 3851 3446 3919 Quid
3494 3849 3647 3906 etiam
3675 3845 3780 3901 dicit

520 3963 540 3997 ‹
571 3941 910 4000 Christianos
943 3944 1106 4014 igitur
1137 3961 1236 4002 nos
1268 3947 1530 4017 probasti.
1579 3947 2112 4024 Promisistitecon-
2224 3974 2242 4008 ‹
2287 3953 2544 4009 dominus
2595 3966 2750 4008 meus
2797 3948 3024 4006 Justus?
3071 3967 3090 4000 ι

517 4055 540 4090 ‹
570 4037 924 4107 ﬂictaturum,
978 4039 1276 4108 promisisti
1310 4049 1333 4076 θ
1360 4049 1412 4094 te
1434 4039 1726 4096 allaturum
1748 4050 1843 4095 aut
1866 4050 2112 4112 accepta-
2288 4047 2473 4103 Justus
2501 4046 2798 4117 episcopus
2820 4053 2878 4101 et
2899 4043 3110 4114 legatus
3134 4039 3419 4098 Gallorum
3451 4038 3620 4095 dixit:
3650 4052 3671 4087 ε
3696 4033 3782 4102 Qui

519 4150 538 4183 ι
578 4142 758 4187 turum
781 4147 904 4188 esse
942 4132 1231 4188 rationem.
1288 4132 1545 4189 Libenter
1586 4135 1768 4205 itaque
1804 4136 2112 4206 accepimus
2219 4140 2416 4196 Filium
2465 4138 2560 4195 Dei
2605 4147 2939 4193 comternum
2987 4150 3113 4191 cum
3146 4134 3306 4190 Patre
3353 4147 3463 4189 non
3500 4130 3781 4189 conﬁtetur,

519 4245 539 4278 ι
580 4227 954 4296 praelationem
978 4236 1146 4282 tuam.
1179 4225 1497 4298 Optavimus
1518 4239 1577 4284 ut
1603 4229 1757 4302 quasi
1785 4229 2114 4288 christianus
2218 4233 2512 4290 anathema
2541 4231 2830 4288 habeatur.
2865 4247 2885 4282 ι

518 4336 538 4370 ‹
577 4319 817 4376 venires.
845 4319 1028 4376 Obtnli
1050 4319 1147 4375 tibi
1179 4321 1462 4390 epistolam
1493 4321 1632 4389 Arii,
1683 4337 1844 4393 quam
1892 4324 2114 4395 scripsit
2287 4327 2490 4384 Omnes
2520 4325 2768 4397 episcopi
2795 4323 3092 4380 dixerunt:
3133 4340 3153 4373 ι
3195 4323 3527 4377 Anathema.
3565 4339 3585 4373 ι

519 4428 538 4460 ι
573 4409 758 4477 Arius,
791 4410 859 4466 de
887 4412 1042 4481 cujus
1092 4413 1313 4469 nomine
1358 4413 1542 4469 dicitis
1567 4428 1667 4468 vos
1697 4415 1953 4485 injuriam
1995 4416 2109 4472 fre-
2291 4422 2380 4478 16.
2423 4419 2749 4478 Ambrosius
2788 4419 3082 4489 episcopus
3128 4415 3269 4472 dixit
3302 4433 3316 4470 :
3373 4435 3392 4469 ι
3429 4415 3616 4471 Dicant
3639 4412 3783 4468 etiam

521 4520 541 4554 ι
579 4511 814 4572 quenter
841 4504 1133 4559 snsﬂnere.
1162 4505 1352 4562 Dicitis
1381 4506 1527 4577 quod
1552 4508 1743 4564 Arium
1774 4524 1884 4564 non
1913 4525 2110 4582 sequa-
2136 4577 2180 4584 _
2222 4535 2240 4567 ι
2291 4513 2550 4570 Afrorum
2583 4511 2746 4584 legati
2768 4554 2784 4579 ,
2817 4521 2844 4559 κ
2875 4511 2968 4583 qui
2998 4509 3246 4566 omnium
3288 4509 3498 4566 civium
3525 4509 3624 4564 huc
3659 4516 3785 4561 attu-

516 4613 536 4646 ‹
573 4595 727 4651 mini.
763 4595 937 4654 Hodie
962 4607 1150 4670 aperta
1179 4598 1342 4655 debet
1366 4615 1487 4656 esse
1509 4601 1782 4658 sententia
1813 4619 1828 4658 :
1857 4613 1953 4659 aut
1978 4577 2109 4661 con-
2136 4577 2192 4637 D
2221 4626 2240 4658 ι
2288 4607 2404 4663 lere
2425 4577 2741 4662 sententias.
2769 4577 2804 4656 θ»

518 4708 538 4740 ε
577 4689 962 4759 demnaillum,
1004 4701 1100 4748 aut
1125 4693 1351 4751 astruef
1383 4696 1669 4767 quibusvis
1697 4696 2044 4765 lectionibus.
2083 4719 2102 4752 ι
2283 4701 2435 4758 Felix
2467 4701 2758 4772 episcopus
2780 4708 2838 4756 et
2863 4699 3074 4770 legatus
3101 4699 3281 4755 dixit:
3312 4718 3333 4754 ι
3372 4699 3432 4756 Si
3465 4699 3583 4770 quis
3609 4697 3784 4754 Filium

509 4781 579 4836 Et
603 4781 808 4837 addidit
836 4801 848 4836 :
880 4801 899 4835 ‹
930 4785 1073 4856 Ergo
1098 4785 1254 4856 juxta
1281 4788 1568 4858 epistolam
1595 4789 1709 4844 Arii
1735 4789 1987 4848 Christus
2010 4792 2105 4848 Dei
2214 4797 2311 4853 Dei
2341 4796 2620 4867 negaverit
2650 4794 3070 4866 sempiternum,
3100 4802 3156 4850 et
3197 4804 3530 4850 coaeternum
3574 4806 3785 4862 negave-

513 4893 532 4926 ι
568 4876 739 4933 Filius
765 4893 874 4934 non
900 4890 986 4936 est
1015 4881 1421 4950 sempiternus?
2213 4889 2304 4956 rit,
2335 4903 2442 4944 non
2475 4887 2630 4944 solus
2659 4901 2761 4958 ego
2788 4886 3000 4956 legatus
3023 4885 3192 4942 totius
3213 4884 3486 4941 Africana:
3514 4881 3785 4954 provinciae

576 4972 849 5030 Palladius
891 4974 1028 5030 dixit
1060 4993 1073 5028 :
1130 4995 1149 5028 ‹
1177 4975 1287 5032 Nos
1339 4978 1576 5035 diximus
1631 4980 1954 5051 probaturos
2004 4997 2103 5037 nos
2211 4983 2411 5039 damno
2445 5000 2458 5038 :
2489 4982 2588 5038 sed
2629 4991 2686 5038 et
2715 4991 2946 5038 cunctus
2972 4980 3178 5037 chorus
3203 4979 3584 5045 sacerdotalis,
3612 4977 3699 5048 qui
3725 4974 3783 5028 ad

507 5064 864 5133 christianos,
888 5066 987 5123 sed
1014 5067 1068 5122 in
1095 5068 1332 5124 concilio
1357 5071 1537 5139 pleno.
1557 5071 1674 5128 Non
1697 5072 1850 5130 vobis
1878 5089 2103 5146 respon-
2212 5076 2359 5132 hunc
2382 5083 2585 5132 coetum
2612 5075 3021 5132 sanctissimum
3052 5087 3140 5129 me
3166 5073 3336 5142 misit,
3353 5073 3518 5130 etiam
3543 5072 3652 5143 ipse
3671 5077 3784 5124 ante

504 5155 698 5216 demus
720 5161 944 5216 omnino
968 5161 1022 5216 in
1055 5160 1431 5231 prmjudicium
1455 5165 1669 5220 concilii
1698 5165 1884 5222 futuri.
1927 5185 1946 5220 ι
2211 5167 2507 5224 damnavit.
2548 5186 2568 5221 ι

572 5404 597 5432 ει
637 5395 759 5449 Ait:
781 5393 1025 5475 C_on_uer_i_ti
1053 5401 1200 5475 sicut,
1245 5391 1552 5475 deerantjn
1578 5392 1711 5475 edit.
1751 5394 1922 5475 _Rom.
1973 5411 2094 5466 quae
2200 5403 2326 5453 dum
2337 5396 2659 5475 jussiouerg.
2682 5404 2742 5475 _u_t
2765 5397 2990 5475 dicerem
3014 5411 3079 5475 ne
3104 5395 3303 5475 aliquid
3326 5398 3547 5467 egeritis.

572 5418 597 5432 “
637 5418 720 5449 Il"
740 5418 758 5449 .'
781 5418 1025 5449 hanverm
1053 5418 1193 5458 sum,
1245 5418 1470 5475 uccrau't
1499 5418 1552 5447 Ill
1578 5418 1711 5449 CUII.
1763 5418 1922 5449 ιὶυιη.
1973 5418 2094 5466 quae
2200 5418 2326 5453 aum
2378 5418 2659 5459 αδδισηεπι.
2683 5418 2740 5451 ιιι
2765 5418 2990 5452 arcerem
3014 5418 3079 5450 ne
3104 5418 3303 5468 auquta
3326 5418 3547 5467 egenus.

500 5480 601 5549 nos
622 5483 688 5549 ex
719 5467 844 5549 cod.
877 5465 1039 5549 Te_ll.,
1067 5463 1240 5549 Lnabb.
1275 5473 1330 5518 et
1356 5463 1513 5546 ωηατ
1535 5466 1939 5549 ‘restituimusi
2198 5541 2213 5549 _
2275 5480 2298 5507 ε
2331 5418 2414 5549 ita
2454 5469 2577 5549 cpd.
2601 5467 2742 5524 Tell.
2772 5469 2874 5549 nisi
2899 5467 3049 5549 quod
3101 5483 3206 5549 pro
3225 5468 3527 5549 allaturum,
3553 5468 3697 5549 lapsu
3727 5469 3782 5523 li-

572 5538 612 5620 δ’
640 5538 867 5594 Eadem.
897 5537 1054 5604 edit.,
1084 5534 1376 5606 Episcopos
1402 5535 1742 5591 occidentales
1777 5541 1941 5611 jussit
1963 5554 2090 5594 con-
2198 5541 2366 5596 hrarii
2397 5540 2659 5611 scriptum
2687 5549 2792 5607 est,
2821 5534 3120 5593 ablaturum
3149 5555 3166 5593 :
3193 5542 3244 5594 in
3296 5540 3424 5596 edit.
3460 5534 3632 5595 autem
3665 5541 3781 5595 dee-

500 5621 688 5682 νεηπέ·
875 5679 906 5682 ,γ
1155 5680 1157 5682 ,
1237 5680 1246 5682 Α
1401 5678 1444 5682 _
1479 5679 1514 5682 __
1596 5678 1619 5682 _
1675 5678 1725 5682 ,ί
1900 5680 1941 5682 μ
1972 5681 1980 5682 ί
2199 5623 2304 5679 rat,
2335 5622 2423 5667 aut
2449 5622 2858 5680 acceptaturum.

573 5690 603 5762 °_
637 5679 794 5762 Rom.
825 5679 980 5747 edit.,
1009 5680 1376 5762 praesentiam;
1400 5678 1566 5748 Tell.,
1596 5678 1766 5736 Labb.
1800 5689 1856 5736 et
1885 5680 2046 5738 Chii].
2069 5724 2088 5754 ,
2273 5678 2297 5722 (⁷
2335 5685 2493 5762 item.
2512 5678 2654 5762 edit.
2683 5683 2831 5762 sola,
2853 5682 3114 5762 quibusvis
3129 5684 3434 5762 rationibus.

497 5752 1230 5835 seutep‘tium'exspeetafidgm.
1267 5824 1279 5835 .
1514 5833 1522 5835 Δ
1749 5823 1760 5835 ι
2005 5775 2008 5778 ·
2071 5752 2079 5754 “
2215 5763 2228 5835 χ
2271 5765 2296 5802 8
2339 5752 3075 5835 Editallornzetghillqlqui
3101 5756 3332 5811 omnium
3382 5756 3571 5828 Africa
3609 5773 3773 5812 sar":

563 5819 586 5854 (ί
633 5819 771 5874 Edit.
805 5821 992 5890 Rom.’,
1032 5819 1279 5894 {rt-dicavi
1302 5839 1442 5895 vero,
1465 5833 1522 5878 ut
1551 5823 1871 5881 convenirem
1898 5838 2081 5881 secun-
2194 5827 2391 5884 dolum.
2417 5825 2554 5883 Tell.
2587 5834 2641 5882 et
2672 5825 2838 5882 Labb.
2873 5819 3014 5881 utin
3046 5835 3223 5880 textu.
