4014 6290
259 299 358 355 921

331 411 599 468 Anemins
626 411 916 483 episcopus
963 410 1103 466 dixit
1149 429 1161 463 :

257 505 363 560 nisi
405 505 605 560 civitas
639 515 723 559 est
751 503 1066 560 Sirmiensis
1099 522 1111 557 :
1141 518 1242 574 ego
1274 503 1438 574 igitur
1463 503 1757 573 episcopus
1786 503 1856 558 il-

257 597 369 652 lius
410 595 654 652 civitatis
694 611 836 652 sum.
869 596 1007 651 Eum
1052 595 1143 667 qui
1177 610 1283 650 non
1315 594 1613 650 contitetnr
1659 593 1856 650 Filium

256 689 354 747 Dei
386 700 677 755 :eternum,
711 700 768 746 et
797 700 1127 746 comternum
1160 688 1330 754 Patri,
1363 688 1509 759 quod
1541 697 1627 744 est
1654 689 1870 772 δίδωμί--⁹

256 793 496 847 ternum,
543 785 832 838 anathema
863 782 988 838 dico
1036 801 1048 835 :
1082 792 1107 818 τι
1148 782 1243 838 sed
1271 782 1436 838 etiam
1468 783 1535 838 iis
1570 782 1662 854 qui
1709 781 1855 838 idem

259 890 367 933 non
397 875 754 931 conﬁtentur.
799 893 819 928 s

329 968 417 1023 l'l.
452 968 769 1024 Ambrosius
799 968 1091 1040 episcopus
1119 967 1297 1025 dixit:
1329 988 1348 1022 ‹
1386 969 1590 1028 Audite
1620 985 1857 1043 sequen-

257 1063 353 1118 tia.
409 1081 428 1114 ι

329 1154 398 1210 Et
438 1154 720 1211 recitatum
748 1163 832 1211 est
863 1172 876 1210 :
915 1174 935 1208 ι
971 1154 1158 1212 Solum
1191 1165 1479 1226 aeternum,
1513 1158 1690 1214 solum
1737 1158 1857 1214 sine

257 1246 436 1313 initio,
478 1247 653 1303 solum
685 1262 896 1315 verum,
935 1247 1112 1304 solum
1151 1247 1618 1305 immortalitatem
1651 1249 1856 1306 haben-

259 1349 388 1395 tem.
428 1361 448 1393 ι

326 1435 655 1493 Ambrosius
682 1437 976 1509 episcOpus
1021 1438 1206 1495 dixit:
1250 1455 1268 1490 ε
1306 1438 1377 1494 Et
1421 1439 1474 1494 in
1522 1439 1626 1496 hoc
1655 1440 1854 1496 damna

263 1547 282 1582 ι
328 1544 479 1596 eum,
505 1531 596 1602 qui
637 1539 800 1602 negat
844 1529 1041 1586 Filium
1076 1533 1252 1588 Deum
1283 1545 1492 1586 verum.
1527 1531 1663 1587 Cum
1710 1534 1854 1588 enim

261 1642 282 1676 ε
330 1626 449 1693 ipse
505 1623 580 1680 sit
624 1625 872 1692 veritas,
915 1623 1376 1696 quemadmodum
1425 1639 1531 1680 non
1574 1634 1660 1681 est
1710 1625 1856 1683 Deus

261 1734 282 1768 ι
326 1715 355 1754 δ
395 1717 604 1772 verus?
642 1733 674 1769 ιΔ
699 1717 766 1772 Ει
792 1715 1045 1772 addidit:
1081 1735 1099 1769 ι
1135 1718 1275 1786 Quid
1300 1718 1540 1774 adhoc?
1577 1737 1596 1771 ι

1483 293 1972 352 EPISTOLARUM
2014 292 2142 350 CLA
2152 291 2298 349 SSIS
2339 294 2376 348 l.

1215 429 1233 464 ι
1271 410 1445 482 Caput
1493 409 1699 482 Illyrici
1750 425 1858 465 non
1890 413 1939 472 Α

3459 290 3568 349 922

2035 409 2126 464 20.
2159 411 2401 482 Cumque
2430 408 2708 466 Palladius
2736 410 2995 467 reticeret
3027 451 3042 476 ,
3071 410 3396 468 Ambrosius
3441 413 3563 484 epi-

1959 518 2158 574 scopus
2184 505 2322 560 dixit
2353 524 2365 558 :
2397 525 2415 557 ‹
2451 505 2638 560 Solum
2661 521 2852 560 verum
2876 505 3074 560 Filium
3094 505 3191 560 Dei
3221 505 3315 575 qui
3342 506 3569 573 dicit,et

1966 616 1984 650 ι
2018 612 2124 653 non
2155 597 2273 653 vult
2301 597 2485 653 dicere
2507 597 2789 652 dominum
2817 609 3070 665 verum,8
3092 597 3310 654 videtur
3335 615 3560 670 negare.

1965 705 1984 738 ι
2020 687 2135 744 Hoc
2163 689 2330 760 igitur
2361 687 2559 744 ordine
2595 687 2926 744 conﬁteatur
2952 732 2966 756 ,
3013 689 3062 744 si
3106 698 3290 745 tamen
3334 691 3567 746 conﬁte-

1964 798 1984 832 ‹
2026 789 2133 845 tnr,
2159 780 2470 849 Palladius;
2497 789 2553 837 et
2573 781 2721 838 dicat
2746 791 2927 838 utrum
2944 797 3131 839 verum
3156 783 3445 840 Dominum
3469 784 3566 842 Dei

1964 891 1984 926 ι
2014 873 2209 930 Filium
2233 873 2395 930 dicat.
2437 893 2456 928 ι

1957 1006 1967 1028 ι
2031 987 2306 1044 Palladius
2336 988 2509 1046 dixit:
2560 1010 2579 1044 ι
2613 990 2746 1046 Cum
2788 991 2936 1047 dicat
2980 991 3150 1048 Filius
3184 1010 3198 1047 :
3235 993 3304 1049 Ut
3347 1010 3564 1066 cognos-

1957 1093 2077 1138 cant
2101 1094 2148 1139 te
2169 1085 2337 1138 solum
2356 1101 2529 1140 verum
2561 1085 2838 1140 Dominum
2857 1129 2874 1152 ,
2902 1095 2950 1140 et
2982 1103 3130 1157 quem
3173 1088 3362 1142 misisti
3387 1087 3564 1144 Jexum

1960 1175 2231 1232 Christum
2261 1176 2444 1250 (Joan.
2481 1195 2612 1244 xvn,
2643 1180 2732 1248 3);
2765 1179 2792 1214 ιι
2817 1179 3035 1246 aii'ectu,
3065 1194 3131 1233 an
3162 1179 3215 1234 in
3235 1181 3500 1236 veritate?
3529 1201 3549 1232 ι

2031 1291 2354 1347 Ambrosius
2383 1294 2679 1364 episcopus
2728 1293 2867 1348 dixit
2916 1312 2982 1347 ε(
3033 1292 3271 1348 Joannes
3313 1293 3452 1349 dixit
3499 1295 3553 1349 in

1963 1403 1984 1437 ι
2018 1385 2252 1456 epistola
2280 1401 2374 1440 sua
2409 1403 2421 1441 :
2455 1385 2553 1441 llic
2589 1396 2672 1442 est
2705 1401 2866 1442 verus
2895 1386 3040 1442 Deus
3071 1384 3133 1458 (Ι
3159 1384 3321 1440 Joan.
3351 1401 3405 1453 ν,
3434 1384 3548 1458 20).

1966 1495 1985 1528 ι
2023 1476 2167 1548 Nega
2193 1477 2315 1532 hoc.
2357 1496 2376 1529 ι

2032 1590 2304 1646 Palladius
2333 1590 2478 1647 dixit
2509 1609 2521 1645 :
2558 1610 2576 1644 ι
2611 1591 2747 1648 Cum
2782 1591 2962 1648 dicam
2996 1590 3095 1647 tibi
3119 1606 3310 1647 verum
3340 1589 3560 1661 Filium,

1960 1684 2222 1755 profiteor
2251 1701 2434 1740 veram
2459 1686 2622 1741 etiam
2653 1685 3015 1742 divinitatem.
3049 1705 3069 1738 ι
3563 1696 3572 1703 ”

328 1809 608 1866 Palladius
650 1810 788 1866 dixit
832 1829 844 1863 :
886 1829 903 1862 ι
954 1809 1153 1867 Filium
1199 1828 1389 1870 verum
1432 1815 1556 1886 quis
1611 1832 1720 1871 ηοη
1767 1817 1853 1872 di-
1886 1809 1934 1870 B
2032 1804 2358 1861 Ambrosius
2379 1806 2667 1876 episcopus
2690 1805 2862 1862 dixit:
2894 1824 2913 1858 ι
2953 1804 3022 1861 Et
3052 1804 3105 1860 in
3140 1804 3246 1861 hoc
3271 1814 3356 1862 est
3387 1806 3566 1874 fraus;
3621 1875 3632 1884 _

255 1903 377 1958 cit?
425 1923 444 1956 ι

327 1996 649 2054 Ambrosius
675 1999 964 2071 episc0pus
992 1999 1134 2056 dixit
1165 2017 1179 2056 :
1216 2019 1234 2052 ι
1278 2002 1440 2058 Arius
1482 2005 1720 2073 negavit.
1759 2025 1777 2056 ι

327 2091 605 2148 Palladius
631 2093 767 2148 dixit
797 2111 812 2148 :
847 2113 865 2147 ι
903 2094 1038 2150 Cum
1072 2095 1367 2167 Apostolus
1403 2097 1551 2154 dicat
1577 2097 1855 2155 Christum

255 2183 419 2259 791
452 2201 618 2257 δυρετ
644 2187 829 2243 omnia
862 2187 1057 2257 Deum,
1091 2197 1276 2260 potest
1304 2189 1507 2260 aliquis
1531 2206 1732 2262 negare
1763 2207 1857 2247 ve-

253 2294 375 2334 rum
403 2279 596 2333 Filium
631 2279 768 2335 Dei?
806 2299 826 2332 ι

325 2373 417 2429 18.
441 2372 763 2429 Ambrosius
808 2374 1098 2446 episcopus
1129 2375 1268 2432 dixit
1308 2395 1320 2430 :
1353 2397 1370 2430 ι
1410 2377 1478 2434 Ut
1520 2379 1661 2435 scias
1693 2395 1855 2450 quam

257 2483 275 2517 ι
309 2465 634 2536 simpliciter
665 2466 876 2522 veritas
913 2483 942 2522 a
980 2468 1138 2524 nobis
1182 2468 1526 2540 requiratur,
1569 2486 1700 2527 ecce
1732 2473 1858 2528 dico

254 2579 274 2614 ι
312 2575 434 2631 ego,
462 2567 524 2615 ut
551 2559 692 2615 dicis
723 2577 738 2617 :
763 2561 861 2616 sed
887 2562 1254 2632 semiplenum
1281 2575 1301 2600 ε
1331 2562 1681 2620 habeo.Cum
1709 2567 1854 2621 enim

254 2671 272 2705 ι
310 2655 382 2709 ita
413 2653 574 2722 dicis,
603 2653 810 2710 videris
833 2669 1034 2727 negare
1073 2655 1246 2711 Deum
1298 2671 1486 2712 verum
1541 2675 1554 2710 :
1601 2658 1649 2712 si
1673 2667 1854 2714 autem

253 2769 272 2802 ι
302 2750 626 2821 simpliciter
650 2751 929 2808 conﬁteris
957 2749 1018 2806 τά
1051 2767 1239 2808 verum
1272 2754 1442 2808 Deum
1471 2753 1673 2810 Filium
1715 2756 1808 2811 Dei
1836 2797 1852 2824 ,

253 2860 272 2892 ‹
311 2858 380 2899 eo
404 2843 596 2899 ordine
626 2853 834 2910 astrue,
865 2859 972 2915 quo
996 2846 1113 2916 ipse
1135 2861 1404 2917 propono.
1443 2867 1462 2898 ι

323 2935 599 2992 Palladius
629 2937 806 2993 dixit:
845 2956 864 2990 ‹
905 2938 1020 3010 Ego
1037 2940 1340 2994 secundum
1393 2939 1710 3011 Scripturas
1759 2943 1854 2998 tibi

246 3029 464 3102 loquor,
487 3047 674 3087 verum
705 3031 898 3088 Filium
926 3033 1022 3088 Dei
1055 3034 1346 3090 Dominum
1369 3035 1512 3091 dico.
1551 3055 1570 3089 ι

324 3125 645 3181 Ambrosius
667 3127 953 3198 episc0pus
979 3127 1117 3182 dixit
1149 3145 1160 3181 :
1202 3147 1220 3178 ι
1263 3127 1464 3183 Verum
1492 3139 1514 3164 ι’
1567 3130 1854 3186 Dominum

259 3236 279 3272 ς
316 3217 453 3274 dicis
482 3218 674 3275 Filium
709 3219 849 3276 Dei?
897 3240 916 3273 ι

331 3309 601 3366 Palladius
631 3311 765 3367 dixit
790 3329 805 3366 :
841 3332 859 3364 ι
895 3309 1034 3368 Cum
1063 3328 1249 3370 verum
1276 3313 1473 3372 Filium
1497 3316 1697 3384 dicam,
1723 3319 1851 3390 quid

250 3405 528 3476 amplius?
565 3425 584 3458 ι

325 3499 648 3555 Ambrosius
676 3501 966 3572 episcopus
989 3501 1121 3558 dixit
1159 3519 1172 3557 :
1205 3523 1224 3555 ‹
1261 3503 1376 3558 Non
1403 3519 1586 3574 quaero
1613 3514 1852 3561 tantum-

256 3610 277 3643 ι
311 3591 496 3659 modo,
526 3603 585 3649 ut
607 3609 797 3650 verum
829 3595 1026 3650 Filium
1054 3596 1226 3663 dicas,
1256 3597 1352 3653 sed
1386 3606 1646 3654 utverum
1669 3599 1854 3655 Domi-

255 3703 275 3738 ε
308 3701 439 3740 num
468 3686 563 3742 Dei
593 3686 792 3742 Filium
824 3687 999 3743 dicas.
1040 3709 1058 3741 ι

327 3777 417 3833 19.
447 3777 716 3834 Eusebius
746 3779 1035 3850 episcopus
1057 3779 1224 3836 dixit:
1259 3801 1278 3834 ι
1317 3781 1569 3839 Christus
1592 3784 1733 3839 Deus
1763 3799 1854 3841 ve-

244 3885 345 3928 rus
389 3880 509 3938 est,
553 3873 855 3928 secundum
881 3874 1126 3929 omnium
1159 3874 1319 3931 ﬁdem
1351 3917 1368 3944 ,
1421 3887 1476 3933 et
1525 3877 1851 3934 catholicam

245 3967 685 4038 professionem?
723 3987 743 4021 ι

323 4059 602 4116 Palladius
623 4059 760 4116 dixit
792 4076 806 4114 :
847 4079 866 4113 ι
906 4060 1080 4117 Verus
1112 4062 1208 4117 Dei
1239 4061 1540 4120 Filius-est.
1579 4085 1597 4118 ι

321 4152 593 4209 Eusebius
625 4155 915 4225 episcopus
946 4154 1092 4211 dixit
1123 4173 1136 4210 :
1176 4175 1195 4208 ε
1228 4155 1360 4212 Nam
1385 4167 1439 4214 et
1461 4173 1561 4213 nos
1577 4158 1853 4230 peradop-

248 4247 462 4303 tionem
511 4247 606 4302 lilii
633 4262 824 4302 sumus
850 4292 866 4318 ,
898 4247 990 4303 ille
1018 4249 1321 4306 secundum
1349 4251 1738 4321 proprietatem
1765 4266 1856 4322 ge-

243 4338 556 4397 nerationis
584 4339 784 4395 divina:
820 4359 839 4392 ›
875 4338 1072 4409 (Galat.
1102 4356 1182 4409 ιν,
1207 4343 1284 4412 7).
1320 4342 1387 4396 Et
1413 4343 1654 4398 addidit:
1681 4342 1851 4400 «Con-

246 4435 424 4490 ﬁteris
449 4449 581 4506 ergo
603 4449 792 4491 verum
820 4434 1018 4490 Filium
1063 4434 1157 4490 Dei
1199 4436 1489 4493 Dominum
1512 4454 1697 4494 verum
1729 4453 1851 4497 esse

251 4525 270 4564 ί
298 4525 605 4582 secundum
637 4525 975 4588 nativitatem
999 4535 1054 4580 et
1078 4526 1515 4596 proprietatem?
1546 4549 1564 4580 ι

1969 1915 1988 1949 ‹
2028 1898 2107 1952 sic
2149 1900 2293 1954 enim
2345 1900 2536 1956 soletis
2583 1900 2767 1956 dicere
2799 1915 2962 1955 unam
2994 1911 3052 1955 et
3090 1914 3276 1956 veram
3308 1901 3566 1958 divinita-

1968 2011 1986 2040 ‹
2025 1999 2155 2058 tem,
2188 2001 2245 2047 ut
2273 1993 2451 2066 Patris
2475 1995 2872 2061 tantummodo,
2905 2008 3014 2049 non
3038 1993 3203 2049 etiam
3226 1993 3352 2049 Filii
3378 2009 3564 2050 veram

1969 2105 1986 2138 ι
2021 2099 2076 2144 et
2104 2104 2262 2144 unam
2292 2089 2633 2146 divinitatem
2665 2089 2884 2145 dicatis.
2913 2091 3055 2162 Ergo
3083 2091 3127 2146 si
3151 2100 3338 2161 aperte
3367 2093 3448 2148 vis
3473 2091 3563 2147 di-

1967 2200 1986 2232 c
2025 2196 2172 2246 cere,
2202 2183 2326 2251 quia
2361 2183 2428 2238 ad
2470 2183 2786 2253 Scripturas
2817 2198 2905 2238 me
2942 2197 3208 2253 provocas
3236 2224 3252 2250 ,
3293 2183 3384 2239 dic
3419 2183 3563 2254 quod

1967 2293 1986 2326 ι
2027 2274 2167 2330 dixit
2193 2277 2534 2346 evangelista
2565 2277 2850 2332 Joannes:
2884 2275 2981 2331 Hic
3025 2285 3111 2333 est
3164 2291 3328 2333 verus
3353 2277 3561 2347 .Deus:

1968 2383 1987 2416 ι
2021 2374 2113 2420 aut
2141 2382 2274 2436 nega
2303 2366 2527 2422 dictum.
2569 2387 2588 2418 ι

2034 2459 2306 2515 Palladius
2331 2458 2497 2514 dixit:
2534 2460 2547 2496 ί
2583 2479 2602 2513 σ
2629 2461 2850 2533 Absque
2882 2461 3019 2518 Filio
3047 2463 3189 2519 alius
3208 2463 3423 2535 genitus
3453 2478 3562 2521 non

1960 2559 2063 2607 est.
2101 2571 2121 2604 ›

2031 2646 2121 2698 2L
2156 2645 2424 2702 Eusebius
2475 2649 2768 2720 episcopus
2815 2649 2987 2706 dixit:
3037 2669 3054 2702 ι
3095 2649 3348 2707 Christus
3401 2666 3566 2709 verus

1960 2745 2105 2801 Deus
2134 2746 2432 2802 secundum
2460 2748 2703 2803 omnium
2749 2748 2911 2804 [idem
2961 2759 3018 2804 et
3065 2750 3392 2806 catholicam
3435 2765 3563 2820 pro-

1959 2835 2276 2904 fessionem,
2301 2855 2368 2895 an
2398 2841 2451 2895 in
2483 2842 2758 2896 sententia
2793 2851 2883 2896 tua
2908 2843 3053 2898 Deus
3073 2858 3237 2900 verus
3265 2858 3374 2898 non
3405 2844 3522 2898 est?
3546 2861 3566 2897 ι

2033 2931 2308 2988 Palladius
2328 2933 2467 2990 dixit
2495 2948 2507 2982 τ
2547 2953 2566 2986 ‹
2606 2935 2787 2990 Virtus
2815 2935 2911 2991 Dei
2943 2937 3117 2991 nostri
3146 2946 3248 2992 est.
3293 2955 3312 2990 ι

2032 3024 2356 3082 Ambrosius
2384 3027 2674 3098 episcopus
2699 3027 2876 3083 dixit:
2916 3047 2936 3081 ι
2971 3029 3086 3084 Νοη
3130 3028 3304 3086 habes
3338 3029 3562 3087 liberta-

1969 3138 1988 3174 ι
2020 3130 2126 3177 tem
2153 3121 2480 3193 promendi;
2505 3137 2568 3177 ac
2596 3137 2692 3191 per
2723 3121 2828 3176 hoc
2858 3122 3147 3178 anathema
3177 3123 3227 3178 ei
3253 3165 3269 3190 ,
3318 3124 3408 3194 qui
3450 3139 3558 3180 non

1872 3207 1919 3271 C
1956 3235 1975 3269 ι
2005 3216 2293 3272 conﬁtetur
2324 3221 2339 3273 i
2374 3231 2563 3271 verum
2593 3216 2887 3270 Dominum
2920 3215 3117 3270 Filium
3155 3216 3275 3272 Dei.
3309 3236 3328 3269 ι

2027 3310 2229 3366 Omnes
2258 3311 2506 3381 episcOpi
2531 3310 2826 3366 dixerunt:
2861 3329 2879 3361 α
2914 3311 3223 3366 Anathema
3253 3310 3560 3381 habeatur,

1956 3404 2049 3472 qui
2081 3406 2244 3478 792
2271 3403 2548 3461 Christum
2601 3404 2799 3459 Filium
2854 3404 2948 3460 Dei
2993 3402 3015 3441 κ
3053 3405 3341 3462 Dominum
3367 3422 3557 3464 verum

1958 3514 2065 3555 non
2097 3500 2318 3556 dixerit.
2358 3519 2378 3553 ι

2027 3591 2118 3648 29.
2155 3593 2353 3649 lterum
2386 3593 2636 3649 addidit:
2673 3614 2690 3644 ι
2729 3592 2916 3649 Solum
2957 3608 3144 3650 verum
3171 3636 3185 3661 ,
3226 3596 3403 3651 solum
3452 3597 3552 3652 im-

1957 3684 2348 3740 mortalitatem
2382 3684 2694 3740 habentem.
2732 3704 2751 3736 ι

2028 3776 2350 3832 Ambrosius
2380 3777 2674 3846 episcopus
2707 3777 2845 3832 dixit
2900 3795 2913 3832 :
2972 3796 2990 3830 ι
3024 3777 3198 3833 Filius
3247 3779 3340 3833 Dei
3398 3778 3566 3836 habet

1961 3887 1980 3921 ε
2018 3870 2522 3938 immortalitatem,
2567 3881 2660 3926 aut
2709 3887 2817 3925 non
2848 3870 3011 3926 habet
3039 3871 3341 3927 secundum
3362 3871 3562 3930 divini-

1956 3973 2121 4049 tatem
2145 3965 2168 4019 ?
2192 3985 2210 4019 ι

2027 4059 2302 4116 Palladius
2330 4060 2472 4115 dixit
2504 4079 2516 4114 :
2553 4080 2571 4112 ι
2593 4061 2916 4132 Apostolum
2945 4060 3213 4125 admittis,
3245 4077 3314 4116 an
3342 4061 3495 4116 non?
3533 4081 3552 4114 ι

1957 4155 2071 4210 Rex
2096 4171 2273 4229 regum
2294 4197 2308 4223 ,
2333 4158 2423 4228 qui
2445 4157 2587 4210 solus
2615 4157 2764 4211 habet
2786 4156 3224 4211 immortalitatem
3247 4155 3289 4228 (l
3319 4155 3455 4213 Tim.
3479 4173 3529 4214 vI
3549 4201 3565 4226 ,

1956 4247 2088 4319 te).

2027 4343 2351 4399 Ambrosius
2379 4344 2669 4415 episcopus
2713 4342 2852 4400 dixit
2904 4360 2919 4398 :

1961 4455 1980 4488 ι
2021 4436 2115 4492 Dei
2145 4437 2271 4508 quid
2298 4437 2476 4492 dicis?
2513 4457 2531 4490 ι

2025 4530 2298 4587 Palladius
2319 4531 2496 4587 dixit:
2531 4549 2550 4582 ‹
2596 4531 2850 4587 Christus
2887 4545 3086 4588 nomen
3129 4531 3376 4588 divinum
3425 4543 3510 4590 est
3542 4576 3558 4601 ,

2981 4361 2999 4394 ι
3045 4341 3122 4398 De
3157 4339 3376 4400 Christo
3420 4345 3564 4402 Filio

323 4617 604 4674 Palladius
632 4617 769 4674 dixit
801 4633 816 4672 :
855 4637 873 4670 ι
908 4616 1112 4672 Verum
1143 4618 1238 4674 Dei
1273 4617 1471 4675 Filium
1512 4622 1848 4692 unigenitum
1877 4615 1934 4676 D
1958 4639 2025 4680 an
2055 4624 2387 4682 humanum?
2418 4646 2437 4679 ι

287 4728 395 4770 ιοο.
436 4732 457 4766 ι

344 4728 395 4768 o.
436 4732 457 4766 ι

244 4714 596 4863 ll“i‘lusebius
625 4807 918 4879 episcopus
946 4806 1086 4862 dixit
1119 4824 1131 4859 :
1163 4826 1182 4860 ‹
1219 4805 1336 4864 Hoc
1365 4825 1498 4880 ergo
1524 4819 1684 4880 putas
1713 4827 1850 4868 con-

247 4910 335 4956 tra
390 4900 702 4971 Scripturas
732 4942 748 4968 ,
797 4899 842 4956 si
881 4898 1132 4955 Christus
1158 4898 1304 4955 Deus
1341 4917 1506 4958 verus
1543 4918 1664 4960 esse
1693 4907 1848 4961 dica-

245 4995 386 5052 tur?
416 5013 436 5047 ι

325 5141 352 5169 ιι
379 5130 453 5186 Ita
478 5128 637 5186 Chill.
663 5138 694 5184 a
712 5144 821 5200 quo
844 5144 954 5184 non
985 5128 1252 5184 recedunt
1276 5128 1412 5184 Tell.
1440 5137 1496 5184 et
1519 5128 1712 5196 Labb.,
1739 5131 1842 5186 nisi

242 5203 658 5274 quod’primum
680 5200 985 5274 membrum
1014 5201 1202 5271 legunt
1224 5201 1331 5257 hoc
1351 5201 1514 5274 modo
1539 5219 1551 5253 :
1576 5201 1667 5254 sed
1692 5204 1844 5274 etiam

241 5272 295 5332 is
323 5275 534 5347 quidem
557 5290 677 5347 ‘non
722 5273 993 5347 confitetur
1020 5289 1039 5327 :
1077 5282 1462 5347 totumautem
1504 5273 1682 5326 locum
1714 5272 1846 5347 edit.

248 5343 415 5403 Rom.
448 5349 528 5401 sic
557 5343 723 5399 habet
756 5362 768 5398 :
798 5355 847 5398 et
873 5346 1048 5410 etiam,
1089 5353 1145 5398 ut
1169 5344 1446 5398 recitatum
1475 5352 1573 5408 est,
1603 5359 1721 5397 eum
1761 5346 1848 5412 qui

242 5420 529 5487 conﬁtetur
553 5416 723 5470 solum
757 5414 966 5470 Patrem
1004 5427 1276 5481 reternum,
1323 5417 1498 5487 solum
1529 5416 1640 5469 sine
1679 5415 1846 5478 initio,

243 5486 424 5546 solum
472 5503 668 5552 verum,
715 5487 881 5542 solum
928 5487 1366 5542 immortalitatem
1414 5486 1706 5550 habentem,
1749 5502 1852 5539 non

240 5564 408 5618 etiam
467 5559 666 5613 Filium
714 5560 982 5628 (aqualem,
1033 5557 1306 5612 attat/tenta
1355 5559 1490 5613 dico.
1550 5557 1854 5611 Ambrosius

240 5635 529 5705 episcopus
559 5631 690 5683 dixit
722 5647 740 5683 :
771 5640 818 5684 et
850 5631 902 5683 in
943 5631 1037 5684 hoc
1062 5631 1274 5683 damno.

270 5757 278 5762 ,
325 5707 352 5745 ιι
384 5705 544 5758 Rom.
575 5701 708 5756 edit.
741 5703 878 5765 sola,
910 5717 1076 5761 verus.
1113 5700 1387 5756 Palladius
1418 5701 1548 5757 dixit
1575 5719 1594 5756 .·
1621 5700 1758 5767 Quid
1785 5710 1859 5755 est

249 5773 620 5836 hori’Fiiium
647 5783 822 5827 verum
853 5775 966 5841 quis
993 5789 1097 5826 non
1119 5771 1293 5825 dicit?
1403 5805 1405 5810 ς

338 5858 358 5888 ιι
397 5845 544 5901 Edit.
575 5843 733 5901 Rom.
759 5839 895 5915 sola,
927 5839 1085 5898 trabea
1114 5855 1436 5912 responsum.

2030 4721 2121 4777 25.
2153 4720 2422 4776 Eusebius
2451 4720 2744 4792 episcopus
2766 4721 2903 4776 dixit
2932 4738 2947 4776 :
2985 4740 3004 4774 ι
3043 4721 3356 4777 Secundum
3382 4722 3568 4778 carnis

1959 4813 2178 4884 quidem
2223 4823 2623 4870 sacramentum
2679 4813 2928 4871 Christus
2974 4815 3215 4882 dicitur,
3267 4815 3364 4870 sed
3418 4814 3560 4870 idem

1959 4907 2104 4963 Deus
2129 4916 2184 4962 et
2212 4907 2375 4962 homo
2400 4916 2505 4962 est.
2547 4927 2566 4960 ι

2031 5001 2311 5058 Palladius
2347 5002 2487 5058 dixit
2539 5022 2554 5060 :

2020 5131 2046 5170 ἀ
2078 5134 2280 5189 Eadem
2309 5134 2468 5201 edit.,
2495 5152 2670 5191 verum
2701 5137 2897 5192 Filium
2924 5137 3024 5193 Dei
3053 5140 3190 5193 dico.

2027 5216 2050 5242 ε
2083 5206 2179 5262 Hic
2208 5214 2266 5262 et
2301 5208 2439 5262 intra
2477 5209 2723 5273 pluribus
2759 5211 2896 5266 locis
2922 5211 3012 5264 ubi
3047 5211 3206 5265 Rom.
3239 5209 3374 5264 edit.
3406 5211 3562 5278 ponit

1953 5275 2154 5343 Deum;
2195 5278 2317 5333 alia:
2349 5293 2412 5333 ac
2451 5278 2592 5334 Tell.
2631 5297 2736 5337 ms.
2769 5293 3088 5337 constanter
3127 5281 3350 5346 habent,
3385 5275 3564 5334 Domi-

1954 5365 2095 5402 num.

2030 5419 2050 5456 ί
2085 5419 2242 5476 Chii].
2271 5422 2444 5485 solus,
2475 5425 2754 5478 secundum
2783 5425 3123 5480 divinitatem.

2031 5497 2055 5533 κ
2087 5491 2163 5547 ita
2211 5492 2560 5565 'l‘ell.,_l.ah.
2613 5506 2668 5548 et
2722 5495 2882 5549 Chitl.
2913 5513 2926 5546 :
2957 5495 3116 5548 Rom.
3166 5504 3349 5550 autem
3397 5497 3558 5565 edit.,

1962 5558 2128 5636 Deum
2156 5558 2550 5636 verunyDeum
2576 5581 2686 5618 esse
2704 5565 2903 5636 videtur
2933 5581 3139 5636 negare.

2036 5633 2061 5668 δ
2090 5634 2249 5689 Rom.
2279 5635 2436 5696 edit.,
2482 5638 2708 5688 humano
2733 5633 2921 5701 allectu
2952 5633 3100 5697 dicit,
3128 5656 3195 5691 an
3223 5640 3276 5692 in
3305 5641 3558 5696 veritate?

2042 5703 2056 5739 ί
2097 5705 2296 5759 Eadem
2329 5707 2460 5759 edit.
2491 5706 2672 5768 110111.,
2704 5714 2890 5774 praeter
2917 5703 3134 5772 Filium,
3168 5709 3303 5764 alius
3332 5730 3431 5765 non
3465 5725 3558 5768 est.

2041 5774 2053 5846 ρ
2097 5775 2296 5846 Eadem
2328 5775 2487 5846 edit.,
2521 5772 2909 5846 uerum—Deum,
2941 5774 3141 5831 Filium
3166 5778 3280 5846 Dei.

2040 5835 2064 5879 ἰ
2101 5844 2304 5900 Eadem
2333 5835 2490 5910 edit.,
2523 5841 2687 5900 Deum
2719 5835 3024 5904 verum'tton
3055 5845 3262 5905 dmin;

2615 5023 2634 5056 ‹
2693 5001 2948 5063 Christus
2976 5020 3174 5062 nomen
3221 5003 3402 5060 carnis
3429 5010 3512 5058 est
3546 5020 3558 5057 :
