4014 6290
505 295 611 354 9ἑῦ

1859 299 2107 358 8ΑΝΟΤΙ

2220 300 2464 358 lBROSlI
3661 309 3742 366 liii

507 416 754 472 Christus
807 429 1005 471 nomen
1053 415 1346 472 humanum
1389 423 1510 484 est;
1543 425 1598 472 ct
1635 415 1962 484 respondete
2007 430 2106 471 vos
2133 423 2182 484 Α
2217 433 2236 468 ι
2275 415 2574 470 secundum
2613 415 2952 472 divinitatem
2983 415 3144 473 habet
3177 416 3629 476 immortalitatem.
3661 425 3748 478 liot-

509 510 665 568 Inibi.
700 532 720 565 1

581 605 848 661 Eusebius
877 605 1169 676 episc0pns
1199 604 1333 661 dixit
1385 623 1398 660 :
1457 621 1477 656 ι
1513 603 1652 672 Quid
1680 601 1972 674 superﬂuis
2002 591 2102 657 ini-

507 697 778 752 moraris?
802 697 937 753 Cum
970 699 1242 768 legeretur
1269 698 1518 770 impietas
1552 696 1704 765 Arii,
1733 697 1823 768 qui
1848 696 1950 752 hoc
1976 695 2108 751 dicit

508 790 578 846 de
611 791 790 858 Patre,
819 791 946 862 quia
983 791 1138 846 solus
1179 789 1339 845 habet
1393 791 1861 848 immortalitatem
1893 831 1907 857 ,
1966 796 2108 845 attu-

511 884 624 940 listi
651 883 1020 940 testimonium
1046 884 1112 938 ad
1135 898 1461 939 consensum
1509 883 1808 954 impietatis
1837 885 1952 939 Arii
1985 925 2001 952 ,
2040 897 2105 939 ex

511 978 774 1048 Apostolo
797 977 988 1033 dicens
1019 995 1032 1032 :
1068 976 1172 1045 Qui
1197 977 1338 1032 solus
1359 977 1505 1031 habet
1535 978 1976 1033 inmortalitate»:
1995 1021 2010 1042 ,
2059 985 2109 1032 et

511 1072 676 1127 lucem
707 1071 1109 1126 inaccessibilem
1134 1070 1330 1126 habitat
1353 1071 1396 1144 (I
1421 1069 1558 1125 Tim.
1585 1087 1664 1137 Vl,
1691 1070 1800 1145 16).
1829 1071 1938 1128 Sed
1955 1072 2001 1127 si
2029 1074 2106 1128 in~

510 1165 738 1237 telligis,
757 1165 925 1221 tutius
953 1174 1159 1221 natura:
1181 1166 1524 1238 dignitatem,
1548 1167 1604 1222 in
1637 1168 1729 1223 Dei
1761 1169 1984 1224 nomine
2009 1185 2110 1224 ex-

511 1257 712 1328 pressit
737 1275 748 1311 :
784 1256 1064 1328 Siquidem
1098 1257 1151 1313 in
1186 1257 1287 1314 Dei
1311 1258 1533 1317 nomine
1553 1259 1716 1318 Pater
1738 1270 1793 1316 et
1823 1260 1996 1318 Filius
2015 1261 2110 1318 de-

509 1351 814 1423 signantur.
857 1368 880 1403 ›

583 1444 854 1500 Palladius
876 1443 1052 1500 dixit:
1091 1464 1110 1498 ι
1149 1446 1214 1502 Et
1233 1460 1334 1517 ego
1359 1461 1488 1514 vos,
1538 1446 1686 1518 quod
1721 1447 2103 1522 interrogavi,

510 1541 844 1612 respondere
876 1540 1146 1598 noluistis.
1184 1560 1204 1593 1

577 1635 670 1690 24.
715 1634 1042 1691 Ambrosius
1070 1635 1362 1707 cpiscopus
1418 1636 1596 1694 dixit:
1637 1655 1656 1692 ι
1691 1638 1895 1708 Aperte
1941 1638 2010 1696 de
2057 1648 2108 1698 te

516 1747 534 1780 ε
572 1730 898 1784 sententiam
928 1743 1120 1800 quaero
1155 1746 1168 1784 :
1202 1729 1376 1785 Filius
1407 1730 1502 1786 Dei
1535 1731 1701 1786 habet
1731 1731 2108 1786 immortalita-

2215 527 2236 562 ι
2273 508 2365 580 qui
2396 518 2580 580 negat,
2607 509 2856 566 diabolus
2880 521 2984 567 est.
3019 531 3038 564 1

2282 601 2551 658 Palladius
2580 603 2715 659 dixit
2740 621 2752 657 :
2787 621 2807 655 ‹
2844 603 2960 676 Ego
2986 604 3176 660 Arium
3204 621 3313 662 non
3340 607 3508 662 novi.»

2280 695 2372 751 26.
2417 696 2738 752 Ambrosius
2765 698 3053 768 episcopus
3077 697 3212 754 dixit
3242 717 3256 754 :
3291 717 3310 751 ι
3339 698 3479 772 Ergo
3503 702 3626 758 male
3647 703 3754 760 dixit

2215 808 2235 842 ι
2273 791 2456 854 Arius,
2487 806 2609 846 cuin
2639 792 2803 846 etiam
2836 789 3008 848 Filius
3051 791 3147 848 Dei
3195 793 3391 848 habeat
3432 795 3756 851 immortalita-

2217 899 2235 934 t
2275 891 2380 938 tem
2419 884 2716 939 secundum
2762 884 3123 940 divinitatem.
3163 907 3182 939 1
3215 888 3280 942 Et
3318 886 3552 942 addidit:
3583 907 3600 941 t
3637 889 3757 946 Bene

2218 993 2238 1028 ι
2274 975 2411 1030 dixit
2437 992 2590 1048 ergo,
2617 992 2685 1032 an
2715 977 2892 1034 male?
2927 997 2946 1030 1

2283 1070 2556 1128 Palladius
2587 1072 2756 1128 dixit:
2791 1093 2811 1126 ι
2841 1073 2956 1129 Non
2986 1075 3292 1132 consentio.
3332 1095 3351 1128 ›

2286 1163 2605 1218 Ambrosius
2643 1165 2929 1237 cpiscopus
2958 1165 3133 1222 dixit:
3170 1185 3189 1220 ι
3214 1167 3313 1222 Cui
3346 1183 3455 1224 non
3493 1171 3764 1224 consentis?

2219 1273 2240 1308 ‹
2275 1255 2574 1311 Anathema
2606 1257 2822 1330 illi,qui
2858 1273 2964 1313 non
3003 1259 3238 1330 explicat
3271 1260 3394 1316 ﬁdei
3424 1261 3715 1317 libertatem.
3743 1281 3760 1315 ι

2282 1351 2488 1406 Omnes
2513 1352 2755 1423 episcopi
2786 1353 3047 1409 dixerunt
3075 1372 3088 1408 :
3127 1373 3147 1406 ‹
3181 1353 3510 1412 Anatbema.
3546 1375 3565 1408 1

2282 1445 2551 1504 Palladius
2578 1445 2752 1503 dixit:
2791 1465 2810 1500 ι
2844 1448 3022 1504 Dicite
3049 1447 3193 1520 quod
3228 1450 3425 1518 vultis,
3462 1450 3576 1522 ejus
3607 1461 3678 1508 eet
3703 1453 3767 1508 ili-

2212 1536 2409 1593 vinitas
2439 1539 2784 1595 immortalis.
2823 1557 2843 1592 ι

2285 1631 2604 1688 Ambrosius
2630 1633 2914 1705 episcopus
2941 1633 3078 1688 dixit
3107 1651 3121 1687 :
3154 1652 3175 1686 ‹
3213 1633 3399 1704 Cujus,
3429 1635 3617 1702 Patris,
3641 1651 3696 1690 an
3721 1645 3767 1690 et

2217 1743 2236 1777 ‹
2277 1724 2440 1780 Filii?
2471 1743 2490 1778 ι
2529 1725 2599 1780 Et
2625 1727 2832 1782 addidit
2862 1745 2874 1780 :
2911 1745 2930 1780 ι
2966 1726 3160 1782 Multas
3204 1729 3515 1799 impietates
3542 1733 3775 1802 congessit

431 1857 445 1868 -
514 1843 532 1876 ‹
565 1837 672 1879 tem
706 1822 1006 1880 secundum
1031 1823 1446 1896 generationem
1476 1825 1750 1896 divinam,
1783 1841 1848 1881 an
1879 1841 1988 1882 non
2017 1826 2112 1882 ha-
2139 1833 2190 1896 Β
2221 1838 2239 1872 ι
2281 1821 2464 1876 Arius.
2491 1819 2599 1877 Sed
2629 1821 2694 1876 ad
2722 1821 2826 1876 alia
2857 1832 3217 1877 transeamus.
3252 1843 3270 1875 ι

515 1917 753 1974 «bet?»

583 2013 855 2072 Palladius
885 2015 1064 2073 dixit:
1093 2035 1113 2069 ι
1150 2014 1463 2073 Secundum
1519 2014 1930 2088 generationem
1977 2013 2113 2069 divi-

512 2122 634 2162 nam
665 2109 1120 2181 incorruptibilis,
1151 2121 1206 2166 et
1233 2127 1330 2182 per
1355 2125 1580 2166 carnem
1603 2119 1850 2166 mortuus
1878 2119 1982 2166 est.
2015 2129 2034 2162 1

583 2205 904 2261 Ambrosius
929 2208 1220 2278 episcopus
1245 2205 1381 2262 dixit
1412 2225 1424 2262 :
1463 2225 1481 2260 ι
1515 2207 1632 2262 Non
1675 2205 1936 2262 divinitas
1967 2222 2113 2265 mor-

516 2311 536 2344 ι
567 2303 660 2349 tua
693 2305 798 2364 est,
823 2297 920 2352 sed
946 2312 1075 2353 caro
1106 2307 1319 2352 mortua
1347 2307 1453 2354 est.
1487 2317 1507 2352 1

583 2389 858 2444 Palladius
887 2390 1028 2446 dixit
1055 2408 1069 2446 :
1107 2409 1126 2444 ι
1163 2391 1310 2446 Ante
1343 2407 1444 2446 vos
1474 2391 1608 2448 mihi
1641 2391 1988 2463 respondete.
2017 2412 2036 2448 ι

584 2483 906 2540 Ambrosius
927 2485 1220 2557 episcopus
1237 2486 1379 2541 dixit
1407 2503 1420 2540 :
1453 2505 1472 2540 ε
1497 2485 1667 2541 Filius
1697 2487 1788 2543 Dei
1813 2486 2112 2544 secundum

525 2593 544 2628 t
583 2575 930 2632 divinitatem
991 2578 1154 2634 habet
1212 2579 1680 2634 immortalitatem
1711 2620 1728 2646 ,
1777 2595 1844 2634 an
1884 2595 1993 2636 non
2021 2577 2118 2636 ba—

519 2689 538 2724 (
579 2672 712 2727 bet?
739 2681 760 2707 η
784 2672 891 2730 Sed
922 2685 976 2728 et
999 2673 1112 2744 jam
1139 2664 1355 2730 fraudes
1385 2682 1439 2730 ct
1469 2675 1693 2731 insidias
1733 2683 1852 2730 tuas
1882 2690 1987 2730 non
2024 2690 2114 2732 se-

526 2781 545 2814 ε
582 2763 818 2819 cundum
864 2765 980 2820 Arii
1014 2765 1408 2837 professionem
1461 2767 1796 2840 prodidisti?
1825 2788 1845 2822 ι
1875 2769 1942 2824 Et
1964 2769 2119 2824 addi-

522 2856 604 2912 dit
643 2873 655 2911 :
697 2875 716 2909 α
745 2857 850 2924 Qui
873 2858 1068 2914 Filiqu
1089 2859 1183 2916 Dei
1213 2867 1378 2932 negat
1397 2859 1598 2916 habere
1621 2861 2114 2932 immortalitatem,

522 2969 541 3002 ι
573 2951 702 3022 quid
727 2941 885 3008 vobis
911 2949 1174 3008 videtur?
1207 2971 1226 3006 ι

584 3043 786 3101 Omnes
809 3044 1053 3117 episcopi
1073 3047 1369 3102 dixerunt:
1408 3065 1427 3100 ι
1467 3046 1768 3106 Auathema
1792 3047 2111 3105 habeatur.»

584 3139 679 3195 25.
709 3139 984 3196 Palladius
1022 3139 1203 3196 dixit:
1252 3159 1272 3193 ι
1315 3140 1476 3198 Salus
1526 3141 1743 3198 divinus
1793 3142 2117 3200 immortalis

515 3241 625 3287 est.
668 3251 688 3285 1

588 3328 914 3386 Ambrosius
940 3329 1230 3402 episcopus
1277 3328 1456 3388 dixit:
1510 3347 1530 3382 ι
1565 3330 1758 3386 Astute
1785 3339 1840 3386 et
1867 3331 1972 3386 huc
1997 3372 2012 3398 ,
2058 3341 2115 3385 ut

520 3439 538 3474 ι
573 3421 641 3476 de
673 3421 767 3478 Dei
799 3423 940 3478 Filio
967 3423 1101 3478 nihil
1131 3407 1410 3494 éxprimas
1432 3422 1733 3489 evidenter,
1765 3435 1821 3479 et
1838 3437 1938 3494 ego
1954 3423 2110 3479 dico:

518 3535 540 3570 α
569 3517 1044 3574 lmmortalitatem
1071 3517 1234 3574 habet
1258 3517 1349 3574 Dei
1387 3518 1562 3574 Filius
1589 3517 1887 3574 secundum
1912 3517 2111 3572 divini-

521 3629 540 3662 ι
583 3621 768 3678 tatem,
800 3620 892 3666 aut
922 3627 1061 3682 nega
1087 3613 1212 3682 quia
1243 3627 1348 3667 non
1377 3611 1539 3668 habet
1565 3612 2054 3667 immortalitatem.
2089 3629 2108 3664 1

591 3705 861 3760 Palladius
881 3705 1026 3760 dixit
1055 3722 1068 3759 :
1099 3724 1118 3757 t
1142 3704 1392 3762 Chrisms
1417 3716 1660 3762 mortuus
1687 3713 1791 3772 est,
1819 3719 1889 3760 an
1912 3703 2056 3760 non?
2090 3725 2108 3758 1

591 3795 916 3855 Ambrosius
946 3799 1236 3869 episc0pns
1259 3798 1394 3854 dixit
1417 3815 1432 3852 :
1466 3817 1485 3851 ‹
1511 3797 1820 3855 Secundum
1846 3813 2068 3853 carnem
2099 3815 2112 3852 :

525 3907 544 3941 ι
579 3872 767 3945 anima
794 3899 976 3945 nostra
1007 3905 1114 3947 non
1157 3892 1418 3958 moritur;
1470 3891 1734 3962 scriptum
1783 3903 1866 3947 est
1906 3890 2050 3948 enim
2097 3908 2110 3944 :

521 4002 540 4036 ι
574 3983 751 4042 Nolite
781 3985 976 4042 timere
1017 4001 1113 4042 eos
1162 3985 1256 4058 qui
1297 3985 1786 4058 occiduntcorpus
1817 4028 1832 4053 ,
1877 3987 2114 4042 animam

522 4095 541 4130 ι
579 4085 758 4134 autem
793 4095 898 4134 non
930 4089 1157 4151 possunt
1185 4079 1437 4136 occidere
1465 4078 1685 4153 (Matth.
1717 4095 1814 4146 ιιι,
1843 4077 1958 4150 28).
1978 4076 2114 4135 Cum

525 4188 544 4221 r
575 4171 740 4242 igitur
768 4173 949 4227 anima
981 4181 1169 4229 nostra
1204 4172 1344 4228 mori
1367 4189 1476 4228 non
1509 4173 1675 4244 possit
1706 4214 1721 4239 ,
1767 4181 1927 4244 putas
1969 4171 2114 4244 quod

525 4281 543 4314 ι
578 4263 830 4320 Christus
859 4267 1158 4322 secundum
1189 4265 1532 4323 divinitatem
1552 4275 1800 4323 mortuus
1830 4267 1947 4322 sit?
1976 4283 1996 4319 ι

591 4355 868 4414 Palladius
893 4359 1030 4414 dixit
1063 4376 1078 4414 :
1117 4359 1362 4429 (Mortis
1409 4359 1837 4432 appellationem
1861 4375 2028 4432 quare
2059 4369 2114 4416 tu

517 4447 744 4505 horres?
781 4468 799 4502 1

587 4541 908 4600 Ambrosius
938 4545 1225 4619 episcopus
1261 4546 1398 4603 dixit
1429 4565 1442 4601 :
1481 4566 1501 4600 ‹
1539 4547 1710 4602 Immo
1750 4560 1858 4602 non
1887 4545 2112 4622 horreo,

2285 1913 2379 1969 27.
2423 1915 2490 1970 Et
2514 1916 2798 1971 recitatum
2829 1925 2951 1972 est:
2988 1935 3006 1969 ι
3043 1916 3231 1972 Solum
3262 1917 3584 1988 sapientem.
3615 1937 3632 1970 1

2289 2007 2561 2063 Palladius
2589 2008 2762 2064 dixit:
2793 2027 2812 2061 ι
2846 2009 3008 2064 Pater
3043 2024 3071 2062 a
3116 2024 3176 2064 se
3215 2011 3396 2082 sapit:
3428 2009 3592 2066 Filius
3631 2022 3774 2066 autem

2215 2102 2435 2173 sapiens
2467 2119 2572 2156 non
2601 2112 2704 2156 est.
2751 2117 2771 2155 1

2285 2196 2607 2254 Ambrosius
2633 2198 2921 2268 episcopus
2955 2195 3126 2252 dixit:
3162 2213 3184 2248 ι
3222 2197 3366 2269 Ergo
3396 2196 3564 2254 Filius
3600 2215 3689 2252 non
3711 2205 3776 2252 est

2220 2308 2239 2341 ι
2278 2291 2515 2362 sapiens,
2547 2305 2669 2345 cum
2689 2291 2815 2361 ipse
2835 2290 2906 2345 sit
2929 2291 3194 2361 sapientia
3226 2290 3272 2361 (l
3305 2291 3426 2345 Cor.
3457 2306 3497 2357 ι,
3526 2289 3649 2362 24)?
3670 2290 3774 2346 Nam

2221 2399 2240 2436 ι
2277 2393 2334 2439 et
2373 2397 2471 2438 nos
2507 2383 2761 2449 dicimus,
2793 2386 2916 2453 quia
2948 2397 3014 2438 ex
3047 2382 3210 2438 Patre
3254 2390 3414 2438 natus
3448 2394 3531 2438 cst
3564 2383 3726 2438 Filius.
3754 2403 3770 2434 1

2290 2474 2560 2532 Eusebius
2601 2475 2892 2546 episcopus
2919 2475 3096 2531 dixit:
3134 2495 3153 2528 ι
3191 2475 3288 2530 Est
3325 2475 3532 2544 aliquid
3567 2488 3660 2530 tam
3699 2475 3776 2528 im-

2217 2568 2394 2638 pium,
2435 2577 2541 2624 tam
2574 2567 2894 2640 profanum,
2938 2584 3098 2642 quam
3144 2569 3288 2640 ipiod
3335 2569 3476 2624 dixit
3514 2570 3775 2640 sapientem

2217 2663 2414 2718 Filium
2449 2664 2539 2719 Dei
2569 2665 2806 2734 negare?
2838 2683 2857 2718 ι

2289 2758 2560 2814 Palladius
2605 2757 2784 2814 dixit:
2820 2776 2841 2812 ι
2877 2757 3153 2828 Sapientia
3200 2757 3434 2826 dicitur,
3473 2760 3591 2832 quis
3631 2768 3777 2830 potest

2219 2851 2539 2923 sapientiam
2570 2851 2882 2922 denegare?
2917 2867 2937 2904 1

2289 2945 2610 3000 Ambrosius
2656 2945 2949 3014 episcopus
3001 2943 3143 3000 dixit
3184 2963 3198 3000 :
3245 2963 3266 2997 ε
3309 2943 3538 3016 Sapiens
3583 2954 3683 3013 est,
3721 2961 3774 2998 an

2219 3038 2365 3093 non?
2404 3057 2422 3090 1

2291 3129 2563 3186 Palladius
2588 3130 2724 3187 dixit
2754 3147 2768 3186 :
2805 3149 2825 3184 ι
2860 3131 3137 3202 Sapientia
3167 3138 3270 3187 est.
3307 3151 3328 3185 1

2294 3225 2614 3279 Ambrosius
2651 3225 2946 3296 episcopus
2988 3225 3165 3280 dixit:
3200 3243 3220 3278 ε
3253 3225 3485 3296 Sapiens
3512 3241 3652 3298 ergo,
3679 3241 3774 3281 cum

2225 3337 2246 3371 ι
2289 3319 2358 3375 sit
2387 3319 2672 3390 sapientia.
2703 3338 2722 3370 1
3015 3311 3022 3317 ”

2293 3412 2562 3468 Palladius
2620 3413 2809 3468 dixit:
2867 3430 2886 3464 t
2933 3413 3242 3470 Secundum
3302 3415 3613 3486 Scripturas
3657 3412 3778 3469 vobis

2219 3506 2642 3576 rcSpOndetnus.
2679 3525 2696 3559 1

2290 3599 2612 3655 Ambrosius
2657 3600 2950 3670 episcopus
2997 3598 3175 3656 dixit:
3207 3618 3228 3653 ‹
3261 3601 3440 3656 Etiam
3485 3603 3772 3674 sapiente,

2225 3709 2244 3742 ι
2283 3703 2542 3762 quantutn
2573 3693 2752 3758 video,
2781 3691 2976 3748 Filium
3027 3693 3120 3748 Dei
3161 3693 3438 3750 Palladius
3488 3711 3672 3768 negare
3704 3709 3776 3748 ce-

2225 3805 2245 3838 t
2285 3796 2446 3844 natus
2469 3797 2576 3844 est.
2617 3807 2637 3842 1

2291 3879 2556 3938 Eusebius
2585 3881 2876 3952 episcopus
2901 3880 3076 3938 dixit:
3109 3898 3130 3932 ι
3163 3879 3267 3950 Qui
3301 3891 3461 3954 negat
3495 3881 3676 3938 Filium
3701 3877 3772 3934 Dei

2219 3975 2544 4046 sapientem,
2571 3975 2864 4031 anathema
2891 3975 2982 4031 sit.
3021 3994 3040 4028 1

2291 4068 2496 4123 Omnes
2525 4068 2771 4139 episcopi
2796 4067 3072 4136 dixerunt,
3103 4086 3123 4120 ι
3156 4068 3490 4125 Anathema.
3527 4087 3545 4121 ι

2288 4163 2378 4220 28.
2425 4163 2692 4220 Eusebius
2717 4164 3010 4235 episc0pns
3036 4164 3221 4218 dixit:
3259 4181 3280 4216 ι
3314 4163 3490 4219 Etiam
3519 4162 3777 4220 Secundi:-

2221 4277 2322 4317 nus
2349 4259 2415 4316 ad
2445 4263 2546 4316 huc
2573 4259 2926 4331 reSpOttdeat.
2961 4278 2980 4312 1

2290 4354 2533 4424 Cumque
2557 4353 2931 4411 Secundianus
2957 4355 3236 4422 reticeret,
3264 4353 3588 4410 Ambrosius
3607 4351 3783 4422 episco-

2218 4465 2320 4520 pus
2360 4449 2494 4506 dixit
2523 4468 2536 4504 :
2568 4467 2587 4503 ι
2619 4450 2719 4518 Qui
2769 4461 2910 4506 tacct
2935 4493 2950 4515 ,
2982 4450 3252 4521 integrum
3283 4449 3402 4504 vult
3431 4449 3629 4504 habere
3663 4445 3780 4517 judio

2225 4567 2243 4600 ι
2278 4540 2442 4604 cium.
2481 4567 2500 4600 1
2534 4545 2604 4602 Et
2632 4546 2880 4602 addidit:
2916 4564 2936 4598 t
2972 4545 3160 4610 Solum
3204 4543 3421 4600 Patrem
3466 4543 3656 4598 bonum
3683 4556 3780 4595 cum

524 4655 543 4689 ι
581 4639 675 4694 sed
706 4643 969 4697 eonliteor
994 4640 1022 4680 ιι
1055 4644 1354 4700 secundum
1381 4649 1602 4700 carnem
1632 4658 1841 4711 meam;
1865 4653 1948 4698 εει
1970 4643 2114 4698 enim
2141 4639 2196 4701 D
2229 4659 2248 4692 ι
2285 4641 2437 4706 dicit,
2467 4639 2662 4696 Filium
2695 4641 2978 4696 confessus
3005 4646 3110 4706 est,
3140 4653 3209 4693 an
3243 4637 3496 4708 negavit?
3529 4656 3548 4690 ι

524 4747 544 4783 ι
581 4730 742 4804 793
772 4747 868 4803 per
897 4741 1056 4806 quem
1079 4753 1107 4790 a
1132 4738 1320 4792 mortis
1350 4737 1578 4794 vinculis
1601 4751 1720 4793 sum
1751 4737 2048 4794 revinctus.
2087 4755 2108 4789 1

591 4829 864 4886 Palladius
887 4831 1022 4887 dixit
1047 4851 1061 4888 :
1097 4853 1116 4886 ι
1147 4833 1373 4890 Mortem
1401 4833 1672 4904 separatio
1701 4832 1828 4888 facit
1851 4833 2114 4904 spiritus;

424 4943 444 4959 α
517 4937 638 4977 nam
675 4923 944 4980 Christus
987 4925 1158 4982 Filius
1209 4927 1308 4982 Dei
1353 4943 1577 4984 carnem
1624 4927 1890 4998 suscepit,
1919 4937 1974 4983 et
2019 4943 2116 5002 per

517 5030 740 5074 carnem
771 5029 1024 5075 mortuus
1053 5027 1158 5075 cst.
1202 5040 1222 5074 ι

584 5112 905 5169 Ambrosius
923 5113 1213 5184 episcopus
1232 5113 1370 5172 dixit
1393 5132 1406 5168 :
1435 5133 1456 5168 ι
1485 5115 1758 5187 Scriptum
1779 5125 1864 5172 est
1887 5127 1910 5158 θ
1930 5114 2114 5172 Chris-

522 5223 543 5258 t
581 5217 693 5263 tum
723 5221 965 5278 passum.
993 5207 1302 5265 Secundum
1332 5224 1548 5266 carnem
1577 5210 1742 5282 igitur
1784 5225 1976 5284 passus
2004 5207 2110 5284 est,

587 5456 612 5484 ⁸
640 5446 806 5522 Rom.
841 5447 1003 5522 edit,
1049 5445 1156 5504 Sed
1175 5451 1294 5522 jam
1330 5448 1542 5522 fraudes
1569 5458 1618 5506 et
1645 5449 1860 5506 insidias
1891 5458 2009 5522 tua:
2034 5467 2116 5506 se—

513 5520 755 5596 cundant.
785 5531 890 5574 etc.
922 5519 1098 5596 _S_ensu
1125 5519 1344 5596 quidem
1375 5522 1544 5590 magis
1573 5523 1863 5589 concinno,
1894 5521 1938 5577 si
1969 5521 2112 5596 quod

515 5591 664 5663 aliud
693 5593 741 5646 ei
774 5591 1088 5663 pi‘aasitlium
1123 5592 1534 5663 sulTragaretnr.

587 5659 614 5698 δ
646 5661 719 5716 Ita
763 5659 890 5718 cod.
917 5661 1057 5718 Tell.
1104 5672 1161 5720 et
1186 5659 1318 5720 edit:
1350 5663 1523 5722 Labb.
1562 5675 1618 5720 et
1646 5663 1840 5730 Chiil.;
1873 5673 1928 5720 at
1959 5661 2116 5724 Rem.

517 5734 648 5790 edit.
681 5739 856 5794 locum
911 5742 1134 5798 reiinxit
1159 5745 1210 5802 in
1239 5745 1356 5800 hac
1381 5745 1546 5804 verba
1572 5761 1585 5797 :
1609 5739 1890 5798 secundum
1915 5754 2123 5794 carnem

525 5804 788 5891 Christum
835 5822 1094 5891 nrortuum
1133 5817 1426 5891 esse.iju5
1465 5833 1686 5885 namque
1726 5823 1890 5870 morte
1927 5810 2124 5891 diaboli

521 5880 738 5955 vinculis
779 5883 1032 5938 revinctus
1059 5902 1094 5942 ο
1127 5890 1304 5944 mortis
1332 5880 1611 5961 'potestate'
1649 5904 1765 5945 sum
1805 5896 2003 5944 nutus.
2053 5883 2122 5957 Al

2294 4735 2568 4790 Palladius
2607 4734 2744 4789 dixit
2776 4751 2790 4786 :
2824 4751 2843 4786 ι
2883 4733 3174 4802 Legimus:
3209 4729 3323 4803 Ego
3363 4747 3481 4785 sum
3517 4738 3680 4802 pastor
3713 4727 3784 4780 btt-

2225 4848 2321 4886 nus
2351 4828 2527 4900 (Joan.
2558 4845 2614 4895 x,
2649 4827 2774 4904 ll);
2813 4838 2868 4884 et
2909 4841 3008 4882 nos
3048 4825 3341 4898 negamus?
3366 4825 3501 4894 Quis
3536 4842 3637 4880 nun
3665 4822 3782 4878 dicat

2220 4923 2422 4980 bonum
2454 4923 2546 4978 Dei
2577 4921 2809 4978 Filium?
2847 4939 2866 4974 1

2295 5018 2617 5074 Ambrosius
2667 5017 2954 5088 episcopus
3004 5013 3192 5070 dixit:
3241 5031 3260 5066 ε
3305 5013 3448 5084 Ergo
3503 5011 3668 5067 bonus
3715 5015 3784 5062 est

2225 5130 2245 5166 ι
2282 5110 2577 5169 Christus?
2609 5128 2630 5164 1

2293 5204 2568 5261 Palladius
2602 5201 2742 5258 dixit
2770 5217 2784 5256 :
2824 5219 2845 5253 σ
2875 5200 3082 5256 Bonus.
3115 5224 3136 5252 ι

2220 5441 2620 5502 observandum
2651 5453 2838 5498 vocem
2867 5439 3121 5493 revinctus
3145 5437 3197 5492 in
3232 5437 3335 5493 hoc
3366 5444 3618 5494 contextu
3649 5445 3782 5499 aegr

2223 5519 2426 5576 tionem
2469 5513 2769 5574 involvere,
2809 5520 2866 5566 ut
2911 5509 3015 5566 illa:
3046 5509 3170 5564 alia:
3204 5509 3474 5570 reclusus.
3502 5511 3715 5563 retectus
3737 5510 3782 5554 ct

2223 5589 2427 5644 similes
2453 5605 2464 5640 :
2493 5587 2774 5656 quodnon
2806 5581 3060 5656 videntur
3085 5579 3389 5635 advertisse
3421 5578 3662 5656 liumani.

2302 5671 2323 5699 ο
2359 5649 2524 5714 Rom:
2567 5655 2726 5722 cdit.,
2778 5670 2992 5722 passum,
3033 5653 3086 5706 in
3134 5667 3384 5706 carne....
3431 5649 3648 5722 Ariantts
3689 5655 3781 5707 est;

2228 5733 2346 5786 alim
2373 5746 2494 5784 cum
2524 5727 2663 5783 Tell.
2687 5720 2810 5790 eod.
2838 5727 3114 5796 omittunt,
3140 5722 3194 5788 in
3221 5739 3394 5791 carne,
3420 5730 3476 5778 et
3497 5720 3776 5794 pra-lerunt,

2224 5804 2460 5866 diabolus
2490 5814 2583 5860 est.
3503 5805 3508 5810 ’
