4014 6290
234 302 342 359 9Γί

1439 306 1924 367 EPISTOLARUM
1966 308 2252 368 CLASSIS
2291 311 2332 367 1.

3435 315 3540 373 926

305 421 629 478 Ambrosius
652 424 938 495 epi~Crtptts
965 423 1138 479 dixit:
1176 443 1194 475 ι
1233 423 1369 480 Male
1396 441 1529 496 ergo
1559 424 1721 481 Arius
1769 426 1837 482 de
1866 428 1910 489 Α
1949 446 1966 480 ι
2007 426 2149 494 Filii,
2182 427 2258 483 sic
2296 427 2491 486 Filium
2541 430 2635 486 Dei
2676 431 2798 488 dico
2841 443 3117 503 potentem
3155 436 3293 490 sicut
3336 445 3390 491 ct
3436 437 3540 491 Pa-

241 532 259 568 r
297 516 416 570 solo
454 516 614 572 Patre
645 515 803 582 dixit,
833 533 954 574 cum
988 516 1146 573 etiam
1172 526 1198 554 ιι
1224 515 1390 572 Filius
1423 517 1517 573 Dei
1550 518 1688 574 Dens
1715 532 1829 574 om-

241 626 258 659 t
300 609 462 664 nibus
493 611 586 665 sit.
626 629 644 662 ι

304 702 582 759 Palladius
606 703 742 761 dixit
769 721 781 757 :
818 722 837 757 ι
871 703 972 772 Qui
1005 704 1204 760 bonum
1237 718 1345 759 non
1366 702 1499 760 dicit
1525 703 1829 773 Chrismm,

237 798 379 853 male
406 796 562 853 dicit.
602 818 621 852 ι
1502 780 1515 791 ’

301 888 395 945 29.
441 889 707 946 Eusebius
738 891 1032 963 episcopus
1056 890 1225 946 dixit:
1263 910 1282 943 ‹
1320 890 1594 948 Christum
1630 893 1832 951 bonum

231 981 396 1057 794
419 983 734 1039 conﬁteris?
764 983 897 1038 Nam
922 994 979 1041 et
999 999 1100 1055 ego
1125 984 1297 1040 bonus
1325 1001 1467 1040 sum.
1502 985 1628 1040 Mihi
1656 987 1828 1042 dixit:

233 1075 401 1149 Euge,
429 1094 574 1132 serve
602 1077 731 1132 bone
760 1076 978 1150 (Matth.
1028 1094 1160 1143 xxv,
1189 1075 1303 1149 20),
1334 1086 1388 1133 et
1416 1098 1430 1134 :
1459 1077 1629 1133 Homo
1672 1077 1833 1136 bonus

230 1172 426 1243 profert
453 1173 515 1228 de
543 1172 785 1227 thesauro
813 1189 907 1228 suo
934 1172 1067 1227 bona
1102 1193 1121 1225 ι
1158 1171 1311 1237 (Luc.
1347 1188 1421 1237 vr,
1452 1171 1565 1243 45).

303 1264 577 1320 Palladius
606 1264 782 1319 dixit:
819 1282 837 1316 ι
876 1264 994 1320 Jam
1025 1263 1161 1335 dixi,
1197 1264 1347 1320 vobis
1383 1281 1490 1320 non
1525 1265 1831 1337 responJeo

229 1373 400 1429 usque
425 1358 492 1414 ad
522 1358 737 1430 plenum
759 1356 1072 1413 concilium.
1111 1377 1131 1410 ι

301 1451 618 1507 Ambrosius
645 1451 935 1522 episcopus
962 1450 1098 1507 dixit
1128 1468 1142 1505 :
1176 1470 1195 1503 ι
1224 1448 1401 1506 Judaei
1428 1450 1677 1507 dicebant
1704 1453 1828 1522 quia

233 1566 253 1600 ι
291 1548 467 1603 bonus
492 1557 576 1604 est
606 1546 788 1621 (Joau.
827 1563 923 1614 vu,
952 1547 1043 1616 ιε)
1072 1564 1084 1602 :
1118 1554 1174 1602 et
1207 1546 1371 1602 Arius
1400 1553 1558 1618 negat
1588 1546 1709 1618 quia
1739 1545 1829 1602 Fi-

230 1655 250 1688 t
292 1638 397 1695 lius
420 1639 516 1695 Dei
548 1639 722 1695 bonus
742 1647 845 1693 est.
879 1659 897 1690 ι

296 1733 573 1789 Palladius
600 1732 775 1789 dixit:
807 1752 827 1785 ι
856 1731 991 1802 Quis
1018 1741 1196 1802 potest
1223 1735 1325 1789 itoc
1354 1733 1594 1805 negare?
1628 1753 1647 1787 i

1942 537 1961 570 ί
2006 530 2165 576 trem.
2197 520 2421 578 Dubitas
2463 539 2592 595 ergo
2625 526 2873 582 conﬁteri
2923 527 3210 583 Dominum
3262 539 3537 598 potentem

1941 633 1960 668 ι
1999 629 2120 671 esse
2154 615 2249 671 Dei
2280 616 2517 673 Filium?
2547 639 2563 671 ι

2006 708 2277 765 Palladius
2298 710 2466 765 dixit:
2502 730 2522 765 ι
2557 711 2674 768 Jatn
2705 712 2837 784 dixi,
2872 717 3173 773 secundum
3214 716 3538 787 distiutatio-

1935 816 2083 871 nem,
2115 812 2271 874 prout
2292 819 2607 875 possumus,
2639 809 3030 878 respondemus
3058 812 3243 876 vobis;
3269 826 3364 865 vos
3393 811 3535 865 cuitu

1934 892 2036 946 soli
2080 892 2242 948 vultis
2292 909 2416 951 esse
2454 895 2704 967 jttdices:
2737 914 2830 953 vos
2867 900 3170 970 litigatores
3198 916 3321 958 esse
3350 902 3536 958 vultis.

1934 982 2050 1039 Non
2084 986 2236 1042 vobis
2268 989 2663 1059 respondemus
2694 1008 2836 1047 nunc
2857 1036 2872 1059 ,
2904 993 2999 1048 sed
3032 994 3084 1050 in
3112 996 3348 1052 concilio
3377 1012 3542 1068 gene-

1935 1075 2032 1130 rali
2064 1084 2118 1131 et
2148 1077 2310 1148 pleno
2336 1082 2791 1149 respondebimus
2822 1084 2996 1140 vobis.

2005 1168 2326 1225 Ambrosius
2357 1172 2650 1245 episcopus
2690 1174 2863 1232 dixit:
2902 1196 2920 1229 ‹
2956 1178 3259 1235 Anatltema
3300 1180 3401 1248 illi,
3446 1180 3538 1252 qtti

1940 1278 1958 1312 t
1999 1270 2160 1331 negat
2188 1262 2473 1319 Dominum
2509 1274 2784 1335 potentem
2817 1266 3119 1325 Christum.
3158 1290 3176 1322 ι

2004 1353 2204 1412 Omnes
2228 1356 2470 1427 episcopi
2501 1358 2794 1415 dixerunt:
2832 1381 2851 1414 ι
2888 1363 3211 1419 Anathema.
3252 1384 3270 1417 ι

2001 1448 2091 1504 35.
2136 1449 2267 1505 Item
2315 1452 2598 1508 recitatum
2637 1462 2761 1510 est:
2794 1474 2812 1507 ι
2851 1456 3041 1512 Solum
3088 1466 3387 1528 potentem,
3422 1474 3538 1515 om-

1932 1540 2080 1596 nium
2104 1541 2364 1612 jndicem.
2403 1564 2423 1597 ι

2001 1634 2276 1693 Palladius
2317 1637 2454 1693 dixit
2484 1655 2498 1694 :
2535 1656 2555 1692 t
2584 1638 2838 1696 Omnium
2859 1640 3093 1712 judicent
3119 1638 3146 1679 ἀ
3174 1642 3368 1698 Filium
3418 1643 3535 1697 Dei.

1931 1725 2029 1783 Est
2047 1715 2148 1799 'qui
2180 1727 2296 1796 dat,
2322 1741 2405 1785 est
2432 1735 2522 1801 qui
2554 1732 2773 1801 accipit.
2809 1751 2827 1785 ι

224 1825 498 1883 Eusebius
543 1828 834 1899 episcopus
879 1825 1053 1881 dixit:
1092 1845 1110 1878 ε
1148 1825 1331 1882 Bonus
1377 1832 1459 1880 est
1503 1840 1633 1897 ergo
1686 1824 1826 1884 Deus
1857 1817 1903 1879 Β
2000 1820 2327 1896 Ambrosius
2357 1825 2648 1895 episcopus
2686 1825 2865 1881 dixit:
2906 1846 2925 1880 ε
2959 1827 3063 1883 Per
3092 1829 3323 1899 gratiam
3360 1827 3535 1893 dedit,
3588 1857 3593 1862 -

215 1917 399 1975 Filius
425 1918 546 1977 Dei.
581 1940 601 1973 ι

297 2010 571 2068 Palladius
627 2011 810 2068 dixit:
856 2030 873 2064 t
920 2011 1104 2068 Bonus
1159 2012 1319 2067 Pater
1372 2011 1573 2067 bonum
1630 2010 1823 2067 Filium

212 2106 436 2179 genuit.
475 2125 495 2159 ι

290 2202 383 2261 '50.
426 2201 747 2259 Ambrosius
794 2204 1085 2274 episcopus
1122 2202 1301 2281 dixit:
1341 2222 1359 2255 ι
1394 2201 1460 2258 Et
1503 2217 1603 2258 nos
1649 2202 1825 2258 honos

218 2311 247 2346 ς
283 2293 471 2365 genuit
492 2291 649 2368 (Gen.
675 2310 715 2361 ι,
737 2294 862 2363 51);
886 2295 980 2351 sed
1005 2310 1111 2350 non
1140 2295 1438 2351 secundum
1461 2293 1819 2350 divinitatem.

219 2405 247 2438 ε
285 2386 456 2443 Deum
484 2387 684 2443 bonum
713 2387 807 2443 Dei
839 2387 1036 2445 Filium
1067 2387 1224 2443 dicis.
1265 2407 1285 2440 ι

294 2478 571 2536 Palladius
598 2479 733 2536 dixit
758 2498 771 2535 :
804 2498 823 2533 ε
862 2480 1029 2537 Filius
1059 2481 1152 2536 Dei
1182 2479 1356 2536 bonus
1381 2488 1487 2535 est.
1526 2499 1544 2533 ι

296 2572 621 2631 Ambrosius
672 2573 960 2644 episcopus
1010 2571 1191 2628 dixit:
1238 2591 1258 2625 «ι
1305 2571 1466 2627 Vides
1510 2586 1641 2644 ergo
1697 2572 1820 2642 quia

221 2687 246 2718 ο
285 2665 561 2722 Christum
588 2665 813 2734 bonum,
841 2666 1040 2722 bonum
1070 2666 1259 2733 lilium,
1287 2682 1393 2725 non
1426 2667 1623 2721 bonum
1653 2668 1818 2722 lieutu

225 2780 244 2813 ι
286 2759 458 2826 dicis;
487 2759 630 2829 quod
662 2775 690 2815 a
724 2769 774 2815 te
800 2762 1081 2832 quarritur.
1119 2780 1137 2813 ι
1170 2761 1234 2814 Et
1258 2758 1500 2815 addidit:
1537 2778 1555 2813 ι
1585 2758 1686 2830 Qui
1719 2760 1819 2817 bo-

224 2874 244 2908 ι
286 2871 415 2911 num
456 2852 483 2895 δ
526 2853 723 2910 Filium
776 2856 869 2911 Dei
926 2854 1093 2917 Deum
1148 2869 1254 2911 non
1308 2854 1633 2924 conﬁtetur,
1686 2873 1819 2913 aua-

223 2969 243 3003 t
287 2949 490 3007 thema.
523 2972 542 3003 ι

292 3043 496 3101 Omnes
518 3044 760 3116 episcopi
792 3043 1085 3100 dixerunt:
1121 3063 1143 3097 σ
1177 3045 1499 3102 Auatltema.
1537 3065 1555 3098 ι

294 3137 388 3192 5|.
425 3135 556 3191 ltem
590 3136 878 3193 recitavit:
908 3155 928 3190 ι
962 3135 1150 3194 Solum
1183 3146 1480 3207 potentem.
1517 3156 1536 3191 ο

1937 1932 1957 1966 ι
1993 1914 2154 1988 795
2182 1930 2251 1971 an
2294 1932 2393 1987 per
2432 1918 2717 1973 naturam?
2754 1917 2822 1973 Et
2863 1918 3174 1976 hominibus
3204 1920 3363 1976 datur
3384 1920 3535 1992 judi-

1939 2026 1958 2061 ι
1994 2011 2161 2065 cium.
2201 2031 2220 2065 ο

2001 2103 2273 2161 Palladius
2323 2106 2459 2161 dixit
2506 2123 2519 2160 :
2568 2125 2588 2159 ι
2629 2106 2846 2163 Patrem
2918 2108 3180 2179 majorem
3236 2108 3412 2177 dicis,
3461 2124 3528 2164 an

1930 2199 2077 2253 non?
2100 2192 2134 2251 ἰ

2000 2285 2321 2351 Ambrosius
2362 2296 2652 2369 cpisc0pus
2681 2296 2820 2352 dixit
2852 2315 2866 2352 :
2903 2316 2921 2348 ι
2956 2297 3152 2353 Postea
3183 2299 3530 2370 respondebo

1932 2404 1951 2438 t
1990 2386 2105 2442 tibi.
2146 2404 2164 2438 ι

1997 2477 2274 2536 Palladius
2305 2480 2440 2536 dixit
2468 2502 2480 2532 :
2520 2499 2539 2532 ‹
2575 2480 2691 2553 Ego
2723 2482 2817 2538 tibi
2843 2497 2949 2538 non
2981 2484 3315 2554 respondeo,
3350 2485 3526 2540 sinon

1926 2573 2231 2643 respondes
2256 2574 2408 2629 mihi.
2450 2593 2469 2627 ι

1997 2665 2263 2721 Eusebius
2294 2669 2585 2739 episcopus
2612 2669 2753 2725 dixit
2787 2685 2800 2722 :
2841 2687 2861 2721 ‹
2898 2669 3011 2725 Nisi
3043 2670 3383 2740 impietatem
3411 2671 3528 2726 Arii

1923 2772 1989 2814 ex
2032 2759 2223 2815 ordine
2256 2761 2625 2829 damuaveris,
2678 2762 3055 2834 interrogandi
3090 2779 3195 2819 non
3240 2764 3334 2820 tibi
3367 2763 3523 2821 dabi-

1926 2870 2046 2912 mus
2068 2854 2406 2913 facultatem.
2443 2877 2462 2910 ι

1998 2952 2268 3007 Palladius
2295 2951 2469 3007 dixit:
2506 2970 2526 3004 ι
2560 2951 2678 3007 Νοιι
2704 2951 2797 3006 tibi
2828 2951 3155 3023 respondeo.
3188 2971 3206 3005 ι

1995 3044 2321 3100 Ambrosius
2363 3048 2657 3117 episcopus
2700 3044 2883 3099 dixit:
2919 3062 2939 3097 ‹
2984 3043 3158 3100 Filius
3197 3043 3327 3112 Dei,
3380 3043 3527 3101 sicut

1932 3159 1950 3193 σ
1986 3141 2183 3198 lectum
2218 3152 2321 3207 est,
2350 3143 2519 3216 judex
2547 3152 2651 3207 est,
2685 3158 2754 3197 an
2791 3141 2940 3197 non?
2975 3162 2993 3194 ι

297 3229 611 3285 Ambrosius
661 3230 953 3302 episcopus
998 3229 1181 3285 dixit:
1220 3250 1239 3283 ι
1277 3230 1474 3287 Pmens
1520 3238 1605 3285 est
1648 3230 1819 3287 Filius
1847 3215 1894 3281 C
1996 3232 2271 3290 Palladius
2321 3215 2505 3290 dixit:
2541 3253 2560 3286 ι
2590 3234 2647 3290 Si
2705 3251 2811 3288 non
2863 3231 3166 3304 respondes
3211 3231 3368 3299 mihi,
3419 3249 3523 3304 ego

229 3342 250 3375 ε
290 3322 411 3389 Dei,
438 3339 506 3378 an
536 3325 679 3381 non?
713 3344 733 3378 ι

297 3416 564 3472 Palladius
590 3418 725 3474 dixit
749 3436 761 3474 :
798 3437 817 3471 ‹
846 3417 949 3491 Qui
972 3420 1153 3475 omnia
1180 3419 1325 3488 fecit,
1350 3436 1457 3477 non
1485 3429 1568 3477 est
1594 3420 1820 3494 potens?

212 3509 318 3580 Qui
346 3509 526 3565 omnia
556 3509 705 3578 fecit,
733 3512 913 3567 minus
943 3512 1157 3587 potest?
1184 3531 1203 3566 ι

289 3602 613 3660 Ambrosius
661 3606 950 3676 episcopus
997 3606 1174 3661 dixit:
1215 3626 1233 3659 ι
1271 3604 1415 3679 Ergo
1464 3609 1631 3664 Arius
1677 3610 1818 3666 male

218 3716 238 3750 ι
280 3698 438 3754 dixit.
473 3718 491 3750 ›
528 3698 592 3752 Et
619 3697 865 3753 addidit:
902 3718 919 3749 σ
957 3697 1054 3753 Vel
1081 3699 1130 3753 in
1160 3699 1263 3755 hoc
1285 3700 1511 3756 damnas
1538 3700 1764 3757 Arium?
1792 3722 1811 3756 ι

289 3792 560 3848 Palladius
604 3792 781 3848 dixit:
815 3812 835 3849 ι
868 3791 1025 3849 Unde
1055 3794 1169 3851 scio
1198 3795 1291 3869 qui
1322 3794 1428 3851 sit?
1461 3796 1571 3869 Ego
1604 3812 1702 3871 pro
1730 3813 1817 3855 me

207 3884 529 3955 restiondeo
557 3887 677 3942 tibi.
710 3905 730 3940 ι
1018 3956 1023 3961 ε

286 3979 612 4036 Ambrosius
637 3978 929 4051 episcopus
960 3978 1098 4037 dixit
1124 3999 1137 4035 :
1170 4000 1190 4034 ε
1226 3992 1247 4020 ο
1275 3980 1443 4038 Filius
1473 3981 1689 4041 Domini
1721 3984 1815 4041 Dei

210 4090 231 4123 ι
276 4070 425 4128 Deus
455 4083 650 4142 potens
678 4071 806 4127 est?
842 4090 862 4124 ι

285 4166 562 4222 Palladius
588 4165 762 4222 dixit:
797 4184 817 4220 ι
851 4166 1072 4225 Potens.
1108 4188 1127 4220 ι

284 4262 608 4320 Ambrosius
654 4264 944 4336 episcopus
980 4263 1161 4322 dixit:
1198 4282 1217 4317 ι
1248 4263 1392 4321 Deus
1422 4265 1598 4322 bonus
1628 4267 1754 4322 est?
1788 4286 1808 4323 ι

1925 3327 2044 3390 tibi,
2079 3337 2136 3382 ut
2163 3329 2352 3399 impio,
2387 3344 2494 3383 non
2526 3327 2855 3397 reapondeo.
2899 3347 2918 3381 ι

1999 3421 2091 3476 Si.
2125 3420 2445 3475 Ambrosius
2488 3421 2775 3491 episcopus
2824 3420 3002 3475 dixit:
3041 3437 3060 3471 ‹
3100 3419 3273 3474 liabes
3305 3419 3519 3489 profes-

1931 3530 1950 3564 ο
1986 3511 2194 3567 sionem
2227 3527 2427 3577 meam,
2456 3529 2560 3583 qtta
2609 3512 2955 3584 respondebo
2988 3511 3106 3579 tibi,
3144 3513 3361 3567 Interim
3399 3529 3523 3583 pcr-

1931 3623 1950 3656 t
1991 3605 2199 3674 legatur
2242 3603 2473 3675 epistula
2504 3602 2641 3659 Arii.
2682 3622 2700 3656 ι
2749 3604 2814 3659 Et
2856 3604 3100 3658 addidit:
3139 3623 3157 3655 t
3184 3602 3242 3657 In
3285 3603 3519 3672 epistoia

1926 3716 1947 3750 ι
1987 3697 2099 3753 Arii
2150 3698 2397 3753 invenies
2438 3705 2494 3753 et
2542 3696 2645 3751 huc
2689 3698 3061 3768 sacrilegium,
3103 3696 3249 3767 quod
3297 3706 3352 3751 tu
3402 3712 3518 3751 tnu-

1926 3809 1944 3844 t
1980 3790 2120 3847 liris.
2156 3811 2175 3844 ι

1993 3882 2275 3940 Palladius
2322 3884 2459 3939 dixit
2509 3902 2521 3937 :
2569 3903 2588 3937 ι
2621 3883 2733 3954 Ego
2776 3884 2866 3955 qui
2919 3883 3228 3954 interrogo,
3279 3900 3385 3938 non
3438 3900 3522 3940 rc-

1920 3976 2251 4048 spondetis?
2281 3996 2300 4030 ι

1993 4072 2260 4129 Eusebius
2305 4072 2612 4144 episcopus
2662 4071 2838 4126 dixit:
2869 4091 2887 4123 ι
2933 4071 3130 4127 Filium
3196 4070 3291 4125 Dei
3350 4071 3516 4125 Deum

1919 4167 2182 4238 aqualem
2222 4165 2474 4222 dicimus.
2514 4184 2532 4219 ι

1989 4261 2263 4318 Palladius
2291 4260 2431 4317 dixit
2458 4278 2469 4317 :
2501 4278 2519 4314 ι
2545 4259 2626 4316 τυ
2651 4259 2818 4332 judcx
2855 4273 2939 4326 es,
2973 4259 3051 4315 ttti
3081 4268 3405 4329 exceptores
3432 4256 3521 4312 hic

282 4355 556 4414 Palladius
582 4356 714 4414 dixit
744 4375 757 4412 :
792 4378 811 4412 ι
842 4356 960 4415 Jam
987 4357 1101 4417 dixi
1129 4357 1323 4415 Filium
1355 4359 1448 4417 Dei
1478 4359 1812 4434 unigenitum
1916 4364 2067 4413 sunt.
2108 4375 2127 4409 ι

198 4464 338 4506 esse
369 4457 668 4520 potentem.
704 4468 724 4502 ι

283 4541 609 4597 Ambrosius
655 4541 943 4615 episcopus
987 4542 1175 4603 dixit:
1214 4562 1234 4598 t
1282 4545 1563 4601 Dominum
1617 4555 1809 4619 poten-

201 4654 224 4687 ι
273 4645 410 4693 tem.
451 4655 471 4689 ι

281 4728 559 4786 Palladius
584 4729 759 4787 dixit:
791 4749 809 4785 t
842 4730 1041 4787 Filium
1068 4731 1166 4789 Dei
1196 4743 1491 4805 potentem.
1526 4754 1543 4788 ι

277 4822 375 4879 52.
420 4823 746 4879 Ambrosius
771 4824 1061 4897 episcopus
1086 4823 1222 4880 dixit
1249 4844 1260 4879 :
1298 4845 1316 4879 ι
1352 4824 1610 4883 Potentes
1635 4837 1692 4883 et
1717 4829 1816 4883 lto-

196 4937 219 4971 ι
270 4917 456 4973 mines
482 4928 644 4985 sunt;
670 4917 935 4988 scriptum
974 4926 1059 4973 est
1090 4918 1234 4974 enim
1263 4936 1276 4973 :
1308 4917 1450 4987 Quid
1481 4919 1727 4990 gloriaris
1761 4922 1815 4977 in

193 5030 214 5064 ι
263 5010 505 5075 malitia,
539 5011 627 5080 qui
654 5021 834 5083 potem
864 5028 916 5066 es
944 5011 998 5066 iu
1023 5011 1291 5080 iniquitate
1322 5011 1493 5085 (Psal.
1525 5030 1600 5078 LI,
1625 5014 1721 5083 3)?
1752 5017 1816 5072 Et

190 5122 214 5156 ι
262 5101 400 5157 alibi
425 5101 573 5157 :Cum
596 5104 855 5173 iufirmor,
878 5112 995 5159 tunc
1018 5115 1196 5176 potens
1215 5122 1326 5159 sum
1353 5104 1417 5177 (ll
1435 5104 1554 5161 Cor.
1578 5122 1673 5172 xu,
1695 5106 1809 5179 10).

188 5216 213 5250 ι
262 5195 412 5250 Illud
452 5212 481 5249 a
512 5205 564 5251 te
591 5197 834 5268 requiro,
872 5206 929 5252 ut
958 5197 1275 5254 conﬁtearis
1305 5199 1593 5254 Dominum
1621 5211 1814 5271 poten-

188 5306 212 5341 ι
261 5295 381 5342 tem
434 5301 558 5343 esse
606 5286 885 5342 Christum
937 5288 1027 5344 Dei
1080 5286 1280 5345 Filium
1324 5308 1337 5346 :
1384 5297 1477 5344 aut
1524 5291 1569 5345 sl
1620 5306 1807 5365 negas,

183 5399 207 5432 ι
257 5388 477 5435 astruo.
533 5378 670 5435 Nam
702 5380 793 5451 qui
832 5396 992 5436 uuam
1040 5382 1337 5453 potentiam
1374 5380 1496 5440 dico
1535 5384 1715 5440 Patris
1752 5396 1809 5442 et

268 5573 303 5600 η
343 5561 482 5617 Edit.
514 5561 677 5619 Rom.
720 5571 776 5620 et
813 5561 998 5631 Chiil.,
1030 5563 1201 5620 Filius
1236 5564 1332 5622 Dei
1360 5567 1523 5625 bonus
1550 5567 1691 5623 Deus
1715 5567 1804 5624 sit.

173 5633 349 5693 Tell.
392 5649 456 5688 ac
503 5634 735 5703 Lab....,
777 5635 939 5690 bonus
983 5637 1218 5691 omnibus
1255 5640 1341 5694 sit.
1388 5639 1453 5694 Et
1501 5649 1622 5703 post
1668 5638 1806 5694 duos

173 5722 424 5767 verSIts.
469 5704 560 5763 ubi
599 5708 755 5776 edit.,
786 5707 1048 5771 Christum
1072 5710 1295 5780 bonum;
1325 5710 1449 5768 cod.
1482 5704 1617 5767 Tell.
1650 5710 1806 5767 cxiii-

172 5788 318 5850 bet,
351 5780 613 5866 Christum
640 5781 807 5839 Deum
836 5781 1040 5837 bonum.
1082 5776 1251 5859 Magis
1275 5776 1698 5842 accommodate
1736 5781 1803 5840 ad

171 5864 515 5931 sequentia.

1991 4450 2316 4508 Ambrosius
2357 4450 2648 4523 episcopus
2692 4449 2830 4507 dixit
2864 4467 2876 4503 :
2912 4469 2930 4501 ι
2961 4449 3218 4508 Scribant
3267 4448 3341 4503 tui
3366 4490 3380 4513 ,
3426 4448 3522 4518 qui

1924 4563 1943 4598 t
1982 4545 2190 4601 volunt.
2225 4564 2244 4598 ι

1835 4626 1892 4689 D
1983 4638 2073 4695 35.
2110 4637 2387 4694 Palladius
2409 4636 2584 4694 dixit:
2615 4655 2634 4690 ‹
2666 4636 2830 4693 Pater
2871 4637 3044 4706 major
3071 4645 3177 4700 est,
3202 4649 3269 4689 an
3313 4633 3463 4688 non?
3493 4652 3512 4686 ι

1988 4730 2261 4787 Eusebius
2304 4730 2596 4800 episcopus
2641 4728 2818 4784 dixit:
2852 4746 2870 4779 ι
2902 4727 3213 4784 Secundum
3258 4725 3516 4781 divinita-

1919 4833 2026 4881 tem
2070 4823 2295 4895 mqualis
2345 4833 2428 4878 est
2459 4822 2633 4878 Filius
2676 4822 2847 4877 Patri.
2901 4823 3081 4878 iiabes
3122 4822 3177 4877 in
3220 4820 3518 4889 Evangelia

1915 4917 2061 4992 quod
2084 4918 2254 4975 Judzul
2301 4917 2771 4988 persequebantur
2812 4933 2976 4977 eum:
3012 4917 3135 4987 quia
3190 4932 3296 4969 non
3339 4914 3515 4968 solum

1916 5012 2164 5069 solvebat
2208 5010 2517 5078 sabbatum,
2570 5011 2665 5067 sed
2719 5021 2775 5067 et
2821 5010 3037 5066 Patrem
3090 5025 3247 5066 suum
3299 5008 3519 5063 diccbat

1920 5108 2114 5173 Deum,
2143 5107 2408 5178 aequalem
2450 5121 2508 5163 se
2545 5106 2748 5162 faciens
2777 5106 2889 5161 Deo
2917 5104 3099 5176 (Joan.
3128 5120 3180 5169 ν,
3212 5102 3323 5173 18).
3359 5102 3515 5169 Quod

1918 5215 2051 5272 ergo
2078 5200 2226 5271 impii
2261 5212 2651 5272 persequentes
2682 5200 2922 5257 confessi
2964 5209 3115 5263 sunt,
3148 5213 3248 5251 nos
3284 5195 3517 5250 creden-

1918 5304 1999 5350 tcs
2022 5309 2220 5365 negare
2250 5309 2356 5349 non
2387 5307 2697 5365 possumus.
2739 5313 2757 5346 ι

1986 5387 2313 5445 Ambrosius
2344 5391 2635 5461 episcopus
2668 5386 2803 5443 dixit
2836 5403 2848 5440 :
2877 5385 2943 5441 Et
2971 5383 3105 5439 alibi
3134 5382 3299 5438 babes
3326 5398 3339 5433 :
3369 5399 3387 5433 ι
3416 5381 3516 5447 Qui

1986 5569 2021 5643 δν
2048 5572 2206 5629 Rom.
2232 5570 2389 5636 edit.,
2426 5570 2624 5627 Filium
2657 5568 2882 5643 Delum:
2912 5567 3201 5643 conﬁtetur.

1992 5642 2021 5679 ί*
2049 5643 2251 5699 Eadem
2298 5643 2429 5698 edit.
2484 5645 2669 5705 liom.,
2700 5637 2874 5693 Filius
2904 5637 2997 5693 Dei
3040 5637 3179 5710 Deus
3209 5646 3385 5710 potens
3416 5650 3509 5706 est,

1913 5730 1980 5769 an
2008 5716 2149 5769 non?
2179 5715 2245 5769 Et
2278 5715 2412 5769 inira
2441 5731 2467 5785 τί
2484 5713 2622 5768 Deus
2654 5727 2775 5785 ergo
2808 5710 2969 5785 bonas
2997 5721 3067 5763 est
3100 5709 3294 5785 Filius.

1984 5785 2011 5866 tl
2044 5789 2206 5866 Rom.
2234 5786 2392 5866 edit.,
2429 5784 2623 5866 Filium
2654 5778 2752 5866 ρὲἱ
2789 5781 3077 5866 proﬁteor:
3111 5780 3198 5839 sed
3235 5778 3386 5841 Pater
3414 5794 3510 5853 est,

1911 5862 1999 5941 qui
2028 5862 2155 5926 dat;
2182 5868 2229 5915 et
2257 5857 2428 5915 Filius
2454 5865 2551 5924 est,
2580 5857 2669 5947 qui
2697 5857 2899 5926 recipit.
