4014 6290
136 5982 255 6031 τί-

516 249 629 309 927
1770 247 1778 302 Ϊ
1865 247 1949 303 SA
1957 242 2112 303 NCT]
2142 243 2468 304 AMllllOSll
3675 247 3762 308 923

519 384 541 420 ι
576 383 699 424 eum
724 377 855 426 esset
878 369 933 425 in
962 369 1134 442 forma
1161 368 1281 435 Dei,
1327 384 1429 424 nou
1461 367 1703 439 rapinam
1727 365 2009 422 arbitratus
2047 374 2121 419 est
2146 367 2201 429 Α
2226 365 2456 422 nitatem
2488 363 2631 434 quod
2671 363 2896 435 aequalis
2935 363 3080 421 Patri
3111 362 3283 422 Filius
3327 366 3420 422 sit.
3445 364 3672 438 Accipiat
3689 382 3765 423 an-

518 476 541 513 ι
575 475 688 516 esse
731 477 788 516 se
824 464 1076 533 (aqualem
1107 460 1216 517 Deo
1236 478 1257 528 ,°
1299 461 1390 517 sed
1422 470 1578 516 semet
1618 460 1786 533 ipsum
1811 459 2121 528 exinanivit,

521 570 542 607 ι
577 553 804 625 formam
840 556 975 610 servi
1016 556 1296 628 accipiens,
1336 554 1392 609 in
1427 552 1820 609 similitudinem
1856 554 2124 607 hominum

522 665 543 701 ι
576 649 747 720 factus
768 648 1011 705 obedienc
1038 665 1195 721 usque
1215 648 1283 703 ad
1305 658 1521 702 mortem
1547 665 1568 701 ι
1604 645 1831 720 (Philip.
1866 662 1925 714 ιι,
1954 645 2033 718 6).
2058 646 2127 702 Et

527 760 549 794 ε
581 739 795 796 addidit
825 758 841 796 :
879 759 899 794 ι
924 740 1092 799 Vides
1120 741 1243 812 quia
1265 740 1317 796 in
1341 741 1514 795 forma
1543 740 1639 796 Dei
1661 739 1888 812 aequalis
1913 738 2039 795 est?
2057 738 2127 795 Et

533 852 554 887 ι
589 833 835 903 formam,
887 834 1088 906 inquit,
1116 833 1247 889 servi
1285 835 1481 905 accepit
1502 833 1723 906 (Ibid.).
1754 834 1813 890 In
1842 848 1953 905 quo
1993 848 2126 905 ergo

532 946 554 980 ι
590 927 772 984 minor
807 927 932 985 est?
981 925 1288 986 Secundum
1323 926 1554 985 formam
1590 928 1781 1000 utique
1818 928 1987 997 servi,
2016 942 2125 984 non

535 1041 555 1076 ι
593 1023 712 1079 Dei.
754 1044 775 1077 ι

602 1114 867 1172 Eusebius
909 1115 1202 1185 episcOpus
1240 1113 1418 1170 dixit:
1455 1133 1476 1167 ι
1506 1114 1662 1172 Sicut
1700 1116 1757 1172 in
1782 1115 1953 1172 forma
1982 1115 2127 1172 servi

530 1207 883 1271 constitutus,
932 1205 1163 1262 inferior
1207 1220 1371 1262 servo
1415 1221 1523 1263 non
1556 1207 1656 1262 iuit
1690 1224 1706 1262 :
1737 1208 1810 1262 ita
1857 1207 1912 1263 in
1952 1205 2127 1263 forma

530 1301 625 1356 Dei
656 1301 1013 1367 constitutus,
1036 1299 1268 1356 inferior
1295 1301 1409 1358 Deo
1438 1317 1563 1359 esse
1586 1317 1693 1359 non
1724 1303 1922 1374 potuit.
1959 1322 1980 1356 ι

596 1393 685 1448 56.
729 1392 1058 1448 Ambrosius
1093 1392 1393 1464 episcopus
1436 1393 1580 1449 dixit
1614 1412 1628 1449 :
1664 1412 1684 1446 ί
1712 1393 1825 1450 Aut
1870 1394 1959 1451 dic
2001 1395 2127 1467 quia

533 1506 553 1541 ι
587 1488 892 1545 secundum
916 1490 1259 1548 divinitatem
1288 1492 1471 1548 minor
1493 1501 1579 1549 est
1606 1501 1633 1531 ι
1662 1492 1835 1550 Filius
1865 1492 1985 1550 Dei.
2019 1511 2039 1545 ι

597 1582 875 1641 Palladius
900 1584 1044 1642 dixit
1070 1603 1085 1641 :
1117 1605 1137 1639 ι
1168 1586 1335 1644 Pater
1367 1588 1548 1659 major
1569 1597 1676 1645 est.
1710 1609 1732 1642 ι

600 1678 928 1736 Ambrosius
980 1680 1277 1754 episcopus
1323 1680 1463 1739 dixit
1501 1699 1516 1738 :
1574 1700 1594 1736 ‹
1639 1681 1954 1740 Secundum
2009 1698 2131 1740 car-

534 1786 683 1828 nem.
719 1790 739 1825 ι

597 1865 875 1924 Palladius
927 1868 1066 1926 dixit
1103 1887 1117 1925 :
1161 1888 1182 1923 ι
1219 1870 1325 1939 Qui
1376 1886 1459 1926 me
1504 1871 1664 1939 misit,
1716 1874 1887 1944 major
1932 1882 2006 1928 est
2051 1889 2132 1928 me

529 1962 710 2037 (Joan.
746 1980 869 2034 xtv,
896 1964 1017 2036 27).
1061 1965 1207 2024 Caro
1255 1966 1421 2022 missa
1467 1976 1553 2023 est
1578 1982 1609 2024 a
1651 1967 1792 2034 Deo,
1835 1976 1932 2024 aut
1960 1966 2133 2024 Filius

532 2057 667 2114 Dei?
693 2077 713 2112 ι

598 2149 926 2207 Ambrosius
954 2153 1249 2224 episcopus
1275 2153 1420 2209 dixit
1446 2170 1458 2207 :
1500 2172 1521 2206 ‹
1547 2153 1761 2211 Falsari
1804 2169 1836 2210 a
1864 2153 2019 2211 vobis
2047 2153 2132 2210 di-

532 2261 553 2293 ι
590 2243 748 2299 vinas
799 2242 1112 2316 Scripturas
1142 2244 1306 2302 hodie
1348 2246 1808 2317 comprobamus;
1856 2247 1936 2303 sic
1982 2247 2130 2303 enim

532 2353 553 2386 ι
586 2334 852 2406 scriptum
879 2345 966 2392 est
995 2354 1008 2391 :
1041 2336 1237 2393 Pacem
1263 2354 1429 2394 meam
1454 2339 1522 2394 do
1547 2340 1711 2409 vobis,
1741 2356 1924 2411 pacem
1965 2356 2130 2397 meam

534 2445 554 2481 v
583 2428 818 2499 relinquo
872 2430 1032 2486 vobis.
1071 2428 1101 2469 ι’
1143 2429 1268 2486 Non
1314 2431 1548 2487 turbetur
1590 2448 1683 2487 cor
1715 2442 1980 2489 uestrum:
2026 2450 2131 2489 non

532 2536 553 2573 ι
588 2522 846 2593 quomodo
866 2521 950 2577 hic
978 2524 1205 2579 mundus
1234 2524 1346 2592 dat,
1373 2541 1471 2597 ego
1500 2525 1568 2580 do
1596 2525 1758 2583 vobis.
1800 2525 1864 2581 Si
1888 2527 2133 2600 diligere-

533 2632 554 2667 ι
591 2614 655 2669 tis
694 2632 791 2682 me,
824 2616 1116 2687 gaudentis
1140 2619 1263 2689 quia
1288 2618 1424 2685 dixi,
1455 2618 1588 2674 vado
1628 2619 1698 2673 ad
1725 2617 1979 2687 Patrem;
2006 2622 2130 2693 quia

534 2726 553 2759 ι
588 2705 751 2762 Pater
775 2712 946 2784 major
973 2726 1053 2768 me
1080 2720 1174 2766 est.
1205 2710 1325 2767 Non
1356 2710 1495 2767 dixit
1525 2728 1539 2766 :
1572 2711 1678 2782 Qui
1702 2727 1790 2769 me
1812 2711 1979 2780 misit,
2016 2728 2130 2769 ma-

480 2803 487 2809 '
536 2820 555 2854 c
584 2801 674 2874 jor
698 2818 786 2859 me
811 2812 896 2860 est
930 2823 951 2857 ι
980 2804 1200 2880 (lbid.).

599 2896 880 2955 Palladius
907 2898 1048 2955 dixit
1079 2917 1092 2954 :
1127 2919 1145 2953 ι
1180 2899 1346 2957 Pater
1376 2902 1553 2973 major
1582 2910 1689 2958 est.
1725 2920 1746 2956 ι

603 2992 928 3051 Ambrosius
970 2994 1264 3066 episcopus
1291 2994 1430 3050 dixit
1459 3012 1471 3049 :
1509 3013 1528 3047 ι
1564 2995 1867 3052 Anathema
1906 2994 2006 3061 illi,
2035 2996 2128 3067 qui

538 3106 557 3141 ι
594 3088 801 3145 divinis
829 3089 1131 3162 Scripturis
1151 3090 1305 3147 addit
1338 3090 1568 3163 aliquid,
1596 3100 1690 3148 aut
1711 3091 1933 3148 minuit.
1961 3113 1982 3146 ι

604 3183 770 3257 796
786 3182 989 3240 Omnes
1011 3183 1255 3255 episcopi
1283 3183 1542 3241 dixerunt
1569 3195 1584 3241 :
1615 3204 1634 3237 ‹
1666 3184 1999 3242 Anatbema.
2032 3203 2051 3238 ι

605 3275 698 3332 57.
733 3285 755 3315 ο
783 3275 1059 3332 Palladius
1085 3276 1251 3333 dixit:
1275 3297 1294 3330 ι
1330 3277 1489 3333 Pater
1520 3278 1694 3348 major
1722 3286 1810 3355 est
1833 3278 1995 3335 Filio.
2035 3298 2052 3331 ι

603 3368 935 3425 Ambrosius
962 3370 1258 3441 episcOpus
1288 3369 1429 3426 dixit
1457 3386 1472 3425 :
1503 3388 1523 3424 ‹
1559 3370 1871 3427 Secundum
1907 3386 2132 3427 carnem

541 3481 560 3517 ι
590 3462 763 3518 Filius
817 3463 998 3518 minor
1051 3471 1137 3519 est
1188 3462 1382 3531 Patre,
1439 3462 1743 3520 secundum
1792 3462 2130 3520 divinitatem

539 3575 559 3609 ι
592 3554 822 3627 aequalis
841 3565 927 3635 est
952 3556 1106 3612 Patri
1139 3573 1152 3612 :
1182 3556 1288 3628 legi
1323 3556 1493 3628 igitur
1522 3556 1619 3612 Dei
1642 3556 1842 3613 Filium
1866 3558 2132 3625 aequalem

544 3666 563 3701 ι
598 3647 770 3715 Patri,
809 3650 954 3705 sicut
979 3649 1094 3721 jam
1143 3660 1196 3707 et
1225 3651 1434 3722 prolata
1475 3650 1817 3722 exemplaria
1866 3660 2135 3707 testantur

547 3760 567 3796 ι
601 3741 777 3815 (Prol.
823 3757 948 3811 cxv,
994 3742 1109 3815 16).
1143 3744 1456 3802 Secundum
1497 3760 1724 3801 carnem
1777 3754 1959 3801 autem
2003 3744 2134 3817 quid

548 3854 567 3891 ι
602 3836 827 3893 miraris
862 3837 1161 3905 minorem;
1191 3854 1314 3896 cum
1341 3838 1542 3896 dixerit
1573 3853 1634 3895 se
1661 3851 1880 3895 servum
1914 3837 2132 3911 (Matth.

544 3951 564 3985 ι
598 3947 711 4000 xxI,
741 3931 859 4006 42),
890 3948 1016 3989 cum
1044 3932 1247 3990 dixerit
1284 3948 1345 3990 se
1385 3933 1649 4005 lapidem,
1689 3946 1812 3989 cum
1843 3931 2041 3988 dixerit
2077 3948 2137 3989 se

544 4044 564 4077 ι
599 4041 846 4083 vermem
875 4025 1053 4099 (Psal.
1086 4043 1203 4093 xxt,
1233 4025 1310 4099 Ἰ),
1338 4041 1481 4099 ‘cum
1525 4024 1732 4082 dixerit
1764 4040 1826 4081 se
1863 4025 2136 4082 minorem

542 4138 562 4172 ι
597 4120 843 4192 angelis;
876 4119 1002 4192 quia
1053 4121 1319 4190 scriptum
1349 4129 1435 4176 est
1465 4138 1476 4173 :
1509 4117 1789 4175 Minorasti
1829 4135 1946 4174 eum
1978 4120 2136 4190 paulo

542 4229 563 4264 ι
598 4212 769 4269 ruinae
799 4211 863 4268 ab
888 4212 1088 4287 angelis
1121 4230 1140 4266 ›
1160 4211 1343 4286 (Paul.
1372 4228 1491 4281 Vill,
1516 4210 1598 4285 6).

608 4306 885 4364 Palladius
927 4308 1109 4364 dixit:
1144 4327 1163 4361 ι
1197 4308 1367 4381 lmpie
1413 4323 1513 4365 vos
1567 4317 1881 4366 asserentes
1936 4307 2134 4364 video:

543 4415 650 4457 non
677 4400 1075 4472 respondemus
1108 4400 1265 4458 vobis
1289 4401 1409 4459 sine
1435 4400 1799 4458 auditoribus.
1834 4421 1854 4454 ι

612 4491 849 4549 Sabinus
878 4495 1173 4567 episcopus
1212 4493 1387 4550 dixit:
1423 4512 1443 4547 ‹
1482 4493 1655 4550 Nemo
1692 4493 1939 4564 requirat
1964 4492 2033 4550 ab
2071 4507 2139 4549 eo

2227 472 2336 518 tem
2368 460 2494 533 quia
2522 459 2695 516 Filius
2726 457 2825 515 Dei
2851 458 3149 516 secundum
3170 458 3515 516 divinitatem
3543 459 3769 530 majorem

2226 571 2335 613 non
2370 554 2555 610 habet.
2588 552 2860 623 Scriptum
2890 563 2973 608 est
3005 570 3019 607 :
3053 551 3274 607 Abraha:
3301 567 3418 606 cum
3443 553 3770 623 repromisiuet

2226 648 2439 707 Deus...
2468 649 2711 720 quoniam
2737 646 2940 703 nullum
2985 647 3147 702 alium
3175 646 3391 700 habebat
3426 648 3673 716 majorem,
3701 664 3774 718 per

2225 758 2373 812 quem
2393 744 2622 815 juraret,
2643 740 2840 814 juravit
2874 755 2963 808 per
3001 747 3156 795 semet
3182 740 3355 809 ipsum
3385 736 3654 811 (Πύθην,
3682 739 3775 810 15).

2226 834 2393 891 Vides
2422 835 2586 906 igitur
2611 833 2974 905 Scripturam,
3006 833 3135 903 quia
3175 832 3388 887 nullum
3435 830 3597 886 alium
3635 831 3779 902 majo-

2228 944 2344 986 rem
2390 929 2569 992 habet,
2615 942 2713 999 per
2737 941 2901 997 quem
2926 925 3160 997 juraret.
3194 924 3368 981 Filius
3393 934 3567 978 autem
3607 932 3699 988 est,
3725 924 3779 981 de

2228 1037 2337 1093 quo
2364 1020 2567 1078 dicitur
2593 1021 2853 1093 quoniam
2884 1020 3003 1090 ipse
3050 1019 3202 1074 visus
3249 1027 3336 1073 est
3374 1015 3637 1083 Abrahae;
3661 1017 3781 1075 unde

2229 1125 2287 1172 et
2331 1114 2409 1170 ait
2454 1132 2467 1168 :
2519 1114 2781 1169 Abraham
2820 1114 2956 1169 diem
3000 1128 3167 1168 meum
3213 1111 3377 1179 vidit,
3421 1120 3472 1167 et
3507 1111 3694 1183 gavisus
3726 1121 3783 1167 at

2232 1205 2423 1281 (Joan.
2454 1224 2572 1275 vm,
2601 1206 2717 1279 56).

2305 1302 2583 1359 Palladius
2609 1303 2788 1358 dixit:
2826 1322 2845 1354 ι
2883 1300 3044 1357 Pater
3072 1299 3247 1371 major
3279 1306 3386 1356 est.
3423 1316 3447 1352 ι

2302 1395 2571 1452 Eusebius
2600 1396 2889 1467 episcopus
2927 1394 3068 1449 dixit
3100 1411 3116 1448 :
3150 1411 3170 1443 α
3198 1390 3431 1461 Quando
3470 1399 3533 1447 ut
3576 1390 3702 1447 Deus
3723 1390 3789 1445 lo-

2232 1498 2390 1544 cutus
2427 1497 2531 1557 est,
2565 1489 2831 1559 majorem
2879 1503 2991 1543 non
3032 1485 3223 1545 habuit
3254 1503 3270 1540 :
3297 1482 3520 1556 quando
3561 1492 3618 1540 ut
3655 1483 3788 1541 homo

2233 1581 2472 1649 locutus,
2513 1583 2776 1653 majorem
2811 1580 3015 1637 habuit.
3052 1599 3072 1632 ι

2305 1674 2395 1731 59.
2429 1673 2704 1730 Palladius
2728 1673 2904 1733 dixit:
2936 1691 2957 1725 ε
2990 1672 3157 1728 Pater
3184 1672 3373 1744 genuit
3413 1668 3629 1740 Filium,
3655 1670 3791 1730 Pater

2160 1760 2209 1822 B
2237 1765 2385 1823 misit
2408 1764 2630 1823 Filium.
2670 1784 2691 1820 ι

2305 1862 2627 1920 Ambrosius
2662 1861 2955 1934 episcopus
2983 1860 3115 1917 dixit
3150 1878 3165 1916 :
3202 1878 3221 1911 ι
3264 1858 3567 1915 Anathema
3594 1858 3685 1925 illi,
3717 1857 3792 1929 qui

2239 1976 2260 2012 ι
2295 1969 2459 2030 negat
2484 1957 2679 2016 Filium
2709 1956 3014 2015 secundum
3050 1955 3393 2012 divinitatem
3426 1953 3679 2026 aequalem
3708 1952 3792 2009 Pac

2244 2072 2262 2106 ι
2296 2052 2383 2110 tri.
2417 2073 2438 2107 ι

2303 2149 2506 2205 Omnes
2533 2147 2775 2220 episcopi
2811 2147 3108 2205 dixerunt:
3143 2163 3165 2198 ι
3194 2143 3521 2201 Anathema.
3556 2160 3578 2195 ι

2308 2242 2582 2299 Palladius
2618 2242 2797 2298 dixit:
2832 2260 2852 2295 ι
2886 2241 3060 2297 Filius
3106 2239 3388 2311 subjectus
3429 2238 3613 2307 Patri,
3650 2236 3793 2294 Filius

2232 2346 2503 2408 prmcepta
2533 2335 2711 2391 Patris
2742 2334 3008 2391 custodit.
3045 2354 3065 2388 ι

2303 2427 2627 2485 Ambrosius
2674 2426 2967 2498 episcopus
3002 2426 3141 2483 dixit
3181 2443 3195 2480 :
3233 2445 3255 2480 ι
3287 2424 3587 2496 Subjectus
3626 2438 3796 2481 secun-

2238 2541 2258 2576 ι
2287 2521 2418 2579 dum
2448 2521 2633 2578 carnis
2665 2522 2956 2577 rationem.
2982 2520 3257 2576 Caeterum
3299 2528 3356 2576 et
3379 2519 3502 2591 ipse
3537 2517 3797 2575 meministi

2239 2634 2259 2668 ι
2297 2614 2422 2686 quia
2452 2613 2633 2686 legisti
2662 2632 2676 2670 :
2708 2611 2877 2668 Nemo
2902 2612 3038 2667 venit
3066 2612 3135 2667 ad
3160 2629 3241 2667 me
3266 2611 3370 2667 nisi
3399 2628 3550 2684 quan
3570 2610 3715 2688 Pater
3733 2618 3797 2664 at-

2239 2726 2259 2760 ι
2301 2709 2517 2764 traxerit
2550 2728 2571 2761 ι
2605 2706 2783 2781 (Joau.
2810 2723 2886 2774 vt,
2917 2706 3031 2778 44).

2307 2802 2547 2858 Sabinus
2572 2801 2861 2873 episcopus
2886 2800 3026 2856 dixit
3055 2819 3067 2855 :
3103 2819 3123 2854 ι
3162 2800 3318 2857 Dicat
3339 2800 3388 2856 si
3419 2799 3706 2857 secundum
3728 2798 3800 2855 di-

2231 2898 2514 2954 vinitatem
2545 2895 2824 2967 subjectus
2856 2905 2941 2952 est
2967 2893 3136 2963 Patri,
3158 2910 3229 2950 an
3254 2893 3558 2951 secundum
3580 2894 3800 2950 incarna-

2233 2991 2474 3048 tionem?
2504 3009 2524 3043 ι

2305 3085 2397 3142 40.
2431 3083 2704 3141 Palladius
2732 3083 2871 3140 dixit
2897 3102 2910 3138 :
2944 3103 2964 3136 ‹
2989 3083 3134 3155 Ergo
3156 3081 3320 3139 Pater
3348 3082 3527 3153 major
3550 3091 3651 3157 est.
3673 3100 3691 3132 ι

2156 3156 2202 3219 C
2305 3178 2627 3235 Ambrosius
2668 3177 2959 3247 episcopus
3002 3175 3191 3232 dixit:
3234 3193 3256 3228 ι
3299 3175 3370 3230 Et
3414 3174 3546 3229 alibi
3564 3156 3799 3244 scriptum

2241 3290 2261 3326 ι
2296 3281 2380 3328 est
2405 3290 2418 3325 :
2448 3270 2655 3327 Fidelis
2686 3270 2854 3337 Dens,
2882 3284 2981 3340 per
3007 3284 3169 3340 quem
3198 3268 3379 3324 vocati
3422 3268 3561 3323 estis
3598 3268 3646 3323 in
3673 3280 3798 3322 com-

2241 3385 2261 3418 ι
2297 3365 2610 3421 munionem
2640 3362 2763 3419 Filii
2791 3362 2913 3433 ejus
2937 3361 2981 3433 (l
3009 3358 3130 3417 Cor.
3161 3377 3204 3428 ι,
3230 3358 3312 3432 9).
3339 3360 3455 3432 Ego
3479 3360 3601 3416 dico
3619 3359 3798 3416 Patrem

2242 3477 2261 3511 ι
2296 3456 2560 3527 majorem
2611 3469 2733 3511 esse
2780 3453 3080 3510 secundum
3143 3452 3328 3508 carnis
3383 3452 3797 3523 assumptionem,

2244 3570 2264 3605 ι
2297 3565 2459 3622 quam
2510 3547 2749 3620 suscepit
2781 3547 2957 3604 Filius
2996 3544 3116 3616 Dei,
3158 3560 3265 3602 non
3310 3544 3605 3602 secundum
3629 3541 3795 3599 divini-

2243 3666 2263 3699 ι
2304 3654 2489 3702 tatem.
2530 3664 2550 3699 ι

2312 3739 2586 3795 Palladius
2614 3737 2752 3793 dixit
2782 3756 2796 3791 :
2831 3756 2850 3790 ι
2876 3737 3009 3806 Quze
3032 3736 3176 3792 enim
3221 3734 3561 3807 comparatio
3585 3741 3662 3789 est
3692 3729 3792 3787 Filii

2241 3831 2376 3888 Dei?
2415 3831 2487 3887 Et
2528 3845 2658 3886 caro
2701 3837 2884 3901 potest
2927 3828 3113 3886 dicere
3153 3845 3168 3882 :
3204 3827 3351 3883 Deus
3395 3841 3486 3883 me
3514 3825 3673 3896 major
3692 3820 3791 3877 est!

2239 3923 2379 3981 Caro
2411 3924 2755 3995 loquebatur,
2786 3931 2878 3977 aut
2901 3921 3190 3987 divinitas;
3214 3920 3341 3993 quia
3363 3920 3436 3978 ibi
3464 3929 3581 3977 erat
3605 3916 3744 3974 caro?
3768 3932 3786 3965 ι

2312 4019 2488 4092 797;
2511 4018 2831 4074 Ambrosius
2876 4016 3164 4090 episcopus
3215 4014 3354 4070 dixit
3397 4032 3412 4069 :
3466 4032 3487 4066 ‹
3526 4012 3655 4069 Caro
3698 4009 3793 4065 sine

2246 4129 2267 4163 ‹
2305 4112 2482 4166 anima
2517 4125 2623 4165 non
2652 4110 2913 4181 loquitur.
2941 4128 2961 4161 ι

2209 4240 2217 4250 ι
2315 4203 2585 4261 Eusebius
2613 4204 2905 4276 episcopus
2933 4201 3113 4258 dixit:
3149 4218 3170 4252 ε
3208 4198 3354 4255 Deus
3380 4199 3435 4255 in
3461 4212 3620 4255 carne
3637 4196 3798 4265 loque-

2241 4298 2403 4356 batur
2431 4297 2729 4354 secundum
2758 4311 3003 4362 carnem,
3044 4291 3262 4366 quando
3302 4291 3517 4349 dicebat
3546 4310 3559 4345 :
3592 4289 3796 4357 Quidue

2243 4392 2609 4465 persequimini
2655 4391 2909 4446 hominem
2951 4386 3132 4462 (Joan.
3184 4402 3310 4455 vm,
3361 4384 3495 4457 £0)?
3547 4382 3667 4454 Quis
3712 4382 3797 4437 hoc

2242 4486 2417 4543 dixit?
2434 4505 2455 4539 ι

538 4556 1016 4661 εεηιειιιὶεηηξειυί
1066 4556 1174 4645 tam
1211 4588 1516 4647 innumeris
1552 4556 1845 4646 sententiis
1884 4586 2137 4662 blasphe-
2164 4566 2216 4628 Ι)
2311 4582 2586 4638 Palladius
2610 4556 2784 4639 dixit:
2831 4600 2851 4634 ι
2889 4579 3061 4636 Filius
3090 4577 3211 4636 Dei.
3242 4598 3263 4633 ι

539 4681 726 4738 mavit.
758 4701 779 4736 ι

612 4773 885 4833 Palladius
909 4775 1085 4833 dixit:
1121 4794 1142 4830 ‹
1178 4776 1298 4834 Non
1327 4777 1487 4834 vobis
1513 4776 1939 4850 respondemus.
1970 4796 1991 4831 ι

610 4868 702 4925 58.
744 4868 984 4926 Sabinus
1022 4870 1318 4944 episcopus
1356 4870 1537 4928 dixit:
1570 4890 1590 4924 ‹
1618 4871 1702 4928 Ab
1742 4871 1999 4928 omnibus
2023 4869 2135 4941 jam

538 4961 833 5019 damnatus
859 4972 947 5020 est
966 4963 1243 5020 Palladius
1268 4982 1283 5020 :
1315 4963 1435 5020 Arii
1456 4964 1811 5037 blasphemiae
1834 4964 2011 5020 multo
2040 4964 2140 5019 mi-

543 5046 704 5113 nores
750 5066 881 5114 sunt
920 5072 1085 5129 quam
1126 5057 1380 5114 Palladii.
1420 5059 1489 5115 Et
1524 5073 1652 5115 cum
1696 5058 1974 5116 Palladius
2013 5073 2139 5115 sur-

542 5151 795 5220 rexisset,
839 5160 1004 5222 atqne
1050 5149 1198 5206 foras
1243 5152 1396 5207 exire
1432 5153 1700 5210 voluisset
1731 5153 1916 5220 :ldeo,
1964 5154 2141 5223 inquit

539 5247 780 5302 surrexit
824 5245 1120 5313 Palladius,
1165 5247 1423 5315 quoniam
1469 5249 1677 5319 apertis
1728 5249 2137 5320 Scripturarnm

538 5340 869 5397 testimoniis
892 5339 1331 5397 convincendum
1367 5353 1492 5396 esse
1529 5355 1589 5397 se
1617 5343 1814 5407 cernit,
1860 5343 2004 5398 sicut
2024 5342 2139 5413 jam

539 5435 824 5490 convictus
852 5444 938 5492 est
961 5452 977 5503 ;
1004 5437 1086 5493 sic
1115 5435 1262 5492 enim
1293 5434 1499 5492 lectum
1527 5444 1633 5503 est,
1663 5435 1969 5493 secundum
1996 5437 2138 5493 divi-

615 5576 641 5605 “
668 5568 910 5643 ltaj‘ell.
940 5580 997 5626 et
1020 5572 1194 5629 Labb.
1217 5590 1234 5638 ;
1259 5584 1314 5628 at
1334 5572 1494 5627 Rom.
1518 5571 1652 5628 edit.
1673 5581 1731 5630 et
1756 5573 2135 5643 Chiﬁ.,Filiue

549 5636 726 5721 Petro.
745 5638 1012 5721 C_onti_nuo
1030 5659 1165 5721 vero
1190 5636 1334 5721 post,
1350 5659 1450 5721 pro
1463 5643 1628 5700 Pater
1650 5649 1822 5721 major
1841 5636 1951 5714 est
1972 5647 2133 5704 Rom.

547 5706 679 5787 edit.
696 5708 867 5787 sola,
889 5710 1065 5787 Pater,
1094 5706 1281 5783 inquit,
1308 5706 1480 5786 major
1505 5731 1586 5771 me
1613 5727 1707 5772 est.
1728 5706 1749 5721 ’

620 5770 649 5809 δ
691 5774 816 5832 Non
839 5770 1072 5839 turbetur
1100 5770 1189 5840 σοί·
1216 5770 1464 5854 vestrum,
1495 5770 1729 5846 sicut}:
1772 5778 1999 5848 Verbum
2024 5786 2136 5845 dixi

2314 4677 2641 4734 Ambrosius
2688 4675 2976 4748 cpiscopus
3019 4673 3202 4730 dixit:
3239 4693 3261 4727 ι
3292 4672 3440 4729 Deus
3485 4683 3609 4742 ergo
3652 4664 3795 4723 Filius

2250 4790 2271 4825 ι
2307 4770 2405 4828 Dei
2434 4780 2521 4828 est
2549 4770 2853 4828 secundum
2881 4767 3253 4837 divinitatem,
3275 4777 3331 4824 et
3350 4765 3517 4824 homo
3540 4772 3615 4822 est
3633 4774 3796 4818 secum

2248 4886 2267 4919 ι
2302 4867 2430 4923 dum
2461 4881 2706 4923 carnem.
2744 4884 2765 4919 ι

2315 4962 2587 5018 Palladius
2616 4961 2755 5018 dixit
2785 4978 2800 5016 :
2838 4980 2858 5013 ι
2891 4959 3125 5016 Carnem
3154 4960 3415 5032 suscepit.
3454 4976 3475 5011 ι
3581 4990 3587 4995 -

2316 5056 2586 5114 Eusebius
2623 5056 2917 5128 episcOpus
2946 5054 3087 5113 dixit
3113 5073 3125 5108 :
3170 5073 3190 5108 ‹
3214 5053 3359 5127 Ergo
3389 5048 3631 5110 humanis
3649 5042 3798 5103 verbis

2248 5167 2379 5208 “SIIS
2399 5160 2505 5210 εει.
2542 5171 2561 5205 1

2318 5245 2590 5301 Palladius
2644 5244 2781 5302 dixit
2813 5262 2826 5301 :
2870 5264 2890 5297 ‹
2918 5244 3151 5301 Carnem
3181 5244 3475 5299 humanam
3519 5234 3754 5307 suscepit.
3779 5248 3798 5282 ι

2317 5340 2409 5396 Μ.
2441 5341 2766 5397 Ambrosius
2806 5342 3090 5412 episcopus
3126 5338 3307 5395 dixit:
3343 5356 3364 5390 ι
3403 5337 3556 5394 Dicat
3576 5331 3688 5404 quia
3710 5339 3803 5381 non

2254 5453 2274 5487 ι
2311 5432 2612 5490 secundum
2630 5431 2971 5499 divinitatem
3000 5432 3293 5505 Apostolus
3310 5429 3337 5468 ά
3363 5429 3500 5487 dixit
3519 5426 3803 5497 subjectum.

2239 5585 2370 5632 ante
2397 5575 2530 5629 uado
2560 5573 2615 5630 in
2645 5575 2779 5634 edit.
2804 5574 2964 5632 Rom.
2995 5574 3364 5631 desideratur.

2319 5658 2342 5719 εξ
2376 5647 2475 5719 Hic
2504 5662 2695 5704 versus
2721 5646 2961 5719 inChiﬂ.
2992 5655 3137 5707 tatus
3165 5647 3530 5718 desideratur.

2315 5716 2341 5757 τι
2370 5718 2527 5775 Rom;
2561 5719 2722 5789 edit.‘,
2751 5716 2904 5791 dixit,
2935 5716 3177 5776 obedians
3197 5724 3360 5793 usque
3381 5720 3452 5775 ad
3471 5727 3687 5775 nterim.
3798 5722 3811 5785 λ
