4014 6290
206 367 306 423 0‘29

1410 355 1602 414 EPIST
1614 354 1903 413 OLARUM
1943 353 2224 413 CLASSIS
2262 353 2302 410 1.

3399 355 3508 412 950

207 499 228 534 ι
261 479 352 536 sed
400 480 704 536 secundum
735 491 984 542 carnem;
1017 475 1281 546 scriptum
1325 480 1410 529 est
1449 473 1595 529 enim
1625 495 1638 526 :
1687 472 1799 526 Hu-
1827 475 1873 533 Α
1976 472 2250 528 Palladius
2277 469 2416 525 dixit
2449 488 2462 523 :
2507 469 2564 525 Si
2596 469 2782 536 vultis,
2813 478 3132 540 exceptores
3181 473 3354 528 nostri
3409 489 3505 530 ve-

211 595 230 627 α
264 574 484 628 miliavit
514 575 866 646 mnetipsum,
899 573 1065 643 factus
1101 569 1340 625 obedienx
1375 584 1534 638 usque
1557 569 1626 622 ad
1655 585 1797 622 mar-

203 687 225 723 ‹
260 678 358 722 tem
388 665 617 739 (Philip.
649 682 709 732 ιι,
742 666 819 735 8).
863 664 920 720 1η
943 678 1053 735 quo
1073 677 1206 734 ergo
1229 670 1458 717 mortem
1479 660 1750 732 gustavit?
1771 679 1790 712 ι

271 757 544 814 Palladius
563 757 706 814 dixit
736 774 751 812 :
787 775 806 808 ‹
838 756 972 824 Quia
995 770 1055 812 se
1077 753 1401 810 humiliavit.
1435 771 1454 806 ι

269 849 591 906 Ambrosius
634 849 924 920 episcOpus
961 847 1138 903 dixit:
1177 866 1196 899 ι
1226 846 1344 903 Νοη
1376 844 1654 912 divinitas,
1699 845 1794 902 sed

203 961 225 998 ι
255 957 384 1000 caro
431 939 716 997 bumiliata
758 949 844 995 est
885 948 1050 1009 atque
1079 938 1347 1009 subjecta.
1383 956 1403 990 ι
1438 936 1509 992 Ει
1542 936 1752 992 addidit
1781 954 1794 990 :

203 1057 222 1089 ι
258 1036 577 1092 Creaturam
624 1034 919 1106 perfectam
970 1033 1109 1089 bene
1137 1032 1278 1089 dixit
1318 1032 1503 1098 Arius,
1549 1046 1619 1086 an
1656 1029 1797 1087 male

202 1149 223 1185 ι
263 1131 433 1186 dixit?
469 1149 489 1183 ι

267 1223 548 1281 Palladius
575 1223 743 1280 dixit:
777 1243 796 1276 ‹
818 1224 932 1296 Ego
956 1223 1052 1280 tibi
1085 1238 1191 1280 non
1217 1221 1528 1296 respondeo
1554 1221 1795 1278 auctori-

203 1338 226 1375 ι
261 1328 426 1376 tatem
458 1335 566 1375 non
597 1319 840 1377 habenti.
872 1340 892 1373 ι

263 1412 594 1469 Ambrosius
611 1413 902 1484 episcopus
917 1412 1057 1468 dixit
1092 1432 1104 1468 :
1132 1432 1150 1464 ‹
1177 1413 1442 1469 Proﬁtere
1465 1412 1612 1484 quod
1637 1412 1755 1468 vis?
1773 1431 1793 1464 ι

263 1505 548 1562 Palladius
573 1505 708 1562 dixit
740 1524 754 1560 :
794 1526 813 1560 ‹
843 1506 958 1562 Non
987 1507 1295 1578 respondeo
1325 1507 1498 1563 vobis.
1526 1526 1546 1559 ι

262 1598 356 1654 42.
391 1599 628 1656 Sabinus
669 1601 962 1672 episcopus
1002 1601 1137 1657 dixit
1178 1619 1190 1654 :
1237 1619 1256 1653 ι
1288 1605 1314 1633 ⁸
1361 1602 1468 1656 Pro
1516 1601 1647 1657 Ario
1693 1615 1802 1657 non

191 1695 522 1765 respondes,
552 1694 619 1751 ad
644 1695 971 1766 interrogata
996 1711 1105 1752 non
1136 1695 1472 1766 respondes?
1501 1715 1520 1748 ι

267 1789 544 1845 Palladius
571 1789 710 1845 dixit
738 1807 751 1843 :
787 1809 806 1841 ‹
829 1789 935 1845 Pro
963 1791 1098 1846 Ario
1123 1806 1226 1861 ego
1255 1805 1362 1846 non
1395 1789 1673 1860 respondi.
1706 1809 1726 1842 ι

1901 563 2076 627 niant,
2109 573 2158 620 ct
2189 564 2269 619 sic
2298 573 2470 618 totum
2498 563 2819 634 excipiatur.
2860 581 2877 613 ι

1961 658 2196 714 Sabinus
2210 657 2652 729 episcopusdixit
2669 675 2713 712 τε
2725 656 3111 714 Adducatsuos
3124 669 3464 730 exceptores.
3480 679 3500 713 ι

1973 752 2247 808 Palladius
2271 751 2440 808 dixit:
2470 771 2488 803 ε
2520 751 2688 809 Pleno
2713 751 2946 808 concilio
2977 751 3129 809 vobis
3153 753 3512 825 respondebi-

1970 941 2064 998 44.
2096 941 2420 1001 Ambrosius
2457 945 2747 1016 episcopus
2785 943 2970 1000 dixit:
3013 964 3032 998 ‹
3070 945 3281 1001 Attalus
3313 946 3364 1000 in
3401 955 3509 1002 tra-

1907 1054 1925 1086 ι
1961 1045 2108 1092 ctatu
2158 1037 2363 1094 Nicaeni
2407 1039 2628 1095 concilii
2671 1039 3017 1110 subscripsit.
3066 1039 3238 1111 Neget
3283 1040 3510 1105 factum,

1906 1148 1925 1181 ι
1957 1130 2086 1200 quia
2112 1131 2262 1187 venit
2303 1131 2372 1187 ad
2399 1132 2718 1189 concilium.
2769 1133 2919 1189 Dicat
2966 1133 3131 1190 hodie
3160 1142 3337 1190 utrum
3381 1134 3508 1190 sub-

1907 1242 1926 1275 ‹
1962 1224 2243 1294 scripserit
2263 1225 2317 1281 in
2337 1233 2567 1282 tractatu
2589 1225 2792 1282 Niczeni
2811 1225 3050 1294 concilii,
3073 1242 3142 1283 an
3162 1242 3293 1284 non.
3309 1248 3328 1282 ›
3345 1226 3514 1283 Cum-

1901 1333 2006 1390 que
2051 1319 2267 1375 Attalus
2305 1319 2586 1389 reticeret,
2636 1320 2963 1377 Ambrosius
3011 1321 3302 1392 episcopus
3328 1321 3510 1377 dixit:

1908 1431 1928 1464 ‹
1966 1413 2179 1470 Attalus
2227 1413 2515 1486 presbyter
2563 1414 2693 1470 licet
2737 1415 2881 1470 inter
2907 1414 3142 1471 Arianos
3182 1415 3275 1481 sit,
3326 1422 3506 1470 tamen

1909 1523 1929 1557 ‹
1965 1505 2130 1560 habet
2176 1505 2556 1561 auctoritatem
2597 1505 2854 1577 loquendi
2888 1525 2904 1562 :
2964 1507 3139 1564 libere
3191 1505 3512 1578 proﬁteatur

1909 1613 1928 1648 ι
1963 1603 2143 1652 utrum
2175 1597 2563 1668 subscripserit
2590 1597 2643 1653 in
2669 1607 2902 1654 tractatu
2931 1597 3140 1655 Nieami
3161 1597 3384 1655 concilii
3408 1597 3512 1654 sub

1912 1709 1930 1743 ι
1969 1693 2228 1764 episcopo
2256 1707 2356 1747 suo
2379 1693 2703 1764 Agrippino,
2732 1707 2800 1747 an
2827 1708 2956 1748 non.
2996 1712 3016 1746 ι

1976 1787 2193 1842 Attalus
2219 1785 2358 1842 dixit
2387 1803 2399 1840 :
2435 1804 2455 1838 ι
2487 1785 2606 1843 lam
2633 1786 2823 1842 dixisti
2853 1801 2940 1843 me
2965 1786 3258 1857 aliquoties
3286 1786 3510 1842 damna-

260 1882 506 1938 Sabinus
529 1881 977 1953 episcopusdixit
1000 1901 1012 1936 :
1034 1901 1053 1935 ι
1079 1882 1263 1953 Usque
1291 1882 1428 1939 adeo
1446 1882 1799 1953 respondisti,
1831 1877 1880 1939 B
1911 1888 2020 1933 tum
2052 1897 2066 1934 :
2100 1895 2208 1935 non
2240 1879 2335 1934 tibi
2363 1879 2689 1960 respondeo.
2724 1899 2745 1932 ›

185 1986 248 2031 ut
296 1975 502 2031 Filium
556 1975 652 2032 Dei
702 1990 932 2047 negares
985 1985 1285 2047 potentem,
1343 1991 1574 2047 negares
1612 1991 1802 2032 verum

184 2065 390 2123 Deum.
430 2085 450 2119 ι

257 2159 548 2216 Palladius
593 2159 777 2220 dixit:
827 2179 847 2215 ι
899 2161 1014 2235 Ego
1061 2171 1113 2219 te
1143 2161 1384 2233 judicem
1437 2178 1548 2220 non
1601 2164 1799 2236 patior,

181 2267 352 2324 quem
386 2252 684 2324 impietatis
709 2269 900 2325 arguo.
933 2273 952 2305 ι

257 2343 506 2402 Sabinus
542 2346 831 2417 episcopus
870 2346 1051 2402 dixit:
1090 2367 1109 2400 ι
1149 2348 1272 2420 Ipse
1313 2363 1411 2406 nos
1445 2349 1670 2422 coegisti
1707 2365 1799 2406 se-

182 2435 343 2494 dere.
372 2456 394 2490 ι

256 2530 547 2588 Palladius
573 2531 710 2588 dixit
739 2549 756 2588 :
795 2552 813 2585 ι
843 2532 1090 2590 Mandavi
1121 2545 1180 2590 ut
1203 2535 1493 2601 sederetis,
1526 2543 1585 2591 ut
1603 2550 1800 2607 argue-

179 2643 298 2685 rem
332 2641 458 2682 vos.
493 2625 673 2694 Quare
700 2626 1052 2698 subripuistis
1091 2628 1437 2700 imperatori?
1480 2628 1552 2686 Ut
1579 2630 1797 2702 plenum

177 2725 492 2783 concilium
523 2739 631 2780 non
659 2732 829 2792 esset,
851 2724 1185 2794 obripuistis.
1221 2744 1238 2779 ι

250 2815 594 2872 Ambrosius
620 2817 913 2888 episcOpus
938 2815 1112 2871 dixit:
1147 2835 1164 2868 ι
1195 2817 1328 2871 Cum
1355 2816 1468 2872 Arii
1494 2816 1798 2888 impietates

184 2931 206 2966 ι
243 2911 590 2984 legerentur,
649 2919 708 2967 et
753 2911 1006 2981 impietas
1056 2921 1142 2966 tua
1186 2913 1388 2982 pariter
1435 2914 1796 2971 condemnata

181 3024 204 3059 ς
235 3016 344 3074 cst,
368 3022 496 3077 qua:
520 3005 805 3062 consensit
826 3005 1042 3061 Ariame
1079 3007 1364 3076 impietati.
1391 3007 1419 3045 ι’
1454 3009 1660 3063 Placuit
1700 3008 1797 3064 tibi

182 3118 207 3155 ι
240 3100 297 3156 in
323 3099 568 3172 epistola
593 3099 769 3156 media
793 3099 1081 3157 lectionem
1113 3115 1440 3171 proponere,
1461 3117 1623 3172 quam
1649 3101 1798 3157 vole-

182 3211 206 3246 ε
235 3194 339 3250 bas
369 3211 384 3248 :
417 3208 754 3272 responsum
779 3193 871 3249 tibi
902 3202 986 3250 est
1010 3193 1467 3265 quemadmodum
1495 3193 1668 3251 Filius
1697 3194 1797 3248 Pa-

1980 1972 2303 2028 Ambrosius
2374 1974 2662 2044 episcopus
2711 1972 2852 2029 dixit
2898 1990 2912 2028 :
2969 1993 2988 2026 ‹
3020 1973 3404 2047 Subscripsisti
3457 1973 3512 2031 in

1913 2085 1932 2117 ‹
1969 2074 2197 2122 tractatu
2225 2068 2443 2124 concilii
2469 2067 2698 2135 Nicazni,
2726 2085 2794 2125 an
2827 2083 2935 2125 non
2960 2069 2983 2124 ?
3013 2089 3033 2122 ›

1977 2159 2188 2214 Attalus
2213 2159 2384 2216 dixit:
2423 2179 2442 2212 ι
2468 2160 2584 2217 Non
2614 2161 2708 2216 tibi
2734 2162 3062 2232 respondeo.
3101 2182 3121 2216 ›

1975 2251 2068 2310 45.
2099 2252 2373 2309 Palladius
2398 2254 2573 2312 dixit:
2608 2275 2628 2307 ι
2662 2254 2819 2312 Modo
2859 2255 3027 2312 vultis
3053 2265 3342 2314 tractatum
3392 2258 3507 2328 ple—
3602 2295 3610 2303 ο

1904 2361 2032 2400 num
2062 2345 2274 2413 haberi,
2303 2361 2370 2401 an
2399 2351 2507 2402 non
2533 2347 2557 2402 ?
2583 2366 2603 2398 ι

1974 2437 2326 2496 Chromatius
2373 2440 2658 2514 presbyter
2701 2440 2876 2498 dixit:
2914 2461 2934 2495 ε
2975 2452 2998 2480 θ
3027 2443 3346 2500 Creaturam
3399 2459 3508 2500 non

1903 2530 2136 2601 negasti,
2166 2542 2328 2602 poten
2341 2541 2450 2588 tem
2480 2533 2712 2605 negasti.
2745 2535 2940 2591 Omnia
2963 2538 3197 2608 negasti,
3227 2553 3349 2609 qua:
3378 2536 3514 2595 ﬁdes

1901 2624 2170 2680 catholica
2202 2625 2502 2697 proﬁtetur.
2542 2647 2561 2680 ιι

1973 2717 2208 2774 Sabinus
2240 2720 2534 2792 episcopus
2558 2721 2705 2780 dixit
2736 2741 2749 2779 :
2788 2743 2807 2776 ι
2840 2724 3032 2781 Testes
3055 2741 3246 2782 sumus
3278 2743 3378 2783 nos
3409 2727 3510 2783 At-

1903 2811 2066 2867 talum
2094 2813 2486 2886 subscripsisse
2509 2817 2562 2872 in
2584 2819 2819 2875 concilio
2846 2819 3091 2890 Nicaano,
3119 2831 3174 2878 et
3197 2837 3342 2879 nunc
3364 2823 3516 2882 nolle

1901 2907 2258 2975 respondere.
2288 2909 2424 2978 Quid
2451 2913 2662 2968 cunctis
2683 2913 2943 2969 videtur?

1968 2999 2214 3072 Cumque
2254 3002 2463 3059 Attalus
2507 3004 2800 3072 reticeret,
2844 3007 3166 3064 Ambrosius
3214 3009 3510 3082 episcopus

1899 3091 2036 3146 dixit
2061 3109 2074 3145 :
2104 3111 2122 3143 ί
2154 3092 2309 3150 Dicat
2335 3105 2512 3151 utrutn
2537 3097 2923 3169 subscripserit
2947 3101 3003 3156 in
3023 3109 3258 3158 tractatu
3286 3100 3512 3160 concilii

1908 3184 2178 3256 eNicaani,
2211 3203 2278 3243 an
2312 3191 2453 3245 non?
2477 3209 2496 3241 ι

185 3306 209 3341 ι
247 3296 394 3343 trem
426 3289 692 3356 majorem
723 3287 942 3354 dixerit,
984 3302 1050 3343 eo
1089 3287 1233 3358 quod
1277 3287 1573 3343 secundum
1617 3287 1800 3344 carnis
1829 3279 1874 3342 C
1976 3280 2068 3335 46.
2117 3282 2396 3340 Palladius
2424 3284 2564 3341 dixit
2596 3303 2609 3340 :
2643 3306 2663 3339 ι
2699 3288 2973 3360 Exceptor
3001 3300 3186 3348 vester
3219 3301 3278 3350 et
3321 3301 3513 3352 noster

181 3401 205 3436 α
236 3383 655 3454 susceptionem
676 3383 836 3439 Pater
856 3382 1031 3454 major
1053 3392 1139 3438 est
1163 3397 1248 3438 eo.
1280 3381 1616 3453 Proposuisti
1639 3384 1802 3439 etiam

181 3494 204 3529 ι
241 3476 564 3547 subjectum
592 3491 713 3532 esse
745 3475 939 3531 Filium
981 3477 1104 3542 Dei;
1129 3484 1192 3542 ,et
1234 3477 1288 3531 in
1340 3477 1441 3532 hoc
1477 3492 1801 3548 responsum

180 3587 204 3622 ‹
240 3569 345 3625 tibi
378 3578 492 3636 est,
527 3569 654 3640 quia
698 3569 975 3638 subjectus
1009 3569 1180 3623 Filius
1220 3569 1316 3624 Dei
1353 3569 1652 3625 secundum
1685 3586 1802 3626 car-

183 3678 206 3713 ‹
246 3677 376 3717 nem
408 3670 524 3730 est,
557 3677 666 3716 non
713 3662 1008 3718 secundum
1041 3661 1405 3718 divinitatem.
1463 3662 1642 3719 Habes
1675 3679 1802 3734 pro-

179 3773 202 3808 ι
243 3756 563 3813 fessionem
605 3765 868 3822 nostram,
909 3770 1053 3811 nunc
1094 3756 1218 3810 audi
1261 3765 1476 3812 caetera.
1536 3757 1802 3824 Quoniam

177 3869 201 3902 ε
239 3850 342 3906 tibi
391 3865 734 3922 responsum
773 3859 889 3919 est,
931 3850 1204 3922 responde
1236 3863 1257 3891 ε
1299 3851 1366 3907 ad
1411 3867 1496 3919 ea,
1547 3869 1673 3924 qua:
1721 3853 1803 3910 le-

177 3964 201 4000 σ
233 3952 472 4017 guntur.
508 3963 530 3998 ι

247 4038 347 4096 45.
392 4038 683 4095 Palladius
725 4036 902 4092 dixit:
943 4056 963 4091 ι
1012 4036 1130 4093 Non
1166 4037 1260 4094 tibi
1292 4039 1627 4110 respondeo;
1679 4041 1806 4112 quia

171 4148 562 4206 qumcumque
584 4148 686 4204 ego
709 4132 840 4198 dixi,
871 4147 978 4188 non
1020 4142 1148 4188 sunt
1187 4134 1386 4206 scripta
1414 4153 1427 4189 :
1467 4145 1654 4192 vestra
1683 4147 1805 4192 tan-

172 4226 476 4284 tummodo
525 4225 846 4282 scribuntur
875 4226 1040 4283 verba
1065 4245 1077 4280 :
1110 4243 1216 4282 nun
1245 4228 1400 4284 vobis
1427 4230 1752 4300 respondeo.
1783 4252 1801 4283 ι

243 4319 599 4376 Ambrosius
629 4319 919 4389 episcopus
946 4318 1082 4374 dixit
1108 4337 1120 4372 :
1155 4339 1174 4372 ε
1200 4320 1391 4376 Omnia
1424 4322 1576 4380 vides
1617 4324 1802 4381 scribi.

174 4432 198 4466 ‹
233 4415 502 4486 Denique
521 4430 646 4484 qua:
671 4411 872 4483 scripta
896 4421 1042 4480 sunt,
1068 4413 1346 4470 abundant
1363 4415 1429 4471 ad
1456 4413 1599 4472 tua:d
1618 4417 1810 4488 impie-

177 4525 198 4558 ‹
241 4507 378 4563 tatis
431 4505 734 4562 indicium.
772 4523 792 4556 ›
843 4504 909 4560 Ει
948 4503 1204 4561 addidit:
1245 4525 1263 4557 ε
1309 4505 1625 4564 Creaturam
1673 4509 1809 4566 dicis

173 4617 196 4652 ‹
233 4599 570 4665 Christum,
604 4613 673 4652 an
702 4596 900 4668 negas?
935 4615 955 4649 ι

245 4691 555 4749 Palladius
582 4690 758 4746 dixit:
798 4709 816 4742 ι
854 4689 972 4746 Non
1003 4692 1332 4763 respondeo.
1363 4712 1382 4745 ι

241 4787 427 4858 798
459 4783 796 4840 Ambrosius
839 4784 1128 4856 episcOpus
1177 4783 1320 4839 dixit
1351 4802 1365 4839 :
1397 4804 1417 4838 ‹
1447 4786 1589 4842 Ante
1620 4786 1810 4843 horam

172 4899 194 4935 ι
234 4881 388 4939 citra
418 4890 638 4945 actam,
670 4893 794 4934 cum
840 4878 1111 4951 legeretur
1141 4879 1264 4949 quia
1290 4879 1453 4934 Arius
1497 4881 1632 4936 dixit
1659 4896 1810 4938 erea-

171 4996 192 5029 ‹
235 4986 432 5032 turam
464 4971 777 5041 Christum,
803 4973 1008 5044 negasti
1031 4991 1045 5028 :
1065 4971 1307 5028 oblatum
1330 4981 1414 5027 est
1446 4974 1566 5042 tibi,
1588 4975 1813 5030 utdam-

169 5087 191 5122 ι
229 5085 409 5127 nares
457 5065 778 5140 perﬁdiam,
830 5067 1051 5123 noluisti
1099 5084 1113 5120 :
1174 5067 1259 5122 vel
1303 5083 1446 5124 nunc
1493 5068 1581 5125 die
1629 5081 1808 5128 utrum

169 5183 192 5220 ς
233 5173 414 5222 natus
445 5177 522 5219 ex
569 5159 732 5216 Patre
767 5159 1016 5216 Christus
1054 5159 1148 5229 sit,
1180 5174 1249 5215 an
1281 5161 1541 5217 creatus?
1574 5182 1592 5214 ι

239 5343 271 5370 ει
320 5329 551 5387 Eadem
579 5325 713 5383 edit.
733 5326 918 5392 Rom.,
947 5323 1053 5380 Pro
1072 5323 1197 5379 Aria
1218 5324 1521 5396 respondes,
1551 5323 1618 5378 ar!
1637 5333 1814 5380 nostra

161 5407 664 5476 ίπιρννοθιξιιξ,ηο1ι
692 5397 990 5476 respondet.-

1906 3383 2075 3443 stent,
2105 3384 2160 3432 et
2182 3377 2360 3433 omnia
2383 3379 2645 3437 scribant.
2680 3401 2700 3434 ι

1981 3467 2300 3526 Valerianus
2327 3472 2614 3546 episc0pus
2643 3475 2815 3533 dixit:
2852 3497 2871 3530 ι
2904 3479 3024 3536 Jam
3054 3497 3176 3553 qua:
3205 3480 3416 3550 dixisti,
3455 3490 3514 3541 et

1906 3578 2027 3633 quae
2056 3566 2285 3634 negasti,
2316 3568 2522 3637 scripta
2555 3578 2684 3625 sunt
2712 3573 2916 3628 omnia.
2948 3593 2967 3626 ι

1980 3654 2256 3712 Palladius
2283 3657 2420 3715 dixit
2449 3677 2461 3714 :
2496 3679 2514 3713 ι
2557 3662 2725 3720 Dicite
2745 3665 2888 3736 quod
2918 3667 3103 3725 vultis.
3136 3690 3155 3722 ι

1980 3747 2305 3806 Ambrosius
2351 3753 2642 3826 episcopus
2689 3757 2868 3814 dixit:
2903 3779 2922 3812 ι
2972 3762 3109 3829 Quia
3155 3765 3354 3833 smpius
3401 3767 3516 3824 vult

1915 3859 1933 3893 ι
1971 3841 2218 3900 damnari
2252 3844 2549 3915 Palladius,
2587 3849 2677 3921 qui
2716 3850 2829 3921 jam
2864 3851 3181 3926 frequenter
3226 3857 3518 3916 damnatus

1915 3953 1934 3986 ι
1969 3947 2073 4002 est,
2108 3936 2228 4008 lego
2255 3937 2544 4008 epistolam
2571 3943 2713 4009 Arii,
2744 3961 2906 4015 quam
2936 3947 3030 4003 ille
3058 3949 3234 4005 noluit
3254 3951 3526 4008 condem-

1910 4045 2039 4087 nare
2071 4048 2084 4084 :
2117 4033 2449 4102 proﬁtemini
2477 4035 2608 4107 quid
2640 4037 2794 4094 vobis
2821 4039 3070 4096 videtur?
3102 4062 3120 4094 ι

1982 4125 2444 4201 Omncsepiscopi
2476 4131 2775 4188 dixerunt:
2808 4153 2825 4185 ι
2859 4135 3120 4206 Legatur.
3144 4157 3164 4190 ι
3197 4137 3518 4197 Etrecitata

1912 4229 2031 4278 est:
2067 4241 2085 4273 ί
2125 4221 2263 4278 Nato
2288 4235 2468 4281 autem
2497 4241 2606 4282 non
2637 4228 2898 4296 putative,
2931 4249 2949 4282 ι
2985 4240 3040 4286 et
3065 4231 3298 4304 reliqua.

1984 4315 2306 4374 Ambrosius
2328 4320 2621 4392 episcopus
2641 4321 2779 4379 dixit
2805 4341 2819 4378 :
2842 4344 2858 4375 ι
2888 4323 3167 4395 Respondi
3199 4328 3292 4384 tibi
3314 4329 3380 4387 de
3407 4347 3522 4387 ma-

1919 4427 1938 4460 ι
1966 4409 2114 4478 jore,
2140 4411 2398 4483 respondi
2428 4413 2524 4471 tibi
2553 4423 2608 4472 et
2651 4415 2720 4472 de
2744 4416 2996 4488 subjecto
3043 4436 3056 4473 :
3110 4435 3254 4477 nunc
3299 4432 3355 4478 et
3405 4423 3526 4496 ipse

1921 4511 1949 4554 ι·
1975 4505 2265 4576 responde.
2302 4527 2322 4561 ι

1985 4599 2076 4654 47.
2111 4600 2382 4658 Palladius
2404 4603 2579 4660 dixit:
2603 4603 2722 4662 Non
2748 4607 3096 4678 respondebo
3117 4610 3218 4666 nisi
3242 4610 3526 4671 auditores

1831 4706 1888 4768 D
1913 4695 2133 4751 veniant
2164 4705 2285 4766 post
2312 4697 2650 4756 Dominicam
2683 4701 2851 4758 diem.
2889 4722 2910 4755 ι

1985 4789 2307 4846 Ambrosius
2336 4793 2629 4866 episcopus
2669 4796 2810 4852 dixit
2846 4815 2860 4851 :
2909 4817 2929 4852 ‹
2977 4799 3218 4857 Veneras
3257 4810 3520 4858 tractatu-

1920 4901 1939 4935 ‹
1977 4898 2090 4950 rus,
2124 4883 2222 4940 sed
2250 4895 2604 4958 posteaquam
2636 4888 2814 4960 objeci
2839 4891 2936 4946 tibi
2966 4933 2982 4960 ,
3015 4893 3203 4950 vidisti
3236 4894 3526 4965 epistolam

1922 4995 1940 5028 ‹
1981 4977 2118 5046 Arii,
2147 4992 2312 5048 quam
2343 4977 2609 5036 damnare
2641 4982 2886 5051 noluisti,
2924 4999 3176 5042 asserere
3197 4997 3378 5041 autem
3417 5000 3527 5042 non

1923 5088 1941 5120 ι
1982 5079 2166 5140 potes;
2201 5070 2406 5126 idcirco
2436 5088 2580 5128 nunc
2606 5073 2810 5146 refugis
2832 5084 2888 5132 et
2911 5078 3205 5133 cavillaris.
3231 5077 3482 5133 Pleuarie
3506 5083 3526 5124 ι

1925 5186 1942 5217 ι
1992 5167 2167 5238 ipsum
2231 5169 2403 5226 recito
2460 5171 2527 5226 ad
2585 5172 2824 5246 singula.
2891 5175 2989 5232 Die
3055 5185 3238 5233 utrum
3280 5175 3532 5235 Christus

1993 5339 2014 5405 εξ
2221 5327 2408 5405 [ἶοηιη
2440 5329 2598 5405 adeo
2624 5349 2740 5404 qua:
2764 5344 3070 5405 sequuntur.

1990 5395 2018 5437 ά
2045 5399 2192 5479 ﬁdit.
2224 5399 2385 5479 Rom.
2413 5395 2665 5479 et__l_,‘ab.',
2699 5395 2980 5472 impietatis
2997 5407 3282 5479 judicium.

239 5475 271 5517 1³
291 5467 601 5533 Sié’l‘elL,
623 5467 793 5525 Labb.
817 5467 1047 5525 etChiﬂ.
1075 5469 1180 5524 nisi
1208 5470 1351 5540 quod
1377 5469 1608 5522 habetur
1639 5469 1690 5523 in
1716 5467 1818 5524 hoc

161 5550 403 5612 ultimo,
436 5547 499 5598 in
533 5541 715 5595 media
737 5541 970 5608 epistola:
996 5542 1214 5596 lectione
1250 5557 1534 5607 proponere
1563 5540 1698 5612 quod
1720 5556 1818 5612 ruo-

161 5622 317 5676 lebas
349 5611 609 5673 {totum
658 5628 790 5668 vero
831 5612 1008 5666 locum
1059 5613 1217 5667 Rom.
1268 5612 1402 5668 edit.
1440 5611 1663 5680 praefert
1717 5611 1821 5667 hoc

161 5691 344 5750 modo
373 5709 386 5743 :
428 5685 667 5757 Placuit
697 5684 786 5736 tibi
815 5693 869 5736 ut
897 5683 1008 5735 Arii
1036 5685 1254 5752 epistola
1277 5685 1530 5757 legeretur
1561 5699 1579 5737 :
1621 5683 1819 5737 dictant

163 5775 249 5820 est
282 5773 345 5816 ut
370 5755 774 5825 dubitationem
801 5770 1132 5825 proponeres,
1167 5755 1342 5822 quam‘
1363 5756 1599 5825 volebas;
1630 5771 1820 5824 propo-

165 5834 334 5893 suisti
360 5830 524 5904 quod
558 5823 882 5904 ἱρῇ-ξηραί
908 5827 1074 5904 major
1101 5837 1268 5880 est....
1300 5825 1435 5897 quod
1471 5823 1679 5880 Patrem
1709 5843 1820 5880 ma-

157 5911 353 5984 jorem
375 5893 604 5958 'dixerit
639 5893 810 5951 Filius
838 5894 954 5950 Dei.

2002 5479 2024 5546 εξ
2057 5470 2216 5546 Boni.
2247 5473 2410 5546 edit,
2434 5470 2658 5546 Filian
2677 5470 2970 5528 creaturam
2997 5470 3104 5531 non
3131 5480 3351 5546 negasti.

2003 5539 2026 5614 ίν
2067 5541 2144 5596 Ita
2173 5543 2296 5598 cod.
2324 5543 2467 5600 Tell.
2502 5559 2533 5599 a
2563 5560 2671 5614 quo
2706 5560 2814 5597 non
2856 5547 3062 5602 abeunt
3086 5539 3256 5605 Labb.
3284 5562 3339 5604 et
3366 5548 3530 5606 Chiﬁ.

1925 5613 2031 5667 nisi
2073 5614 2216 5681 quod
2250 5615 2344 5686 ille
2369 5613 2630 5686 punctum
2672 5614 2952 5686 postponit
2993 5620 3160 5676 verbo
3205 5622 3400 5686 recito;
3447 5621 3540 5678 hic

1926 5691 2107 5763 autem
2134 5685 2263 5763 illud
2297 5683 2527 5763 praeﬁgit
2555 5683 2822 5763 adverbio
2853 5695 3028 5763 utrum
3067 5708 3088 5746 .'
3119 5707 3359 5763 quocum
3383 5683 3538 5750 redit.

1927 5755 2089 5808 Rom.
2111 5755 2274 5810 etiam
2293 5755 2631 5836 conveniret,
2654 5755 2759 5808 nisi
2781 5755 2942 5836 nuder
2974 5776 3075 5829 pro
3095 5755 3237 5834 potes
3260 5765 3541 5836 reposuis.

1927 5836 2031 5893 sct,
2057 5836 2111 5881 et
2132 5836 2258 5883 ante
2284 5827 2445 5882 recito
2464 5826 2758 5881 dictionem
2784 5826 3369 5906 iternm'apposuissc't.
