4014 6290
210 321 312 380 957

1395 325 1888 384 EPISTOLARUM
1928 325 2206 386 CLASSIS
2245 328 2284 384 l.

3407 330 3512 390 958

212 445 262 496 in
289 444 408 498 sinu
451 442 626 498 Patris
652 443 837 516 (Joau.
861 462 902 512 ι,
929 446 1059 519 18);
1090 457 1218 516 ergo
1239 444 1577 517 unigenitum
1605 444 1801 500 Filium
1832 443 1885 503 Α
1914 461 1934 494 ‹
1981 443 2301 515 subreptum
2333 484 2346 509 ,
2401 442 2689 501 confirmet
2739 443 3073 501 sententiam
3127 457 3305 504 suam.
3363 449 3524 508 Dicat

211 551 269 591 se
306 537 507 593 asserit
543 537 722 594 Patris
767 556 780 593 :
827 538 996 596 Filius
1035 539 1198 611 igitur
1236 537 1550 609 unigenitus
1587 546 1672 592 est
1710 535 1808 592 Dei

213 626 380 686 Filius
410 644 590 686 verus.
643 649 662 684 ι

280 724 370 781 67.
396 724 723 782 Ambrosius
751 728 1044 798 episcopus
1079 726 1218 783 dixit
1243 744 1254 780 :
1292 745 1310 778 ι
1350 726 1494 781 Deus
1515 740 1678 782 verus
1699 732 1805 792 est,

217 835 235 871 ‹
277 825 302 854 ⁸
330 831 492 873 verus
520 817 618 874 Dei
647 817 819 874 Filius
851 819 1032 876 Deus?
1055 837 1075 872 ι
1108 819 1180 875 Ει
1202 817 1412 874 addidit
1443 838 1456 874 :
1490 837 1508 870 ι
1534 817 1591 873 1η
1613 816 1810 872 divinis

214 929 236 963 s
277 911 436 968 libris
463 911 730 983 scriptum
765 923 852 971 est
882 932 896 968 :
928 914 1070 981 Quia
1095 916 1182 985 qui
1196 917 1382 988 jurant
1406 929 1562 983 super
1592 923 1803 978 terram,

213 1023 234 1057 s
267 1004 525 1078 jurabunt
563 1004 735 1062 Deum
770 1024 948 1063 verum
973 1007 1154 1079 (Esai.
1185 1023 1333 1074 LxVI,
1362 1003 1474 1079 i6).
1517 1004 1673 1075 Quod
1703 1005 1810 1061 uti-

215 1117 234 1152 s
279 1115 384 1171 que
405 1099 476 1156 de
505 1099 724 1156 Christo
744 1116 870 1159 esse
901 1117 1010 1158 non
1033 1101 1261 1158 dubium
1285 1109 1389 1158 est.
1419 1099 1530 1156 Nos
1558 1113 1687 1171 ergo
1717 1113 1809 1155 ve-

213 1212 232 1246 r
281 1209 399 1250 rum
434 1195 602 1252 Deum
642 1195 1006 1266 proﬁtemur:
1044 1205 1101 1253 et
1139 1196 1279 1252 ﬁdes
1321 1203 1507 1251 nostra
1539 1194 1656 1250 haec
1695 1200 1804 1260 est,

212 1309 231 1342 ι
278 1298 333 1346 ει
361 1289 650 1360 professio,
675 1291 799 1362 quia
828 1291 1145 1363 unigenitus
1181 1290 1360 1349 Patris
1381 1289 1557 1345 Filius
1590 1297 1676 1344 est
1710 1302 1806 1342 ve-

213 1398 231 1433 ι
280 1396 374 1437 rus
404 1381 569 1438 Deus.
614 1382 709 1438 Dic
737 1391 794 1439 et
832 1393 886 1440 tu
926 1384 996 1441 de
1036 1385 1150 1441 Deo
1188 1398 1340 1448 vero,
1382 1381 1578 1439 deinde
1608 1378 1806 1436 Filium

213 1493 232 1528 s
285 1475 458 1530 Deum
487 1490 698 1532 verum.
740 1496 759 1529 ›

278 1568 652 1627 Secundianus
673 1570 807 1626 dicit
836 1588 849 1624 :
888 1587 907 1622 ι
941 1570 1019 1626 De
1045 1569 1158 1625 Deo
1186 1583 1338 1626 vero.
1371 1588 1391 1622 s

274 1663 445 1737 θοή
465 1663 558 1722 68.
585 1664 907 1721 Ambrosius
933 1665 1224 1736 episcopus
1252 1663 1392 1720 dixit
1420 1680 1433 1719 :
1465 1681 1484 1715 ι
1512 1662 1687 1719 Filius
1711 1659 1809 1718 Dei

214 1774 233 1807 ι
287 1757 430 1813 Deus
457 1773 624 1816 verus
653 1758 781 1814 est?
810 1777 830 1812 ι

273 1849 652 1906 Secundianus
675 1849 815 1906 dixit
847 1869 860 1906 :
893 1869 913 1903 ι
939 1848 968 1889 ι’
1000 1850 1142 1921 Ergo
1171 1849 1427 1907 mendax.
1460 1868 1478 1900 ι

276 1943 606 1999 Ambrosius
631 1945 920 2017 episcOpus
955 1944 1094 2000 dixit
1123 1960 1137 1997 :
1178 1963 1197 1996 ι
1229 1942 1286 1999 ιιι
1318 1943 1421 1998 ιιοε
1451 1941 1698 1998 fraudem
1733 1940 1808 1995 ia-

203 2054 225 2089 ι
278 2037 387 2105 cis,
421 2046 480 2092 ut
510 2051 616 2092 non
649 2037 818 2094 Deum
847 2051 1038 2094 verum
1068 2036 1221 2092 dicas
1247 2077 1263 2102 ,
1295 2035 1389 2091 sed
1416 2037 1584 2090 Deum
1612 2034 1806 2104 unige-

203 2147 223 2180 s
276 2129 456 2184 nitum
483 2145 697 2196 verum,
728 2145 793 2186 ac
815 2146 913 2201 per
942 2130 1045 2185 hoc
1075 2129 1161 2185 dic
1193 2128 1519 2199 simpliciter
1556 2145 1569 2182 :
1601 2125 1804 2198 Unige-

205 2238 223 2272 s
275 2219 429 2275 nitus
452 2219 549 2276 Dei
574 2219 745 2276 Filius
776 2220 925 2278 Deus
951 2234 1113 2276 verus
1136 2229 1240 2275 est.
1282 2239 1302 2273 ι

264 2310 648 2368 Secundianus
693 2311 833 2367 dixit
883 2329 897 2364 :
957 2330 976 2363 ‹
1034 2310 1389 2383 Unigenitum
1428 2309 1539 2366 dixi
1582 2308 1676 2365 Dei
1717 2307 1807 2362 Fi-

269 2495 365 2553 69.
420 2494 692 2552 Eusebius
740 2495 1031 2566 episcopus
1069 2495 1209 2552 dixit
1247 2513 1266 2550 :
1312 2514 1330 2549 ι
1379 2495 1492 2553 Hoc
1537 2495 1804 2554 Photinus

197 2607 218 2641 ι
267 2603 381 2645 non
413 2595 595 2660 negat,
626 2587 730 2644 hoc
762 2588 1036 2645 Sabellius
1060 2587 1374 2645 conﬁtetur.
1418 2609 1438 2641 ι

266 2684 597 2742 Ambrosius
645 2683 940 2754 episcopus
987 2683 1129 2739 dixit
1182 2701 1194 2738 :

197 2797 218 2831 s
267 2776 570 2834 conﬁtetur
597 2819 611 2843 ,
649 2775 775 2848 jure
814 2776 1146 2844 damnatur;
1185 2790 1252 2834 ac
1289 2791 1388 2848 per
1425 2775 1528 2833 hoc
1565 2791 1713 2848 stupe
1751 2785 1804 2834 te

196 2889 217 2926 α
266 2873 543 2928 convenio
573 2914 589 2939 ,
647 2872 778 2929 licet
817 2871 1125 2928 cavillando
1164 2872 1454 2944 negaveris
1491 2873 1802 2929 veritatem.

195 2985 218 3020 α
262 2966 601 3040 Nonquaaro
633 2976 691 3022 ut
720 2965 1102 3023 tantummodo
1130 2966 1471 3038 unigenitum
1497 2982 1686 3023 verum
1715 2966 1806 3022 Fi-

197 3081 218 3115 ι
267 3061 407 3118 lium
437 3061 591 3117 dicas
611 3061 735 3126 Dei,
760 3060 854 3117 sed
881 3063 1050 3117 etlam
1083 3059 1252 3115 Deum
1281 3075 1493 3115 verum.
1529 3078 1547 3112 ι

263 3154 648 3212 Secundianus
687 3154 825 3211 dixit
863 3172 879 3210 :
921 3154 1182 3212 Veritatis
1225 3169 1314 3210 tne
1363 3168 1584 3210 servum
1633 3153 1799 3224 proﬁ-

1916 555 1935 590 c
1983 553 2114 608 ergo
2151 538 2491 608 unigenitum
2531 537 2809 595 Christum
2853 537 2948 595 Dei
2984 538 3183 596 Filium
3217 541 3391 599 Deum
3432 559 3520 600 vc-

1916 650 1935 683 (
1981 648 2127 688 rum.
2167 652 2186 686 ι

1981 724 2363 782 Secundianus
2391 726 2529 783 dixit
2565 745 2578 783 :
2614 745 2634 779 ι
2673 726 2790 783 Jam
2824 727 2959 784 dixi.
2997 726 3139 796 Quid
3167 728 3304 785 mihi
3334 737 3518 787 extor-

1910 835 2076 891 quere
2107 822 2190 877 vis
2217 822 2490 893 amplius?
2525 840 2544 874 s

1985 913 2305 970 Ambrosius
2333 913 2624 985 episcopus
2653 913 2792 969 dixit
2821 932 2835 968 :
2889 933 2908 965 ι
2945 913 3082 983 Quid
3111 913 3330 972 dixisti?
3355 913 3519 974 Certe

1916 1026 1936 1061 ‹
1987 1006 2007 1046 τ
2052 1007 2097 1062 si
2137 1007 2377 1065 dixisses
2416 1017 2599 1075 tanta,
2642 1007 2787 1080 quod
2824 1007 3064 1080 gloriose
3101 1007 3332 1077 dicitur,
3373 1024 3522 1083 sape

1917 1119 1936 1151 ‹
1979 1098 2338 1171 repetendum
2371 1109 2478 1158 est.
2520 1121 2540 1156 ι
2708 1100 2710 1102 ’

1982 1193 2360 1251 Secundianus
2404 1195 2542 1250 dixit
2579 1213 2594 1248 :
2641 1215 2658 1247 ι
2699 1195 2914 1252 Dictum
2945 1205 3031 1252 est
3061 1215 3075 1251 :
3109 1197 3192 1253 Sit
3229 1214 3396 1254 sermo
3434 1216 3517 1257 ve-

1910 1298 2032 1354 ster,
2067 1299 2143 1344 est
2169 1299 2267 1351 est,
2297 1305 2398 1344 non
2428 1306 2530 1345 non
2561 1288 2794 1362 (Matth.
2825 1306 2879 1355 ν,
2909 1291 3021 1362 57).
3064 1310 3083 1345 s

1983 1381 2072 1437 72.
2100 1383 2426 1440 Ambrosius
2456 1383 2749 1454 episcopus
2770 1383 2911 1440 dixit
2943 1401 2956 1439 :
2995 1403 3015 1437 ‹
3049 1383 3151 1453 Qui
3182 1385 3315 1442 dicit
3341 1387 3518 1458 ipsum

1919 1494 1938 1527 s
1983 1474 2200 1532 Patrem
2245 1475 2474 1543 Filium,
2515 1476 2817 1548 sacrilegus
2852 1486 2958 1532 est.
2995 1476 3110 1532 Hoc
3144 1493 3172 1533 a
3219 1487 3274 1535 te
3302 1495 3519 1547 quaero,

1919 1587 1939 1620 ι
1985 1575 2043 1622 ιιι
2071 1567 2221 1624 dicas
2249 1568 2320 1625 de
2346 1569 2458 1624 Deo
2486 1582 2616 1624 vero
2641 1568 2809 1625 Deum
2839 1583 3028 1625 verum
3063 1570 3161 1627 Dei
3195 1571 3396 1628 Filium
3426 1589 3520 1628 na-

1920 1679 1939 1712 s
1987 1669 2122 1716 tum.
2159 1680 2177 1715 ι

1987 1754 2368 1812 Secundianus
2395 1755 2533 1812 dixit
2566 1775 2578 1810 :
2621 1776 2639 1809 ‹
2670 1757 2785 1829 Ego
2815 1757 3014 1813 Filium
3049 1773 3079 1814 a
3110 1758 3224 1814 Deo
3252 1760 3522 1830 genitum,

1835 1837 1884 1899 Β
1915 1857 1938 1895 8
1968 1848 2184 1906 dicente
2212 1849 2332 1920 ipso
2362 1867 2376 1904 :
2407 1849 2578 1906 Genui
2605 1861 2653 1906 te
2679 1849 2865 1923 (Psat.
2895 1868 3010 1914 arx.
3040 1851 3136 1921 5);
3165 1862 3219 1909 et
3242 1854 3521 1911 conﬁten-

1914 1947 2021 1996 tem
2045 1956 2105 1997 se
2133 1942 2376 2013 genitum
2400 1955 2546 2015 esse,
2579 1941 2726 1998 dico.
2767 1962 2786 1995 ι

1983 2036 2072 2091 75.
2133 2036 2463 2092 Ambrosius
2503 2037 2802 2109 episcOpus
2842 2038 2979 2094 dixit
3023 2058 3033 2092 :
3086 2059 3104 2090 ι
3152 2040 3198 2096 Α
3241 2041 3354 2098 Deo
3392 2056 3524 2099 vero

1917 2149 1935 2182 ι
1986 2129 2133 2186 Deus
2159 2146 2324 2188 verus
2352 2131 2472 2187 est?
2507 2151 2527 2184 ι

1981 2211 2364 2279 Secundianus
2380 2224 2552 2279 dixit:
2576 2243 2594 2276 ι
2617 2225 2682 2281 Ει
2709 2241 2835 2282 cum
2851 2227 3060 2283 nomini
3075 2228 3237 2284 etiam
3263 2227 3441 2297 addis,
3462 2239 3519 2286 et

1910 2331 2123 2382 verum,
2140 2316 2298 2372 audis
2319 2317 2498 2388 qualis
2524 2317 2576 2372 in
2611 2326 2664 2374 te
2683 2317 2816 2374 ﬁdes
2845 2319 2938 2386 sit,
2955 2328 3011 2375 et
3032 2319 3363 2376 Christianus
3381 2336 3442 2377 es
3459 2322 3515 2375 is

1981 2409 2252 2466 Eusebius
2295 2411 2589 2483 episcopus
2630 2411 2770 2468 dixit
2819 2431 2832 2467 :
2889 2433 2908 2467 ι
2956 2414 3058 2482 Qtti
3099 2416 3319 2486 negavit
3368 2415 3522 2470 illum

1908 2502 2079 2559 Deum
2126 2505 2365 2561 verum?
2414 2503 2580 2561 Arius
2622 2513 2681 2562 et
2727 2505 3006 2563 Palladius
3057 2509 3295 2579 negavit.
3343 2508 3423 2564 Tu
3473 2511 3520 2565 si

1908 2592 2077 2650 Deum
2107 2596 2272 2669 805
2318 2612 2508 2654 verum
2547 2597 2762 2667 credis,
2809 2598 2978 2656 debes
3019 2599 3340 2671 simpliciter
3374 2600 3522 2658 desi-

1252 2702 1272 2736 ι
1318 2683 1386 2738 Ει
1423 2684 1514 2756 qui
1550 2683 1655 2741 hoc
1692 2698 1802 2740 non
1905 2703 2096 2760 gnare.

1979 2781 2069 2838 74.
2115 2783 2440 2841 Ambrosius
2469 2785 2765 2858 episcopus
2802 2786 2942 2842 dixit
2977 2807 2988 2840 :
3031 2808 3048 2838 ι
3084 2787 3141 2844 Si
3172 2803 3277 2843 non
3319 2787 3525 2846 dixeris

1914 2894 1933 2929 ‹
1979 2876 2150 2933 Deum
2182 2894 2372 2934 verum
2414 2878 2484 2934 de
2524 2879 2638 2936 Deo
2678 2894 2809 2936 vero
2838 2888 3026 2935 natum
3059 2895 3208 2949 esse,
3243 2879 3521 2937 Christum

1915 2991 1932 3025 ι
1987 2973 2220 3044 negasti.
2263 2991 2282 3024 ι

1977 3064 2354 3123 Secundianus
2386 3065 2567 3121 dixit:
2606 3085 2624 3118 ι
2663 3065 3038 3136 Interrogatus
3074 3064 3143 3120 de
3173 3064 3347 3135 Filio,
3397 3065 3524 3120 dedi

1909 3174 2235 3231 responsum
2271 3179 2284 3214 :
2335 3159 2797 3232 quemadmodum
2829 3159 3086 3216 deberem
3121 3157 3402 3230 proﬁteri,
3434 3174 3518 3214 re-

187 3231 346 3306 teor.
375 3248 506 3319 Quae
532 3249 681 3317 dico,
713 3263 825 3305 non
857 3248 1217 3305 scribuntur:
1247 3256 1304 3305 et
1330 3263 1454 3320 qua:
1475 3247 1635 3314 dicis,
1672 3245 1807 3302 scri-
1833 3230 1880 3296 C
1913 3254 2130 3326 spondi,
2150 3251 2180 3290 ιι
2201 3230 2480 3311 Habemus
2495 3262 2734 3310 vestram
2751 3251 3173 3324 expositionem,
3198 3249 3515 3316 anei-emus,

190 3341 431 3400 buntur.
460 3339 734 3399 Christum
760 3357 954 3399 verum
993 3342 1088 3399 Dei
1116 3339 1318 3397 Filium
1357 3339 1502 3398 dico.
1532 3339 1668 3408 Quis
1707 3353 1805 3395 ne-

187 3446 290 3510 gat
315 3436 517 3494 Filium
550 3437 648 3496 Dei
677 3453 865 3495 verum
896 3436 1060 3494 esse?
1089 3455 1108 3490 ι

267 3529 367 3587 70.
415 3531 740 3587 Ambrosius
779 3530 1074 3600 episcopus
1110 3527 1252 3584 dixit
1293 3546 1305 3582 :
1353 3548 1372 3581 ι
1425 3541 1446 3569 ε
1495 3527 1601 3597 Qui
1645 3535 1809 3599 negat

193 3644 216 3681 s
274 3625 454 3682 Deum
494 3641 682 3683 verum
721 3625 1061 3695 unigenitum
1102 3622 1199 3681 Dei
1240 3622 1438 3680 Filium
1465 3667 1478 3690 ,
1519 3622 1808 3680 anathema

196 3741 216 3776 s
266 3719 368 3777 sit.
413 3737 432 3771 ι

265 3811 660 3870 Secundianus
713 3811 850 3867 dixit
889 3828 902 3865 :
951 3831 971 3865 ι
1020 3812 1188 3868 Deum
1239 3826 1430 3868 verum
1469 3813 1806 3884 unigenitum

183 3905 402 3962 Filium
445 3905 543 3962 Dei
583 3923 596 3960 :
637 3901 665 3942 ἀ
695 3905 838 3973 Quid
879 3905 1013 3962 mihi
1054 3905 1354 3977 profiteris,
1393 3907 1538 3978 quod
1579 3922 1684 3963 non
1725 3914 1811 3964 est

181 4001 518 4072 scriptum?
556 4020 576 4055 ι

259 4094 608 4151 Ambrosius
647 4094 940 4168 episcopus
977 4093 1117 4150 dixit
1157 4109 1174 4150 :
1221 4113 1240 4148 ι
1286 4094 1550 4166 Apertum
1589 4094 1810 4150 sacrile-

187 4209 207 4244 s
261 4189 432 4262 gium
474 4197 560 4244 est
591 4229 607 4256 ,
657 4188 876 4261 quando
924 4187 1204 4245 Christum
1254 4187 1348 4245 Dei
1399 4187 1598 4244 Filium
1648 4186 1810 4245 Arius

183 4302 205 4338 ι
260 4284 452 4340 Deum
485 4296 673 4338 verum
701 4283 940 4354 negavit.
982 4302 1000 4336 ι

257 4375 660 4434 Secundianus
698 4375 833 4433 dixit
876 4397 888 4432 :
936 4396 954 4430 ι
1000 4377 1186 4434 Jesum
1225 4375 1505 4433 Christum
1549 4385 1572 4413 θ
1613 4374 1810 4431 Filium

175 4470 285 4527 Dei
317 4471 526 4537 Deum,
559 4469 653 4540 qui
683 4468 934 4526 Christus
962 4470 1175 4527 dicatur
1201 4470 1373 4526 Filius
1401 4484 1588 4537 verus,
1618 4468 1811 4525 Filium

175 4565 285 4622 Dei
317 4563 459 4620 dico
497 4581 509 4616 :
543 4562 639 4620 sed
665 4579 852 4620 verum
886 4560 1054 4620 Deum
1085 4581 1194 4620 non
1225 4573 1310 4620 est
1338 4565 1627 4634 scriptum.
1670 4583 1688 4615 ι

2130 3386 2143 3400 ο
2188 3364 2207 3398 ι

1916 3347 2307 3496 leg:t‘t‘tlllirosius
2333 3438 2508 3494 dixit:
2548 3459 2567 3492 ι
2604 3436 2779 3494 llodie
2807 3436 3004 3492 afferre
3034 3435 3326 3502 debueras,
3350 3445 3518 3492 cmte-

1920 3553 1938 3587 ‹
1987 3550 2106 3588 rum
2142 3543 2198 3588 tu
2223 3533 2599 3603 subterfugere
2620 3530 2856 3587 conaris.
2890 3529 2905 3567 ί
2934 3529 3339 3586 Professionem
3369 3544 3400 3586 a
3428 3546 3519 3587 mc

1919 3646 1938 3680 ‹
1986 3626 2192 3698 exigis;
2217 3635 2273 3682 et
2301 3624 2701 3696 professionem
2732 3640 2762 3680 a
2791 3634 2844 3680 te
2864 3624 3044 3696 exigo.
3076 3623 3223 3680 Deus
3243 3639 3408 3680 verus
3436 3634 3522 3680 est

1919 3741 1940 3775 s
1989 3722 2084 3778 Dei
2113 3720 2325 3776 Filius?
2356 3739 2375 3773 ι

1984 3812 2359 3872 Secundianus
2396 3811 2576 3868 dixit:
2619 3829 2636 3862 ι
2677 3810 3004 3883 Unigenitus
3041 3819 3128 3865 est
3170 3811 3183 3860 ι
3235 3812 3379 3868 Deus
3420 3812 3516 3870 Dei

1913 3909 2107 3967 Filius.
2143 3907 2212 3963 Et
2235 3922 2338 3978 ego
2364 3920 2486 3962 eum
2520 3906 2798 3976 interrogo
2828 3920 2843 3957 :
2881 3902 3207 3972 Unigenitus
3231 3905 3349 3959 est?
3387 3924 3407 3956 ι

1987 4002 2076 4058 75.
2109 3998 2432 4055 Ambrosius
2468 3998 2759 4069 episcopus
2794 3996 2932 4052 dixit
2965 4012 2979 4050 :
3024 3999 3052 4036 ιι
3093 3995 3256 4052 Ratio
3297 4011 3518 4066 permo-

1921 4113 1940 4146 ι
1987 4102 2110 4150 veat
2135 4107 2260 4158 nos,
2283 4099 2340 4147 et
2365 4090 2613 4160 impietas
2640 4098 2696 4144 et
2722 4088 3044 4160 insipientia
3074 4097 3187 4144 tua.
3223 4087 3240 4126 ι
3269 4087 3404 4144 Cum
3435 4090 3518 4145 di-

1922 4208 1942 4242 ‹
1987 4189 2066 4245 cis
2097 4189 2266 4244 Deum
2307 4201 2495 4242 verum
2537 4185 2910 4255 unigenitum,
2959 4199 3068 4240 non
3107 4183 3280 4240 Deum
3323 4199 3514 4241 verum

1922 4301 1940 4336 ι
1987 4281 2126 4339 dicis
2170 4299 2183 4336 :
2232 4279 2331 4337 sed
2376 4294 2568 4335 verum
2625 4278 2984 4350 unigenitum.
3044 4278 3123 4333 Ac
3158 4293 3255 4348 per
3284 4277 3426 4347 hoc,
3459 4288 3518 4334 ut

1923 4397 1942 4430 ‹
1991 4378 2148 4433 istam
2176 4375 2389 4432 adimas
2415 4375 2808 4447 quaestionem,
2843 4373 2916 4428 ita
2951 4373 3263 4444 responde:
3289 4373 3371 4428 Ex
3409 4373 3521 4430 Deo

1924 4489 1942 4523 ‹
1989 4485 2122 4527 vero
2150 4469 2292 4526 Deus
2319 4483 2482 4524 verus
2505 4467 2630 4524 est?
2663 4485 2680 4518 ι

1991 4561 2370 4620 Secundianus
2403 4559 2543 4615 dixit
2584 4575 2599 4613 :
2638 4577 2657 4611 ‹
2702 4559 2845 4630 Ergo
2880 4559 3022 4613 Deus
3063 4558 3230 4615 Deum
3273 4573 3382 4616 non
3422 4576 3522 4631 ge-

256 4661 359 4714 7l.
397 4657 726 4714 Ambrosius
756 4659 1045 4729 episcopus
1082 4659 1220 4714 dixit
1261 4677 1274 4712 :
1323 4677 1342 4713 ‹
1388 4657 1638 4714 Nondum
1670 4658 1810 4714 resi-
1834 4641 1888 4703 D
1914 4656 2067 4712 nuit?
2094 4665 2133 4692 ιη
2158 4655 2304 4711 Deus
2330 4668 2492 4709 verus
2526 4651 2617 4707 ille
2653 4651 2746 4722 qui
2783 4659 2908 4718 est,
2948 4649 3092 4722 quod
3129 4659 3248 4718 est,
3287 4654 3515 4724 genuit;

177 4772 199 4807 ‹
253 4752 446 4825 puisti
483 4753 507 4806 ?
546 4770 564 4802 ›
600 4751 671 4806 Ει
697 4752 900 4822 adjecit
931 4772 944 4808 :
984 4771 1003 4805 ι
1040 4751 1118 4809 Νε
1148 4752 1276 4825 quid
1306 4752 1384 4808 illi
1415 4753 1660 4809 videatur
1685 4767 1809 4809 esse

253 4899 280 4926 η
321 4888 542 4945 Eadem
575 4890 734 4948 Rom.
767 4891 922 4955 edit.,
955 4907 1102 4947 uerus
1137 4891 1230 4946 Dei
1269 4889 1482 4945 Filius?
1512 4890 1812 4959 Respondet

169 4960 251 5017 Et
307 4962 479 5016 addit
513 4977 530 5015 :
560 4961 626 5016 In
679 4964 865 5019 divinis
906 4964 1212 5018 lectionibus
1264 4965 1528 5033 scriptum;
1573 4972 1647 5016 est
1691 4961 1813 5033 quia

158 5037 463 5108 jurantes.
499 5034 565 5088 Et
594 5045 712 5104 post
743 5037 878 5092 duos
908 5051 1128 5092 versus:
1165 5034 1280 5090 Nos
1327 5031 1450 5107 ergo
1481 5031 1685 5088 Filium
1706 5031 1814 5087 Dei

166 5122 403 5168 verum,
445 5115 552 5160 etc.

248 5179 282 5218 δ
319 5177 483 5252 Tell.
517 5185 572 5252 et
609 5177 808 5244 Labb.,
851 5179 989 5252 Ergo
1016 5180 1239 5236 mendax
1265 5178 1586 5252 unigenitus.
1611 5178 1700 5252 ‘Et
1726 5177 1811 5232 in-

164 5251 255 5307 fra
298 5269 314 5306 :
354 5249 480 5307 Sed
517 5248 682 5303 Deum
730 5248 1068 5324 unigenitum.
1101 5252 1160 5307 In
1189 5248 1547 5323 sequentibus
1593 5249 1812 5305 demum

165 5339 407 5394 vocem
431 5324 812 5394 veruntisemel
835 5335 996 5394 atque
1027 5325 1221 5380 iterum
1256 5324 1704 5393 praetermittunt.

254 5409 280 5469 ς
321 5393 514 5469 [idem
541 5391 685 5469 Tell.
710 5404 766 5469 et
792 5391 986 5469 Labb.,
1007 5395 1121 5469 Qui
1151 5391 1301 5469 negat
1331 5395 1676 5467 unigenitum.

247 5466 279 5506 ἀ
320 5467 504 5522 Rom.
536 5463 696 5538 edit.,
729 5463 1017 5538 Quidﬂmihi
1049 5463 1250 5538 profers
1272 5469 1298 5523 ?

253 5550 280 5578 ο
315 5539 502 5608 Rort_t.
520 5535 652 5608 edit.
689 5536 839 5608 solaL
857 5535 1057 5592 Filium
1077 5535 1192 5602 Dei,
1217 5539 1338 5608 quia
1356 5537 1596 5593 Christus
1628 5536 1820 5608 dicitur

165 5610 372 5666 Filius
426 5605 558 5670 Dei,
591 5623 766 5659 verum
797 5606 986 5662 Filium
1020 5608 1116 5664 Dei
1137 5605 1253 5666 dico
1275 5610 1404 5665 :sed
1443 5626 1617 5666 verum
1647 5607 1816 5662 Deum

163 5699 284 5740 non
322 5689 413 5736 est
456 5677 735 5745 scriptum.

254 5753 276 5792 ί
329 5749 561 5808 Eadem
594 5745 753 5801 Rom.
782 5748 936 5815 edit.,
969 5752 1030 5807 Si
1059 5768 1232 5808 verum
1271 5754 1532 5809 ntuttoties
1563 5750 1816 5815 dixisses,

161 5825 366 5898 adhuc
396 5818 975 5898 respondere-deberes.
1005 5823 1147 5879 Nam
1165 5827 1304 5898 quod
1329 5826 1570 5898 gloriose,
1604 5833 1710 5898 etc.

1916 4767 2080 4807 unum
2107 4757 2319 4814 verum,
2353 4746 2691 4818 unigenitum
2722 4745 2918 4800 Filium
2942 4745 3174 4816 genuit?
3206 4764 3224 4796 ι

1919 4889 2190 4954 conﬁtente
2221 4902 2275 4940 se
2296 4885 2557 4956 genuisse,
2580 4883 2904 4955 unigenitum
2933 4879 3032 4936 Dei
3059 4897 3232 4956 verum
3254 4882 3518 4956 essedica.

1993 4953 2029 4997 ῑιί
2054 4959 2198 5014 Edit.
2228 4953 2418 5021 R6m.,
2452 4953 2715 5009 Habemus
2762 4966 2991 5008 nostram
3045 4953 3432 5026 expositionem.
3463 4994 3479 5009 .
3507 4992 3521 5009 .

1921 5033 2139 5104 legetur.

2001 5103 2015 5140 ί
2052 5101 2188 5158 Tell.
2215 5108 2270 5156 et
2295 5098 2494 5162 Labb.,
2524 5095 2893 5168 professionem
2920 5111 2952 5148 a
2977 5095 3242 5168 nte_ea:ige.

2000 5176 2013 5225 i
2064 5175 2221 5229 Rom.
2267 5172 2427 5236 edit.,
2459 5163 2752 5223 uerus'Dei
2794 5163 2988 5220 Filius.
3038 5163 3106 5218 Et
3148 5180 3240 5235 ego
3272 5172 3319 5218 te
3365 5167 3524 5221 inter-

1917 5263 2143 5374 Γοςίοὲίε
2169 5314 2312 5370 Tell.
2343 5323 2395 5368 et
2425 5311 2596 5367 Lahb.
2633 5309 2793 5363 Rom.
2823 5317 3005 5362 autem
3033 5305 3191 5364 edit..
3225 5303 3380 5360 Ratio
3407 5323 3528 5376 per-

1924 5400 2118 5445 moveat
2153 5404 2268 5452 nos,
2301 5395 2348 5468 et
2390 5401 2494 5439 non
2543 5382 2818 5454 impietas;
2847 5377 3030 5444 Chill.,
3071 5376 3286 5431 Ratione
3316 5394 3529 5448 permo-

1923 5471 2035 5516 veat
2065 5477 2157 5515 nos
2187 5459 2461 5530 impietas;
2595 5523 2626 5530 __
2663 5523 2675 5530 _
2723 5519 2824 5530 ,νη
3214 5519 3226 5530 ,
3335 5520 3347 5530 ,

2001 5532 2018 5570 ι
2048 5533 2192 5587 Edit.
2222 5519 2404 5595 “tum,
2421 5525 2553 5584 Cum
2572 5523 2702 5578 dicis
2717 5519 2917 5595 Filium
2939 5519 3529 5595 verumjtnigenitum...

1925 5615 1979 5660 ut
2007 5605 2158 5659 istam
2185 5602 2236 5655 di
2245 5602 2376 5654 tuas.
2394 5588 2519 5672 Sed
2528 5596 2665 5672 sine
2684 5591 3004 5672 cujusquam
3026 5588 3316 5672 stLll‘ragio.

1994 5685 2035 5712 ω
2059 5673 2262 5730 Eadem
2286 5672 2442 5737 edit.,
2473 5667 2671 5722 Filium
2694 5677 2800 5737 non
2826 5661 2999 5737 genuit
3015 5661 3049 5737 _?
3075 5661 3216 5737 D_eus
3245 5677 3390 5719 verus
3419 5665 3532 5732 ille,

1925 5750 2012 5818 qui
2033 5746 2147 5801 est?
2177 5742 2247 5818 Et
2269 5741 2394 5818 quid
2423 5730 2518 5802 est,
2548 5730 2915 5818 genuitinisi
2940 5732 3062 5818 quia
3090 5732 3228 5786 Deus
3258 5730 3538 5818 νηπίω-ζει

1927 5801 2096 5877 infra.
2133 5801 2448 5885 unigenitum
2479 5801 2652 5863 verum
2683 5802 2834 5868 dico,
2865 5809 2915 5855 et
2961 5801 3128 5860 Deum
3153 5820 3371 5871 verum;
3415 5807 3537 5866 alite

250 5907 280 5947 ε
303 5895 470 5952 Rom
483 5886 507 5942 .“
528 5888 692 5956 edit.,
718 5890 914 5948 dicente
931 5892 1088 5952 Patre
1115 5915 1134 5952 :
1160 5886 1276 5971 Ego
1296 5886 1450 5955 hodie
1475 5886 1632 5969 genui
1655 5904 1741 5962 te;
1771 5902 1823 5948 et
1931 5905 1995 5947 ac
2021 5887 2162 5945 Tell.
2195 5893 2257 5942 ut
2284 5886 2337 5941 in
2369 5891 2540 5939 textu.

772 5978 1046 6049 Parnm”
1106 5987 1278 6052 XVI.

2980 5969 3059 6030 30
