4014 6290
517 292 623 353 9i5

1852 285 2099 345 SANCTI
2136 286 2463 347 AMBROSII

3676 290 3763 352 911

523 411 622 466 size
664 408 934 465 arcendos
976 421 1101 465 esse
1145 406 1427 464 liminibus
1446 446 1461 473 ,
1493 412 1547 461 et
1577 411 1633 459 ut
1660 404 1713 459 in
1745 403 2124 460 damnatorum
2150 405 2203 467 Α
2231 404 2414 462 sulere
2437 404 2733 477 dignetur;
2763 418 2833 462 ne
2856 418 2958 462 nos
2980 404 3422 477 obtemperantes
3442 412 3622 462 vestrae
3646 416 3767 462 tran-

524 504 705 559 locum
749 519 850 576 per
893 512 1096 559 nostra:
1141 500 1430 574 parvitatis
1472 499 1680 571 legatos
1720 499 1894 555 sancti
1932 499 2123 556 subro-

525 607 722 669 gentur
749 598 1082 655 sacerdotes.

600 692 658 747 9.
682 689 924 746 Attalum
950 705 1165 762 quoque
1188 689 1565 761 presbyterum
1588 686 1657 744 de
1678 686 2125 759 prtevaricatione

524 784 878 849 confessum,
925 792 952 819 ἰ
1000 794 1054 839 et
1101 782 1324 838 Palladii
1372 779 1673 853 sacrilegiis
1722 780 2079 836 inhaerentem
2108 820 2122 845 ,

527 878 696 953 $09
738 877 926 949 parilis
971 877 1238 933 sententia
1267 872 1701 947 comprehendit.
1735 873 1869 930 Nam
1900 873 2026 945 quid
2058 872 2127 929 de

531 973 793 1043 magistro
823 970 944 1040 ejus
972 968 1186 1025 Juliano
1210 966 1439 1025 Valente
1465 965 1749 1022 dicamus?
1774 964 1864 1037 qui
1892 979 2014 1021 cum
2042 978 2128 1021 es-

529 1074 615 1124 set
642 1066 925 1137 proximus
948 1105 963 1130 ,
994 1062 1285 1120 declinavit
1325 1056 1665 1118 sacerdotale
1690 1058 1982 1116 concilium
2008 1074 2025 1122 ;
2058 1072 2129 1115 ne

529 1175 738 1218 eversa:
783 1159 978 1230 patria:
1003 1199 1017 1223 ,
1060 1158 1513 1228 proditorumque
1551 1154 1580 1194 ι’
1619 1154 1817 1210 civium
1862 1162 2128 1224 prmstare

529 1268 723 1311 causas
750 1250 1133 1309 sacerdmibus
1160 1259 1471 1323 cogeretur.
1504 1249 1607 1320 Qui
1634 1248 1799 1306 etiam
1836 1255 2085 1318 torquem
2110 1286 2127 1313 ,

528 1356 590 1404 ut
615 1347 906 1415 asseritur,
939 1358 961 1386 ο
997 1356 1051 1402 et
1079 1345 1377 1412 brachiale,
1409 1343 1644 1403 Gothica
1674 1342 1994 1416 profanatus
2021 1342 2127 1397 im-

530 1441 733 1513 pietate
754 1482 770 1508 ,
800 1454 954 1497 more
987 1439 1206 1495 indutus
1246 1439 1525 1510 gentilium
1552 1477 1567 1504 ,
1596 1452 1762 1494 ansus
1800 1438 1875 1493 sit
1903 1437 1958 1493 in
1993 1450 2130 1492 con-

527 1546 716 1607 spectu
752 1534 1029 1591 exercitus
1059 1531 1280 1604 prodire
1321 1531 1554 1587 Romani
1589 1548 1601 1586 :
1633 1530 1776 1603 quod
1807 1530 1926 1587 sine
1962 1529 2129 1585 dubio

525 1644 637 1685 non
673 1626 855 1684 solum
897 1627 954 1682 in
996 1626 1283 1682 sacerdote
1317 1625 1692 1697 sacrilegium,
1734 1625 1829 1681 sed
1870 1626 2033 1680 etiam
2074 1624 2127 1680 in

530 1737 874 1795 quocumque
896 1721 922 1758 ά
946 1720 1251 1777 christiano
1272 1728 1387 1786 est;
1416 1719 1617 1775 etenim
1637 1718 1899 1774 abhorret
1922 1732 1951 1772 a
1975 1732 2132 1774 more

2224 499 2513 571 quillitatis
2534 500 2778 566 statutis,
2807 498 3005 556 frustra
3028 501 3358 557 convenisse
3378 500 3653 557 videamur.
3671 500 3767 559 Non

2226 593 2405 650 solum
2430 595 2573 651 enim
2597 594 2899 651 cavendum
2920 603 3027 663 est,
3054 611 3122 651 ne
3151 603 3363 662 nostra,
3390 594 3483 651 sed
3508 597 3656 651 etiam
3696 612 3769 652 ve-

2227 695 2335 744 stra
2367 687 2588 745 decreta
2612 698 2637 738 κ
2662 687 3017 747 infamentur.
3051 690 3298 747 Petimus
3328 690 3488 762 igitur
3517 700 3572 745 ut
3598 692 3769 764 legatos

2227 782 2468 849 concilii,
2494 794 2714 839 sanctos
2741 785 2891 840 viros
2920 800 3076 857 teque
3103 785 3400 842 clementia
3426 794 3595 842 vestra
3622 785 3775 845 audire

2227 876 2504 950 dignetur,
2534 884 2592 934 et
2621 892 2745 934 cum
2775 878 2973 934 eﬂ'ectu
3004 893 3196 936 eorum
3225 894 3352 950 quae
3378 878 3655 951 poscimus,
3681 894 3774 935 ma-

2224 971 2406 1027 turius
2446 970 2627 1030 redire
2665 973 2977 1046 pratcipiat;
3023 983 3083 1030 ut
3127 974 3437 1031 mercedem
3476 974 3722 1045 recipiatis
3749 991 3774 1032 a

2230 1064 2462 1120 Domino
2495 1065 2607 1122 Deo
2631 1066 2876 1135 Christo,
2903 1066 3061 1139 cujus
3086 1067 3353 1125 ecclesias
3382 1067 3451 1124 ab
3478 1068 3616 1124 omni
3642 1069 3778 1124 sacri-

2229 1159 2475 1232 legorum
2506 1160 2628 1217 labe
2655 1162 2949 1234 purgastis.

2306 1264 2393 1319 12.
2437 1263 2796 1320 thinianos
2837 1279 3060 1336 quoque
3085 1307 3100 1330 ,
3141 1278 3280 1336 quos
3317 1272 3376 1321 et
3409 1263 3659 1335 superiori
3688 1262 3783 1334 lege

2232 1357 2527 1414 censuistis
2556 1357 2735 1414 nullos
2774 1358 2952 1414 facere
2979 1356 3186 1414 debere
3214 1366 3540 1424 conventus,
3568 1356 3593 1393 ιι
3619 1366 3667 1412 et
3687 1371 3785 1412 eam

2232 1467 2355 1525 qua:
2387 1452 2455 1509 de
2485 1452 2836 1510 sacerdotum
2868 1452 3106 1509 concilio
3134 1452 3261 1509 data
3291 1461 3379 1509 est
3404 1450 3754 1524 congreganda
3774 1491 3787 1517 ,

2233 1548 2579 1614 remoristis;
2620 1549 2856 1620 petimus
2876 1590 2891 1615 ,
2921 1559 2981 1605 ut
3011 1548 3271 1621 quoniam
3310 1548 3367 1603 in
3396 1545 3673 1604 Sirmiensi
3708 1560 3791 1617 op-

2232 1644 2365 1716 pido
2395 1643 2571 1701 adhuc
2598 1655 2903 1701 conventus
2933 1651 3146 1701 tentare
3173 1641 3555 1715 cognovimus,
3584 1641 3788 1697 clemen-

2233 1740 2306 1797 tia
2333 1749 2536 1807 vestra,
2568 1738 2585 1778 ί
2615 1739 2901 1797 interdicta
2925 1738 3092 1797 etiam
3119 1754 3263 1796 nunc
3287 1738 3553 1805 coitione,
3576 1751 3796 1793 revereri.

530 1817 799 1874 Romano.
838 1813 952 1871 Nisi
988 1813 1129 1870 forte
1167 1814 1247 1871 sic
1272 1813 1449 1870 solent
1480 1811 1781 1869 idololatrtc
1819 1810 2131 1868 sacerdotes
2158 1810 2208 1874 B
2238 1835 2365 1891 nam
2423 1834 2658 1907 primum
2714 1834 2975 1891 Ecclesia,
3022 1834 3190 1908 810
3241 1831 3532 1890 “manu!
3559 1874 3576 1899 ν
3631 1829 3797 1888 deinde

530 1912 753 1984 prodire
783 1910 1108 1969 Gothorum.

603 2006 693 2062 10.
724 2004 938 2062 Moveat
964 2004 1226 2075 pietatem
1258 2010 1500 2058 vestram
1531 1999 1875 2058 sacerdotale
1907 2013 2129 2064 nomen,

530 2101 675 2174 quod
698 2100 788 2157 ille
816 2099 1114 2169 sacrilegus
1144 2097 1404 2164 infamat;
1437 2097 1526 2167 qui
1550 2096 1713 2152 etiam
1734 2111 1957 2152 suorum
1985 2096 2134 2151 voci-

530 2193 654 2262 bus,
688 2193 732 2249 si
764 2191 857 2264 qui
888 2200 1070 2247 tamen
1100 2203 1390 2262 superesse
1424 2197 1682 2260 possunt,
1718 2187 1933 2244 nefandi
1964 2188 2133 2244 scele-

532 2286 608 2343 ris
636 2285 897 2357 arguitur.
931 2281 1095 2340 Certe
1119 2282 1340 2337 domum
1378 2291 1592 2353 repetat
1627 2297 1780 2338 suam
1808 2324 1823 2349 ,
1866 2296 1977 2338 non
2004 2295 2137 2337 con-

531 2380 758 2437 taminet
785 2376 1192 2434 ﬂorentissimae
1217 2375 1391 2431 [talitc
1415 2376 1668 2431 civitates
1689 2417 1703 2441 ,
1734 2375 1828 2446 qui
1859 2390 2001 2431 nunc
2030 2375 2136 2431 illi-

529 2472 659 2529 citis
688 2470 1123 2527 ordinationibus
1145 2468 1457 2524 consimiles
1483 2467 1571 2524 sui
1600 2468 1774 2523 sociat
1804 2468 1933 2534 sibi,
1966 2476 2023 2523 et
2049 2482 2135 2523 se~

535 2563 825 2619 minarium
851 2561 1049 2633 quazrit
1078 2576 1191 2617 sua:
1214 2560 1511 2632 impietatis
1534 2568 1699 2630 atque
1728 2560 1967 2631 perﬁdia:
1991 2571 2014 2598 ο
2038 2575 2136 2631 per

454 2656 457 2657 ⁷
534 2672 780 2730 quosque
810 2657 1057 2726 perditos
1096 2656 1516 2727 derelinquere;
1557 2656 1647 2726 qui
1687 2659 1975 2727 episcopus
2011 2671 2137 2713 esse

535 2768 639 2809 nec
675 2752 862 2820 ctepit.
905 2750 1039 2805 Nam
1082 2749 1258 2819 primo
1290 2748 1585 2805 Patavione
1612 2751 1987 2818 superpositus
2017 2749 2135 2806 fue-

534 2855 622 2903 rat
648 2853 839 2901 sancto
869 2845 988 2900 viro
1015 2843 1197 2898 Marco
1224 2883 1240 2909 ,
1280 2841 1616 2898 admirabilis
1645 2842 1927 2898 memoriae
1956 2857 2137 2898 sacer-

536 2939 696 3003 doti;
739 2937 833 2993 sed
878 2948 1229 3007 posteaquam
1270 2933 1589 2990 deformiter
1625 2934 1868 3005 deiectus
1905 2951 1934 2990 a
1975 2935 2135 3005 plebe

534 3046 653 3102 est;
684 3033 778 3106 qui
809 3032 1109 3088 Patavione
1138 3044 1262 3087 esse
1293 3046 1398 3085 non
1433 3030 1643 3099 potuit,
1676 3029 1723 3085 is
1754 3044 1895 3084 nunc
1925 3028 2131 3085 Medio-

533 3129 645 3185 lani
665 3136 789 3201 post
809 3128 1153 3185 eversionem
1182 3125 1393 3197 patriae,
1427 3122 1448 3162 τ
1474 3125 1720 3181 dicamus
1742 3123 2128 3196 proditionem,

534 3222 879 3295 inequitavit.

608 3319 698 3374 11.
741 3317 918 3389 Super
943 3313 1202 3372 omnibus
1232 3328 1364 3385 ergo
1394 3313 1569 3384 pietas
1594 3320 1774 3370 vestra
1814 3313 1973 3371 nobis
2001 3328 2134 3371 con-

608 3505 635 3533 ι
668 3493 816 3550 Edit.
849 3490 1008 3545 Rom.
1040 3495 1097 3544 et
1135 3487 1309 3561 Labb.
1347 3502 1471 3561 cum
1499 3486 1639 3561 Tell.
1680 3487 1831 3561 cor},
1871 3498 1921 3543 et
1954 3489 2131 3561 palam

535 3565 940 3634 sacrilegiis"...
969 3559 1386 3634 comprehendat.
1415 3558 1574 3634 Chii].
1600 3575 1722 3614 cum
1750 3559 1885 3634 Reg.
1915 3558 2040 3616 cod.
2074 3570 2135 3634 ut

536 3641 590 3693 in
618 3629 788 3694 ιθιιῖι.
827 3632 971 3687 Infra
997 3629 1129 3687 vero
1166 3632 1253 3686 ttbi
1283 3630 1449 3686 Attali
1478 3629 1640 3702 hujus
1668 3629 1928 3698 magister
1954 3633 2133 3687 nomi-

539 3719 719 3775 natur,
742 3705 892 3761 solus
918 3702 1040 3775 cod.
1066 3702 1269 3775 Regius
1299 3702 1463 3775 habet
1490 3701 1711 3757 Iuliano
1748 3702 1977 3769 Valente,
2008 3718 2131 3759 cum

537 3773 850 3852 pra-nomen
897 3773 1131 3852 in_Tell.
1163 3773 1232 3852 et
1268 3774 1441 3852 tribus
1479 3774 1617 3852 edit.
1663 3776 2131 3852 praetermittatur.

538 3844 636 3908 ilic
659 3865 823 3922 porro
844 3846 1065 3922 minime
1085 3844 1499 3922 confundendus
1520 3844 1736 3922 videtur
1756 3861 1880 3922 cum
1906 3845 2135 3903 Valente

538 3916 817 3980 Mursiano
845 3916 1055 3976 Ursacii
1085 3918 1290 3985 collega
1313 3959 1326 3981 ,
1367 3932 1527 3988 quem
1557 3916 1853 3988 verisimile
1895 3924 1981 3973 est
2009 3927 2135 3973 ante

536 3995 680 4051 hunc
709 4006 907 4046 annum
944 3990 1128 4043 vivere
1157 3987 1397 4043 desiiSse’
1431 4005 1445 4041 :
1488 3996 1545 4041 at
1570 3987 1752 4053 iunior
1779 3990 1920 4044 alius
1954 3990 2136 4057 potius

535 4066 673 4133 fuit,
712 4063 805 4132 qui
833 4063 1126 4133 Patavione
1157 4060 1211 4114 in
1240 4059 1520 4133 Pannonia
1555 4060 1797 4133 intrusus
1822 4058 2135 4133 ahqArianis

538 4137 590 4191 in
629 4129 815 4193 sedem
844 4131 1011 4189 Marci
1050 4132 1121 4201 pii
1160 4141 1215 4187 et
1254 4129 1515 4186 catholici
1558 4131 1801 4202 episcopi
1840 4131 2019 4188 adhuc
2046 4148 2138 4188 su-

537 4206 820 4277 perStitis;
855 4206 957 4277 hoc
993 4204 1139 4277 enim
1181 4203 1362 4277 signat
1396 4203 1750 4277 superpositus
1775 4244 1791 4269 ,
1826 4202 1953 4277 inde
1982 4202 2136 4277 brevi

540 4272 660 4347 post
680 4278 909 4349 eiectus,
933 4275 989 4349 in
1017 4274 1224 4329 Italiam
1251 4276 1415 4349 fugit,
1429 4272 1483 4349 et
1517 4272 1627 4349 illic
1650 4288 1745 4349 eas
1772 4276 1960 4349 turbas
1972 4276 2133 4349 exci-

544 4343 727 4415 iavit,'
747 4363 866 4418 qum
896 4345 950 4400 in
977 4346 1076 4400 hac
1098 4355 1260 4417 atque
1283 4343 1335 4399 in
1363 4345 1553 4400 ultima
1582 4343 1742 4414 hujus
1771 4345 2005 4403 Concilii
2027 4346 2143 4417 epi-

543 4425 677 4476 stola
706 4428 1093 4474 memorantur.

615 4491 645 4530 ι)
664 4491 823 4545 Rom.
856 4488 1014 4554 edit.,
1039 4488 1228 4543 cit-ium
1250 4487 1422 4542 dicere
1445 4504 1653 4544 causas.

2235 1931 2403 1988 etiam
2431 1930 2643 2002 legibus
2666 1929 2863 1987 vestris
2890 1928 3092 1987 deferri
3112 1928 3380 2000 jubeatis;
3410 1934 3472 1982 ut
3497 1937 3551 1983 et
3581 1941 3689 1994 vos,
3711 1925 3797 1981 Deo

2235 2024 2501 2098 prmsule,
2530 2022 2918 2095 triumphetis,
2952 2022 3044 2094 qui
3075 2021 3196 2094 paci
3227 2021 3599 2078 Ecclesiarum
3636 2020 3799 2093 quieti-

2234 2135 2342 2193 que
2369 2118 2676 2176 consulitis.

2798 2235 3133 2295 EPISTOLA
3183 2234 3276 2292 Xl.

2237 2348 2673 2422 lmperatoribus,
2699 2348 2827 2419 quid
2870 2348 2926 2403 in
2964 2347 3163 2420 synodo
3214 2356 3392 2402 actum
3434 2345 3613 2417 fuerit,
3638 2342 3804 2416 signiﬁ-

2306 2454 2459 2512 cant;
2508 2460 2698 2515 eosqtte
2743 2450 2977 2506 monent,
3007 2458 3072 2497 ne
3120 2440 3375 2498 Ursinum
3426 2440 3529 2495 sibi
3570 2439 3803 2510 patiantur

2307 2538 2576 2605 obrepere,
2599 2537 2769 2610 ipsum
2795 2535 3066 2590 turbarum
3090 2543 3378 2602 auctorem,
3401 2548 3499 2588 nec
3527 2548 3629 2588 non
3655 2529 3807 2602 inferni

2306 2629 2522 2685 crimine
2561 2639 2861 2684 accusatum
2891 2636 3235 2682 asservantcs.
3278 2627 3494 2699 Rogant
3532 2626 3737 2695 denique
3761 2633 3807 2678 st

2307 2721 2534 2778 Romani
2561 2723 2709 2788 cieri,
2736 2738 2797 2778 ac
2821 2722 2978 2778 simul
3007 2721 3239 2777 omnium
3264 2721 3616 2778 incolumitati
3640 2718 3809 2792 μεωρ

2307 2818 2469 2872 ciant.

2236 2918 2664 2991 Imperatotibus
2692 2918 3137 2976 clementissimis
3158 2960 3174 2987 ,
3204 2926 3265 2975 et
3312 2918 3656 2990 principibus
3691 2918 3808 2975 chri-

2305 3012 2954 3085 stianis,gloriosissimis
2977 3027 3043 3067 ac
3067 3011 3710 3078 beatissimian'mno,
3725 3010 3808 3067 Vs-

2308 3123 2654 3181 peartatsno,
2678 3118 2734 3165 et
2750 3106 3057 3165 Tneonosm
3077 3106 3386 3164 Concilium
3414 3108 3561 3180 quod
3591 3104 3807 3165 convenit

2160 3200 2209 3265 C
2310 3204 2597 3278 Aquileite.

2315 3311 2369 3365 1.
2395 3308 2678 3365 Provisum
2709 3315 2793 3365 est
2816 3306 3056 3379 quidem,
3091 3304 3519 3364 clementissimi
3548 3305 3808 3379 principes,

2235 3489 2513 3555 ciliorum,
2546 3502 2671 3557 quae
2692 3486 2907 3557 longam
2942 3495 3037 3560 aut
3079 3501 3188 3543 non
3216 3489 3588 3545 necessariam
3630 3490 3808 3560 episco-

2235 3576 2427 3632 porum
2454 3561 2508 3614 in
2538 3560 2859 3631 principium
2886 3559 3010 3615 aula
3025 3561 3523 3618 commorationem
3555 3559 3807 3632 numquam

2239 3648 2346 3688 non
2375 3632 2723 3687 damnarunt.

2310 3702 2338 3741 ιι
2380 3704 2536 3758 Rom.
2569 3701 2705 3777 edit.
2738 3702 2878 3777 sola,
2912 3709 3067 3772 prout
3086 3704 3227 3777 jam,
3248 3713 3297 3757 et
3343 3705 3663 3761 sacerdotum
3706 3721 3809 3761 cos-

2240 3776 2357 3850 eilio
2376 3774 2630 3850 sententia
2656 3774 2711 3829 in
2734 3775 2953 3850 cos_lata_
2977 3772 3344 3850 csl.'P_ctintus
3369 3777 3584 3850 insuper
3599 3789 3662 3839 ut,
3687 3789 3778 3850 etc.

2240 3847 2412 3915 Quam
2446 3846 2738 3901 lectionem
2786 3844 2835 3901 si
2864 3846 2987 3916 quis
3012 3846 3270 3915 amplecti
3307 3844 3570 3907 voluerit.
3591 3848 3807 3905 sacerdo-

2244 3929 2354 3973 tum
2386 3916 2517 3991 illud
2542 3917 2850 3991 concilium,
2876 3917 3028 3988 cujus
3057 3919 3265 3991 mentio
3298 3918 3362 3974 iit
3393 3921 3447 3974 in
3467 3920 3568 3977 hac
3591 3922 3810 3991 epistula,

2243 4004 2350 4063 non
2373 3990 2492 4063 sine
2515 4004 2680 4063 causa
2706 3988 2774 4044 de
2796 3988 3014 4063 illorum
3046 3988 3241 4063 aliquo
3261 3988 3691 4051 lntelleseritfin
3716 3992 3812 4063 qui-

2242 4061 2345 4117 bus
2373 4060 2661 4117 Photinum
2700 4061 3120 4116 condemnatum
3171 4060 3344 4117 fuisse
3369 4074 3560 4119 auctor
3584 4075 3666 4118 est
3696 4060 3817 4119 Hila—

2242 4134 2380 4206 rius
2409 4132 2461 4206 in
2515 4131 2843 4206 fragmentis
2871 4148 2992 4206 pag.
3020 4132 3126 4206 δῶ
3172 4143 3229 4187 et
3253 4133 3386 4197 545-,
3413 4134 3504 4190 ubi
3542 4145 3599 4191 et
3648 4135 3816 4206 synodi

2244 4204 2667 4261 Mediolanensis
2711 4218 2802 4257 an.
2831 4204 2936 4260 347
2956 4203 3276 4267 celebrata),
3306 4205 3374 4259 ad
3416 4222 3576 4273 quam
3604 4203 3816 4262 alludere

2243 4286 2470 4347 possent
2497 4273 2553 4329 hi
2572 4274 2881 4347 antistites,
2903 4274 3044 4347 idem
3065 4276 3333 4347 meminit.
3352 4276 3460 4335 Sed
3496 4279 3548 4333 in
3569 4278 3686 4334 aliis
3709 4293 3816 4333 συο-

2238 4345 2346 4423 t'lue
2373 4346 2947 4423 Conciliis_damna_tus
2961 4345 3406 4423 _l‘uit_.h:ereticus
3430 4349 3544 4423 ille.
3575 4350 3631 4406 in
3649 4350 3816 4423 quibus

2241 4418 2580 4489 Epiphanius
2609 4418 2811 4490 llreresi
2840 4418 2903 4475 71
2958 4417 3287 4490 Sardicense
3323 4422 3498 4490 ponit,
3526 4439 3632 4488 qua
3663 4417 3731 4479 'in
3772 4436 3817 4477 rc

2241 4506 2350 4564 non
2389 4503 2581 4564 omnes
2601 4489 2687 4564 illi
2730 4489 3102 4564 consentiunt.
3127 4489 3334 4564 Verum
3365 4508 3491 4548 cum
3519 4494 3630 4549 duo
3655 4495 3815 4564 scripti

620 4574 641 4603 ο
670 4561 969 4631 Reg.cod.,
992 4570 1035 4615 et
1059 4560 1346 4615 brachiales
1364 4558 1586 4614 Gothica
1607 4562 1929 4631 profanatas,
1955 4569 2063 4617 etc.
2132 4566 2219 4629 ~D
2242 4562 2366 4617 cod.
2396 4572 2453 4617 et
2483 4560 2707 4616 totidem
2734 4562 2865 4618 editi
2897 4563 3189 4619 lectionem
3224 4562 3386 4631 plane
3433 4564 3701 4621 diversam
3742 4558 3818 4622 es-

614 4634 642 4671 d
673 4633 811 4689 Tell.
845 4630 970 4686 cod.
1009 4640 1065 4685 et
1095 4631 1291 4700 Labb.,
1330 4630 1616 4687 christiano
1652 4632 1960 4688 abhorretur
1995 4648 2138 4688 more

548 4706 779 4761 ltoinano
804 4720 820 4770 ;
853 4702 1015 4776 Rom.
1045 4702 1326 4760 edit.......
1356 4712 1505 4774 atque
1525 4701 1802 4771 Romano;
1844 4702 1980 4776 Reg.
2012 4704 2135 4760 cod.

544 4790 600 4835 et
618 4778 780 4833 Chii].
811 4784 871 4831 ut
899 4774 954 4829 in
983 4780 1158 4830 textu.

619 4853 643 4882 °
682 4847 842 4902 Rom.
895 4844 1052 4919 edit.,
1079 4855 1133 4900 ut
1188 4845 1415 4917 perditos
1460 4864 1683 4919 quosque
1718 4848 1816 4903 sibi
1867 4848 2141 4915 conciliet;

545 4920 667 4976 alia:
716 4929 773 4976 et
823 4932 979 4990 mss.‘
1018 4917 1157 4990 inter
1200 4932 1269 4990 se
1313 4917 1662 4986 conveniunt,
1698 4921 1800 4976 nisi
1856 4919 2000 4990 quod
2046 4934 2143 4988 pro

546 4991 914 5060 derelinquere,
939 4987 1077 5044 Tell.
1125 4988 1290 5045 habet
1331 4990 1725 5062 derelinqueret,
1755 4987 1930 5047 Labb.
1978 4987 2144 5046 delin-

582 5076 715 5116 uere!
724 5103 736 5116 ι

545 5077 858 5205 “inlidit”,
899 5149 963 5187 ne
988 5132 1258 5205 dicamus;
1283 5147 1443 5205 mss.,
1472 5133 1705 5205 dicamus
1733 5149 1752 5205 ς
1782 5142 1837 5187 at
1866 5133 1957 5189 ubi
2005 5134 2140 5205 Reg.

545 5203 667 5258 cod.
698 5212 754 5258 et
800 5205 957 5276 Rom.
988 5202 1119 5259 edit.
1161 5203 1434 5276 exhibent
1460 5204 1630 5276 'latet,
1663 5202 1831 5258 Lahh.
1886 5205 2019 5276 legit
2062 5202 2145 5261 in-

548 5277 821 5341 quietavit,
854 5275 991 5329 Tell.
1047 5282 1103 5328 et
1151 5272 1312 5327 Cltill.
1359 5274 1879 5342 inequitavit;sensu
1923 5272 2144 5344 quidem

551 5345 773 5412 minime
807 5345 1063 5409 diverso,
1099 5345 1270 5398 verbo
1306 5354 1485 5398 autem
1542 5345 1713 5412 magis
1758 5345 2142 5402 Ambrosiano.

552 5411 760 5484 [tursus
802 5431 931 5470 vero
962 5429 1062 5484 pro
1105 5414 1250 5468 nobis
1274 5417 1561 5481 consulere,
1586 5411 1651 5469 ut
1681 5417 1735 5470 in
1759 5415 1896 5483 Reg.
1927 5418 2050 5472 cod.
2091 5427 2146 5473 et

554 5481 709 5555 itum.
737 5486 864 5539 edit.
898 5481 1112 5555 legitur,
1146 5485 1311 5540 Labb.
1345 5494 1401 5542 et
1421 5486 1580 5542 Chii].
1606 5502 1729 5542 cum
1757 5481 1896 5543 Tell.
1917 5505 2017 5545 ms.
2049 5491 2141 5544 ha-

557 5550 687 5606 bent
708 5550 979 5609 consolari:

564 5687 575 5697 .
627 5631 654 5698 ξ
695 5624 824 5691 Reg.
849 5639 976 5698 ms._,
1000 5625 1275 5698 let-dantur;
1296 5627 1478 5695 Chill.,
1504 5628 1777 5695 luduntur;
1800 5630 1930 5686 edit.
1953 5630 2138 5698 Rom.,

560 5689 905 5769 iit/inuemar;
934 5694 1072 5748 Tell.
1110 5705 1165 5750 et
1195 5689 1389 5765 Lahb.,
1413 5689 1979 5769 infantenturdlterum
2010 5689 2143 5759 verti

566 5757 649 5839 alii
679 5757 1022 5839 edit..R0m.,
1065 5778 1352 5839 opportune
1375 5757 1602 5839 'rcdire;
1632 5774 1756 5828 alia:
1784 5773 1927 5837 duas,
1960 5781 2015 5830 et
2057 5757 2141 5828 to;

566 5822 724 5879 tidem
743 5828 891 5897 cod.,
915 5822 1162 5887 maturius
1186 5822 1371 5897 redire.
1402 5822 2139 5914 ﬁagis’ad-me—n—Qm'con-

2242 4632 2483 4700 hibeant,
2509 4648 2758 4701 quaenam
2787 4632 2897 4689 Lex
2947 4635 2998 4688 in
3029 4632 3254 4689 eosdem
3288 4633 3579 4692 haereticos
3610 4640 3711 4691 lata
3749 4637 3816 4692 dic

2240 4715 2414 4771 catur,
2438 4704 2600 4759 modo
2628 4705 3031 4771 inquirendum.
3064 4705 3330 4761 Baronius
3377 4705 3445 4761 ad
3475 4723 3566 4763 an.
3595 4709 3692 4765 581
3720 4723 3817 4764 eali

2240 4792 2364 4849 esse
2392 4784 2639 4849 autumat
2688 4777 2721 4832 6
2764 4775 2903 4849 Leg.
2921 4779 2985 4849 de
3010 4773 3305 4849 Haereticis,
3333 4793 3458 4849 qua:
3491 4779 3617 4834 data
3648 4796 3699 4835 tv
3721 4780 3820 4834 idus

2242 4847 2483 4903 Januarii
2517 4847 2743 4913 hujusce
2780 4848 2932 4911 anni,
2967 4847 3330 4914 Photinianis,
3351 4847 3435 4905 ine
3460 4851 3819 4908 conventusin

2244 4918 2750 4995 u_rbibu_s_babeant,
2782 4918 3082 4995 interdicit.
3117 4918 3225 4995 sed
3257 4920 3502 4990 opinioni
3530 4923 3656 4978 huic
3676 4938 3823 4995 oppo-

2245 4991 2394 5062 nitur
2426 4990 2481 5045 1⁸
2504 5005 2611 5045 non
2662 5005 2785 5047 esse
2832 4990 3114 5059 probabile
3141 4990 3340 5061 legem,
3372 5009 3497 5062 qua:
3545 4996 3598 5049 in
3625 4990 3822 5052 Oriente

2245 5060 2582 5137 lata__fuerit,
2629 5062 2749 5116 istic
2775 5063 2963 5137 citari;
2995 5062 3055 5137 2°
3084 5060 3477 5137 sextamjllam
3520 5065 3690 5137 legem
3728 5081 3821 5122 non

2247 5132 2315 5188 ad
2343 5132 2698 5189 Photinianos
2727 5135 2897 5200 solos,
2929 5134 3023 5191 sed
3051 5135 3216 5189 etiam
3261 5133 3330 5189 ad
3376 5135 3518 5192 alios
3553 5132 3823 5194 nonnullos

2250 5203 2539 5275 haereticos
2564 5205 2856 5274 pertinere.
2890 5211 3140 5262 Attamen
3173 5205 3367 5273 prima:
3392 5208 3590 5264 rationi
3622 5225 3824 5275 rest-oa—

2247 5275 2331 5351 s_io
2354 5274 2528 5351 facilis
2549 5286 2716 5343 esset,
2741 5276 2880 5351 hanc
2894 5276 3066 5347 ipsam
3087 5278 3263 5351 legem
3277 5279 3538 5351 adoptari
3558 5274 3781 5351 potuiSse
3796 5293 3820 5333 ι

2248 5345 2509 5422 Gratiano
2559 5363 2574 5400 :
2627 5349 2886 5404 secunda:
2918 5345 3081 5415 vero,
3129 5345 3493 5422 Photiniaitos
3531 5345 3726 5422 primos
3768 5366 3820 5406 at:

2249 5419 2549 5493 principuos
2568 5432 2713 5484 esse,
2740 5429 2930 5493 contra
2977 5435 3116 5493 quos
3143 5421 3234 5476 lex
3267 5420 3463 5477 eadem
3516 5419 3820 5493 prmantgaa

2251 5500 2358 5565 est.
2394 5489 2588 5565 Verum
2619 5506 2741 5565 cum
2766 5489 3136 5565 haecepisuda
3166 5494 3306 5565 lege,
3336 5508 3504 5561 quam
3519 5489 3615 5550 hic
3628 5489 3821 5565 allegat,

2251 5560 2411 5635 aliam
2462 5562 2714 5635 abrogari
2760 5562 3101 5635 testiﬁcetur,
3128 5562 3274 5635 quod
3323 5560 3433 5619 non
3477 5560 3751 5635 reperitur
3776 5566 3819 5619 il

2249 5632 2439 5687 eadem
2461 5632 2660 5710 lege_b’,
2690 5634 2814 5690 hinc
2838 5632 3161 5710 intelligitur
3185 5634 3352 5690 aliam
3371 5632 3700 5710 quampiam,
3720 5650 3823 5707 qua

2250 5718 2357 5758 non
2388 5706 2645 5773 supersit,
2676 5722 2707 5761 a
2735 5706 2968 5760 concilio
3003 5706 3451 5763 commemorari.

2328 5773 2344 5810 ί
2370 5773 2532 5848 Bpm.
2560 5777 2718 5843 edit.,
2748 5776 3021 5833 interdicta
3049 5775 3150 5832 hac
3189 5778 3303 5848 ejus
3345 5780 3661 5839 coitione....
3703 5791 3751 5835 st
3782 5786 3820 5834 et

2212 5908 2219 5913 ι
2246 5860 2335 5903 vos
2354 5887 2369 5916 ,
2395 5844 2504 5904 Deo
2528 5857 2824 5920 prastante,
2853 5848 3198 5920 triumphalis.
