4014 6290
247 291 344 366 9ι5

1439 291 1930 354 EPISTOLARUM
1969 294 2251 353 CLASSIS
2289 296 2330 352 1.

3433 302 3540 359 9ι6

249 416 437 465 vestrm
468 409 878 482 tranquillitatis
901 409 1141 472 statutis,
1171 421 1236 464 ne
1258 407 1587 464 Arianorum
1615 407 1840 477 perﬁdia
1869 416 1923 476 Α
1947 410 2195 481 gationes
2224 408 2445 480 prodire
2475 418 2500 458 ε
2535 424 2642 466 non
2683 420 2922 480 poterat,
2971 413 3247 469 instruens
3289 424 3344 470 et
3375 414 3544 470 infor-

247 501 410 574 possit
441 501 676 558 ulterius
701 501 784 558 vel
817 502 1006 567 latere,
1038 502 1121 556 vel
1152 516 1414 572 serpere;
1445 501 1647 556 etenim
1705 500 1840 557 eﬁ‘e-

245 607 386 652 ctum
415 596 638 651 concilii
662 595 900 652 decretis
923 604 1212 666 putamus!l
1234 595 1455 650 minime
1481 594 1794 650 defuturum
1823 614 1837 650 :

246 703 364 744 nam
393 698 662 750 quantum
687 687 753 742 ad
782 697 962 759 partes
994 697 1206 757 spectat
1229 685 1553 752 occidentis,
1586 686 1693 742 duo
1725 696 1842 741 tan-

249 792 356 838 tum
406 781 612 851 reperti
653 791 815 848 sunt,
860 782 952 852 qui
993 780 1257 836 auderent
1304 779 1545 850 profanis
1577 790 1630 834 et
1662 781 1840 850 impiis

243 876 466 931 vocibus
487 875 711 931 obviare
731 876 987 943 concilio,
1006 876 1091 931 vix
1113 876 1368 947 angulum
1391 874 1642 946 Ripensis
1663 874 1840 929 Daciae

248 970 465 1026 turbare
490 970 765 1025 consueti.

313 1064 369 1119 2.
403 1062 430 1101 δ
458 1061 620 1118 Aliud
661 1072 746 1118 est
769 1077 878 1135 quo
914 1063 1087 1134 magis
1114 1063 1365 1135 angimur
1389 1104 1403 1127 ,
1435 1062 1502 1118 de
1529 1077 1638 1134 quo
1665 1103 1678 1128 ,
1709 1077 1841 1134 quo-

245 1156 387 1212 niam
423 1154 785 1210 convenimus
808 1196 823 1221 ,
867 1155 967 1211 fuit
1008 1155 1112 1210 rite
1143 1153 1520 1222 tractandum;
1555 1170 1623 1210 ne
1654 1163 1841 1225 posset

243 1260 414 1306 totum
441 1263 644 1320 corpus
670 1248 924 1305 Ecclesia:
969 1257 1082 1305 toto
1113 1249 1247 1304 orbe
1285 1247 1542 1303 diﬂ'usum
1567 1291 1583 1315 ,
1629 1261 1681 1303 et
1717 1248 1838 1304 uni—

244 1358 402 1399 versa
447 1343 686 1398 turbare.
728 1341 862 1397 Nam
907 1341 1038 1398 licet
1074 1340 1390 1414 frequenter
1417 1344 1838 1398 convenerimus

241 1449 263 1477 °
316 1437 578 1495 Ursinum
631 1453 737 1492 non
791 1437 1039 1509 potuisse
1090 1437 1357 1506 obrepere
1406 1437 1593 1507 pietati
1642 1445 1839 1491 vestras

238 1531 511 1604 (quamvis
541 1531 783 1604 quietum
813 1529 950 1586 nihil
978 1545 1102 1586 esse
1149 1531 1426 1600 patiatur,
1475 1539 1530 1586 et
1575 1531 1718 1586 inter
1762 1538 1841 1586 tot

229 1625 468 1681 bellicas
500 1625 855 1680 necessitates
885 1622 1136 1694 obreptio
1171 1623 1480 1692 importuna
1523 1630 1762 1678 tentetur
1786 1625 1802 1689 )
1823 1663 1837 1685 ,

232 1728 421 1774 tamen
451 1735 520 1775 ne
558 1729 746 1774 sancta
778 1733 932 1772 mens
963 1728 1145 1772 vestra
1172 1757 1187 1780 ,
1224 1714 1501 1786 animique
1534 1713 1841 1785 tranquilli-

1943 520 2102 561 mans
2133 504 2587 577 quemadmodum
2613 521 2712 576 pax
2745 505 3004 561 Ecclesia:
3032 507 3343 563 turbaretur
3369 527 3381 562 :
3411 525 3550 581 qno-

1944 615 2064 655 rum
2096 597 2280 653 furore
2311 599 2655 671 respirabat,
2690 599 2834 669 quod
2865 614 3054 655 eorum
3087 609 3272 671 posset
3300 602 3541 658 fautores

1945 700 2001 747 et
2026 691 2205 746 socios
2231 691 2491 746 emereri.

2013 781 2068 838 4.
2112 782 2244 838 Cum
2278 784 2436 854 igitur
2460 784 2718 852 scriptum
2747 785 2816 838 sit
2850 803 2862 838 :
2899 784 3212 839 "(creticum
3241 796 3354 856 post
3386 803 3541 840 unam

1943 877 2314 947 correptionetn
2342 877 2511 930 devita
2540 875 2679 946 (Tit.
2713 894 2802 942 ιιι,
2836 878 2937 947 10)
2965 895 2979 942 ;
3033 892 3156 932 cum
3207 889 3260 934 et
3288 881 3428 934 alitts
3455 881 3541 934 vir

1942 980 2133 1026 sancto
2155 970 2367 1024 locutus
2389 969 2619 1039 Spiritu,
2649 971 2849 1026 dixerit
2875 971 3227 1027 declinandas
3257 972 3539 1043 hujusmo-

1943 1062 1995 1117 di
2029 1062 2250 1128 bestias,
2285 1077 2384 1118 nec
2413 1063 2741 1117 salutatione
2763 1063 3102 1132 recipiendas
3127 1064 3204 1134 (ll
3228 1063 3388 1119 Joan.
3425 1064 3542 1135 10),

1943 1170 2117 1224 neque
2145 1169 2490 1225 congressu:
2547 1153 2820 1223 quomodo
2873 1155 2986 1210 ﬁeri
3049 1164 3260 1221 potest,
3312 1166 3368 1210 ut
3415 1173 3538 1212 eum

1942 1263 2103 1320 quem
2135 1247 2381 1303 societati
2419 1261 2608 1302 eorum
2655 1250 2916 1302 insertum
2955 1248 3208 1310 vidimus.
3239 1265 3346 1303 non
3375 1251 3540 1304 etiam

1943 1350 2272 1398 assertorem
2313 1340 2556 1414 perﬁdiae
2582 1341 2918 1411 iudicemus?
2969 1341 3108 1410 Quid
3132 1345 3292 1398 etiam
3323 1346 3364 1398 si
3395 1345 3545 1402 defo-

1943 1435 2061 1490 ret?
2086 1443 2265 1491 tamen
2291 1433 2460 1488 totius
2491 1434 2639 1487 orbis
2666 1432 2891 1487 Romani
2923 1442 3085 1503 caput
3116 1435 3411 1490 Romanam
3447 1438 3547 1491 Ec-

1942 1527 2189 1592 clesiam,
2233 1536 2393 1596 atque
2435 1527 2583 1582 illam
2612 1535 3011 1582 sacrosanctam
3053 1527 3436 1598 Apostolorum
3484 1532 3546 1584 ﬁ-

1942 1619 2087 1684 dem,
2119 1635 2187 1676 ne
2214 1621 2417 1676 turbari
2459 1620 2688 1685 sineret,
2724 1619 3059 1676 obsecranda
3107 1620 3206 1675 fuit
3253 1621 3542 1677 clementia

1943 1726 2158 1783 vestra;
2184 1717 2306 1772 inde
2329 1717 2471 1773 enim
2501 1717 2553 1772 in
2578 1733 2768 1772 omnes
2797 1716 3119 1772 veneranda:
3144 1719 3548 1773 communionis

228 1819 340 1876 tas,
376 1828 499 1882 quae
524 1811 778 1866 omnibus
806 1809 1094 1865 consulere
1123 1808 1309 1879 gestit,
1338 1808 1631 1879 importuni
1665 1807 1834 1860 homi-
1868 1809 1916 1869 B
1939 1808 2065 1880 jura
2093 1809 2393 1864 dimanant.
2424 1809 2489 1864 Et
2520 1811 2640 1864 ideo
2670 1812 2904 1880 petimus
2934 1821 2991 1866 et
3017 1826 3274 1880 rogamus
3298 1823 3354 1866 ut
3383 1811 3545 1867 obre-

228 1905 320 1958 nis
352 1903 614 1958 simulata
655 1902 974 1957 adulatione
1009 1899 1295 1967 ﬂectatur,
1338 1900 1715 1971 deprecandos
1745 1913 1841 1954 vos

223 2005 283 2051 et
317 1993 697 2051 obsecrandos
723 2036 738 2060 ,
781 1994 825 2048 si
866 1993 1156 2064 dignanter
1182 1992 1382 2048 ducitis
1402 2034 1418 2060 ,
1457 1992 1797 2047 aestimamus
1821 2032 1837 2057 ,

222 2104 345 2147 non
376 2090 559 2144 solum
585 2097 962 2158 przecaveutes
984 2084 1190 2152 futura,
1217 2085 1310 2142 sed
1341 2085 1506 2140 etiam
1540 2085 1834 2156 prteterita,

221 2193 354 2252 quan
379 2180 501 2250 jam
535 2179 708 2250 ipsius
735 2179 1042 2235 temeritate
1060 2186 1213 2248 gesta
1237 2187 1387 2243 sunt,
1417 2179 1838 2247 perhorrescen-

225 2285 333 2330 tes.
361 2272 503 2328 Nam
526 2273 571 2327 si
597 2273 831 2343 aliquam
855 2272 996 2326 viam
1021 2279 1212 2327 nactus
1239 2269 1400 2326 fuerit
1420 2268 1683 2337 audaciae,
1709 2270 1838 2340 quid

221 2383 337 2424 non
369 2366 468 2423 ille
494 2364 832 2421 confundat?

293 2463 352 2516 5.
395 2459 509 2516 Sed
548 2459 593 2514 si
639 2459 796 2514 unius
829 2457 1107 2513 miseratio
1149 2470 1245 2512 vos
1286 2455 1567 2512 inﬂectere
1615 2465 1835 2526 potest,

220 2555 400 2610 multo
430 2554 606 2623 magis
635 2569 732 2608 vos
764 2552 1005 2622 precatio
1045 2551 1294 2606 omnium
1338 2560 1552 2604 moveat
1581 2549 1838 2605 sacerdo-

219 2657 359 2704 tum.
397 2646 543 2714 Quis
579 2647 729 2702 enim
762 2655 1010 2699 nostrum
1057 2643 1107 2699 ei
1139 2643 1543 2698 communionis
1571 2643 1840 2698 societate

208 2740 517 2810 jungetur,
550 2753 675 2793 cum
715 2736 1014 2792 indebitum
1043 2736 1146 2790 sibi
1178 2734 1406 2806 gradum
1443 2749 1704 2804 usurpare
1743 2750 1836 2790 co-

213 2845 388 2888 natus
421 2831 546 2897 sit,
582 2845 682 2886 nec
709 2830 833 2900 jure
871 2829 936 2883 ad
975 2844 1097 2883 eum
1139 2828 1375 2898 potuerit
1415 2827 1744 2897 pervenire;
1787 2835 1844 2884 et

212 2943 384 3000 quem
432 2926 755 2995 importune
797 2923 1115 2986 aﬁectavit,
1159 2923 1626 2993 importunissime
1673 2924 1837 2997 811

212 3030 490 3090 repetere
514 3017 811 3073 moliatur?
832 3016 1139 3072 Turbarum
1165 3014 1190 3053 ἀ
1227 3019 1385 3072 toties
1415 3017 1724 3082 damnatus,
1757 3018 1839 3070 in-

216 3112 375 3168 cedit
419 3111 608 3166 adhuc
649 3111 803 3182 quasi
848 3111 1142 3181 prteteritis
1183 3125 1290 3164 non
1338 3109 1838 3180 perhorrescendus

1946 1903 2106 1972 pendi
2129 1905 2177 1958 ei
2211 1903 2453 1958 adimere
2481 1902 2782 1974 dignemini
2825 1903 3158 1959 facultatem.

2017 1996 2298 2052 5.Scimus
2324 1997 2628 2052 clementim
2649 2006 2846 2053 vestra:
2871 2005 3120 2052 sanctum
3155 1996 3448 2066 pudorem;
3474 2012 3542 2052 ne

1943 2088 2130 2142 auditu
2161 2099 2341 2144 vestro
2364 2089 2578 2158 indigna
2612 2090 2851 2159 ingerat,
2901 2105 3007 2143 non
3051 2088 3229 2145 aliena
3260 2089 3328 2144 ab
3361 2089 3544 2145 ofﬁcio

1942 2187 1999 2234 et
2027 2179 2248 2234 nomine
2274 2180 2582 2236 sacerdOtis
2610 2181 2998 2249 interstrepat,
3033 2196 3139 2236 non
3173 2181 3539 2238 inverecunda

1943 2272 2097 2326 vobis
2129 2272 2383 2340 loquatur
2412 2289 2424 2324 :
2471 2287 2632 2340 quem
2662 2287 2787 2326 cum
2821 2274 3026 2327 habere
3052 2276 3355 2343 oportuerit
3385 2275 3542 2330 testi-

1944 2364 2186 2419 monium
2219 2365 2380 2418 etiam
2419 2364 2488 2417 ab
2522 2363 2606 2417 bis
2634 2365 2723 2432 qui
2751 2364 2882 2418 foris
2910 2373 3036 2418 sunt
3083 2363 3137 2432 (l
3161 2364 3299 2418 Tim.
3327 2383 3412 2431 ιιι,
3439 2367 3536 2437 7),

1943 2456 2088 2526 quali
2119 2457 2431 2511 testimonio
2452 2465 2505 2510 et
2531 2456 2678 2510 tives
2709 2457 2914 2526 proprii
2946 2459 3220 2526 prosecuti
3245 2468 3391 2523 Sunt,
3423 2459 3539 2514 cle-

1947 2549 2146 2603 mentia
2179 2558 2354 2603 vestra
2399 2548 2711 2604 meminisse
2743 2548 3015 2619 dignetur.
3056 2549 3230 2604 Pudet
3267 2551 3411 2605 enim
3458 2551 3538 2604 dio

1943 2656 2095 2708 cere,
2131 2641 2554 2696 inverecundum
2585 2651 2668 2695 est
2697 2656 2989 2697 recensere
3012 2658 3171 2712 quam
3197 2642 3372 2712 turpis
3402 2646 3541 2696 lama

1944 2737 2063 2806 ejus
2119 2737 2370 2791 convicio
2424 2737 2774 2792 sauciaverit.
2809 2737 2926 2805 Quo
2957 2738 3150 2790 saltem
3182 2738 3386 2806 pudore
3409 2751 3543 2791 con-

1944 2831 2165 2886 su-ictus
2190 2831 2560 2886 conticesccre
2581 2831 2854 2885 debuisset
2881 2849 2894 2896 ;
2923 2841 2977 2885 et
2999 2831 3042 2884 si
3068 2831 3287 2885 haberet
3309 2830 3542 2900 aliquam

1944 2925 2334 2980 conscientiam
2386 2925 2708 2990 sacerdotis,
2757 2940 2942 2994 pacem
2993 2924 3274 2990 Ecclesiae,
3309 2941 3543 2980 concor-

1943 3019 2196 3089 diamque
2228 3019 2508 3073 ambitioni
2537 3034 2649 3074 su'e
2673 3028 2729 3073 et
2755 3018 2936 3073 studio
2961 3028 3310 3089 praeoptaret.
3342 3018 3539 3073 Verum

1945 3114 2106 3182 longe
2159 3111 2368 3165 alienus
2409 3111 2478 3165 ab
2514 3112 2663 3166 omni
2718 3112 3076 3177 verecundia,
3111 3127 3210 3182 per
3237 3110 3543 3167 abscissum

216 3207 526 3276 exemplis.
561 3206 663 3274 Qui
701 3205 1025 3276 plerumque
1055 3207 1232 3278 (sicut
1266 3205 1320 3260 in
1355 3205 1458 3261 hoc
1482 3207 1718 3260 cuncilio
1743 3222 1839 3261 co-
1867 3211 1913 3275 C
1946 3209 2220 3264 hominem
2244 3207 2617 3272 Paschasium,
2651 3206 2969 3274 signiferum
3003 3207 3201 3261 l‘uroris
3231 3208 3336 3274 sui,
3364 3207 3544 3260 missis

219 3300 555 3370 gnovimus,
583 3309 637 3356 et
660 3299 920 3371 vidimus)
945 3316 1066 3355 cum
1100 3300 1320 3355 Arianis
1353 3300 1639 3369 copulatus
1671 3309 1838 3370 atque

211 3394 568 3462 conjunctus
596 3403 715 3449 erat
739 3403 761 3429 ε
792 3409 859 3448 eo
889 3403 1154 3462 tempore,
1187 3407 1296 3463 quo
1323 3393 1546 3448 turbare
1576 3392 1838 3448 Mediola-

212 3503 455 3543 nensem
487 3487 791 3543 Ecclesiam
813 3497 959 3542 cmtu
985 3485 1288 3541 detestabili
1313 3486 1640 3541 moliebatur
1671 3484 1688 3522 ί
1711 3501 1836 3541 cum

214 3579 462 3636 Valente
499 3598 515 3635 :
549 3595 693 3635 nunc
720 3588 846 3635 ante
871 3580 1178 3651 Synagogte
1202 3578 1347 3634 tores
1373 3620 1387 3643 ,
1431 3593 1576 3633 nunc
1603 3578 1656 3633 in
1685 3580 1840 3634 Aria-

209 3688 418 3729 norum
451 3673 717 3728 domibus
745 3671 980 3728 miscens
1011 3673 1222 3727 occulta
1247 3671 1505 3738 concilia,
1531 3679 1586 3726 et
1607 3687 1734 3727 suos
1761 3672 1841 3728 eis

195 3766 498 3839 jungens;
538 3775 597 3822 et
630 3765 889 3836 quoniam
923 3765 1039 3835 ipse
1077 3774 1265 3835 aperte
1299 3764 1350 3818 in
1386 3779 1578 3821 eorum
1605 3780 1843 3837 congre-

283 3921 309 3947 τι
332 3909 414 3965 Ita
446 3909 602 3979 Reg.
625 3907 748 3963 cod.
778 3915 831 3962 et
852 3905 1173 3963 Sirmondus
1200 3925 1211 3961 :
1239 3917 1293 3962 at
1323 3907 1451 3962 edit.
1477 3906 1634 3961 Rom.
1666 3908 1840 3976 addit,

202 4000 306 4038 nec
331 3982 394 4036 id
429 3993 660 4038 temere.

275 4053 306 4093 δ
331 4055 512 4125 Rom.
538 4052 704 4114 edil.,
722 4054 836 4125 jam
853 4052 1058 4105 turbare
1075 4054 1330 4105 consueti.
1351 4053 1457 4106 Sed
1473 4053 1617 4107 aliud
1631 4063 1703 4106 est
1723 4069 1844 4120 pro-

196 4137 325 4201 pter
343 4123 510 4201 quod
543 4123 1276 4201 magisanitnonngimur....
1294 4135 1339 4201 et
1364 4125 1600 4201 universa
1625 4125 1838 4201 findere.

181 4192 207 4226 ·’
279 4211 303 4238 ο
341 4199 606 4255 Ursinus
637 4196 722 4249 bic
749 4197 864 4247 sive
893 4192 1214 4259 Ursicinus,
1240 4197 1328 4264 qui
1364 4197 1650 4265 presbyter
1684 4212 1712 4250 a
1756 4195 1844 4250 Li-

199 4271 368 4326 bet-io
401 4269 624 4329 factus,
651 4265 885 4319 basilicm
911 4265 1068 4320 Julim
1096 4266 1400 4322 ministerio
1431 4267 1678 4322 addictus
1699 4276 1838 4331 erat,

190 4343 267 4398 ab
304 4345 376 4396 iis
411 4342 516 4411 qui
555 4337 903 4411 adha-serant
927 4337 1348 4411 eidemjﬁberio
1372 4381 1384 4398 .
1415 4341 1618 4394 electus
1650 4340 1753 4393 fuit
1785 4339 1838 4396 in

193 4407 606 4484 portliiic'env,
633 4417 693 4484 ut
725 4409 956 4484 Damaso
986 4408 1081 4484 qui
1111 4407 1306 4484 Felicis
1338 4411 1586 4481 partibus
1617 4411 1840 4466 studue-

193 4480 287 4542 i'at
321 4529 336 4552 ,
386 4495 451 4540 et
501 4482 859 4534 ministrabat
899 4482 950 4534 in
994 4480 1353 4535 Laurentiana
1391 4523 1404 4545 ,
1447 4494 1838 4551 opponeretur.

191 4561 322 4614 lloc
351 4553 675 4612 dissidium
715 4567 876 4620 quam
921 4552 1184 4620 plurimas
1225 4555 1367 4607 inter
1408 4554 1595 4608 ﬁdeles
1638 4569 1844 4623 pugnas

188 4647 260 4685 ac
291 4629 504 4684 caules
537 4625 751 4686 intulit,
791 4638 1017 4692 quarum
1048 4638 1265 4676 causam
1310 4626 1360 4678 itt
1404 4624 1689 4678 Damasum
1718 4625 1842 4693 qui-

186 4705 328 4759 dem
357 4697 686 4756 refuudere
707 4704 972 4748 conantur
995 4695 1336 4748 Marcellinus
1363 4704 1521 4765 atque
1553 4695 1844 4750 Fausunus

186 4769 606 4834 schismatici,
640 4767 836 4836 quibus
862 4768 1024 4819 etiam
1066 4765 1310 4820 subsidio
1338 4770 1487 4820 venit
1527 4768 1844 4821 Ammianus

181 4844 520 4914 religionis
569 4838 885 4914 christiana:
913 4837 1349 4914 apertushostis
1382 4855 1395 4890 :
1432 4853 1618 4914 verum
1658 4840 1845 4914 quanti

184 4907 394 4975 facere
457 4921 730 4983 Oporteat
784 4907 1091 4983 hujusmodi
1152 4907 1846 4983 hominum_testim_onia_,

186 5005 375 5047 nemo
423 4979 554 5042 no—u
589 4982 755 5034 videt.
784 4979 946 5035 Certe
972 4980 1262 5034 Damasum
1295 4979 1508 5034 abunde
1537 4995 1565 5033 a
1595 4981 1751 5050 culpa
1785 4981 1850 5035 li-

184 5065 414 5120 berant
443 5070 595 5112 cum
624 5052 857 5107 Joventii
889 5067 950 5104 ac
982 5052 1292 5105 Prmtextati
1337 5051 1717 5121 praefectorum
1749 5051 1854 5106 Ur-

180 5135 306 5200 bis,
347 5144 483 5187 tum
529 5124 903 5200 Valentiniani
937 5123 1108 5200 ipsius
1138 5123 1709 5200 sententi:e__Ursinu_m
1738 5122 1851 5176 Ro-

182 5194 754 5273 ma'expellentium
774 5211 810 5273 ;_
834 5198 1075 5273 maxime
1103 5208 1233 5273 vero
1256 5194 1619 5273 conciliorum
1654 5195 1855 5248 Roma-

181 5265 421 5335 ποι-ιιιιί
464 5280 534 5326 et.
582 5268 746 5332 huius
787 5266 1154 5333 Aquileiensis
1174 5265 1403 5334 judicia,
1432 5266 1607 5336 elogia
1635 5275 1849 5319 sancto-

181 5368 320 5406 rum
353 5339 680 5402 Ambrosii
709 5348 870 5408 atque
900 5337 1216 5408 Hieronymi
1248 5354 1263 5390 :
1299 5353 1362 5393 ac
1389 5337 1607 5392 demum
1647 5336 1853 5403 Ruﬁni,

179 5419 479 5480 Socratis
511 5413 870 5480 aliorumque
894 5409 1281 5463 historicorum
1317 5408 1646 5464 testimonia.

267 5491 300 5532 ά
349 5490 515 5546 Cod.
543 5484 718 5554 Reg,
749 5482 892 5535 toties
917 5481 1187 5536 damnatos
1207 5482 1430 5534 incessit.
1457 5524 1469 5536 .
1510 5522 1523 5535 .
1551 5523 1561 5534 .
1597 5481 1696 5547 Qui
1721 5481 1858 5550 quod

177 5566 481 5642 plerique.
525 5565 750 5642 (ἔκλα
806 5622 1136 5642 ,έμηεμηημ
1194 5623 1452 5642 ,μλμῷ
1513 5634 1722 5642 ,μί-μ-
1772 5621 1822 5642 is

271 5649 299 5676 θ
346 5621 494 5703 Quo
528 5625 757 5683 facilius
806 5622 1138 5703 intelligatur
1187 5623 1478 5703 quodnam
1513 5634 1724 5703 tempus
1771 5621 1857 5676 hic

179 5693 596 5781 desigﬁeiur,
639 5703 861 5780 adverte
904 5695 1157 5781 Ursinum
1182 5735 1196 5759 ,
1226 5693 1479 5781 quem
1507 5696 1857 5781 exstinguat:

179 5765 712 5840 dtiiirseditionis
737 5767 1042 5821 incendium
1069 5781 1195 5818 ann.
1239 5765 1622 5840 566_ejecerat.
1671 5767 1855 5834 utjam

182 5838 582 5912 dicltmtest,
608 5839 917 5894 Juventius.
947 5851 1088 5891 anno
1110 5838 1354 5902 sequenti
1394 5847 1703 5891 revocaltlm
1738 5851 1857 5889 esse

1870 4736 1922 4796 D

1951 3303 2168 3369 litteris,
2199 3303 2330 3358 serit
2357 3302 2561 3368 turbas,
2593 3302 2825 3372 gentiles
2852 3303 3017 3373 812
3045 3317 3289 3372 quosque
3317 3317 3379 3354 ac
3421 3315 3540 3370 per-

1948 3398 2090 3452 «litos
2119 3395 2368 3450 homines
2399 3397 2670 3448 concitare
2693 3404 2940 3450 conatur.

2019 3491 2072 3544 6.
2109 3488 2340 3544 Oramus
2369 3489 2548 3558 igitur,
2579 3496 2639 3540 ut
2683 3487 2792 3556 jam
2823 3498 2879 3542 et
2904 3487 3103 3558 populo
3136 3487 3382 3542 Romano
3403 3529 3417 3554 ,
3448 3490 3540 3557 qui

1945 3593 2068 3654 post
2129 3582 2448 3637 relationem
2508 3579 2744 3650 [πείθοιὶ
2808 3578 2967 3635 Urbis
3025 3579 3228 3649 pendet
3275 3581 3542 3643 incertus,

1947 3688 1998 3732 et
2025 3678 2178 3733 nobis
2210 3675 2587 3731 sacerdotibus
2636 3676 2986 3728 securitatem
3018 3673 3360 3729 interdictam
3385 3670 3413 3709 ιι
3445 3673 3545 3728 im-

1948 3767 2318 3840 portunissimi
2342 3766 2576 3823 hominis
2604 3765 2910 3836 abjectione
2941 3765 3208 3820 tribuatis.
3230 3764 3351 3832 Quo
3379 3765 3548 3837 impe-

1948 3926 1977 3965 a
2006 3910 2315 3965 Pretextato
2343 3927 2356 3964 :
2383 3911 2476 3964 sed
2505 3925 2626 3965 cum
2658 3911 2761 3966 hoc
2793 3911 2910 3980 ipso
2932 3926 3070 3965 anno
3098 3911 3165 3964 ab
3192 3909 3382 3965 eodem
3409 3926 3546 3981 pra:-

1948 3981 2091 4037 fecto
2111 3981 2270 4036 Urbis
2298 3983 2349 4035 in
2373 3981 2575 4036 Gallias
2621 3983 2808 4038 [uisset
2844 3982 3184 4045 amandatus,
3240 3981 3349 4034 illic
3376 3997 3546 4048 usque

1949 4054 2014 4106 ad
2045 4069 2135 4106 an.
2168 4054 2264 4108 571
2300 4053 2603 4119 exsulasse,
2633 4071 2740 4124 quo
2761 4054 2862 4108 sibi
2887 4055 3060 4107 exsilii
3088 4053 3348 4120 pomoeria
3376 4051 3547 4124 laxari

1949 4125 2183 4179 obtinuit
2218 4142 2230 4176 :
2266 4125 2330 4177 ad
2384 4122 2718 4194 postremum
2767 4141 2889 4180 Clllll
2931 4140 3019 4178 an.
3055 4125 3160 4178 578
3190 4124 3338 4176 l'alsis
3364 4122 3547 4177 crimi-

1949 4198 2108 4250 nibus
2161 4198 2471 4256 Damasum.
2519 4213 2616 4265 per
2661 4198 2948 4266 quemdam
3011 4195 3160 4249 Isaac
3205 4195 3450 4266 Judaeum
3497 4204 3549 4248 et

1948 4267 2376 4322 Christianorum
2430 4265 2709 4324 sacrorum
2765 4269 3101 4322 desertorem
3154 4265 3544 4335 appetivissct,

1945 4339 2133 4394 Juilzeo
2157 4340 2211 4392 in
2243 4338 2416 4394 Gallia
2453 4342 2706 4394 exsulare
2751 4339 2925 4409 jusso,
2963 4340 3134 4406 ip<ttm
3170 4337 3222 4391 in
3264 4336 3548 4406 llispanias

1948 4411 2118 4466 fuisse
2149 4413 2442 4481 relegatum
2470 4427 2484 4474 ;
2546 4412 2689 4466 unde
2717 4421 2902 4479 postea
2931 4411 3223 4465 revertisse
3255 4424 3360 4462 non
3395 4412 3548 4481 inve.

1948 4483 2112 4537 nitur.
2147 4480 2442 4538 Dicendum
2476 4483 2637 4552 igitur
2668 4484 2996 4538 nebulonem
3026 4483 3168 4534 hunc
3190 4496 3256 4536 eo
3287 4480 3548 4546 temporis

1947 4554 2272 4618 intervallo,
2306 4569 2415 4624 quo
2449 4554 2678 4609 liberius
2719 4555 2900 4624 vagari
2943 4554 3256 4616 sinebatur,
3291 4553 3540 4616 abusum,

1949 4626 2112 4679 variis
2144 4625 2277 4681 locis
2305 4627 2489 4679 turbas
2515 4623 2809 4691 excitasse,
2855 4640 2918 4680 ac
2969 4623 3278 4685 Mediolani.
3313 4625 3550 4678 maxime

1949 4706 2072 4766 post
2104 4696 2468 4752 Valentiniani
2515 4699 2752 4752 senioris
2792 4712 3075 4751 excessum
3097 4736 3110 4758 ,
3145 4712 3268 4750 sese
3298 4695 3547 4756 Arimis,

1952 4778 2012 4822 ut
2041 4769 2128 4821 hic
2157 4767 2376 4831 dicitur.
2437 4769 2806 4836 conjunxisse.
2843 4768 2951 4822 Nec
2975 4766 3217 4836 profecto
3241 4768 3498 4821 abhorret
3524 4781 3554 4818 a

1953 4841 2255 4901 verisimili,
2286 4842 2328 4893 si
2353 4839 2639 4893 credamus
2663 4841 2730 4894 ab
2754 4839 3041 4893 Ambrosio
3065 4838 3166 4892 hos
3199 4839 3345 4908 ipsos
3376 4848 3555 4890 motus

1953 4910 2195 4967 Gratiani
2226 4911 2548 4964 auctoritate
2595 4915 2802 4979 sopitos
2838 4912 3092 4974 indicari;
3134 4925 3254 4965 cont
3287 4910 3460 4980 prima
3485 4908 3551 4959 ad

1955 4997 2080 5038 eum
2111 4982 2339 5052 epistola
2374 4981 2475 5052 ipsi
2506 4992 2724 5052 pr0pter
2754 4981 3018 5036 redditam
3061 4982 3317 5036 Ecclesia:
3368 4992 3551 5049 pacem

1955 5054 2156 5125 gratias
2184 5055 2316 5125 agit.

2033 5122 2054 5162 τ
2097 5123 2223 5178 Cum
2267 5123 2477 5178 Valente
2508 5124 2560 5178 itt
2592 5124 2727 5179 edit.
2773 5126 2934 5180 Rom.

1957 5195 2202 5266 lntellige
2229 5205 2408 5249 autem
2440 5210 2545 5248 non
2578 5195 2859 5251 Valentem
2894 5189 3251 5266 Mursensem,
3303 5189 3553 5266 ut_Labb.

1956 5263 2211 5322 admonet
2234 5267 2286 5321 in
2311 5275 2438 5338 nota
2473 5267 2753 5338 marginali
2780 5287 2790 5320 :
2819 5267 2912 5322 sed
2945 5264 3322 5330 Petavianum,
3355 5263 3420 5317 de
3448 5277 3556 5332 quo

1959 5339 2223 5410 Superiori
2249 5337 2500 5410 epistola.

2036 5405 2059 5457 ἧς
2100 5409 2251 5464 ilunc
2286 5405 2460 5463 iocum
2494 5409 2654 5463 Rom.
2690 5409 2821 5464 edit.
2848 5410 2916 5461 ita
2949 5405 3248 5460 relinxerat
3273 5447 3286 5470 ,
3334 5421 3434 5458 non
3466 5420 3557 5476 po-

1965 5491 2120 5545 terat,
2153 5499 2236 5536 eos
2257 5523 2272 5545 ,
2300 5496 2519 5550 quorum
2551 5481 2726 5548 favore
2751 5477 3065 5550 respirabat,
3088 5492 3187 5545 quo
3209 5478 3370 5550 magis
3392 5487 3557 5550 posset

1969 5557 2197 5625 {autores
2248 5551 2491 5625 et_socios
2546 5551 2790 5625 eluet-eri,
2845 5549 3089 5625 instruxit
3129 5549 3556 5625 et___informa_vit,

1968 5617 2400 5692 quemadmodum
2429 5639 2532 5690 pax
2555 5621 2794 5692 Ecclesia,
2820 5617 3131 5692 turbaretur.
3161 5617 3323 5692 Sirm.
3348 5630 3400 5674 ct
3423 5619 3556 5692 Reg.

1964 5690 2085 5750 cod.
2123 5697 2248 5748 utin
2281 5703 2454 5759 textu,
2480 5692 2584 5746 nisi
2616 5691 2758 5758 quod
2791 5706 2886 5759 pro
2915 5690 3217 5757 respirabat,
3251 5691 3415 5747 Sirm.
3443 5690 3559 5745 edi-

1966 5768 2042 5822 dit
2074 5785 2094 5819 s
2133 5767 2331 5820 erabat.

2041 5836 2062 5872 ἰ
2086 5785 2242 5890 Rion].
2276 5834 2436 5894 edit.,
2469 5832 2748 5899 obiectione
2772 5831 3023 5884 tribuatis.
3064 5833 3177 5896 Quo
3207 5850 3264 5888 ea
3292 5830 3565 5898 impetrath

2981 5121 3406 5191 praetermissum
3449 5130 3556 5191 est.
