4014 6290
237 253 354 311 949

236 475 430 522 vestra
480 467 766 538 opinamur
817 486 1008 540 preces
1035 481 1268 538 nostras,
1300 472 1499 542 quibus
1524 471 1678 542 juxta
1704 488 1831 543 pars

233 559 364 614 tium
397 559 601 617 factum
631 565 982 635 poposcimus
1001 574 1058 621 ut
1082 566 1256 621 altero
1283 563 1614 631 decedente,
1666 581 1836 635 penes

233 655 586 719 superstitem
620 656 879 711 Ecclesia:
898 658 1037 727 ,jura
1083 668 1486 727 permanerent,
1519 673 1621 713 nec
1645 658 1831 729 aliqua

232 745 669 814 superordinatio
700 748 747 803 vi
772 758 1155 807 attentaretur.
1184 749 1421 820 ideoque
1446 751 1686 822 petimus
1708 765 1829 820 vos,

232 837 641 896 clementissimi
681 851 737 897 et
762 842 1049 899 christiani
1080 845 1377 916 principes,
1411 854 1470 902 ut
1496 855 1552 902 et
1595 846 1833 902 Alexan-

232 932 364 987 dria:
400 934 759 991 sacerdotum
813 937 1209 994 catholicorum
1249 939 1492 994 omnium
1535 941 1831 996 concilium

233 1026 348 1083 ﬁeri
390 1030 685 1093 censeatis,
733 1030 824 1099 qui
873 1031 1017 1086 inter
1047 1047 1107 1085 se
1157 1031 1369 1101 plenius
1398 1040 1631 1088 tractent
1667 1044 1832 1104 atque

229 1123 499 1185 deﬁniant
522 1126 720 1196 quibus
747 1126 1106 1198 impertienda
1124 1130 1440 1184 communio
1459 1128 1488 1168 δ
1521 1130 1830 1200 quibusque

234 1218 506 1274 servanda
531 1219 622 1274 sit.

297 1309 468 1383 814
489 1313 545 1367 6.
598 1310 731 1367 Nam
759 1313 864 1368 etsi
913 1312 1296 1369 Alexandrinae
1322 1312 1583 1369 Ecclesia:
1611 1324 1831 1385 semper

230 1403 643 1473 dispositionem
672 1404 1030 1478 ordinemque
1051 1409 1410 1474 tenuerimus,
1437 1418 1492 1463 et
1512 1407 1665 1477 juxta
1707 1424 1829 1463 mo-

228 1510 344 1557 rem
363 1498 929 1571 consuetudinemque
949 1500 1240 1570 majorum,
1254 1502 1373 1570 ejus
1388 1502 1826 1558 commuttionem

227 1591 594 1661 indissolubili
624 1594 893 1649 societate
922 1593 991 1650 ad
1020 1595 1137 1650 haec
1168 1610 1340 1665 usque
1371 1604 1614 1665 tempora
1639 1612 1828 1653 serve-

224 1702 380 1753 mus;
411 1696 594 1744 tamen
624 1704 694 1743 ne
716 1699 812 1743 aut
836 1689 1001 1760 aliqui
1032 1690 1321 1746 videantur
1347 1705 1472 1747 esse
1509 1692 1824 1761 posthabiti,

1436 257 1926 323 EPIS’I‘OLABUI
1960 259 2246 323 CLASSIS
2284 261 2326 317 i.

236 373 502 431 tumultus
542 376 789 446 publicos
836 380 1236 448 nequiverunt,
1278 376 1491 434 oblatas
1548 386 1575 415 ι
1634 376 1829 449 pietati
1855 384 1905 442 A

3429 264 3538 322 950

2475 378 2807 439 EPISTULA
2854 380 2993 438 Xlll.

1939 474 2081 530 Actis
2107 473 2399 531 Theodosio
2421 476 2605 548 gratiis
2626 475 2691 531 ds
2712 478 2963 531 restitutis
2993 478 3047 532 iu
3087 478 3332 539 basilicas
3354 482 3533 537 artua-

2006 568 2179 634 ἀσπίς,
2206 578 2256 623 et
2280 569 2458 623 dolore
2483 585 2581 623 suo
2609 578 2814 641 propter
2836 568 3086 624 Ecclesia:
3126 572 3300 627 turbas
3329 574 3532 645 signiﬁ-

2004 670 2149 725 cato,
2176 661 2473 731 episcopum
2493 661 2780 715 Antiochia:
2805 674 3005 716 mortuo
3032 661 3246 720 Meletio
3280 664 3531 737 subroga-

2003 763 2115 806 tum
2137 755 2369 821 queritur
2394 770 2412 808 ε
2455 762 2504 809 et
2528 764 2585 808 ut
2615 752 2894 809 Nectarius
2932 752 3385 827 Constantinopoli
3413 769 3530 830 post

2005 844 2303 900 Maximum
2328 847 2600 901 ordinatus
2645 848 2760 902 loco
2795 847 2965 913 cedat,
3017 847 3094 903 vel
3145 850 3210 902 de
3263 851 3531 921 utriusque

2003 938 2332 993 Ordinatioue
2354 942 2409 995 in
2431 939 2631 1010 synodo
2657 939 2836 995 Roma
2859 941 3238 1011 pronuntietur,
3270 944 3414 1012 petit.

1933 1030 2257 1087 Beatissimo
2296 1031 2647 1103 imperatori,
2704 1043 2761 1087 et
2810 1033 3241 1089 clementissimo
3296 1036 3530 1108 principi

2008 1133 2030 1161 ε
2058 1122 2388 1191 Tnsoaosto,
2426 1124 2734 1181 Annosws
2765 1132 2821 1180 et
2854 1125 3038 1180 caueri
3067 1125 3307 1197 episcopi
3336 1128 3528 1184 Italiae.

2004 1217 2057 1272 i.
2098 1215 2358 1273 Sanctum
2394 1219 2635 1272 animum
2669 1227 2816 1272 tuum
2851 1217 2965 1272 Deo
3014 1221 3369 1289 omnipotenti
3397 1236 3526 1291 pura

1932 1318 1986 1365 et
2011 1311 2224 1365 sincera
2253 1311 2360 1366 ﬁde
2404 1311 2648 1365 deditum
2696 1311 3003 1366 sciebamus
3035 1330 3048 1364 :
3079 1312 3175 1367 sed
3216 1314 3533 1369 recentibus

1936 1403 1956 1442 ί
1975 1403 2263 1459 outnuiasti
2287 1404 2739 1473 beneﬁciis,quod
2757 1404 3059 1460 catholicos
3080 1405 3339 1461 Ecclesiis
3353 1406 3532 1461 reddi-

1930 1495 2057 1565 disti
2082 1536 2099 1562 ,
2147 1496 2454 1566 Imperator
2484 1501 2748 1568 Auguste.
2795 1502 2975 1566 Atque
3002 1500 3206 1554 utinam
3226 1498 3530 1555 catholicos

1930 1587 2078 1659 ipsos
2107 1594 2430 1647 reverentiae
2446 1591 2618 1647 veteri
2650 1590 3004 1659 reddidisses,
3025 1591 3234 1647 utnihil
3263 1601 3532 1647 novarent

1930 1690 2121 1739 contra
2145 1685 2455 1755 prmscripts
2480 1685 2772 1757 majorum,
2794 1702 2894 1741 nec
2917 1695 3122 1741 temere
3150 1686 3234 1742 vel
3257 1687 3530 1742 servanda

217 1779 312 1848 qui
342 1778 506 1834 etiam
537 1788 718 1848 pacto,
742 1780 891 1852 quod
917 1791 1065 1837 stare
1092 1783 1364 1849 volumus,
1387 1785 1827 1842 communionem
1857 1777 1906 1838 B
1933 1776 2331 1847 rescinderem,
2362 1780 2449 1833 νει
2483 1778 2838 1834 rescindendo
2867 1788 3175 1834 servarent.
3204 1778 3386 1850 itaque
3424 1777 3496 1834 d0
3516 1810 3528 1819 -

217 1880 469 1927 nostram
500 1882 763 1943 rogarunt
793 1891 806 1929 :
834 1884 927 1930 aut
953 1874 1105 1930 illius
1128 1877 1279 1945 pacis
1308 1885 1365 1932 et
1386 1878 1665 1933 societatis
1693 1878 1828 1934 ﬁdes

212 1965 353 2021 lium
385 1965 640 2036 neglecta
684 1968 1046 2037 compendia;
1103 1969 1155 2024 id
1178 1970 1563 2039 obsecramus,
1611 1981 1670 2027 ut
1701 1988 1826 2029 cum

212 2057 366 2120 inter
401 2074 465 2114 se
515 2071 662 2116 ctetu
709 2060 954 2129 pleniore
998 2065 1379 2129 tractaverint,
1433 2066 1599 2120 etiam
1623 2067 1824 2123 auxilia

212 2149 462 2205 decretis
528 2153 965 2210 sacerdotalibus
1028 2166 1225 2211 vestrm
1277 2156 1500 2227 pietatis
1555 2158 1821 2227 asplrent.

214 2253 237 2281 ε
264 2241 512 2298 Ειηοιιίς
541 2244 746 2299 deferri
788 2245 842 2299 in
873 2246 1125 2302 notitiam
1146 2249 1451 2314 censeatis;
1479 2262 1546 2303 ne
1570 2250 1822 2306 titubanti

213 2342 479 2390 putemus
506 2335 727 2400 affectu,
761 2336 858 2391 sed
883 2338 990 2391 laeti
1021 2346 1183 2408 atque
1204 2341 1382 2394 securi
1418 2340 1602 2409 pietati
1626 2352 1822 2398 vestrm

210 2427 358 2497 apud
390 2427 557 2482 Demn
579 2429 1011 2497 omnipotentem
1029 2445 1255 2501 agamus
1270 2433 1494 2501 gratias,
1516 2449 1624 2488 non
1645 2434 1820 2490 solum

209 2522 336 2590 quia
367 2520 591 2576 exclusa
625 2522 846 2591 perﬁdia
878 2532 982 2591 est,
1016 2524 1111 2578 sed
1146 2523 1270 2593 quia
1292 2524 1574 2579 catholicis
1601 2526 1736 2581 ﬁdos
1766 2537 1821 2582 et

208 2613 505 2669 toucordia
541 2621 627 2668 est
663 2616 932 2670 restituta.
968 2612 1124 2683 Quod
1174 2631 1205 2671 a
1254 2615 1407 2672 vobis
1454 2616 1728 2674 Africanae
1767 2625 1822 2676 et

207 2704 510 2761 Gallicatttc
540 2705 800 2761 Ecclesia:
831 2722 931 2777 per
959 2709 1173 2778 legatos
1204 2710 1500 2765 obsecrant
1528 2749 1541 2773 ,
1577 2711 1681 2766 hoc
1699 2723 1779 2767 est
1800 2748 1817 2777 ,

206 2810 266 2854 ut
300 2810 419 2855 toto
440 2799 599 2855 vobis
641 2799 856 2856 faciatis
897 2803 947 2856 in
977 2803 1114 2857 orbe
1157 2802 1449 2873 episcopos
1493 2802 1813 2870 debitores;

207 2893 341 2948 licet
364 2908 474 2947 non
500 2891 776 2949 mediocre
808 2893 1157 2962 sitdebitum,
1181 2888 1207 2930 ἀ
1238 2894 1383 2967 quod
1404 2894 1591 2951 virtuti
1619 2905 1817 2953 vestrte

206 2984 469 3041 debetur.

281 3078 341 3131 7.
394 3076 476 3133 Ad
509 3077 910 3146 deprecandam
943 3088 1124 3135 autem
1167 3078 1517 3135 clementiam
1545 3092 1814 3151 vestram,

1931 1869 2129 1925 lentius
2159 1870 2300 1928 forte
2322 1887 2484 1943 quam
2513 1871 2872 1927 inconsultius
2896 1869 3327 1942 ingemiscimus,
3358 1871 3533 1942 impc-

1930 1971 2099 2029 rator,
2126 1961 2337 2019 facilius
2364 1964 2569 2035 expelli
2595 1965 2841 2033 potuisse
2865 1964 3175 2030 haereticos,
3204 1980 3365 2035 quam
3386 1965 3529 2020 inter

1927 2056 2227 2112 catholicos
2269 2060 2584 2114 convenire.
2628 2058 2840 2126 Quanta
2881 2058 3028 2113 enim
3071 2073 3244 2129 nuper
3272 2057 3523 2114 confusio

1929 2146 2068 2204 facta
2086 2150 2178 2215 sit,
2206 2151 2467 2220 eXpIicari
2493 2167 2602 2205 non
2628 2158 2826 2220 potest.

1995 2242 2049 2294 2.
2073 2240 2483 2311 Scripseratnus
2504 2242 2732 2308 dudum,
2756 2252 2818 2299 ut
2843 2244 3099 2314 quoniam
3133 2252 3158 2291 8
3184 2243 3522 2299 Antiochena

1924 2335 2118 2391 civitas
2146 2337 2284 2392 duos
2307 2336 2532 2391 haberet
2556 2337 2843 2406 epiSCOpOS
2863 2379 2878 2403 ,
2906 2337 3190 2393 Paulinum
3218 2350 3383 2409 atque
3410 2338 3529 2395 Me-

1922 2429 2131 2496 ietiutn,
2159 2444 2299 2500 quos
2348 2429 2471 2486 ﬁdei
2512 2432 2805 2487 concinere
2854 2431 3022 2503 815
3060 2432 3398 2502 putabamus,
3431 2444 3527 2493 aut

1924 2523 2066 2577 inter
2090 2523 2235 2592 ipsos
2266 2538 2369 2592 pax
2408 2530 2466 2578 et
2508 2523 2800 2579 concordia
2839 2525 2991 2577 salvo
3024 2524 3217 2579 ordine
3265 2525 3526 2580 ecclesia-

1920 2614 2063 2672 stico
2111 2617 2430 2673 conveniret
2476 2626 2806 2684 :autcerte,
2838 2618 2883 2671 si
2934 2618 3057 2687 quis
3096 2626 3309 2679 eorum,
3351 2616 3525 2672 altero

1919 2711 2234 2781 superstite,
2262 2710 2632 2777 decessisset,
2677 2710 2828 2765 nulla
2853 2709 3165 2781 subrogatio
3198 2711 3251 2764 in
3280 2706 3524 2764 defuncti

1920 2807 2121 2872 locum,
2149 2805 2442 2875 superstite
2457 2806 2656 2872 altero,
2681 2806 3018 2876 gigneretur.
3042 2807 3111 2857 At
3140 2816 3282 2857 nunc
3305 2802 3522 2857 Meletio

1921 2899 2192 2965 defuncto,
2226 2899 2459 2954 Paulino
2487 2902 2800 2969 superstite,
2830 2915 2991 2969 quem
3041 2900 3095 2952 in
3138 2897 3523 2952 communione

1922 3001 2105 3046 nostra
2133 2992 2402 3047 mansisse
2429 2989 2731 3055 consortia,
2750 3006 2867 3059 qua:
2888 3006 2919 3043 a
2944 2986 3239 3059 majoribus
3259 2984 3521 3043 inoffense

1920 3085 2103 3151 ducta,
2134 3094 2425 3150 testantur,
2456 3091 2646 3138 contra
2678 3082 2758 3136 fas
2782 3094 2944 3152 atque
2974 3078 3402 3136 ecclesiasticum
3428 3094 3521 3133 or-

206 3179 264 3225 et
288 3168 630 3239 impetranda
662 3185 783 3241 qua:
808 3171 1103 3243 poscimus,
1130 3172 1341 3243 legatos
1360 3172 1555 3228 fratres
1585 3181 1639 3229 et
1665 3189 1812 3231 com-
1840 3170 1885 3232 C
1919 3179 2099 3234 dinem
2124 3172 2151 3213 ιι
2180 3178 2232 3232 in
2266 3176 2442 3231 locum
2468 3173 2816 3241 Meletii,nott
2844 3183 2949 3227 tam
2982 3171 3329 3242 subrogatus,
3353 3180 3517 3241 quam

209 3262 570 3334 presbyteros
614 3274 831 3319 nostros
874 3264 1197 3330 direximus,
1229 3279 1365 3335 quos
1416 3266 1647 3334 petimus
1672 3277 1728 3321 ut
1755 3278 1812 3324 et

203 3356 520 3412 clementer
545 3356 735 3413 audire
759 3358 1077 3428 dignemini,
1107 3367 1162 3412 et
1191 3357 1370 3412 redire
1402 3359 1672 3413 maturius
1687 3373 1817 3414 cen-

201 3451 403 3506 sentis.

278 3594 305 3627 ι
350 3589 516 3644 Rom.
548 3588 706 3656 edit.,
736 3589 916 3661 pietati
939 3597 1119 3642 vestrm
1144 3598 1351 3661 nostras
1396 3588 1672 3661 repetitque
1699 3598 1816 3659 pre.

199 3674 311 3727 res,
359 3662 550 3731 quibus
580 3656 910 3733 poposcimus
933 3702 947 3725 ,
972 3671 1104 3733 etc.;
1140 3659 1306 3733 Labb.
1332 3669 1382 3733 et
1427 3660 1559 3733 cod.
1590 3656 1721 3733 Reg.
1758 3669 1816 3714 ut

197 3736 255 3788 in
288 3730 452 3788 textu
488 3751 500 3787 :
537 3730 629 3787 setl
654 3730 758 3800 pro
781 3732 1231 3805 partiumifactnm
1261 3730 1508 3805 Valesius
1529 3730 1814 3805 legendum

194 3814 443 3871 censet,
500 3805 721 3873 partium
752 3804 977 3873 partum.
1015 3804 1082 3856 Et
1112 3818 1303 3858 revera
1335 3804 1515 3857 statim
1568 3804 1811 3874 ejusdem

198 3877 353 3947 pacti
390 3876 744 3931 conditiones
773 3875 1151 3945 subjiciuntur.

268 3948 299 3987 ιι
329 3948 413 4003 lta
434 3948 573 4017 Reg.
604 3947 729 4001 cod.
753 3955 808 4001 et
826 3949 991 4001 Strm.
1016 3960 1030 4009 ;
1060 3948 1215 4000 itom.
1244 3953 1422 4002 autem
1451 3948 1610 4010 edit.,
1629 3946 1813 4017 quibus

193 4020 539 4074 observanda
567 4020 653 4072 sit.
710 4019 771 4072 Et
813 4018 948 4071 intra
980 4027 1102 4086 post
1131 4033 1319 4073 vocem
1352 4021 1591 4073 societate
1619 4018 1809 4072 eadem

189 4092 378 4156 addit,
411 4090 488 4146 ad
518 4092 625 4144 hac
651 4104 808 4161 usque
827 4100 1074 4162 tempora.

269 4175 295 4203 ε
343 4163 519 4218 “om.
549 4162 704 4227 edit.,
738 4172 783 4216 et
804 4160 944 4216 vobis
972 4160 1183 4231 deferri,
1216 4166 1321 4217 etc.

261 4232 293 4273 τι
340 4235 748 4306 Eademedit.,
783 4235 952 4287 virtuti
988 4244 1170 4288 vestrm
1201 4249 1294 4306 pro
1348 4235 1502 4290 totius
1539 4231 1676 4289 orbis
1720 4233 1819 4289 Ro.

186 4308 341 4363 mani
383 4320 522 4375 pace
552 4305 783 4370 debetur,
822 4316 928 4359 etc.

268 4390 295 4417 ο
330 4381 497 4434 iiattc
526 4386 581 4449 et
608 4388 921 4449 sequentem
942 4377 1223 4449 epistolam
1259 4378 1460 4449 primus
1490 4394 1520 4434 e
1547 4391 1680 4434 mss.
1706 4377 1813 4449 Re-

182 4453 296 4521 εἰπε
326 4448 598 4506 biblioth.
624 4448 860 4521 volgavit
879 4446 1334 4521 JacLSirumndus
1358 4451 1409 4504 in
1436 4446 1811 4520 Appendcod.

183 4517 518 4586 Theudae,
555 4520 696 4574 unde
726 4523 776 4573 in
810 4528 960 4573 suam
984 4517 1190 4573 Concil.
1220 4522 1347 4575 edit.
1381 4517 1504 4577 illas
1525 4517 1808 4575 transtulit

186 4594 341 4650 iitil.
380 4594 666 4649 Labbeus.
706 4590 841 4645 Cum
884 4604 1061 4645 antem
1091 4593 1318 4647 necdum
1367 4594 1508 4647 inter
1536 4593 1805 4649 Ambrosii

180 4680 369 4737 opera
438 4663 804 4737 prodiissent,
837 4663 1058 4737 easdem
1091 4664 1142 4716 in
1172 4664 1302 4737 edit.
1336 4675 1574 4737 nostram
1608 4664 1807 4717 idcirco

180 4734 587 4793 admittendos
616 4750 736 4789 csse
759 4736 1029 4795 duximus,
1062 4734 1200 4800 quod
1235 4738 1414 4805 negari
1436 4735 1656 4789 minime
1686 4750 1810 4804 pos-

180 4814 255 4865 sit
290 4812 459 4876 ipsas
491 4807 557 4863 ad
590 4805 935 4861 Ambrosium
969 4818 1073 4857 non
1106 4808 1281 4858 minus
1313 4808 1615 4874 pertinere,
1644 4821 1807 4875 quam

178 4880 426 4938 concilii
463 4878 828 4950 Aquileiensis
858 4876 1134 4950 epistolas.
1172 4876 1249 4950 1ηΔ
1274 4890 1569 4950 quaporro
1601 4876 1810 4950 synodo

180 4955 424 5022 scriptae
449 4946 810 5022 ilitr‘fuerint,
857 4949 1173 5018 ignoratur;
1219 4947 1343 5001 licet
1386 4946 1622 5002 Italicam
1665 4949 1811 5001 illam

178 5018 369 5080 fuisse
390 5024 527 5090 jure
550 5018 781 5076 dicatur.

263 5097 285 5137 τ
335 5089 445 5151 His
463 5093 647 5147 verbis
675 5103 883 5146 sextam
914 5089 1139 5143 indicari
1163 5089 1473 5160 conjectum
1514 5091 1813 5146 Theodosii

177 5171 377 5239 legem
406 5168 489 5221 de
514 5162 803 5239 haereticis,
829 5172 1002 5239 quat-1
1031 5164 1111 5239 bis
1131 5173 1443 5239 conventus
1464 5161 1667 5239 habere
1688 5170 1815 5239 pro.

177 5233 462 5302 hibetur,
501 5242 554 5289 et
593 5233 877 5287 catholicis
936 5233 1209 5287 Ecclesias
1273 5234 1423 5287 reddi
1482 5233 1811 5302 pra-cipitur.

173 5305 690 5382 Quemadmodum
749 5316 926 5382 autem
967 5304 1474 5382 Ariani_Eccl_esiis,
1514 5305 1820 5382 quastion-

1845 4486 1894 4545 Ι)

1916 3269 2291 3341 superpositus
2313 3270 2600 3323 asseritur.

1989 3364 2045 3419 ὅ.
2080 3368 2257 3433 Atque
2279 3363 2382 3419 hoc
2400 3364 2600 3417 factum
2630 3362 2899 3433 aliegatur
2923 3361 3291 3417 consensione
3310 3371 3368 3413 et
3390 3372 3524 3413 con-

1918 3457 2040 3511 silio
2077 3453 2092 3491 ί
2130 3453 2391 3522 Nectarii,
2439 3455 2593 3525 cujus
2624 3454 2894 3510 ordinatio
2925 3466 3088 3525 quem
3131 3454 3379 3508 ordinem
3419 3451 3521 3505 had

1921 3603 2039 3659 cap.
2068 3591 2117 3645 5.
2144 3589 2273 3644 Nam
2303 3590 2447 3661 quod
2464 3590 2840 3645 Theodoretus
2870 3589 2962 3644 lib.
2983 3604 3035 3655 v,
3058 3603 3177 3657 cap.
3202 3589 3257 3661 3,
3281 3588 3517 3643 oblatam

1923 3661 2148 3729 hujusce
2177 3660 2368 3729 pacti’a
2400 3662 2616 3718 Meletio
2638 3662 3005 3716 conditionem
3031 3677 3059 3715 a
3090 3660 3313 3715 Paulino
3355 3674 3518 3728 repu-

1922 3734 2121 3787 diatam
2146 3734 2312 3788 fuisse
2340 3743 2538 3800 narrat,
2567 3748 2690 3789 cum
2714 3738 2782 3787 ab
2805 3734 3047 3788 υηιιιὶιιειι
3079 3734 3310 3785 aliorum
3333 3731 3386 3785 itt
3411 3734 3515 3786 hoc

1921 3804 2139 3859 recedat
2163 3806 2509 3867 testimoniis,
2533 3807 2584 3859 id
2611 3822 2715 3860 non
2742 3806 2934 3875 injuria
2964 3806 3134 3875 ipsius
3163 3805 3213 3857 in
3234 3803 3510 3858 Meletium

1918 3891 1981 3930 ac
2011 3875 2326 3930 Flavianum
2355 3878 2700 3945 prOpensiOoi
2734 3876 3007 3932 tribuitur.

1992 3945 2020 3984 ιι
2058 3948 2191 4014 Qtiis
2221 3948 2273 4001 in
2306 3943 2499 4003 Meletii
2548 3949 2725 4002 locum
2757 3948 3016 4002 suffectus
3047 3945 3241 4009 fuerit,
3273 3943 3364 3998 hic
3385 3945 3516 3997 sub-

1922 4018 2135 4073 ticetur.
2179 4018 2403 4074 Constat
2440 4028 2756 4074 autemnon
2800 4021 2963 4073 alium
3008 4019 3302 4087 designari,
3354 4028 3515 4085 quam

1924 4088 2237 4145 Flavianum
2274 4109 2288 4145 :
2332 4106 2491 4160 quem
2537 4100 2724 4146 Contra
2774 4092 3047 4159 pmpritun
3077 4088 3456 4160 jusjurandum
3487 4098 3517 4141 a

1916 4160 2193 4230 juniorum
2232 4158 2464 4217 facti‘mte
2485 4204 2498 4226 ,
2531 4158 2894 4232 nequidquam
2927 4161 3285 4216 dissentiente
3315 4158 3521 4226 Grego-

1922 4234 2001 4287 rio
2030 4235 2251 4288 Nazian.
2300 4238 2530 4289 electum
2562 4235 2799 4297 scimus;
2836 4234 2982 4288 unde
3024 4249 3130 4285 non
3164 4239 3371 4285 tantum
3420 4233 3522 4284 hac

1920 4304 2188 4376 Synodica
2218 4305 2467 4374 epistola,
2493 4307 2586 4361 sed
2613 4314 2668 4360 et
2697 4305 2969 4360 Ambrosii
2989 4305 3054 4359 ad
3083 4301 3370 4372 'i‘lteophil.
3415 4300 3519 4355 int-

1918 4377 2177 4446 probatut-
2202 4378 2343 4432 illius
2367 4379 2582 4433 eiectio.

1998 4447 2013 4485 ί
2055 4448 2390 4503 Sozomenus
2419 4450 2513 4503 lib.
2542 4464 2648 4509 vn.
2678 4465 2800 4520 cap.
2839 4449 2899 4504 ii
2923 4490 2936 4513 ,
2979 4444 3362 4520 Occidentales
3397 4444 3513 4520 epi-

1920 4533 2116 4589 scopos
2144 4520 2368 4574 Paulino
2389 4534 2608 4591 semper
2640 4514 2839 4575 favisse
2888 4520 3204 4591 testiﬁcatus
3234 4536 3247 4570 :
3284 4517 3364 4569 Ad
3394 4514 3521 4591 fta»

1912 4586 2119 4645 sianum
2147 4607 2283 4654 vero,
2320 4586 2526 4660 inquit,
2546 4595 2724 4646 nullus
2750 4595 2943 4647 litteras
2961 4591 3133 4645 dabnt.
3160 4590 3299 4657 Quin
3326 4597 3372 4640 et
3392 4586 3517 4640 Dio-

1911 4662 2095 4736 dorum
2122 4661 2290 4728 Tarsi,
2337 4672 2384 4717 et
2414 4663 2657 4716 Acacium
2690 4663 2865 4717 Berea?
2903 4665 3168 4736 episcoyios
3188 4700 3202 4727 ,
3244 4662 3330 4728 qui
3363 4660 3514 4711 illum

1910 4735 2288 4798 ordinaverunt,
2319 4736 2372 4787 in
2411 4736 2601 4788 crimen
2630 4736 2896 4801 vocabant,
2921 4735 2967 4789 et
2994 4736 3056 4787 ob
3092 4746 3263 4786 eorum
3292 4743 3519 4801 cominu-

1915 4807 2066 4857 nione
2112 4804 2449 4860 abstinebant.
2506 4806 2603 4861 Ubi
2653 4808 2805 4861 vides
2852 4799 3050 4859 nullam
3108 4804 3344 4859 Nectarii
3397 4799 3518 4852 ﬁeri

1915 4877 2246 4930 mentionem
2278 4894 2291 4928 :
2320 4878 2413 4929 sed
2441 4886 2562 4929 euin
2587 4880 2945 4931 ordinationis
2973 4876 3209 4931 Flaviani
3237 4879 3514 4927 auctorem

1916 4948 2082 5001 fuisse
2110 4947 2336 5002 forsitan
2368 4953 2688 5002 ec0mntuni
2715 4956 3226 5011 rumoreacceporat
3253 4943 3512 5013 synodus.

1915 5017 2069 5083 Quod
2120 5025 2299 5073 autem
2328 5016 2393 5072 ad
2434 5018 2832 5074 ordinationem
2887 5022 3053 5089 ipsius
3084 5016 3345 5075 Nectarii,
3389 5024 3511 5080 qum

1918 5090 2006 5143 ltic
2038 5090 2448 5159 perstringitur;
2482 5092 2760 5146 sciendum
2793 5098 3018 5145 estcutn
3048 5093 3098 5143 in
3129 5090 3515 5141 Constantium

1920 5162 2215 5235 politanam
2247 5162 2777 5235 sedomiimposilum
2810 5164 2994 5223 fuisse,
3050 5169 3336 5235 postquam
3359 5163 3515 5235 ease

1922 5228 2064 5285 ultro
2085 5228 2805 5307 abdicassetﬁaziauirentis.
2827 5236 2957 5299 Qua:
2984 5230 3197 5299 quidem
3218 5228 3513 5307 abdicatio,

1922 5318 2023 5357 nec
2050 5317 2154 5357 nOn
2182 5311 2366 5360 secuta
2399 5304 2633 5359 Nectarii
2665 5306 2951 5365 institutio,
2979 5314 3080 5370 qua
3133 5304 3345 5370 ratione
3390 5306 3516 5362 per-

1923 5386 2067 5448 actte
2082 5376 2213 5448 sint,
2233 5377 2468 5446 explicat
2483 5376 2747 5448 Socrates
2781 5376 2873 5448 lib.
2891 5387 2944 5437 v,
2964 5367 3083 5439 cap.
3104 5370 3158 5434 8,
3188 5375 3243 5448 et
3261 5367 3517 5448 Summ?-

1924 5460 2029 5501 nus
2058 5446 2151 5499 lib.
2185 5458 2262 5501 vu
2283 5442 2450 5516 (cap.
2470 5447 2524 5510 8,
2558 5447 2678 5499 lit-et
2700 5445 2789 5516 hic
2813 5442 3034 5516 ultimus
3065 5455 3179 5516 rem
3204 5442 3273 5516 ita
3294 5444 3515 5516 narret,

1922 5528 1984 5572 ul
2015 5518 2259 5571 videatur
2287 5506 2477 5586 parum
2513 5506 2806 5569 admodum
2842 5512 3173 5586 verisimilis.
3206 5506 3520 5586 Theodore-

257 5578 309 5647 ἓν
342 5578 576 5651 Eadem
619 5590 783 5659 plane
821 5590 1102 5657 superiore
1143 5599 1353 5660 patrum
1394 5590 1823 5659 Aquileiensium
1928 5593 2014 5643 fus
2041 5589 2131 5643 lib.
2161 5604 2214 5654 ν,
2243 5578 2365 5659 cap.
2395 5588 2449 5651 9,
2480 5583 3035 5660 synodicatn‘coneilii
3064 5578 3522 5660 Constantinopo:

173 5673 249 5726 ad
286 5648 955 5737 Tiieodogidmgpistdla
987 5648 1195 5737 nttm.'5
1227 5648 1600 5737 memorantur
1629 5663 1695 5715 de
1722 5660 1826 5715 hoc
1927 5661 2076 5714 iitani
2123 5648 2404 5737 epistol-ain
2438 5648 2623 5737 refert,
2655 5668 2770 5737 qua.
2803 5653 3104 5737 Nectariunt
3138 5665 3355 5737 summo

176 5722 428 5801 Fam—lini
450 5749 529 5788 ac
548 5722 930 5801 Meletii'pacto
952 5732 1047 5787 :de
1069 5747 1176 5799 quo
1190 5735 1354 5786 etiam
1378 5735 1584 5787 consuli
1606 5740 1831 5800 possunt
1931 5722 2199 5786 consensu
2240 5744 2303 5783 ac
2333 5730 2522 5801 plausu
2565 5724 2859 5801 civitatisa
2887 5736 2948 5777 se
2977 5722 3521 5801 ordinatum_signiil-

178 5791 489 5879 soci-atas
519 5805 616 5863 lib.
652 5820 707 5883 v,
732 5791 852 5875 cap.
894 5804 948 5874 5,
991 5812 1045 5860 et
1084 5791 1420 5861 Sozotnenus
1450 5804 1544 5859 lib.
1578 5791 1740 5860 etiam
1773 5818 1825 5873 v,
1934 5814 2020 5861 cat
2053 5820 2067 5858 :
2100 5802 2196 5859 sed
2226 5791 2346 5873 quae
2373 5795 2847 5870 ConstantinOpoli
2873 5802 2991 5851 acta
3019 5793 3266 5864 fuerant,
3291 5791 3522 5850 fortasse

173 5376 575 5447 stantiuopoli
595 5378 947 5446 occupabant,
973 5377 1262 5432 cesserint.
1296 5376 1626 5446 descriptum
1655 5377 1821 5430 babes

173 5455 333 5527 apud
360 5455 674 5527 rgocratem
703 5448 796 5503 lib.
831 5462 883 5513 v,
915 5462 1037 5517 cap.
1061 5448 1116 5513 7,
1157 5456 1210 5502 et
1232 5447 1590 5503 Sozomeoutn
1623 5447 1819 5515 lib.vn,

171 5526 311 5597 cap.
350 5526 417 5580 5.
