4014 6290
490 267 592 327 θδί
1845 261 2096 321 SANCTI
2133 260 2460 321 aunnosu
3643 259 3723 320 952
3806 246 3812 251 ’

494 394 699 462 buerit,
727 409 836 452 non
866 394 1134 451 videmus.
1169 392 1412 463 Namque
1435 389 1488 444 in
1511 385 1744 444 concilio
1762 398 1955 457 nuper,
1977 398 2100 441 cum
2130 387 2181 448 Α
2209 392 2271 440 ut
2294 396 2517 440 causam
2549 383 2605 438 in
2635 381 2847 455 synodo
2870 389 3059 453 ageret
3081 393 3237 437 suam
3267 380 3433 453 (quod
3456 381 3640 439 etiamsi
3664 384 3731 440 in-

498 490 767 547 Maximus
814 490 1108 562 episcopus
1147 486 1524 545 Alexandrina
1561 481 1822 540 Ecclesiae
1859 495 2104 538 commu-
2203 476 2409 533 dictum
2437 474 2728 532 concilium
2776 489 2884 531 non
2931 473 3145 542 fuisset,
3169 473 3295 545 jure
3337 482 3395 531 et
3418 490 3557 532 more
3598 478 3737 548 majo-

499 582 721 639 nionem
765 596 991 637 manere
1039 594 1249 648 secum,
1294 577 1448 634 lectis
1492 574 1640 632 Petri
1666 585 1873 631 sanctae
1896 588 2103 630 memo-
2203 583 2355 636 rum,
2387 568 2528 625 sicut
2566 577 2622 625 et
2649 576 2853 624 sancte
2897 568 3179 624 memoriae
3225 566 3565 636 Athanasius,
3591 579 3639 625 et
3659 571 3739 626 du-

503 674 605 732 riae
654 675 756 731 viri
805 673 1002 731 litteris
1029 715 1044 740 ,
1089 670 1465 744 prodidisset;
1515 666 1743 738 ejusque
1795 666 1934 722 intra
1985 665 2101 737 pri-
2201 660 2332 717 dum
2381 659 2597 728 Petrus,
2643 659 3029 717 Alexandrina
3088 658 3357 717 Ecclesia:
3414 660 3653 731 episcopi,
3700 673 3744 718 et

502 775 656 822 vatas
694 764 863 834 ardes,
910 766 1039 835 quia
1088 762 1269 818 Ariani
1321 759 1582 816 Ecclesiae.
1632 757 1887 814 basilicas
1926 756 2105 813 adhuc
2203 752 2559 811 Orientalium
2591 752 2846 825 plerique
2867 752 3148 820 fecerunt;
3194 761 3255 808 ut
3297 752 3365 807 ad
3406 750 3635 809 Ecclesia:
3657 751 3747 809 Ro-

502 858 795 924 tenebant,
830 865 857 894 ει
884 863 1157 913 secretum
1189 866 1346 918 esse,
1387 848 1798 906 mandatoribus
1836 847 2108 921 episcopis
2206 860 2404 911 mante,
2448 845 2636 911 Italiae,
2668 854 2726 903 et
2755 844 2919 901 totius
2959 844 3275 902 Occidentis
3319 843 3607 915 confugisse
3628 844 3749 914 judi-

503 952 909 1014 ordinantibus,
935 946 1175 1004 dilucida
1214 943 1599 1000 testificatione
1635 941 1939 1007 docuisset,
1969 938 2104 996 nihil
2204 937 2349 994 cium
2379 937 2747 1008 viderentur);
2775 952 2901 993 cum
2932 952 3083 1003 eum,
3109 937 3251 992 sicut
3277 936 3528 1001 diximus,
3554 934 3752 1007 experiri

504 1047 815 1111 habuimus,
848 1042 1168 1099 beatissime
1196 1036 1525 1111 principum,
1558 1035 1610 1091 in
1653 1050 1764 1106 quo
1789 1033 1860 1090 de
1885 1034 2105 1104 episco-
2206 1031 2347 1089 velle
2370 1030 2666 1088 adversum
2712 1046 2832 1100 eos,
2877 1032 2970 1103 qui
3018 1031 3394 1102 episcopatum
3437 1029 3549 1101 ejus
3584 1030 3755 1087 abnue-

507 1150 637 1213 patu
672 1140 790 1208 ejus
823 1135 1079 1191 dubitare
1124 1144 1446 1204 possemus;
1487 1143 1610 1185 cum
1639 1127 1748 1184 vim
1792 1126 1899 1184 sibi
1938 1141 2105 1197 repu-
2206 1134 2349 1190 rant,
2377 1124 2810 1195 comperissent;
2834 1122 3142 1195 praestolari
3161 1124 3357 1193 utique
3378 1123 3536 1179 etiam
3552 1134 3757 1180 nostram

505 1230 691 1303 gnanti
722 1245 751 1282 a
781 1227 1055 1297 plerisque
1092 1224 1257 1281 etiam
1288 1222 1358 1279 de
1376 1220 1579 1293 populo
1601 1228 1659 1276 et
1700 1218 1853 1275 clero
1879 1228 2106 1275 testatus
2208 1231 2373 1288 super
2398 1232 2466 1273 eo
2501 1216 2826 1273 sententiam
2865 1215 3194 1273 debuerunt.
3227 1215 3352 1272 Non
3392 1217 3760 1287 praerogativam

505 1331 653 1380 esset
678 1320 902 1375 illatam.
2209 1309 2548 1367 vindicamus
2576 1311 2866 1379 examinis,
2906 1310 3003 1368 sed
3043 1309 3383 1368 consortium
3417 1318 3588 1367 tamen
3609 1311 3764 1367 debuit

576 1418 629 1471 4.
671 1412 880 1468 Tamen
933 1425 1025 1477 ne,
1082 1407 1403 1466 absentibus
1449 1406 1721 1479 partibus,
1778 1414 2109 1476 praesumpte
2209 1420 2334 1462 esse
2357 1404 2663 1461 communis
2682 1404 2913 1462 arbitrii.

503 1506 709 1581 aliquid
736 1504 997 1563 definisse
1023 1503 1355 1571 videremur,
1389 1500 1740 1559 clementiam
1773 1507 1945 1564 tuam,
1967 1497 2108 1554 datis
2281 1502 2336 1557 5.
2376 1501 2661 1558 Postremo
2699 1499 2851 1572 prius
2874 1508 3129 1557 constare
3170 1498 3438 1569 oportuit,
3473 1507 3642 1555 utrum
3668 1498 3769 1554 huic

501 1600 726 1667 litteris,
753 1598 1070 1670 putavimus
1113 1594 1519 1660 instruendam;
1564 1601 1624 1649 ut
1648 1592 1701 1647 ei
1729 1592 2111 1647 consuleretur
2210 1594 2609 1667 abrogaudum,
2655 1608 2818 1665 quam
2864 1592 2960 1649 alii
2999 1592 3400 1650 conferendum
3445 1592 3771 1651 sacerdotium

504 1712 575 1755 ex
598 1711 700 1752 usu
737 1694 971 1765 publica:
1013 1690 1163 1764 pacis
1190 1701 1353 1762 atque
1381 1688 1722 1754 concordiae;
1763 1688 1888 1759 quia
1917 1700 2107 1742 revera
2211 1686 2522 1753 videretur;
2552 1687 2623 1743 ab
2661 1687 2748 1743 his
2797 1687 3124 1758 prmcrtim,
3171 1700 3204 1742 a
3231 1687 3432 1757 quibus
3464 1702 3525 1742 se
3550 1685 3775 1741 Maximus

505 1788 923 1846 advertebamus
948 1785 1276 1859 Gregorium
1298 1799 1641 1856 nequaquam
1664 1780 1963 1839 secundum
1992 1788 2106 1836 tra-
2137 1782 2184 1844 B
2211 1782 2299 1838 vel
2334 1781 2680 1850 destitutum,
2721 1780 2808 1837 vel
2856 1781 3163 1853 appetitum
3213 1780 3414 1852 injuria
3463 1778 3775 1851 querebatur.

506 1882 768 1939 ditionem
795 1888 1031 1952 patrum,
1054 1876 1679 1948 Constantinopolitanae
1707 1874 1970 1931 Ecclesiae
2005 1872 2111 1930 sibi
2216 1873 2402 1945 Itaque
2427 1889 2549 1930 cum
2578 1873 2870 1930 Maximum
2891 1873 3209 1945 episcopum
3239 1880 3563 1944 recepeth
3585 1872 3638 1928 in
3658 1885 3779 1928 cont-

510 1972 879 2031 sacerdotium
913 1971 1213 2028 vindicare.
1242 1969 1354 2027 Nos
1384 1969 1546 2042 igitur
1567 1970 1623 2025 in
1646 1967 1859 2040 synodo
1882 1981 1967 2033 ea,
1990 1981 2113 2038 quae
2218 1970 2533 2026 munionem
2561 1976 2747 2024 nostra
2766 1968 3066 2033 consortia,
3095 1966 3356 2037 quoniam
3388 1982 3513 2022 eum
3540 1980 3573 2021 a
3591 1964 3780 2022 catholi-

512 2067 681 2124 totius
721 2065 874 2123 orbis
923 2066 1093 2140 816
1120 2066 1409 2138 episcopis
1453 2063 1743 2121 videbatur
1793 2076 1916 2119 esse
1974 2076 2117 2133 praa-
2217 2061 2297 2117 cis
2330 2059 2576 2117 constitit
2602 2060 2873 2132 episcopis
2899 2058 3234 2127 ordinatum,
3264 2070 3288 2099 ε
3316 2073 3421 2116 nec
3446 2060 3517 2116 ab
3539 2058 3783 2130 episcopa-

514 2162 753 2233 scripta,
786 2160 922 2217 nihil
967 2171 1172 2218 temere
1219 2160 1565 2217 statuendum
1616 2173 1740 2217 esse
1776 2159 2111 2216 censuimus.
2222 2162 2310 2209 tus
2344 2153 2932 2225 Constantinopolitani
2979 2154 3289 2223 putavimus
3329 2152 3597 2223 petitione
3636 2164 3784 2207 remo-

518 2253 718 2310 l’Adeo
742 2254 861 2325 ipso
888 2265 1133 2325 tempore
1152 2252 1245 2325 qui
1273 2253 1530 2324 generale
1554 2252 1850 2309 concilium
1877 2252 2119 2307 declina-
2223 2253 2477 2309 vendunt.
2526 2250 2693 2325 Cujus
2740 2251 3122 2323 allegationem
3174 2249 3539 2321 praesentibus
3580 2246 3787 2319 partibus

514 2355 741 2411 verunt,
775 2344 1364 2417 Constantinopolique
1398 2345 1633 2417 gessisse
1670 2344 1964 2408 dicuntur;
1990 2359 2114 2399 nam
2222 2344 2611 2401 estimavimus
2640 2357 2764 2401 esse
2789 2342 3158 2417 pendeudam.
3205 2340 3233 2381 τι
3273 2341 3591 2399 Nectarium
3634 2350 3786 2397 autem

511 2453 637 2494 cum
662 2438 1053 2513 cognovissent
1080 2437 1149 2493 ad
1176 2437 1281 2494 hoc
1308 2436 1543 2510 partium
1573 2436 1791 2493 venisse
1821 2435 2114 2492 Maximum
2222 2453 2345 2496 cum
2390 2452 2567 2510 nuper
2600 2446 2786 2495 nostra
2825 2436 3178 2495 mediocritas
3212 2436 3680 2507 Constantinopoli
3715 2449 3785 2491 co-

515 2575 758 2631 nontlum
789 2582 1155 2646 pervenerant
1184 2573 1239 2628 in
1256 2573 1623 2646 cognitionem
1644 2570 1964 2646 Latinorum
1984 2586 2116 2646 ;‘nc-
2221 2586 2320 2643 per
2344 2586 2421 2646 ea_
2434 2587 2497 2646 re
2526 2571 2592 2626 ad
2623 2570 2988 2646 Theodosium
3018 2571 3382 2646 destinarunt.
3415 2572 3486 2626 At
3528 2571 3692 2646 quaeri
3714 2585 3789 2640 po-

518 2663 626 2716 que
656 2646 742 2702 his
770 2641 903 2701 satis
936 2655 1279 2714 perspectum
1320 2641 1437 2716 erat
1482 2642 1695 2716 vafrum
1724 2658 1789 2716 ac
1828 2641 2116 2716 subdolum
2222 2641 2329 2699 test
2356 2643 2425 2698 ad
2456 2645 2665 2716 hancne
2690 2642 2980 2716 synodum,
3012 2659 3078 2697 an
3108 2642 3176 2716 ad
3196 2641 3560 2716 superiorem
3587 2643 3789 2716 aliquam

512 2713 731 2774 Maximi
758 2713 1147 2787 ingenium,ut
1173 2731 1201 2769 a
1231 2715 1530 2787 mendaciis
1559 2725 1614 2769 et
1646 2714 1961 2787 involucris.
1998 2714 2119 2785 qui-
2220 2715 2517 2787 accesserit
2564 2713 2871 2770 Maximus?
2896 2713 3043 2772 Vero
3079 2713 3299 2787 quidem
3344 2714 3581 2771 similius
3609 2714 3793 2787 videtur

517 2791 622 2847 bus
644 2785 1005 2845 ordinationis
1038 2801 1152 2843 sua:
1181 2786 1327 2842 vitia:
1359 2797 1543 2858 tegere
1570 2786 1871 2858 satagebat,
1919 2800 2117 2842 cavere
2220 2802 2345 2871 eum
2373 2787 2442 2871 ad
2470 2786 2631 2842 aliam
2668 2787 2901 2871 venisse_
2924 2787 3075 2871 prius
3101 2785 3388 2871 ’ltabitam‘;
3440 2787 3545 2871 hoc
3573 2786 3794 2871 enimnet

513 2869 759 2933 possent.
1419 2855 1437 2858 ⁷
1699 2855 1712 2858 θ
2221 2857 2537 2913 adverbium
2569 2874 2734 2930 nuper
2758 2855 2904 2929 quod
2934 2858 3021 2913 hic
3050 2857 3293 2928 ponitur,
3323 2866 3381 2913 et
3401 2857 3628 2928 epistola
3650 2870 3679 2909 a
3703 2855 3791 2912 Pe-

590 2941 617 2969 α
654 2930 907 2988 Valesius
950 2928 1239 2987 Observat.
1281 2929 1332 2985 in
1383 2929 1477 2985 lib.
1520 2944 1595 2985 vn
1628 2927 1850 2984 Sozom.
1898 2941 2022 2997 cap.
2052 2928 2110 2993 9,
2224 2939 2308 2983 tro
2336 2929 2513 2985 adhuc
2539 2931 2863 2998 superstite,
2893 2929 2983 2999 qui
3015 2938 3194 2984 tamen
3224 2929 3332 2983 vita
3378 2928 3595 2985 functus
3623 2928 3703 2983 hic
3723 2929 3792 2983 in-

516 3003 682 3059 docet
711 3002 1019 3073 legendum.
1043 3018 1098 3057 se
1118 3011 1343 3073 creatum
1368 3017 1478 3056 esse
1504 3001 1788 3073 :mandato,
1820 3000 2114 3073 tribus_epi-
2215 3000 2429 3073 dicatur
2447 3041 2477 3073 ,ν
2496 3010 2710 3056 extorta
2740 3003 2874 3073 satis
2897 3000 3215 3073 ostendunt.

515 3075 689 3146 acopis
714 3069 1093 3146 ordinaulibtts.
1138 3072 1367 3144 Egregia
1392 3072 1610 3146 quidem
1642 3069 1973 3146 emendatio,
1989 3071 2116 3146 licet
2287 3071 2314 3111 δ
2355 3072 2604 3146 Labbeus
2628 3071 2854 3146 ascribit
2881 3073 2935 3127 in
2978 3071 3246 3146 margine,
3303 3072 3371 3126 At
3409 3088 3470 3146 eo
3510 3090 3531 3127 :
3564 3070 3697 3146 haud
3725 3070 3793 3125 in.

517 3147 574 3201 in
610 3142 830 3202 textum
880 3144 999 3200 sine
1057 3142 1205 3200 mss.
1246 3143 1547 3214 patrocinio
1596 3157 1702 3197 non
1752 3142 2109 3215 admittenda.
2218 3142 2525 3215 commode.
2551 3142 2660 3215 Sed
2690 3143 2833 3215 quod
2862 3142 3129 3215 synodum
3155 3143 3574 3215 acumenicam,
3608 3142 3673 3198 de
3701 3158 3791 3209 qua

516 3217 691 3273 Porro
713 3232 835 3272 cum
865 3216 933 3273 de
972 3215 1204 3272 Maximo
1235 3212 1368 3270 falsa
1410 3215 1552 3271 veris
1592 3216 1797 3269 intexta
1836 3212 1922 3267 hic
1975 3213 2115 3269 refe-
2218 3214 2308 3269 hic
2338 3214 2543 3269 mentio
2574 3214 2652 3279 Iit,
2700 3212 2907 3271 indicat
2938 3214 3135 3271 ibidem
3182 3214 3432 3270 eamdem
3482 3229 3624 3277 esse,
3652 3230 3788 3282 quam

518 3296 729 3353 rantur,
772 3297 831 3343 ut
856 3288 926 3343 ah
951 3289 1182 3344 invicem
1214 3285 1428 3341 facilius
1455 3285 1668 3342 secerni
1703 3284 2116 3356 queant,paulo
2144 3291 2190 3355 (ζ
2222 3285 2292 3340 ab
2318 3286 2606 3341 Ambrosio
2636 3286 2967 3354 prohibitam
3009 3287 3063 3342 in
3089 3287 3324 3342 concilio
3367 3285 3695 3356 Aquileiensi
3727 3297 3793 3341 to-

515 3359 682 3415 altius
719 3360 1013 3429 repetenda
1054 3358 1300 3429 narratio;
1325 3366 1429 3429 est.
1464 3358 1511 3412 Is
1543 3356 1716 3426 patria
1750 3355 1858 3429 fuit
1883 3355 2120 3429 Alexan-
2227 3356 2331 3412 ties
2361 3357 2597 3429 objectat
2623 3357 2937 3423 Palladius;
2971 3356 3076 3414 hoc
3100 3357 3319 3429 quidem
3342 3355 3451 3412 non
3480 3366 3678 3413 tantam
3697 3371 3792 3427 prae

520 3431 742 3514 driuus_,
894 3429 1238 3514 Cynicorum
1249 3427 1700 3512 philosophorum
1747 3426 2118 3514 inpudentiam
2225 3442 2285 3485 se
2312 3429 2414 3514 [ert
2432 3426 2676 3514 speciem
2708 3429 2981 3514 veritatis.
3009 3426 3132 3514 Quo
3155 3429 3603 3514 enimﬂpactoqui
3630 3426 3791 3514 nege-

522 3516 646 3557 cum
676 3499 993 3573 christianis
1016 3502 1292 3573 institutis
1337 3514 1624 3573 aggressus
1659 3500 1874 3573 sociare
1894 3541 1913 3573 _,
1934 3499 2121 3573 varias
2225 3500 2429 3573 neralis
2455 3499 2599 3573 esset
2616 3516 2690 3573 Aea
2720 3500 2983 3573 synodus,
3026 3503 3079 3573 in
3106 3514 3268 3555 causa
3300 3499 3517 3554 fuerant
3540 3541 3558 3573 ,
3581 3500 3792 3573 orienta-

522 3573 716 3636 urhes,
749 3572 894 3627 unde
919 3588 1081 3643 quam
1113 3572 1345 3643 primum
1369 3572 1440 3643 ob
1466 3587 1679 3627 morum
1711 3570 2119 3643 improbitatem
2223 3570 2366 3626 libus
2394 3572 2537 3643 quod
2564 3570 2631 3627 ad
2668 3570 2788 3643 eam
2820 3572 3008 3629 venire
3035 3572 3455 3643 detrectassent,
3481 3571 3687 3643 crimini
3709 3570 3791 3643 da-

522 3643 865 3715 ejiciebatur,
911 3638 1241 3713 peragravit.
1266 3642 1523 3715 Tandem
1549 3658 1675 3697 cum
1704 3638 1945 3715 venisset
1979 3638 2121 3715 Cone
2226 3643 2381 3715 rent?
2410 3638 2663 3715 Attamen
2692 3642 2764 3699 de
2789 3644 2998 3715 synodo
3021 3646 3071 3698 in
3109 3642 3405 3700 Occidente
3431 3642 3694 3699 celebrata
3714 3642 3787 3697 hic

527 3713 963 3784 stantinopolim,
993 3711 1101 3769 tain
1130 3712 1499 3785 fraudulenter
1530 3715 1581 3769 in
1607 3714 1846 3768 animum
1876 3711 2121 3785 Gregorii
2224 3712 2308 3782 agi
2358 3714 2638 3785 sequentia
2669 3711 2889 3785 planum
2922 3715 3143 3772 faciunt.
3310 3736 3313 3739 λ

524 3786 768 3856 episcopi
796 3801 856 3856 se
882 3784 1195 3850 insinuavit,
1222 3792 1282 3839 ut
1303 3786 1371 3841 ab
1395 3802 1461 3841 eo
1490 3785 1709 3856 publica
1731 3786 1978 3839 oratione
2006 3784 2122 3838 lau—
2300 3795 2322 3823 ο
2362 3784 2681 3855 Gregorium
2708 3801 3045 3856 nequaquam
3071 3785 3369 3842 secundum
3391 3785 3784 3842 ecclestiasticos

526 3854 773 3913 daretur.
806 3855 1005 3912 Verum
1035 3856 1186 3911 brevi
1232 3867 1356 3926 post
1390 3857 1443 3911 in
1474 3857 1650 3924 ipsum
1681 3855 2002 3926 Gregorium
2036 3858 2120 3909 in-
2221 3870 2459 3913 canones
2480 3854 3089 3926 Constantinopolitaua:
3127 3857 3352 3914 dioecesi
3399 3858 3569 3913 fuisse
3603 3869 3782 3926 νημαι

526 3942 780 4000 surgens,
812 3937 1019 3982 tantum
1046 3927 1223 3983 solitis
1239 3928 1355 3983 suis
1380 3928 1593 4000 artibus
1615 3928 1918 4000 promovit;
1947 3934 2006 3980 ut
2025 3943 2123 3981 an-
2224 3928 2390 3983 situm
2416 3942 2751 4000 cognoscere
2771 3937 2902 3984 este
2926 3943 3049 4000 can.
3079 3928 3169 3987 16.
3201 3928 3398 4000 synodi
3415 3926 3790 4000 Antiochensis.

526 3998 725 4072 tistites
753 3999 1027 4072 aquibus
1052 4014 1308 4072 manuum
1340 3998 1742 4072 impositionem
1772 3999 2060 4072 acciperet,
2089 4013 2119 4052 a
2222 4013 2385 4070 quem
2418 3998 2679 4072 habemus
2705 4015 2736 4054 a
2765 3999 3032 4072 Dionysio
3057 3998 3268 4070 Exiguo
3312 4001 3383 4072 it_a
3412 4000 3679 4057 redditum
3704 4017 3717 4051 :
3743 3998 3794 4072 Si

528 4070 693 4127 Petro
736 4069 1080 4126 Alexandria!
1120 4070 1378 4140 episcopo
1420 4069 1788 4126 mitterentur.
1827 4069 2121 4142 Ordinatus
2222 4072 2338 4140 quis
2366 4070 2640 4141 episcopus
2681 4085 2870 4125 vacans
2910 4069 2973 4126 in
3015 4069 3279 4126 vacantem
3322 4069 3615 4127 Ecclesium
3652 4071 3795 4142 prosi-

523 4144 687 4214 cstin
713 4142 875 4198 domu
904 4142 1179 4214 choraulae
1201 4142 1504 4211 cujusdam,
1538 4157 1646 4197 non
1670 4152 1957 4214 prapterea
1977 4140 2120 4214 quod
2224 4142 2341 4207 liat,
2387 4140 2658 4214 sedarique
2704 4143 2949 4211 pervadat
2997 4142 3187 4213 absque
3239 4144 3444 4214 integro
3497 4140 3797 4213 perfectoque

523 4213 775 4287 basilicas;
816 4214 888 4287 ab
932 4213 1151 4287 Arianis
1197 4221 1612 4287 occuparentur,
1674 4220 1734 4287 u_t
1786 4213 2123 4287 mendaciter
2226 4214 2469 4287 concilio,
2496 4213 2583 4287 hic
2610 4213 2889 4287 abjiciatur
2916 4230 3119 4287 necesse
3145 4223 3242 4287 est,
3278 4213 3383 4287 etsi
3410 4223 3626 4287 cunctus
3652 4228 3797 4287 popa-

528 4285 804 4355 persuasit
824 4284 1036 4340 Latinis
1066 4284 1422 4356 praesulibus;
1451 4285 1647 4356 sedne
1686 4285 1946 4356 Catholici
1977 4283 2125 4356 ordif
2224 4285 2327 4351 lus,
2349 4300 2498 4356 quem
2524 4283 2763 4356 άὶτὶρίεἱι,
2808 4301 2924 4341 cum
2965 4284 3153 4341 habere
3201 4285 3470 4353 delegerit.
3523 4283 3797 4340 ﬂuc’adde

530 4357 804 4428 nationem
850 4356 1033 4428 ipsius
1074 4354 1440 4428 prohiberent.
1491 4355 1632 4428 Hinc
1668 4355 1938 4425 detegitur
1976 4354 2123 4409 aliud
2225 4354 2408 4428 eam]
2457 4354 2652 4428 synodi
2677 4354 3041 4422 Sardicensis,
3067 4366 3124 4411 et
3153 4357 3223 4428 15
3264 4355 3556 4423 Nicena“,
3596 4356 3730 4428 sicut
3751 4362 3799 4410 et

528 4425 775 4497 ejusdem
797 4426 1157 4498 mendacium,
1185 4441 1294 4497 quo
1321 4425 1659 4498 scilicits_ibi.
1684 4434 1747 4480 ut
1775 4440 2126 4482 consecrare-
2225 4425 2449 4498 Hieron.
2489 4425 2663 4498 'epist.
2721 4428 2789 4483 ad
2833 4429 3127 4485 Oceanum.
3161 4427 3366 4484 Verum
3415 4439 3598 4484 tamen
3628 4426 3798 4483 eadem

526 4495 650 4570 t_ur,
674 4499 785 4570 vim
811 4495 1107 4553 adhibitam
1147 4495 1501 4570 asseveravit.
1534 4496 1605 4552 Et
1631 4508 1781 4553 certe
1809 4512 1935 4553 cum
1960 4505 2122 4570 noctu
2224 4496 2471 4570 Gregorii
2502 4495 2803 4565 translatio,
2832 4510 3117 4570 postquam
3145 4514 3265 4555 eam
3305 4500 3612 4555 univerSale
3639 4499 3799 4554 conci~

530 4568 829 4625 Ecclesiam
878 4582 1084 4641 sancta:
1157 4568 1464 4641 Anastasize
1505 4576 1858 4641 occupasset,
1918 4569 2043 4641 inde
2090 4586 2120 4625 a
2228 4568 2360 4625 lium
2406 4571 2750 4641 approbavit,
2781 4568 2851 4626 ex
2887 4568 3081 4627 eodem
3128 4585 3251 4627 can.
3297 4571 3644 4627 Antioclteno
3680 4572 3797 4624 facta

527 4638 1645 4739 clero.ﬁtAph-mtlo‘expttls'usﬁstriitaque
1657 4638 2119 4739 genistanAti'tltopo-
2145 4678 2201 4739 Β
2224 4638 2572 4739 εξιοιξείίξὶιιει
2604 4660 2617 4695 :
2645 4644 2739 4698 sed
2767 4642 2869 4698 hoc
2914 4643 3153 4698 nondum
3196 4644 3499 4699 resciscere
3537 4650 3797 4714 potucrant

528 4710 623 4765 lim
654 4711 909 4768 deserere
931 4721 1175 4780 coactus,
1204 4710 1647 4768 Thessalonicam
1668 4712 1820 4768 venit
1846 4713 1911 4766 ad
1938 4710 2119 4768 'l'beo-
2145 4710 2201 4739 υ
2222 4710 2609 4770 occidentales.

528 4782 740 4839 dosium
772 4801 786 4856 ς
830 4797 862 4837 a
901 4798 1009 4856 quo
1033 4798 1156 4856 cum
1188 4783 1437 4856 reiectus
1463 4781 1675 4849 fuisset,
1735 4783 2117 4840 Alexandriam
2228 4853 2266 4856 __
2296 4781 2325 4821 ἀ
2366 4783 2694 4856 Gregorium,
2737 4800 2845 4840 non
2887 4799 3020 4840 vero
3047 4784 3351 4842 Nestorium
3383 4785 3669 4856 legendum
3694 4797 3797 4840 esse

528 4855 857 4926 secoutulit,
882 4853 972 4909 ubi
1001 4853 1118 4923 ejus
1141 4853 1474 4926 impudentia
1498 4868 1565 4910 eo
1588 4856 1853 4926 pervenit,
1878 4857 2119 4911 utetiam
2226 4853 2485 4911 Valesius
2502 4866 2557 4912 et
2586 4866 2709 4926 post
2731 4872 2855 4913 eum
2886 4857 3225 4912 liermannus
3251 4853 3567 4912 arbitratur.
3601 4858 3669 4913 Et
3685 4871 3797 4912 sane

528 4924 693 5000 Patro
727 4942 786 4982 se
820 4928 1142 5000 invasurum
1163 4926 1334 5000 ipsius
1359 4925 1545 5000 sedem
1575 4924 1854 5000 minitatus
1880 4927 1984 5000 si_t_;
2018 4928 2121 4982 nisi
2227 4926 2481 5000 historica
2503 4924 2643 5000 ratio
2667 4928 2891 4998 pulchre
2915 4928 3192 4985 convenit.
3213 4928 3345 4984 Nam
3362 4943 3486 4984 cum
3502 4929 3797 5000 Gregorium

530 4997 695 5071 abeo
730 4993 1889 5071 restituereturjnConstantitwpolitanam.
1924 4996 2121 5053 Verum
2226 4997 2476 5071 Meletius
2512 4993 2710 5071 aliique
2755 5001 2947 5071 Patres
2981 4993 3797 5071 Cuttstantinopolitanazsynodi

531 5068 659 5125 inde
705 5068 911 5139 ejectus
940 5082 969 5121 a
1000 5067 1257 5137 praefecto
1301 5067 1542 5140 Egypti.
1578 5067 1860 5138 tantisper
1884 5071 2121 5140 quietem
2226 5070 2405 5125 eidem
2440 5067 2697 5126 Ecclesia:
2743 5070 3135 5140 pra-fecissent,
3183 5071 3273 5126 ubi
3318 5067 3359 5127 e'
3396 5072 3537 5126 vivis
3586 5067 3798 5127 excessit

531 5142 716 5196 colere
741 5140 964 5196 adactus
993 5147 1078 5213 est
1102 5179 1117 5204 ,
1156 5139 1332 5213 qtmad
1362 5139 1753 5213 coticiliumjn
1795 5139 1946 5213 italia
1992 5140 2129 5196 iudi—
2227 5141 2373 5197 idem
2406 5141 2673 5206 Meletius,
2699 5139 2964 5213 Gregorio
2992 5154 3189 5213 sponte
3218 5142 3340 5198 loco
3362 5143 3578 5199 cedenti
3622 5143 3797 5198 Necta-

532 5223 680 5267 ctum
696 5227 820 5284 esse
836 5208 1367 5284 cognovisset.Tunc
1391 5210 1552 5281 igitur
1571 5212 1720 5267 venit
1745 5212 1811 5267 ad
1834 5214 2121 5268 concilium
2225 5213 2367 5284 rium
2409 5213 2672 5284 praesules
2705 5208 2988 5269 suﬂecere.
3025 5208 3291 5270 'Attamen
3328 5215 3416 5269 vix
3460 5214 3717 5270 credibile
3741 5214 3802 5267 sit

532 5284 702 5356 (quod
727 5282 873 5356 enim
908 5281 1159 5356 Valesius
1196 5280 1653 5356 litteras’tantum
1700 5285 1770 5339 ab
1810 5299 1881 5356 eo
1930 5284 2125 5356 missas
2224 5280 2530 5356 Nectar-inm
2563 5285 2848 5353 irrepsisse
2884 5286 2938 5340 in
2972 5299 3161 5342 omnes
3207 5285 3331 5341 cod.
3384 5300 3484 5356 pro
3530 5284 3797 5356 Gregorio.

531 5350 883 5428 existimavit,
912 5352 1091 5407 minus
1118 5365 1241 5428 cum
1264 5350 1424 5428 hujus
1444 5353 1690 5428 epistola:
1714 5353 1892 5428 verbis
1913 5354 2127 5428 videtur
2225 5352 2360 5410 Nam
2391 5357 2572 5428 primo
2589 5350 2799 5413 certum
2830 5365 2930 5428 est;
2943 5358 3210 5427 praecipue
3236 5356 3324 5428 agi
3344 5350 3415 5412 de
3441 5350 3688 5428 Nectar-io
3712 5358 3799 5428 hac

532 5422 858 5498 congruere)
866 5438 889 5498 _;
908 5421 1865 5498 cumquePetriAlexandritti,_cujtts
1893 5427 2122 5481 maxima
2228 5436 2337 5481 tota
2385 5421 2634 5498 cpistola,
2683 5441 2859 5498 neque
2887 5421 3125 5498 Maximo
3157 5421 3562 5498 nisi'respectu
3586 5426 3798 5483 Nectarii

533 5492 661 5549 erat
689 5494 831 5567 ap‘ud
866 5492 1093 5567 Latinos
1116 5493 1651 5567 auctoritas,_secum
1681 5492 2127 5565 litterasattulis-
2227 5492 2541 5564 convenire,
2583 5496 2725 5567 quod
2757 5492 2894 5552 infra
2925 5497 3145 5564 dicitur,
3172 5500 3217 5553 is
3249 5492 3502 5553 reddatur
3527 5497 3799 5554 Constanti-

535 5575 651 5628 aet,
682 5562 993 5618 a'Patribus
1030 5562 1300 5641 admissus
1330 5573 1414 5641 est
1440 5565 1497 5619 in
1525 5562 1983 5641 communionem.
2032 5567 2117 5625 llli
2227 5571 2436 5641 nepoti,
2477 5562 2567 5640 qui
2596 5562 2739 5637 prior
2779 5569 2968 5641 electus
2992 5579 3072 5641 est
3102 5562 3138 5624 :_
3168 5569 3397 5641 deinde
3411 5570 3555 5625 hanc
3580 5568 3797 5641 Nectarii

533 5645 721 5715 tamen
742 5648 832 5693 ne,
866 5634 1271 5715 parteinaudita
1302 5634 1497 5702 altera,
1518 5634 1644 5715 quid
1665 5646 1989 5705 statuerent,
2019 5641 2118 5715 l‘lll-
2225 5634 2628 5715 destitutionem
2659 5655 2725 5696 eo
2740 5638 2961 5715 referre
2989 5640 3163 5715 licet,
3184 5642 3328 5709 quod
3358 5639 3683 5715 Theodosio
3709 5640 3801 5696 Ne-

528 5704 683 5785 jusce
708 5704 1016 5785 impostoris
1059 5704 1340 5785 historiam
1372 5721 1503 5775 Icum
1536 5704 1971 5785 LDamasoatque
1995 5710 2115 5767 aliis
2221 5713 2449 5785 ctarium
2480 5713 2710 5785 necdum
2739 5711 3007 5785 baptismo
3052 5704 3320 5785 initiatum
3365 5713 3589 5784 eligenti
3636 5713 3800 5784 plures

523 5766 698 5840 probe
723 5766 991 5840 cognitam
1018 5766 1142 5833 esse
1171 5766 1505 5850 ignorarent,
1535 5766 1674 5837 hanc
1711 5766 1994 5851 epistolam
2025 5766 2115 5840 su?
2219 5766 2491 5857 episcopi,
2519 5766 2573 5841 si
2590 5766 2774 5841 tamen
2805 5766 3112 5843 Sozomeno
3138 5766 3245 5843 lib.
3270 5799 3342 5840 vn
3361 5766 3614 5858 {£518.
3636 5766 3795 5842 ridae
