4014 6290
463 257 573 313 933i

1820 247 2072 310 SANC’I‘I
2110 243 2434 311 AHDBOSH
2906 305 2915 312 .
3638 253 3726 310 956

534 374 592 428 6.
635 375 786 430 Sane
807 373 1038 444 eilegata
1066 373 1358 437 texuimus,
1382 383 1488 427 non
1510 365 1824 433 definiendi,
1849 367 1946 422 sed
1977 368 2060 422 ius
2087 367 2144 429 Α
2166 376 2442 422 auctorem
2477 365 2689 422 nuntii:
2719 374 2778 422 et
2817 377 2918 422 esu
2947 365 3166 438 quidem
3217 365 3398 431 venit,
3447 374 3503 420 ttt
3527 373 3628 423 non
3673 369 3732 421 ii-

464 466 722 524 strttendi
749 467 924 539 gratia
951 483 968 522 :
998 476 1055 522 et
1085 466 1178 534 qui
1202 465 1462 536 judicium
1493 461 1802 533 petivimus,
1843 475 1950 516 non
1977 460 2072 516 de-

467 558 700 616 ferimus
741 558 1134 630 praeiudicium.
1162 555 1348 626 Neque
1373 555 1539 610 ullum
1562 568 1751 610 eorum
1793 555 2074 610 aestimen-

469 652 600 708 dutn
631 655 942 710 convicium
971 653 1084 718 fuit,
1121 666 1245 708 cum
1290 655 1611 720 rogarentur
1659 647 1729 704 ad
1780 648 2071 704 concilium

470 748 810 813 sacerdotes,
850 763 1077 820 quorum
1119 744 1434 816 frequenter
1478 742 1798 814 praesentior
1823 742 2072 800 absentis

472 841 596 909 iuit,
627 843 848 914 quando
875 841 930 896 in
965 855 1253 896 commune
1282 835 1576 892 consuluit.
1604 835 1788 908 Neque
1816 835 1962 893 enim
1983 835 2070 893 vel

478 951 579 992 nos
629 935 1017 992 testimavimus
1049 947 1170 989 esse
1201 931 1530 996 convicium,
1573 933 1697 986 cum
1749 943 1886 985 unus
1929 928 2073 986 Con-

472 1029 968 1100 stantinopolitanze
993 1026 1259 1083 Ecclesia:
1288 1025 1594 1096 presbyter,
1621 1023 1820 1080 Paulus
1842 1031 1870 1061 ι
1891 1023 2071 1080 nomi-

449 1121 561 1186 'ne.
595 1123 732 1177 intra
761 1120 1018 1177 Achaiam
1049 1117 1320 1191 synodum
1348 1115 1713 1194 Orientalium
1738 1115 1892 1187 juxta
1909 1125 2074 1187 atque

475 1215 902 1272 Occidentalium
936 1212 1315 1284 postulaverit.

545 1310 600 1364 7.
641 1308 896 1365 Advertit
922 1307 1210 1362 clementia
1243 1315 1336 1362 tua
1360 1320 1467 1360 non
1509 1303 1676 1361 fuisse
1705 1303 2075 1362 irrationabile

473 1401 834 1470 postulatum,
863 1399 1005 1470 quod
1034 1399 1200 1454 etiam
1231 1399 1300 1453 sb
1328 1397 1684 1452 orientalibus
1709 1399 1793 1452 est
1823 1397 2070 1468 petillini.

470 1494 580 1550 Sed
604 1493 732 1565 quia
753 1492 952 1564 iiiyrici
984 1501 1234 1562 suspecta
1266 1495 1538 1558 movetur,
1567 1489 1694 1546 ideo
1723 1490 1987 1546 maritima
2011 1504 2076 1546 sc

473 1589 670 1644 tutiora
701 1586 927 1658 quasita
957 1598 1103 1642 sunt.
1151 1585 1336 1656 Neque
1368 1585 1529 1656 plane
1558 1598 1659 1639 nos
1697 1593 1974 1654 tamquam
2004 1599 2074 1640 es

475 1681 646 1738 forma
689 1679 892 1751 aliquid
921 1679 1302 1736 innovavimus
1329 1695 1344 1732 :
1372 1676 1401 1717 δ
1427 1677 1524 1734 sed
1562 1687 1764 1733 sanctae
1797 1679 2074 1733 memoria

2172 462 2364 518 neuter
2391 467 2672 517 teneamus
2713 457 2958 520 nutiliiiﬂ
2989 460 3417 525 mmstitudinis;
3445 451 3536 516 sed
3575 463 3734 516 tanien

2170 557 2358 613 clauso
2387 567 2514 612 tunc
2543 558 2803 628 teniporis
2829 557 2998 623 mari,
3028 556 3310 628 occupatis
3339 565 3600 610 tartarum
3625 551 3736 610 baro

2171 652 2354 708 barica
2413 653 2760 709 ittiestalione
2807 653 3122 725 regionibus
3149 695 3166 718 ,
3217 665 3341 708 cum
3399 653 3607 707 deesset
3658 653 3738 722 qui

2171 745 2430 802 advenire
2455 747 2721 816 potuerit,
2750 761 2857 801 non
2888 745 3061 816 defuit
3087 747 3176 816 qtti
3207 745 3519 801 nuntiaret:
3551 753 3604 800 ut
3626 744 3737 799 mihi

2171 837 2418 894 videatur
2445 838 2566 906 ipse
2593 847 2819 894 sanctus
2839 838 3192 893 annttntlasse
3213 849 3279 893 se
3307 836 3467 892 nobis
3483 877 3500 903 ,
3522 849 3585 889 eo
3613 825 3739 906 quod

2167 933 2277 1002 jam
2312 941 2574 1001 perpetuo
2601 931 2812 988 laboris
2839 933 2926 987 sui
2953 933 3218 1002 potiretur
3243 929 3516 1001 stipendio
3541 971 3556 994 ,
3593 937 3646 984 et
3667 941 3742 984 so-

2173 1025 2302 1082 lutis
2331 1027 2564 1083 uinculis
2605 1028 2894 1098 corporis,
2927 1027 3070 1082 inter
3097 1029 3417 1097 angelorum
3467 1023 3740 1078 ministeria

2173 1117 2392 1176 Christo
2439 1120 2741 1176 adhaereret
2761 1158 2777 1188 ,
2827 1121 3058 1191 cupiens
3104 1119 3340 1174 amantis
3384 1118 3466 1173 sui
3521 1123 3741 1173 errorem

2173 1213 2494 1277 absolvere;
2526 1229 2595 1270 ne
2625 1214 2703 1270 illi
2735 1215 3134 1285 longevitatem
3167 1213 3298 1268 vitae
3321 1211 3486 1284 huius
3511 1212 3745 1281 depreca-

2174 1319 2361 1363 remur
2382 1351 2397 1373 ,
2428 1308 2520 1362 cui
2549 1309 2680 1369 vita:
2705 1317 2924 1363 aeternas
2947 1307 3060 1379 jam
3091 1306 3315 1378 prannia
3359 1307 3742 1361 deferebantur.

2246 1401 2298 1457 ὅ.
2341 1400 2488 1456 Abiit
2531 1417 2700 1472 ergo,
2735 1412 2841 1457 non
2889 1401 3064 1466 obiit,
3113 1399 3172 1457 el.
3205 1400 3500 1472 emignvit
3537 1415 3567 1453 a
3613 1397 3749 1453 nobis

2175 1505 2466 1552 veteranus
2505 1495 2710 1552 Christi
2756 1487 2886 1552 Jesu
2914 1539 2928 1562 ,
2955 1503 2982 1540 κ
3009 1493 3150 1552 coelo
3183 1504 3348 1550 terra;
3398 1495 3551 1549 istius
3597 1493 3749 1548 saliua

2175 1589 2392 1643 mttlans
2415 1629 2430 1655 ,
2463 1597 2519 1643 et
2547 1589 2806 1658 plaudens
2827 1588 2927 1645 iis
2953 1597 3116 1658 atque
3143 1587 3386 1660 remigiis
3411 1585 3748 1658 spiritalibus,

2173 1682 2306 1738 dicit
2332 1699 2345 1736 :
2377 1679 2512 1736 Ecce
2536 1683 2772 1756 elongaot'
2797 1684 3005 1756 fugiens
3033 1683 3210 1756 (Psal.
3247 1697 3356 1751 Liv,
3385 1681 3477 1752 8).
3505 1681 3753 1752 Cupiebat

477 1773 782 1836 Athanasii,
813 1772 904 1844 qui
955 1773 1108 1843 quasi
1147 1773 1400 1828 columen
1448 1768 1574 1825 iidei
1618 1769 1743 1835 fuit,
1791 1780 1845 1824 et
1871 1769 2076 1825 veteris
2104 1765 2322 1835 Benim
2379 1775 2695 1844 Apostollco
2751 1776 2944 1848 Spiritu
2995 1776 3314 1848 jamdudum
3375 1781 3552 1832 terras
3599 1775 3749 1830 relin-

475 1865 780 1922 sanctitatis
799 1873 1014 1936 patrum
1035 1874 1348 1920 nostrorum
1371 1863 1426 1918 in
1445 1861 1694 1918 conciliis
1714 1860 1941 1918 deﬁnita
1957 1876 2078 1917 ser-

479 1970 692 2023 rantes,
721 1975 829 2015 non
857 1958 1144 2014 evellimus
1175 1957 1461 2024 terminos,
1494 1972 1630 2028 quos
1657 1965 1955 2027 posuerunt
1982 1971 2078 2025 pa-

473 2065 592 2112 tres
632 2055 844 2121 nostri;
897 2069 1000 2110 nec
1053 2053 1415 2110 hereditaria;
1467 2050 1866 2108 communionis
1909 2050 2082 2124 819

474 2149 597 2222 jura
623 2149 892 2204 violemus
916 2165 930 2202 :
953 2146 1050 2204 sed
1077 2146 1316 2204 debitam
1347 2155 1530 2202 vestro
1549 2145 1782 2217 imperio
1811 2145 2078 2200 ltonoriii-

477 2243 712 2298 centiam
760 2250 1125 2305 reservantes,
1157 2238 1436 2295 studiosos
1481 2253 1583 2294 nos
1614 2239 1762 2310 pacis
1799 2247 1850 2294 et
1881 2238 2082 2309 quietis

474 2332 845 2392 oatendimus.

1013 2422 1352 2482 EPISTOLA
1392 2422 1484 2480 XV
1521 2434 1570 2479 ο.

481 2525 684 2580 Acholii
728 2533 943 2578 mortem
971 2538 1024 2576 se
1048 2520 1316 2576 rescivisse
1334 2559 1349 2584 ,
1392 2535 1486 2574 nec
1525 2519 1636 2575 sine
1661 2518 1886 2590 quodam
1918 2519 2082 2574 mira-

552 2619 704 2686 culo;
733 2617 886 2674 illum
906 2633 1010 2672 non
1044 2626 1149 2670 tam
1195 2624 1458 2669 mortuum
1503 2629 1612 2668 esse
1636 2653 1654 2680 ,
1699 2625 1856 2685 quem
1898 2613 1968 2667 ad
2004 2612 2083 2684 fe-

551 2713 784 2768 liciorem
811 2712 968 2766 sitam
996 2710 1350 2775 translatum;
1379 2707 1610 2763 actiones
1644 2709 1756 2778 eius
1785 2717 1844 2761 ut
1881 2705 2080 2764 Elissae

553 2805 742 2860 similis
761 2804 1032 2860 haberetur
1052 2803 1435 2865 commeruisse,
1458 2809 1516 2855 ut
1536 2807 1710 2854 autem
1730 2804 1889 2855 etiam
1906 2797 2083 2854 Etiam

553 2897 760 2954 dicatur
787 2898 1102 2968 exprimere,
1133 2896 1360 2951 maxime
1383 2909 1730 2949 successorem
1747 2933 1764 2961 ,
1789 2909 1939 2959 quem
1968 2894 2080 2966 spi-

556 2991 688 3048 ritus
714 2991 796 3046 sui
820 2990 1077 3046 heredem
1104 2991 1246 3059 fecit,
1275 2987 1620 3056 persuadere;
1637 2986 2083 3058 iucundissimum

553 3086 652 3141 sibi
681 3086 842 3158 fuisse
864 3083 1072 3140 Aeliam
1099 3083 1323 3155 primum
1345 3097 1710 3153 congressum,
1738 3091 1789 3138 et
1813 3083 1926 3154 ejss
1964 3082 2078 3137 abi.

2175 1884 2342 1942 quere
2367 1887 2381 1924 :
2414 1870 2508 1926 sed
2539 1871 2824 1926 tenebatur
2851 1871 2991 1926 votis
3019 1871 3394 1927 universorum
3422 1911 3438 1936 ,
3481 1871 3620 1924 sicut
3639 1875 3668 1912 ιι
3692 1868 3752 1925 de

2177 1964 2441 2036 Apostolo
2469 1966 2702 2037 legimus
2729 1963 2962 2037 (Philip.
2998 1979 3037 2034 ι,
3063 1966 3154 2032 25,
3187 1965 3322 2035 24),
3351 1964 3477 2036 quia
3507 1962 3754 2020 remorari

2179 2073 2300 2115 cum
2325 2059 2533 2115 diutius
2557 2060 2612 2114 itt
2634 2068 2801 2114 carne
2827 2065 2947 2114 erat
2972 2057 3234 2114 Ecclesla‘
3257 2059 3647 2113 necessarium.
3677 2056 3755 2110 γε.

2179 2153 2343 2209 vebat
2394 2154 2539 2207 enim
2574 2171 2680 2207 non
2713 2153 2846 2219 sibi,
2879 2153 2975 2208 sed
3005 2153 3260 2207 omnibus
3291 2169 3308 2205 :
3337 2161 3394 2208 et
3427 2152 3612 2222 populi
3656 2153 3756 2205 erat

2183 2247 2308 2302 vitae
2333 2253 2553 2302 aeternae
2583 2246 2834 2302 minister
2859 2263 2872 2312 ;
2907 2253 2969 2300 ut
2999 2247 3149 2317 prius
3178 2245 3298 2316 ejus
3329 2245 3565 2301 irttctutn
3609 2246 3753 2300 etiam

2181 2340 2233 2394 in
2269 2337 2410 2404 aliis,
2443 2338 2459 2376 ¹
2492 2351 2655 2408 quam
2683 2339 3050 2409 cognitionem
3082 2340 3133 2392 in
3162 2352 3223 2392 se
3252 2336 3662 2408 adipisceretur.

2251 2431 2306 2487 4.
2347 2431 2443 2486 Est
2485 2431 2649 2502 igitur
2685 2429 2797 2501 iam
2845 2429 3190 2501 superiorum
3237 2429 3447 2493 incola,
3499 2440 3760 2496 possessor

2176 2526 2420 2582 civittis
2449 2532 2671 2581 atteram
2695 2523 2842 2580 illius
2867 2523 3205 2580 Hierusalem
3229 2563 3244 2587 ,
3274 2537 3400 2594 quae
3428 2523 3481 2576 in
3507 2522 3645 2578 celo
3667 2529 3753 2576 est.

2184 2609 2343 2670 Videt
2372 2615 2481 2672 illic
2509 2616 2660 2671 urbis
2689 2617 2808 2686 ejus
2837 2631 3146 2672 mensuram
3195 2617 3550 2678 immensam,
3581 2623 3758 2683 purum

2182 2722 2372 2762 aurum
2393 2749 2408 2774 ,
2435 2709 2670 2780 lapidem
2703 2709 3005 2780 pretiosum
3031 2753 3044 2776 ,
3077 2705 3262 2764 lumen
3293 2709 3413 2764 sine
3439 2710 3556 2763 sole
3587 2721 3760 2778 perpe-

2184 2808 2456 2856 tuum:et
2505 2803 2621 2856 haec
2663 2802 2847 2857 omnia
2897 2801 3215 2872 jamdudum
3242 2801 3462 2873 quidem
3491 2803 3593 2857 sibi
3619 2811 3758 2856 eniti-

2186 2906 2337 2965 perte
2364 2936 2379 2961 ,
2427 2894 2520 2952 sed
2550 2911 2710 2952 nunc
2737 2897 2875 2953 iacie
2900 2891 3069 2970 ago
3093 2897 3160 2954 ed
3192 2891 3384 2953 faciem
3408 2884 3755 2952 .maniiestata

2183 2989 2376 3044 videns
2399 2990 2569 3045 dicit:
2605 2991 2754 3046 Sicut
2781 2993 3110 3056 audiuimus,
3156 2993 3232 3046 ita
3277 3001 3326 3048 et
3354 2992 3590 3047 uidemus
3617 2993 3666 3046 in
3693 2992 3758 3044 ri-

2184 3083 2339 3139 oitate
2369 3083 2578 3139 Domini
2621 3086 2868 3140 virtutum
2891 3127 2906 3152 ,
2938 3087 2992 3140 in
3037 3087 3245 3141 ciuitate
3274 3085 3375 3142 Dei
3404 3087 3570 3140 nostri
3595 3089 3612 3154 (
3630 3085 3754 3138 Ptol.

556 3153 930 3248 tum-plurimis
959 3153 1111 3230 ualde
1137 3174 1399 3246 ﬂebilem:
1426 3175 1517 3230 sed
1553 3173 1652 3228 uiri
1677 3153 1842 3230 sancti
1881 3173 2084 3231 deside-
2111 3153 2158 3225 C
2189 3193 2352 3246 sun,
2384 3181 2474 3242 9).
2523 3177 2600 3234 lbi
2647 3193 2782 3250 ergo
2806 3181 3013 3250 positus
3048 3180 3288 3250 appellat
3337 3180 3594 3249 pupulum
3641 3177 3754 3241 Dei,

551 3271 691 3326 rium
725 3270 884 3326 levari
907 3269 1097 3334 pirtttle
1125 3269 1460 3324 successoris.
1656 3327 1662 3333 ,

487 3369 790 3422 Attenostus
813 3365 1114 3433 ANATOLIO,
1139 3361 1168 3402 ἀ
1201 3363 1482 3431 Nouemb,
1509 3363 1766 3430 Ssvno,
1801 3363 2082 3428 Parum,

562 3459 882 3516 Macesosto
900 3497 916 3523 ,
946 3461 1198 3514 AIIIANO
1217 3499 1232 3525 ,
1257 3457 1566 3514 Tusonosto
1583 3499 1598 3520 .
1624 3459 1926 3523 Eunomo,
1949 3455 2085 3512 Cut-

564 3567 662 3614 no,
699 3551 964 3617 Eosssto,
995 3559 1052 3607 et
1079 3551 1365 3610 Ttttorneo
1389 3559 1414 3590 θ
1447 3552 1656 3609 Domini
1676 3551 2083 3618 sacerdotibus,

559 3653 616 3698 et
637 3642 951 3699 omniciero
979 3653 1035 3699 et
1066 3643 1209 3714 plebi
1241 3644 1814 3702 Tltessalonieenslum
1843 3643 2082 3712 dilectis,

563 3737 818 3794 salutem.
1593 3793 1598 3798 .

568 3830 620 3886 l.
664 3829 803 3885 Dum
847 3843 1066 3902 semper
1109 3830 1331 3888 altisoni
1381 3838 1572 3889 tenere
1616 3833 1802 3888 animo
1828 3831 2086 3888 desidero

493 3925 666 3980 virum
698 3933 982 3992 sanctum,
1028 3935 1191 3997 atque
1237 3939 1434 4003 omnes
1472 3939 1628 3982 sctus
1677 3926 1796 3998 ejus
1842 3926 1998 3998 quasi
2030 3927 2087 3982 in

491 4017 709 4088 specula
740 4019 947 4088 positus
961 4019 1210 4088 exploro,
1242 4019 1422 4089 hausi,
1456 4019 1620 4076 nimia
1651 4019 1908 4092 indagine
1935 4019 2089 4074 sollit-

489 4111 766 4178 citudinis,
813 4109 1231 4168 amaritudinem
1280 4113 1456 4168 nuntii
1495 4111 1802 4178 celerioris,
1839 4120 1896 4167 et
1939 4111 2086 4182 quod

487 4204 665 4262 adhuc
706 4206 923 4262 mallem
969 4209 1216 4274 nescire,
1261 4208 1490 4280 cognovi
1523 4208 1575 4263 in
1621 4207 1939 4264 caelestibus
1974 4208 2086 4278 jam

491 4295 874 4370 requiescere‘
907 4299 1112 4364 virum,
1142 4315 1300 4370 quem
1333 4300 1386 4354 iu
1412 4299 1571 4355 terris
1613 4299 2046 4371 reqttirebamtts.

561 4390 618 4446 2.
659 4389 916 4459 ρυωτίιίε
941 4392 1060 4462 quis
1107 4392 1208 4450 hoc
1245 4393 1678 4460 annuntiaverit,
1725 4408 1847 4448 cum
1891 4397 2087 4448 vestrae

491 4485 796 4542 sanctitatis
843 4487 1082 4544 nondum
1131 4487 1410 4544 venissent
1459 4487 1710 4542 litterati
1756 4486 1874 4544 Non
1925 4495 2088 4544 teneo

2185 3271 2415 3327 dicens:
2449 3271 2496 3326 0
2545 3267 2748 3338 Israel,
2797 3283 2954 3341 quam
2996 3285 3190 3344 magna
3233 3280 3310 3327 est
3358 3271 3548 3325 dorus
3575 3269 3690 3335 Dei,
3719 3278 3760 3322 et

2185 3379 2338 3438 quam
2364 3367 2544 3438 ingens
2575 3369 2718 3420 locus
2764 3368 3100 3439 possessionis
3127 3366 3279 3440 ejus!
3323 3381 3546 3437 magnus
3585 3373 3633 3418 et
3671 3379 3760 3416 nos

2187 3457 2377 3514 habens
2404 3459 2560 3529 ﬁnem
2589 3459 2606 3530 (
2629 3457 2860 3514 Baruclt.
2888 3475 2970 3526 ιιι,
2996 3458 3089 3525 24,
3118 3459 3244 3531 25).

2259 3552 2314 3608 Β.
2353 3551 2464 3608 Sed
2493 3552 2622 3622 quid
2649 3551 2754 3608 hoc
2781 3552 2909 3608 est?
2951 3553 3082 3606 Dum
3113 3552 3308 3607 merita
3339 3552 3440 3608 viri
3463 3551 3760 3613 considero,

2188 3653 2240 3700 et
2267 3646 2420 3716 quasi
2447 3643 2836 3700 discedentem
2853 3644 3048 3716 spiritu
3089 3656 3293 3716 sequor
3315 3679 3332 3711 ,
3365 3651 3425 3701 et
3471 3653 3760 3698 sanctorum

2187 3737 2369 3794 ultoris
2397 3737 2795 3795 deducentibus
2823 3737 3238 3806 iutermisceor,
3266 3752 3376 3794 non
3409 3739 3606 3796 merito
3628 3738 3716 3791 ullo
3737 3777 3752 3802 ,

2187 3830 2282 3886 sed
2308 3828 2532 3898 aﬂectu,
2569 3845 2708 3900 pene
2735 3846 2856 3886 sum
2877 3831 3080 3888 oblitus
3105 3831 3233 3887 mei.
3258 3831 3411 3887 ltatte
3439 3845 3572 3902 ergo
3599 3838 3755 3898 raptus

2189 3933 2272 3978 est
2325 3923 2483 3978 nobis
2553 3936 2741 3977 murus
2813 3921 2977 3990 ﬁdei,
3034 3923 3260 3992 gratis,
3314 3932 3372 3978 et
3440 3920 3758 3977 sanctitatis:

2193 4018 2207 4068 i
2235 4034 2393 4088 quem
2421 4018 2580 4072 toties
2596 4017 2969 4088 ingruentibus
2990 4019 3293 4073 Gothorum
3315 4015 3765 4084 catervis,nequa-

2195 4128 2358 4183 quam
2409 4124 2590 4168 tamen
2640 4121 2933 4182 potuerunt
2976 4111 3262 4167 barbarica
3305 4119 3592 4180 penetrare
3637 4107 3764 4169 teis,

2192 4219 2508 4276 espugnare
2539 4204 2829 4260 multarunt
2859 4203 3100 4276 gentium
3135 4204 3361 4260 bellicus
3403 4202 3591 4258 furor?
3623 4199 3764 4256 Deni-

2189 4307 2295 4370 que
2337 4300 2391 4354 in
2421 4299 2635 4354 caeteris
2665 4297 3015 4368 populatores
3041 4297 3175 4352 locis
3198 4341 3212 4364 ,
3265 4295 3383 4354 illic
3415 4311 3598 4366 pacem
3625 4307 3768 4363 roga-

2191 4394 2358 4460 bant;
2387 4387 2822 4463 mirantibusque
2847 4388 2977 4464 quid
3022 4389 3124 4447 sibi
3156 4391 3276 4448 sine
3308 4392 3482 4448 milite
3511 4392 3616 4447 ullo
3638 4387 3768 4445 obsi-

2189 4497 2392 4554 steret,
2440 4502 2472 4542 a
2519 4486 2973 4558 prudentioribus
3017 4486 3371 4544 intimabatur
3417 4486 3592 4542 Elisaai
3639 4485 3768 4537 intus

565 4655 594 4686 ⁸
631 4645 803 4704 Labb.
840 4646 908 4702 ad
950 4647 1248 4714 marginem
1296 4646 1486 4703 istltrec
1513 4645 1736 4702 ascribit
1767 4661 1781 4698 :
1832 4643 2092 4700 Deturba-
2117 4651 2172 4712 ι)
2199 4657 2538 4714 nequaquam
2568 4641 2808 4714 absurde,
2823 4642 3104 4714 sentiunt,
3132 4641 3222 4710 qui
3257 4641 3599 4714 Ambrosium
3623 4639 3768 4714 insc-

490 4729 573 4776 ttts
599 4735 686 4774 an.
710 4717 838 4782 542,
885 4735 1000 4773 cum
1033 4717 1405 4790 Hermogenen
1432 4719 1624 4790 populo
1659 4727 1812 4781 meo.
1839 4718 2093 4790 Constan-

493 4792 595 4846 tius
637 4790 997 4846 Macedoniunt
1041 4792 1096 4846 in
1137 4789 1254 4846 sede
1298 4789 1872 4862 Constatitinbpolitatin
1930 4789 2092 4845 collo-

497 4865 648 4918 cavit.
1327 4865 1330 4868 ’

563 4933 594 4974 ι’
649 4933 860 4990 Eodem
916 4949 1082 4992 sensu
1128 4935 1246 4992 haec
1283 4935 1444 4991 verba
1501 4934 1818 5004 accipitnus,
1861 4947 1970 5002 quo
2033 4932 2088 4988 in

495 5006 675 5076 priore
703 5023 918 5078 quoque
957 5005 1188 5076 epistola
1219 5007 1549 5080 dicebatur:
1573 5009 1702 5080 jure
1729 5017 1777 5062 et
1807 5019 1952 5061 more
1978 5019 2092 5059 ma'o

483 5081 686 5151 jorum,
709 5077 843 5132 sicut
861 5085 908 5134 et
931 5079 1408 5151 sancitegmemoriae
1435 5077 1775 5150 Athanasius,
1800 5085 1908 5133 etc.

573 5159 596 5221 ς
637 5149 854 5221 Scripta
881 5165 1024 5204 anno
1054 5149 1178 5204 585.

569 5217 596 5256 ἀ
633 5217 1006 5285 Μεεῗειίιιιιοι
1032 5220 1270 5274 melioris
1297 5225 1440 5272 uoltu
1465 5260 1482 5284 ,
1515 5218 1770 5274 Munerio.

576 5301 600 5329 ο
647 5293 768 5347 Vct.
799 5292 956 5356 cdit.,
991 5291 1212 5345 dominis
1235 5291 1619 5356 sacerdotibus;
1667 5291 1827 5347 Boni.
1876 5299 1930 5346 ct
1959 5297 2095 5347 mss.

498 5363 732 5432 aliquot,
769 5362 978 5418 Domini
1011 5361 1363 5418 sacerdotibus
1387 5378 1405 5415 :
1429 5372 1718 5430 utrumque
1746 5376 1874 5417 vero
1899 5365 1952 5416 in
1977 5362 2099 5418 aliis

2195 4709 2485 4788 quentibus
2516 4717 2680 4788 tacite
2725 4713 2966 4788 indicare
3017 4709 3338 4788 existimant
3367 4713 3472 4767 sibi
3506 4709 3762 4766 Asbolium

2197 4785 2576 4859 post_tnortem
2610 4787 2663 4839 in
2706 4785 2916 4840 visione
2946 4785 3288 4859 apparuisse.

2267 4867 2292 4902 κ
2321 4857 2396 4912 ita
2425 4872 2592 4921 mss;
2625 4864 2682 4910 at
2709 4866 2897 4912 contra
2921 4853 3050 4911 edii.
3084 4857 3258 4925 posita
3292 4865 3417 4923 post
3444 4868 3630 4911 vocem
3657 4853 3766 4905 cate

2194 4930 2402 5000 virgula
2423 4968 2440 4996 ,
2474 4928 2696 4984 dictioni
2729 4939 2889 5000 terra,
2907 4928 3354 5000 eonjunctionetn
3377 4941 3476 4998 que
3502 4927 3768 5000 subjunge-

2197 4999 2347 5058 bant.
2376 5001 2492 5055 Non
2520 5001 2651 5055 satis
2671 5007 2852 5066 recte;
2881 4999 2971 5054 hic
2991 4999 3138 5056 enim
3162 5010 3316 5055 teme
3339 5000 3489 5053 istius
3514 4999 3668 5053 solum
3683 5009 3767 5063 op-

2199 5073 2480 5146 ponictelo
2509 5087 2604 5146 per
2637 5086 2697 5127 se
2725 5073 2930 5127 ciarum
2963 5081 3072 5127 est.

2269 5143 2297 5183 ιι
2335 5143 2590 5199 Nonnulli
2623 5155 2782 5208 mss.,
2813 5145 2877 5198 de
2901 5143 3138 5212 apostolo
3165 5141 3330 5198 Petro
3353 5143 3584 5214 legimus.

2265 5215 2285 5300 ξ
2317 5214 2696 5288 Cognitiouent,
2726 5207 2847 5286 qum
2871 5207 2971 5270 vos
2992 5217 3150 5271 deest
3177 5216 3230 5270 in
3256 5207 3421 5280 edit.,
3442 5229 3473 5270 e
3491 5227 3614 5268 ntss.
3633 5207 3765 5266 restio

2204 5301 2428 5345 luitntts.

2279 5361 2292 5410 i
2344 5361 2458 5416 l‘ioc
2498 5359 2766 5414 Baronius
2791 5358 3086 5428 contigisse
3116 5355 3354 5412 afﬁrmat
3379 5369 3471 5411 un.
3500 5355 3618 5412 578.
3647 5351 3764 5407 Cum

505 5428 750 5502 pluribus
794 5435 1082 5488 omittitur.
1137 5434 1208 5489 At
1251 5436 1512 5487 continuo
1555 5428 1714 5502 post,
1765 5434 1856 5488 ubi
1907 5441 2101 5502 omnes
2203 5432 2472 5488 exstincto
2507 5430 2768 5496 Valente,
2797 5429 2958 5486 Gothi
2982 5428 3226 5502 victores
3255 5429 3768 5502 crudelissimaspo-

505 5496 666 5571 edit.,
714 5505 850 5578 clero
899 5505 1062 5578 plebis
1112 5496 1581 5560 Thessalonicensis
1609 5546 1624 5572 ,
1661 5496 1795 5561 mss.
1833 5513 2002 5576 prope
2031 5496 2099 5561 ad
2205 5503 2513 5578 puiationes
2541 5514 2606 5556 se
2631 5501 3164 5578 stragesetiiderunt
3188 5539 3204 5566 ,
3234 5501 3304 5555 de
3331 5500 3654 5578 qttibttsnon
3677 5507 3771 5576 ,εε-

509 5588 670 5644 unum
706 5575 860 5630 nobis
890 5575 1272 5644 suffragantur.

595 5643 613 5681 ί
659 5643 1264 5724 Είιίιτμὰἱειίοιιίίυὶτωη
1291 5653 1623 5724 subiungunt
1653 5651 1906 5707 'sattctum
1938 5650 2111 5707 Acho-

2215 5571 2321 5630 mel
2352 5575 2513 5630 locuti
2547 5585 2754 5630 sumus.
2806 5571 2950 5628 Niltil
2975 5581 3158 5628 tamen
3175 5581 3344 5636 vetat,

3373 5571 3500 5642 quin
3527 5568 3610 5646 hic
3625 5565 3768 5646 etisnt

2219 5648 2522 5702 iudicentur
2565 5648 2691 5701 anni
2743 5656 3071 5714 sequentes;
3102 5643 3434 5698 adverbium.
3457 5642 3600 5696 enim
3647 5642 3776 5691 toties

531 5712 924 5796 liumtqu‘idam
956 5727 1290 5782 recentiores
1316 5712 1443 5796 ms's.
1477 5712 1542 5780 eux
1569 5721 1656 5779 bis
1684 5724 1991 5796 alterutram
2020 5737 2117 5796 po-
2222 5720 2468 5778 catndem
2499 5731 2612 5784 rem
2643 5712 2840 5794 sapius
2872 5718 3069 5773 factum
3101 5717 3261 5788 plene
3303 5723 3547 5772 testatur.

528 5792 668 5851 nunt
691 5801 706 5838 :
732 5785 918 5862 plures
947 5803 1122 5868 autem
1154 5805 1212 5884 et
1235 5795 1569 5888 antiquiores
1597 5806 1860 5882 neutram.
1893 5795 1930 5853 li
1955 5785 2121 5874 porro
2214 5829 2220 5835 ·
2722 5785 2733 5804 τ
