4014 6290
261 313 367 369 937

1458 313 1947 375 ΕΡιδτοιδΑιιυΜ
1987 314 2268 374 CLASSIS
2306 315 2346 370 1.

3444 316 3552 376 ass

260 434 593 490 imitatorem
622 431 820 504 degere
842 476 857 501 ,
886 441 1047 490 astate
1076 447 1393 504 supparem,
1428 448 1536 488 non
1583 433 1847 504 imparem
1877 435 1927 497 Α
1956 447 2102 488 mum
2131 432 2294 489 audio
2317 472 2332 500 ,
2363 449 2463 491 nec
2509 434 2561 489 in
2598 437 2798 491 vestris
2837 436 3081 506 epistolis
3112 434 3319 503 didici,
3360 436 3453 491 sed
3498 436 3553 490 in

262 528 496 600 spiritu:
527 536 786 584 caverem
827 544 894 583 ne
937 528 1184 600 exemplo
1227 528 1436 601 Syriaci
1495 529 1727 601 agminis
1755 529 1859 588 sibi

260 636 478 693 quoque
506 620 722 676 caecitas
750 619 1117 676 otTunderetur
1135 618 1222 691 (IV
1259 621 1388 693 Reg.
1418 637 1510 687 vn.
1548 623 1571 678 I
1602 632 1648 677 et
1687 621 1816 693 seq).

333 712 386 768 6.
430 711 498 768 Et
529 722 707 767 tatneu
757 712 898 767 circa
942 711 1236 783 discipulos
1280 727 1408 769 suos
1455 712 1671 770 diversa
1715 713 1857 771 dona

262 805 465 862 Christi
504 816 652 861 sunt.
695 804 925 863 Elismus
952 806 1170 879 quidem
1201 809 1254 862 in
1282 807 1581 864 Samariam
1617 810 1858 878 captivas

264 900 417 972 acies
435 897 646 954 induxit
675 900 966 971 Syrorum;
995 911 1213 956 Sanctus
1239 910 1418 956 autem
1452 901 1707 958 Acholius
1730 917 1855 973 pre-

262 992 410 1049 iibus
441 994 551 1048 suis
598 990 752 1057 fecit,
788 1003 846 1048 nt
886 993 953 1049 de
983 994 1224 1064 partibus
1266 993 1595 1050 Macedoniae
1626 994 1858 1051 victores

262 1085 491 1158 fugaret.
521 1086 707 1142 Nonne
727 1097 778 1141 et
804 1086 906 1143 hoc
935 1087 1287 1159 intelligimus
1314 1088 1528 1144 virtutis
1558 1089 1857 1158 superioris

262 1177 465 1244 fuisse;
513 1187 569 1234 ιιι
599 1178 686 1232 ubi
720 1179 875 1233 miles
916 1178 1093 1235 nullus
1124 1180 1342 1245 aderat,
1370 1180 1483 1236 illic
1525 1181 1858 1251 pellerentttr

260 1270 374 1325 sine
406 1270 573 1325 milite
596 1269 620 1324 i
647 1270 835 1327 Nonne
858 1281 912 1327 et
936 1272 1037 1328 hoc
1059 1273 1320 1329 caecitatis
1347 1282 1465 1339 est,
1497 1282 1555 1330 ut
1580 1272 1855 1346 fugerent,

258 1377 393 1434 quos
435 1360 612 1419 nullus
652 1362 925 1434 urgebat?
974 1363 1082 1419 Sed
1132 1364 1359 1436 urgebat
1406 1375 1462 1421 et
1510 1366 1857 1435 przeliabatur

236 1454 472 1512 sanctus
501 1454 763 1513 Acholius
798 1472 906 1513 non
945 1456 1142 1528 gladiis
1162 1500 1176 1524 ,
1219 1457 1314 1514 sed
1346 1458 1715 1531 orationibus:
1746 1475 1853 1516 non

256 1548 377 1604 telis
403 1590 418 1614 ,
449 1546 545 1604 sed
578 1549 806 1605 meritis.

327 1641 379 1694 7.
422 1638 504 1696 Au
560 1642 891 1712 incognitum
938 1640 1096 1696 nobis
1146 1652 1227 1697 est
1286 1642 1549 1699 dimicare
1597 1654 1853 1713 sanctos,

253 1732 417 1790 etiam
448 1749 569 1790 cum
604 1732 909 1789 feriantur?
940 1734 1132 1791 Nonne
1173 1734 1381 1790 otiosus
1423 1750 1540 1793 erat
1581 1738 1854 1794 Elismus?

1960 525 2156 581 veStris
2195 524 2393 582 litteris
2420 528 2733 599 recognovi.
2766 527 2897 584 Nam
2938 527 3096 599 quasi
3130 529 3388 599 prmscius
3431 541 3558 583 suc-

1960 635 2239 676 cessurum
2271 621 2397 687 sibi,
2429 623 2837 692 etsi'promissis
2866 624 3109 693 tegebat,
3136 632 3314 678 tamen
3341 622 3557 678 indiciis

1957 712 2281 782 designabat
2308 756 2322 779 ,
2367 714 2612 785 adjutum
2645 731 2704 771 se
2740 716 2859 784 ejus
2904 731 3032 772 cura
3057 757 3072 782 ,
3121 715 3339 782 labore,
3374 714 3559 771 olticio

1961 819 2302 870 memorans;
2337 819 2395 861 ut
2427 807 2538 877 jam
2583 807 2862 864 declarare
2890 816 3202 863 consortem
3232 807 3513 862 videretur
3538 848 3554 874 ,

1959 897 2050 967 qui
2084 912 2190 951 non
2219 897 2568 968 quasinovns
2594 899 2662 953 ad
2693 914 2962 955 sunnnum
3004 898 3368 955 sacerdotium
3398 900 3555 954 veni-

1961 1000 2070 1055 ret,
2103 989 2200 1047 sed
2223 991 2377 1061 quasi
2405 1002 2564 1047 vetus
2594 991 2885 1047 sacerdotii
2928 999 3214 1048 exsecutor
3243 991 3547 1048 accederet.

1957 1083 2058 1138 Cui
2074 1083 2782 1154 pulchreconvenitdietum
2805 1084 2934 1139 iliud
2951 1083 3353 1155 Evangelicum:
3382 1083 3551 1155 Euge,

1960 1174 2089 1230 boue
2107 1192 2248 1231 serue
2263 1186 2308 1230 et
2328 1176 2497 1245 fidelis
2514 1220 2527 1242 ,
2556 1179 2799 1247 quoniam
2820 1192 2975 1247 super
2997 1193 3162 1247 pauca
3189 1176 3360 1246 ﬁdelis
3384 1177 3550 1249 fuisti,

1957 1284 2112 1340 super
2132 1268 2296 1323 multa
2325 1277 2373 1323 te
2398 1271 2708 1325 constituam
2729 1267 2948 1341 (Matth.
2989 1284 3119 1331 xxv,
3148 1266 3264 1339 23).

2034 1360 2121 1415 It).
2164 1359 2291 1416 Ha-e
2336 1361 2468 1416 mihi
2504 1360 2572 1417 de
2598 1372 2790 1416 Sancto
2831 1360 3063 1417 Actiolio
3094 1359 3375 1415 vobiscum
3406 1376 3556 1417 cont-

1958 1453 2140 1510 munia
2174 1472 2187 1507 :
2220 1453 2353 1510 illud
2400 1464 2579 1510 tamen
2610 1454 2882 1526 speciale,
2926 1452 3068 1524 quod
3112 1452 3396 1510 devinctus
3435 1469 3553 1510 sum

1956 1547 2130 1604 beatae
2158 1550 2434 1605 memoria:
2463 1551 2611 1616 viro;
2635 1550 2761 1620 quia
2792 1548 2980 1603 tribuit
3013 1548 3177 1614 mihi,
3206 1559 3263 1602 ut
3295 1564 3419 1603 eum
3447 1563 3554 1607 non

1958 1641 2286 1711 ignorarem.
2313 1642 2445 1696 Nam
2467 1655 2589 1696 cum
2608 1639 2637 1680 δ
2659 1657 2727 1697 eo
2755 1640 3009 1697 veniente
3036 1640 3102 1696 ad
3133 1640 3377 1709 Italiam,
3402 1641 3558 1711 πει-ἰ-

1960 1733 2143 1788 tudine
2168 1732 2449 1789 confectus
2476 1743 2725 1802 tenerer,
2755 1744 2813 1788 ut
2836 1749 2941 1789 non
2972 1748 3187 1803 possem
3217 1748 3509 1789 occurrere
3531 1776 3548 1801 ,

252 1823 470 1880 Otiosus
513 1823 716 1880 scilicet
764 1839 1029 1895 corpore;
1080 1825 1175 1882 sed
1229 1826 1476 1883 vibrabat
1519 1830 1712 1900 spiritu
1736 1871 1749 1894 ,
1801 1840 1853 1885 et
1882 1836 1930 1896 Β
1959 1825 2075 1897 ipse
2102 1827 2168 1883 ad
2193 1843 2281 1883 me
2306 1828 2454 1884 venit
2478 1836 2533 1881 et
2555 1827 2813 1883 visitavit.
2844 1827 2964 1896 Quo
2988 1826 3169 1882 studio
3191 1868 3205 1891 ,
3231 1843 3338 1896 quo
3359 1824 3555 1882 affectu

252 1916 589 1974 orationibus
618 1916 987 1988 praeliabatur,
1014 1918 1230 1990 quando
1258 1920 1311 1975 in
1334 1923 1529 1977 castris
1552 1922 1723 1994 Syria:
1749 1936 1853 1977 vox

251 2017 494 2083 equitum
522 2023 577 2071 et
614 2031 713 2069 vox
748 2016 965 2071 virtutis
993 2031 1202 2088 magna:
1238 2017 1600 2076 audiebatur:
1630 2020 1766 2076 adeo
1797 2030 1854 2076 ut

251 2117 506 2177 putarent
533 2107 653 2179 Syri
672 2108 901 2163 aliorum
921 2124 1110 2182 regum
1132 2110 1391 2167 adversus
1413 2130 1470 2168 se
1491 2114 1675 2172 venire
1696 2131 1856 2171 exer-

249 2201 425 2265 citus,
467 2202 560 2271 qui
604 2203 806 2272 populo
850 2201 1019 2259 Israel
1064 2204 1380 2275 adjumento
1433 2207 1648 2273 forent;
1711 2209 1854 2266 unde

252 2295 488 2366 pereulsi
520 2310 713 2366 magno
741 2296 995 2367 fugerunt
1025 2312 1253 2367 pavore,
1288 2299 1358 2355 ita
1389 2310 1447 2355 ut
1484 2302 1682 2371 leprosi
1722 2319 1852 2373 qua—

253 2396 413 2454 tuor,
460 2386 551 2457 qni
583 2388 772 2443 mortis
802 2388 1007 2460 egressi
1054 2388 1270 2444 fuerant
1319 2391 1629 2459 desiderio,
1675 2402 1853 2449 castra

254 2478 492 2535 hostium
521 2478 986 2552 depraedarentur.
1019 2480 1210 2538 Nonne
1241 2485 1292 2538 in
1319 2483 1628 2540 Macedonia
1654 2486 1852 2541 similia

255 2572 517 2630 Dominus
545 2590 640 2653 per
669 2575 945 2631 orationes
971 2576 1143 2631 sancti
1169 2576 1383 2632 Acbolii
1413 2577 1543 2634 fecit
1569 2578 1702 2635 mira
1720 2620 1735 2643 ,
1761 2588 1857 2637 aut

258 2684 426 2740 prope
458 2658 662 2739 majora
685 2668 708 2721 ἲ
733 2666 848 2723 Non
879 2670 1024 2725 enim
1057 2671 1202 2724 inani
1236 2680 1417 2735 metu,
1453 2686 1553 2728 nec
1582 2672 1855 2742 superflua

257 2760 566 2832 suspicione
587 2803 601 2827 ,
634 2758 730 2816 sed
764 2760 1182 2841 smvieutelue,
1212 2773 1267 2818 et
1297 2762 1508 2818 ardenti
1547 2763 1854 2834 pestilentia

261 2855 554 2926 perturbati
595 2853 758 2935 Cothi
785 2868 848 2910 ac
879 2856 1050 2911 territi
1081 2866 1226 2911 sunt.
1270 2856 1512 2928 Denique
1543 2866 1673 2913 tunc
1701 2856 1855 2929 fuge-

260 2958 383 3003 runt
406 2989 423 3016 ,
459 2956 515 3001 ut
541 2945 871 3004 evaderent:
906 2949 1137 3020 regressi
1179 2958 1366 3019 postea
1397 2964 1587 3019 pacem
1631 2964 1857 3021 rogave-

259 3054 416 3109 runt,
447 3052 506 3100 ut
532 3043 800 3099 viverent.

333 3137 388 3193 8.
432 3134 675 3191 Vidimus
706 3137 887 3207 itaque
934 3135 986 3191 in
1020 3136 1152 3191 tanti
1195 3136 1291 3191 viri
1325 3137 1533 3194 meritis
1573 3137 1855 3207 superiora

1955 1921 2076 1991 ipse
2121 1921 2174 1985 in
2224 1938 2345 1991 me,
2381 1931 2433 1977 et
2461 1937 2560 1993 ego
2609 1924 2661 1977 in
2706 1937 2829 1978 eum
2873 1921 3132 1977 irruimus
3159 1922 3173 1976 ι
3204 1920 3323 1988 Quo
3352 1920 3553 1990 gemitu

1957 2014 2097 2068 mala
2125 2013 2282 2068 istius
2308 2015 2491 2069 saeculi
2511 2055 2526 2080 ,
2557 2023 2612 2069 et
2641 2030 2702 2069 ea
2732 2029 2852 2084 qua)
2884 2013 2969 2067 hie
2996 2013 3338 2076 acciderent,
3364 2011 3554 2081 deplo-

1957 2106 2228 2160 ravimtts!
2266 2107 2337 2160 ita
2369 2116 2427 2161 ut
2456 2107 2815 2178 laerymarum
2850 2106 3115 2176 proﬂuvio
3140 2115 3343 2161 vestem
3376 2103 3553 2159 infun-

1954 2201 2208 2257 deremus
2226 2241 2243 2268 ,
2272 2200 2399 2255 dum
2427 2200 2757 2256 salutatione
2778 2200 3187 2270 exoptatissima
3205 2239 3221 2265 ,
3248 2208 3439 2254 mutuo
3460 2198 3553 2254 de-

1955 2292 2190 2359 siderio,
2233 2303 2289 2350 et
2331 2295 2572 2364 expetito
2596 2292 2686 2348 diu
2732 2291 2999 2360 fruintur,
3050 2293 3393 2347 adhaeremus
3436 2307 3554 2345 am—

1955 2384 2137 2455 plexu.
2163 2383 2351 2455 Itaque
2374 2384 2517 2456 quod
2542 2386 2650 2438 voti
2680 2383 2789 2439 mei
2811 2392 2947 2444 erat.
2976 2383 3121 2438 illius
3151 2383 3403 2439 beneticii
3427 2381 3547 2449 fuit,

1954 2476 2084 2549 quia
2112 2476 2263 2549 potui
2295 2478 2442 2533 illum
2485 2477 2692 2531 videre.
2735 2475 2870 2531 Nam
2915 2476 3017 2531 etsi
3051 2476 3223 2545 major
3254 2475 3432 2545 portio
3454 2517 3467 2539 ,
3501 2483 3557 2530 et

1954 2576 2170 2646 plenior
2194 2575 2433 2646 cognitio
2464 2573 2537 2630 sit
2581 2584 2603 2613 ο
2650 2574 2702 2628 in
2732 2573 2960 2644 spiritu,
2992 2586 3100 2642 quo
3130 2571 3438 2641 diligimus;
3470 2578 3552 2623 ta-

1956 2686 2078 2725 men
2106 2670 2265 2726 etiam
2291 2670 2343 2725 in
2368 2670 2536 2742 figura
2559 2668 2806 2738 corporis
2828 2666 3017 2721 videre
3040 2664 3437 2722 desideramus.
3465 2664 3557 2721 Sic

1954 2762 2242 2834 aliquando
2269 2777 2424 2834 reges
2456 2771 2616 2817 terrae
2655 2760 2974 2831 quaerebant
3000 2757 3196 2814 faciem
3242 2756 3553 2821 Salomonis

1955 2856 2174 2921 videre.
2202 2864 2259 2911 et
2284 2856 2474 2911 audire
2505 2854 2624 2924 ejus
2662 2852 2991 2924 sapientiam
3022 2850 3116 2923 (lll
3149 2850 3283 2919 Reg.
3316 2865 3372 2917 ι,
3398 2848 3513 2917 2i).

2031 2949 2119 3005 ti.
2164 2949 2419 3005 Discessit
2447 2948 2608 3019 igitur
2634 2962 2664 3001 a
2696 2947 2881 3010 nobis,
2914 2953 2971 2999 et
2997 2958 3096 2997 nos
3125 2942 3178 2998 in
3212 2942 3314 2996 hoc
3339 2940 3559 3009 reliquit

1957 3040 2241 3096 salo:sed
2286 3039 2428 3111 quod
2477 3039 2553 3094 illi
2605 3037 2777 3103 utile,
2822 3036 2873 3092 id
2918 3035 3101 3090 multis
3129 3035 3246 3104 ipso
3275 3032 3557 3088 barbarico

1960 3133 2144 3190 furore
2172 3142 2256 3189 est
2281 3132 2528 3204 gravius;
2561 3130 2687 3202 quia
2728 3130 2877 3184 illum
2908 3128 3009 3183 iste
3038 3125 3342 3197 depellebat
3366 3166 3383 3193 ,
3416 3126 3562 3181 hunc

265 3230 496 3297 smeula,
555 3241 608 3287 et
654 3246 816 3302 opera
870 3234 1291 3301 prophetarum,
1335 3247 1457 3303 qua:
1502 3233 1855 3303 legebamus,
1884 3207 1929 3270 C
1966 3228 2121 3284 nobis
2171 3228 2294 3297 quis
2339 3225 2541 3298 poterit
2586 3221 3027 3295 repraesentare?
3057 3219 3162 3276 Sed
3208 3227 3563 3290 repraesentat

266 3323 593 3393 aspeximus.
638 3323 801 3392 Quasi
834 3320 1065 3378 Elisaaus
1104 3323 1248 3378 inter
1294 3340 1473 3390 arma,
1510 3325 1649 3379 inter
1678 3324 1856 3393 acies,

264 3418 393 3474 dum
444 3417 606 3485 vixit,
656 3428 905 3473 versatus
953 3428 1064 3483 est,
1119 3417 1323 3472 meritis
1367 3417 1479 3472 suis
1524 3432 1860 3488 componens

266 3513 472 3585 praelia.
497 3511 744 3582 Denique
771 3512 859 3566 ubi
892 3510 1159 3567 securitas
1188 3510 1628 3567 cobabilantibus
1652 3510 1860 3566 reddita

266 3616 381 3671 εει,
408 3602 553 3675 quod
599 3603 718 3673 ipso
748 3600 850 3658 fuit
876 3602 1066 3658 durius
1096 3598 1268 3667 bello,
1302 3611 1549 3657 sanctum
1589 3602 1866 3658 exhalavit

267 3697 541 3766 spiritum.
574 3696 737 3764 Quasi
784 3692 930 3750 Elius
960 3708 1129 3765 usque
1156 3696 1221 3750 ad
1262 3695 1461 3751 ctelum
1510 3696 1751 3750 elevatus
1780 3704 1865 3751 est

272 3788 364 3861 (IV
398 3790 527 3862 Reg.
557 3805 615 3856 ιι,
649 3789 772 3862 II),
798 3806 905 3846 non
933 3805 1097 3846 curru
1123 3791 1338 3860 quidem
1366 3791 1554 3860 igneo,
1583 3806 1683 3847 nec
1713 3790 1865 3861 equis

268 3883 477 3952 igneis,
524 3882 623 3938 nisi
673 3882 814 3938 forte
844 3880 933 3937 illa
978 3897 1085 3937 non
1115 3880 1384 3947 vidimus,
1414 3896 1514 3938 nec
1542 3881 1595 3936 in
1626 3896 1868 3937 commo-

273 3980 420 4035 tione
448 3977 590 4034 aeris
614 3994 627 4034 :
661 3978 758 4034 sed
787 3977 839 4033 in
872 3977 1145 4033 voluntate
1164 3978 1328 4050 821
1356 3986 1409 4032 ct
1438 3976 1748 4045 placiditate
1772 3974 1866 4032 Dei

272 4072 481 4140 nostri,
514 4080 568 4127 et
609 4084 923 4128 sanctorum
956 4072 1269 4143 angelorum
1303 4072 1524 4137 laetitia,
1559 4071 1649 4139 qui
1696 4069 1763 4124 ad
1807 4084 1869 4126 se

272 4174 481 4221 tantum
511 4165 685 4221 virum
720 4165 983 4222 transisse
1010 4162 1438 4234 gratulabantur.

341 4260 397 4314 9.
465 4258 626 4314 Certe
682 4257 932 4314 dubitare
986 4254 1076 4313 illa
1135 4272 1476 4327 nequaquam
1534 4271 1867 4327 possumus,

269 4350 713 4427 quandoquidem
737 4349 940 4422 reliqua
962 4359 1349 4422 congruerunt.
1372 4347 1651 4421 Siquidem
1673 4348 1867 4404 eodem

270 4454 587 4511 momento,
637 4460 746 4518 quo
795 4444 888 4501 ille
930 4444 1105 4499 adhuc
1149 4443 1494 4508 elevabatur,
1543 4443 1696 4498 velut
1736 4457 1872 4513 quo-

266 4542 390 4597 dam
417 4552 444 4579 κ
475 4539 746 4596 melotidis
767 4556 881 4595 sua:
908 4536 1137 4594 dimisso
1168 4538 1403 4606 amictu,
1437 4545 1686 4593 sanctum
1720 4538 1865 4609 Any-

267 4636 407 4690 sium
436 4634 759 4703 discipulum
789 4626 945 4689 suum
979 4630 1186 4700 induit,
1228 4640 1284 4687 et
1311 4632 1392 4687 sui
1422 4632 1637 4688 vestivit
1679 4630 1861 4686 infulis

268 4725 566 4783 sacerdotii
596 4744 611 4785 :
637 4726 790 4798 cujus
821 4723 1074 4782 meritum
1103 4731 1158 4780 et
1185 4723 1413 4796 gratiam
1445 4741 1550 4779 non
1581 4739 1724 4780 nunc
1748 4724 1861 4795 pri-

344 4989 371 5018 ι
412 4976 620 5034 Melotis
644 4973 776 5030 nihil
799 4971 944 5028 aliud
966 4980 1230 5042 estquam
1259 4966 1419 5039 pellis
1435 4968 1591 5023 ovina
1619 4984 1633 5033 ;
1663 4967 1866 5042 quippe

265 5052 416 5124 quod
446 5049 566 5104 ovis
579 5047 784 5124 Graece
807 5046 962 5124 μῇλον
984 5041 1217 5124 dicatur.
1245 5042 1716 5124 Quamvis‘alttetn
1746 5041 1867 5124 hoc

266 5110 397 5180 I'oco
430 5122 697 5192 praecipue
723 5119 786 5172 ad
807 5110 1235 5192 'tﬂlize‘pallium.
1257 5112 1422 5192 quod
1457 5110 1602 5168 LXX
1630 5112 1864 5192 μῃᾌῲτην

267 5184 508 5253 vocant.
542 5184 857 5245 At'nbrosius
906 5184 1144 5251 alludat;
1198 5184 1334 5239 nihil
1363 5195 1542 5239 tamen
1572 5184 1861 5254 prohibet,

262 5268 400 5338 quin
449 5265 600 5338 illum
629 5276 691 5314 ca
715 5272 844 5338 voce
876 5270 1158 5338 propterea
1191 5259 1354 5338 etiam
1387 5270 1542 5309 usum
1576 5262 1864 5338 putemus,

264 5326 333 5393 sit
361 5336 695 5407 significaret
723 5330 1013 5407 Acholium
1046 5330 1098 5382 in
1129 5330 1451 5407 episcopatu
1484 5326 1867 5407 quotpte_r_eti-

265 5396 462 5467 nuisse
487 5418 693 5462 vestem
726 5404 1099 5457 monasticam.
1126 5396 1341 5455 Etenim
1366 5413 1474 5453 non
1502 5396 1677 5453 Solum
1701 5396 1872 5452 Atha—

264 5482 466 5539 nasius
500 5474 790 5532 Antonium
823 5488 888 5528 eo
912 5471 1207 5527 indumenti
1231 5486 1431 5541 genere
1457 5484 1622 5541 usum
1644 5468 1872 5541 scribit,
1914 5526 1921 5531 ,

261 5553 371 5609 sed
392 5549 534 5605 illud
563 5548 724 5602 etiam
752 5559 1039 5599 commune
1080 5540 1350 5614 Egyptiis
1379 5540 1659 5614 monachis
1707 5540 1876 5595 fuisse

258 5640 340 5681 ex
391 5621 688 5684 Cassiano,
735 5615 1009 5682 Palladio,
1055 5612 1280 5671 Socrate
1328 5623 1490 5683 atque
1525 5612 1646 5668 aliis
1671 5624 1880 5681 cogno-

264 5702 703 5826 uir%:ﬁ.sine
744 5744 1215 5822 verisimilitudine
1242 5762 1571 5834 loquuntur,
1600 5761 1693 5834 qui
1735 5758 1881 5816 hunc

266 5841 518 5923 primum
554 5836 770 5912 Aebutii
819 5851 943 5907 cum
990 5834 1279 5911 Ambrosio
1308 5845 1496 5911 nostro
1530 5844 1881 5927 congressum

1967 3319 2226 3376 Dominus
2246 3360 2261 3384 ,
2293 3330 2347 3374 et
2376 3334 2435 3373 se
2466 3319 2582 3387 ipse
2613 3318 2664 3370 in
2708 3313 2980 3383 discipulo
3025 3321 3402 3380 repraesentat.
3451 3310 3559 3366 Ile-

1966 3419 2297 3484 pra-seutant
2322 3408 2524 3481 judicia
2549 3421 2730 3464 vestra
2750 3448 2765 3473 ,
2794 3406 2991 3477 quibus
3033 3404 3235 3459 dictum
3267 3412 3351 3457 est
3381 3420 3394 3457 :
3424 3400 3560 3459 Dote

1966 3506 2087 3562 Levi
2134 3506 2432 3576 manifestos
2477 3504 2624 3573 ejus,
2673 3512 2721 3557 et
2768 3501 3035 3556 veritatem
3078 3513 3226 3554 suam
3252 3497 3359 3552 viro
3383 3505 3562 3551 sancto

1967 3599 2148 3675 (Deut.
2190 3612 2404 3664 usui,
2461 3594 2575 3664 18).
2623 3594 2857 3650 Dedistis
2904 3592 3249 3647 manifestum
3283 3589 3423 3659 ejus,
3476 3599 3551 3644 ut-

1966 3703 2095 3764 pote
2114 3693 2236 3760 cjus
2259 3689 2599 3745 institutione
2626 3686 2907 3741 fundatum
2937 3704 2950 3739 :
2977 3684 3205 3738 dedistis
3231 3682 3559 3737 imitatorem

1969 3786 2071 3841 viri
2100 3784 2218 3853 ejus
2240 3826 2254 3848 ,
2287 3786 2376 3852 qui
2409 3780 2707 3850 dixitpatri
2741 3793 2840 3833 suo
2858 3786 2914 3833 et
2939 3777 3095 3831 matri
3124 3791 3236 3831 sum
3264 3792 3276 3829 ;
3313 3772 3434 3828 Non
3464 3774 3567 3828 vidi

1972 3892 2021 3935 te
2050 3876 2249 3950 (Ιὸὶάη
2275 3876 2371 3948 9);
2400 3882 2454 3930 et
2478 3875 2673 3929 fratres
2700 3888 2828 3928 suos
2852 3885 2956 3925 non
2980 3871 3140 3925 scivit
3161 3912 3175 3933 ,
3204 3881 3257 3924 et
3283 3869 3425 3924 filios
3450 3884 3560 3922 non

1970 3968 2320 4043 recognovit:
2351 3967 2651 4025 custodivit
2699 3963 2921 4020 verbum
2975 3962 3229 4026 Domini,
3278 3969 3333 4018 et
3374 3961 3566 4016 Testa-

1973 4074 2212 4122 mentum
2240 4064 2358 4134 ejus
2384 4060 2717 4117 observavit.
2746 4056 3055 4115 Narrahunt
3088 4056 3268 4127 pupttli
3301 4053 3566 4125 jnSti:iam

1972 4161 2090 4229 ejus
2130 4155 2304 4229 (Eccl.
2338 4171 2486 4218 mv.
2515 4154 2627 4224 15).

2048 4252 2135 4308 12.
2178 4251 2326 4307 Talis
2355 4249 2455 4305 viri
2486 4250 2626 4315 vita,
2664 4247 2791 4303 talis
2822 4244 3113 4301 hmredilas
3140 4252 3255 4301 est.
3290 4242 3413 4297 talis
3442 4256 3574 4296 con-

1973 4348 2237 4415 versatio,
2289 4344 2410 4401 latis
2446 4341 2742 4399 successio.
2792 4340 2887 4396 Ille
2936 4354 2995 4394 se
3045 4335 3394 4392 monasteriis
3439 4347 3572 4403 puer

1975 4439 2159 4503 dedit,
2211 4448 2265 4494 et
2295 4438 2434 4493 intra
2468 4436 2727 4492 Achaiam
2770 4441 3001 4504 angusto
3042 4431 3262 4486 clausus
3313 4428 3571 4499 tugurio,

1973 4532 2141 4608 822
2182 4532 2352 4606 gratia
2398 4540 2580 4587 tamen
2621 4529 2912 4585 multarum
2966 4535 3233 4582 terrarum
3267 4521 3583 4608 peragravit

1892 4610 1944 4673 ί)
1967 4606 2217 4682 divortia.
2255 4624 2334 4679 Ad
2365 4638 2635 4678 summum
2667 4620 3030 4677 sacerdotium
3076 4634 3104 4672 a
3151 4606 3513 4673 Macedonicis
3546 4616 3576 4655 ιι

1968 4723 2284 4778 obsecratus
2338 4719 2580 4791 populis,
2632 4719 2838 4774 electus
2868 4731 2899 4769 a
2951 4712 3364 4778 sacerdotibus;
3399 4721 3453 4765 ut
3487 4708 3579 4764 ubi

1965 4982 2109 5022 anno
2138 4964 2245 5021 582
2274 4963 2604 5030 attribuunt;
2637 4975 2760 5019 eum
2792 4963 3003 5019 Scilicet
3034 4963 3125 5019 ille
3155 4963 3206 5017 in
3249 4961 3457 5016 Italiam
3490 4975 3582 5016 te-

1969 5040 2081 5104 nit,
2110 5037 2343 5093 concilio
2373 5035 2518 5107 quod
2551 5036 2744 5091 eodem
2776 5044 3020 5091 vertente
3051 5049 3194 5107 anno
3220 5034 3406 5107 Roma:
3432 5031 3585 5086 babi-

1970 5103 2117 5173 ttttn,
2159 5110 2357 5178 cuique
2391 5103 2752 5163 'Ambrosiutn
2801 5108 2963 5162 etiam
3012 5104 3324 5161 interfuisse
3350 5103 3581 5170 dicunt,

1971 5196 2223 5252 przeseus-
2240 5180 2471 5234 futurus.

2048 5263 2069 5292 ο
2111 5252 2314 5307 Omnes
2360 5252 2519 5317 edit.,
2550 5252 2603 5304 in
2647 5249 2834 5319 spiritu
2878 5249 3048 5301 videre
3071 5287 3087 5313 ,
3122 5262 3249 5319 quos
3276 5244 3581 5319 diligimus;

1972 5340 2161 5379 omnes
2190 5338 2318 5378 mss.
2355 5324 2611 5377 omittunt
2642 5317 2857 5388 quidem
2892 5319 3112 5388 verbum
3138 5317 3344 5388 sidere;
3366 5318 3459 5370 sed
3484 5334 3579 5384 po-

1974 5400 2142 5451 tiores
2187 5403 2391 5449 tantnnt
2441 5409 2539 5464 pro
2567 5386 2695 5464 quos
2721 5391 3015 5461 diligimus,
3066 5386 3267 5442 habent
3303 5402 3406 5456 quo
3454 5388 3579 5442 dili-

1977 5468 2194 5541 gite“:
2385 5537 2395 5541 _
2517 5479 2587 5541 _'
2807 5531 2843 5541 ..
3080 5529 3109 5541 ..
3243 5527 3275 5541 ..
3387 5528 3439 5541 _.

2050 5536 2077 5576 ἀ
2117 5537 2353 5594 Adverte
2385 5537 2488 5592 hoc
2517 5537 2635 5589 loco
2658 5531 2876 5603 populis
2905 5546 3012 5603 non
3044 5527 3277 5603 eligendi
3310 5537 3403 5603 aut
3424 5528 3585 5585 insti—

1982 5610 2165 5664 tuendi
2195 5609 2433 5677 episcopi
2457 5648 2472 5672 ,
2503 5606 2598 5662 sed
2621 5598 2939 5677 obsecrantii
2961 5598 3345 5677 etpostulandi
3371 5608 3577 5677 tantum

1977 5684 2066 5755 jus
2097 5669 2341 5739 attribui.
2380 5669 2466 5738 ne
2504 5693 2612 5750 quo
2642 5690 2742 5732 nos
2774 5675 2984 5745 plenius
3029 5669 3167 5726 infra
3219 5672 3270 5727 in
3300 5673 3461 5742 epist.
3511 5674 3581 5735 ad

1985 5755 2221 5835 Vercell.
