4014 6290
488 293 593 354 959

1813 286 2060 347 SANC’II
2095 284 2420 348 AMBROSIl
3657 290 3732 349 960

481 422 608 471 ante
634 411 769 470 fides
795 419 820 449 ι
851 423 945 483 per
975 408 1316 467 sacerdotem
1341 407 1726 474 claudebatur,
1768 405 1843 464 ibi
1885 416 2075 479 postea
2101 404 2160 469 Α
2180 408 2249 463 ad
2295 407 2640 475 subsidium;
2673 409 2743 465 ita
2776 409 2924 466 enim
2953 407 3215 465 aﬂecerat
3257 419 3456 479 corpus
3484 420 3627 464 suum
3650 450 3663 475 ,
3692 419 3736 467 ut

486 518 588 577 per
627 501 968 560 sacerdotem
997 502 1229 560 muralia
1261 501 1614 560 fundamenta
1639 499 1763 560 ﬁdei
1793 502 2086 560 confirma-
2186 501 2242 559 in
2270 518 2336 559 eo
2362 502 2623 559 mundum
2649 502 3029 576 cruciﬁgeret,
3073 512 3130 559 et
3156 499 3363 557 mundo
3407 502 3734 573 semetipsum.

494 605 703 654 rentur.

2259 599 2314 655 5.
2338 598 2666 655 Benedictus
2695 599 2984 667 Dominus,
3014 605 3072 653 et
3101 595 3388 653 benedicta
3422 595 3736 654 adolescentia

564 692 655 747 l5.
694 688 724 730 ι)
753 689 874 747 Νοιι
911 689 1018 746 alia
1043 690 1206 747 etiam
1235 688 1355 760 ejus
1396 687 1695 759 discipulus
1741 687 2044 745 imitatione
2067 729 2085 757 ,
2188 691 2330 760 ejus,
2359 708 2520 763 quam
2549 693 2728 764 exegit
2751 693 2805 748 in
2832 691 3198 749 tabernaculis
3230 689 3325 746 Dei
3347 689 3513 745 Jacob
3532 732 3547 757 ,
3573 692 3738 761 positus

491 785 584 858 qui
615 792 670 842 et
707 785 828 857 ipse
854 784 987 839 dixit
1026 783 1166 852 patri
1194 798 1290 837 suo
1318 790 1364 836 et
1389 782 1545 837 matri
1572 796 1681 836 sua:
1702 798 1721 836 :
1749 779 1871 836 Non
1908 780 2014 835 vidi
2040 790 2089 836 te

492 880 679 955 (Deut.
714 895 911 945 xxxm,
939 878 974 935 9
1003 888 1051 933 et
1077 876 1233 949 seq.).
1264 876 1380 932 Non
1408 876 1544 933 vidit
1564 877 1709 932 enim
1735 876 1949 945 studio,
1980 891 2089 933 non

501 972 634 1029 vidit
663 971 899 1038 affectu;
928 979 983 1027 et
1013 969 1209 1026 fratres
1238 983 1367 1025 suos
1397 983 1503 1025 non
1532 969 1720 1033 scivit.
1748 969 1875 1040 quia
1902 968 2091 1023 Domi-

493 1082 622 1124 num
670 1065 815 1121 scire
862 1062 1219 1119 desideravit.
1267 1060 1334 1117 Et
1364 1060 1455 1117 hic
1497 1062 1817 1132 recognovit
1863 1059 2091 1116 verbum

497 1160 752 1227 Domini,
783 1167 836 1215 et
855 1157 1150 1215 custodivit
1178 1165 1565 1214 testamentum
1593 1154 1742 1227 ejus,
1773 1164 1827 1211 et
1854 1155 2096 1225 imponet

495 1255 764 1312 honorem
812 1252 867 1309 in
915 1268 1011 1308 ara
1055 1255 1178 1322 ejus
1223 1266 1461 1323 semper.
1512 1248 1782 1316 Benedic,
1832 1246 2092 1317 Domine,

494 1349 657 1405 fidem
704 1346 855 1418 ejus,
907 1346 1259 1402 sanctitatem
1291 1386 1306 1412 ,
1356 1343 1722 1401 sedulitatem.
1781 1339 2097 1397 Benedictio

495 1455 585 1501 tua
633 1442 817 1499 veniat
871 1456 1037 1513 super
1086 1449 1248 1511 caput
1297 1439 1448 1510 ejus,
1504 1447 1563 1494 et
1615 1451 1782 1509 super
1828 1434 2095 1493 cervicem

496 1535 688 1608 ipsius.
720 1533 805 1591 Sit
848 1532 1181 1594 honorificus
1225 1530 1369 1588 inter
1412 1528 1613 1586 fratres
1656 1544 1786 1585 suos
1811 1546 1825 1584 :
1854 1527 1924 1583 sit
1950 1527 2003 1582 in
2029 1540 2100 1583 eo

494 1628 635 1684 tauri
657 1626 902 1699 species;
936 1634 997 1682 ut
1026 1623 1257 1681 ventilet
1282 1622 1448 1680 corda
1481 1620 1825 1679 inimicorum
1851 1634 2098 1686 suorum,

493 1731 551 1778 et
579 1729 894 1776 sanctorum
923 1728 1134 1775 mentes
1160 1717 1470 1773 demulceat
1495 1758 1511 1785 ,
1536 1726 1592 1772 et
1618 1714 1881 1785 judicium
1910 1726 2098 1770 sacer-

2192 783 2244 839 in
2276 785 2644 850 monasteriis,
2668 785 2721 840 in
2751 786 2948 854 quibus
2973 799 3098 841 cum
3129 792 3517 855 quazreretura
3546 785 3740 854 parenti-

2192 880 2293 936 bus
2320 879 2402 935 vel
2428 880 2692 951 proximis
2711 923 2726 948 ,
2757 879 3015 936 dicebat:
3051 879 3154 949 Qui
3179 888 3299 933 sunt
3328 878 3511 947 fratres
3536 879 3642 941 mei,
3676 890 3742 934 aut

2192 988 2308 1044 qua:
2332 982 2497 1033 mater
2532 989 2644 1028 mea
2673 971 2891 1045 (Matth.
2925 988 3038 1040 χιι,
3081 969 3212 1043 48)ἳ
3240 969 3359 1026 Non
3395 970 3517 1025 novi
3545 978 3741 1040 patrem,

2194 1065 2279 1121 vel
2303 1078 2529 1122 matrem
2551 1107 2567 1133 ,
2600 1066 2688 1123 vel
2718 1066 2917 1143 fratres
2948 1082 3133 1133 meos;
3162 1066 3267 1122 nisi
3297 1066 3391 1138 qui
3417 1067 3629 1122 audiunt
3651 1081 3748 1122 ver-

2195 1161 2322 1218 bum
2354 1160 2487 1229 Dei,
2511 1170 2565 1217 ct
2589 1161 2813 1218 faciunt.
2849 1160 3178 1217 Benedictus
3204 1160 3371 1218 etiam
3410 1160 3751 1232 processusju-

2196 1253 2435 1309 ventntis
2466 1253 2659 1323 ipsius,
2694 1254 2747 1309 in
2770 1268 2874 1325 qua
2904 1253 2971 1310 ad
2996 1268 3273 1309 summum
3302 1264 3324 1293 ε
3362 1252 3568 1308 electus
3588 1263 3661 1307 est
3683 1267 3751 1307 sa-

2197 1347 2522 1414 cerdotium,
2549 1357 2765 1403 maturo
2781 1347 2893 1419 jam
2930 1348 3191 1419 probatus
3212 1347 3469 1402 virtutum
3502 1346 3753 1417 stipendio.

2201 1440 2547 1500 Venit'enim
2574 1450 2847 1511 tamquam
2885 1438 3055 1494 David
3087 1438 3156 1494 ad
3187 1452 3380 1510 pacem
3414 1437 3596 1510 populi
3620 1435 3758 1492 refor-

2202 1531 2537 1607 mandam(|l
2556 1530 2691 1605 Reg.
2719 1548 2775 1599 v,
2808 1532 2887 1604 3).
2918 1531 3080 1589 Venit
3112 1544 3388 1603 tamquam
3409 1530 3503 1585 illa
3526 1529 3666 1584 navis
3688 1543 3759 1583 au-

2201 1645 2322 1686 rum
2356 1643 2543 1685 secum
2577 1626 2924 1698 intelligibile
2953 1626 3190 1688 vehens,
3223 1635 3280 1681 et
3309 1625 3458 1696 ligna
3480 1622 3703 1692 cedrina,
3723 1632 3765 1679 et

2205 1720 2412 1793 lapides
2439 1719 2713 1790 pretiosos
2745 1716 2813 1793 (ll
2835 1716 3023 1774 Parat.
3057 1734 3133 1782 ιχ,
3164 1717 3281 1789 21),
3311 1714 3339 1754 ἀ
3366 1726 3422 1773 et
3444 1716 3569 1773 illas
3595 1716 3767 1772 colunt-

506 1814 696 1870 dotmn
742 1820 958 1868 tuorum
991 1811 1045 1867 in
1076 1824 1143 1867 eo
1186 1811 1327 1867 sicut
1354 1810 1526 1866 lilium
1572 1807 1768 1864 floreat
1793 1804 1995 1880 (Ibid.,'
2035 1805 2102 1861 16
2132 1800 2182 1863 Β
2210 1814 2293 1870 ba:
2324 1826 2533 1886 pennas
2561 1812 2976 1884 deargentatas,
3018 1810 3219 1882 quibus
3257 1807 3470 1864 medias
3508 1810 3646 1864 inter
3678 1821 3770 1862 sor-

507 1917 559 1965 ct
585 1907 723 1978 seq).
750 1904 942 1964 Valete
960 1947 977 1975 ,
1009 1906 1234 1970 fratres,
1260 1914 1317 1962 et
1337 1904 1544 1976 diligite
1570 1918 1657 1960 me
1681 1918 1697 1969 ;
1719 1900 1842 1974 quia
1873 1914 1976 1972 ego
2003 1914 2101 1956 vos

506 2000 698 2073 diligo.

1038 2090 1376 2150 EPISTOLA
1415 2089 1556 2148 XVI.

498 2189 698 2247 Auvsto
730 2189 787 2244 in
812 2187 1018 2243 Acholii
1047 2188 1221 2243 locum
1248 2203 1427 2242 recens
1453 2186 1655 2241 adscito
1682 2182 2013 2259 gratulatur,
2053 2190 2103 2238 et

575 2281 856 2339 decessoris
883 2280 1282 2335 sanctimoniam
1297 2320 1314 2347 ,
1338 2278 1741 2335 adolescentiam
1759 2277 1815 2331 in
1838 2284 2102 2331 monaste-

573 2376 656 2429 rio
680 2384 945 2440 exactam,
985 2381 1222 2428 ornatam
1246 2370 1517 2427 uirtutibus
1534 2372 1857 2443 juventutem
1877 2408 1893 2436 ,
1922 2383 2106 2422 cumu-

582 2468 843 2539 tatamque
872 2475 1178 2522 senectutem
1225 2466 1448 2521 laudans
1470 2506 1485 2532 ,
1513 2472 1570 2519 ut
1606 2463 1834 2536 Anysius
1875 2461 2105 2535 ejusdem

577 2560 877 2616 meritorum
901 2575 1164 2615 successor
1188 2559 1280 2629 ﬁat
1300 2601 1315 2626 ,
1344 2566 1674 2630 apprecatur.

777 2655 1079 2709 Auenosws
1109 2652 1404 2725 episcopus
1433 2651 1639 2707 Auvsm
1669 2648 1850 2706 fratri.

579 2748 630 2802 1.
672 2746 1001 2804 Jamdudum
1030 2754 1211 2813 teneo,
1240 2746 1343 2801 etsi
1378 2760 1520 2801 nunc
1551 2744 1783 2815 primum
1807 2744 1965 2817 lego;
1992 2759 2107 2801 me-

506 2841 734 2913 ritisque
752 2850 1090 2912 compertum
1115 2838 1310 2906 habeo,
1335 2853 1496 2911 quem
1520 2838 1691 2895 oculis
1717 2854 1822 2893 non
1843 2834 2102 2893 videram.

508 2933 681 2989 Doleo
720 2932 937 3005 quidem
982 2932 1112 2988 illud
1149 2930 1449 2998 accidisse,
1494 2930 1588 2987 sed
1633 2931 1738 2986 hoc
1776 2929 2108 2986 successisse

505 3027 747 3098 gaudeo;
781 3026 907 3098 quia
956 3023 1115 3091 licet,
1161 3024 1460 3095 superstite
1498 3039 1617 3091 me,
1648 3038 1757 3079 non
1802 3022 2106 3094 optaverim

509 3119 642 3175 illud
663 3119 1013 3191 contingere;
1034 3117 1255 3189 speravi
1271 3127 1478 3184 tamen,
1502 3124 1629 3188 post
1650 3115 1794 3171 illius
1806 3116 1982 3171 sancti
2004 3115 2106 3170 viri

2206 1918 2292 1965 tes
2326 1922 2525 1964 somno
2563 1908 2714 1979 pacis
2758 1916 2813 1963 et
2850 1903 3258 1976 tranquillitatis
3306 1917 3511 1975 sopore
3551 1901 3771 1958 dormivit

2205 2000 2382 2075 (Psaf.
2413 2016 2578 2070 vart,
2606 1999 2721 2071 14).

2278 2096 2332 2152 Α.
2362 2094 2462 2150 Est
2488 2095 2635 2151 enim
2681 2102 2994 2149 sanctorum
3037 2092 3201 2148 etiam
3230 2105 3461 2147 somnus
3490 2090 3769 2162 operarius,

2206 2186 2504 2245 secundum
2541 2185 2687 2258 quod
2728 2185 2997 2256 scriptum
3052 2194 3171 2241 est:
3199 2183 3314 2257 Ego
3359 2183 3595 2250 dormio,
3628 2193 3669 2237 et
3706 2197 3773 2236 car

2207 2298 2379 2337 meum
2409 2280 2589 2352 uigilat
2618 2277 2791 2353 (Cant.
2822 2295 2876 2347 v,
2916 2278 2999 2351 2).
3040 2278 3110 2335 Et
3132 2277 3437 2333 secundum
3467 2277 3612 2348 quod
3628 2276 3768 2332 Jacob

2207 2384 2429 2432 sanctus
2459 2371 2614 2447 (Gen.
2648 2389 2817 2429 xxvm
2837 2415 2852 2440 ,
2885 2374 3007 2444 13),
3040 2371 3227 2429 divina
3256 2372 3538 2429 dormiens
3591 2371 3772 2427 videbat

2208 2469 2492 2542 mysteria,
2522 2483 2643 2540 quze
2666 2467 2902 2539 vigilans
2924 2483 3031 2523 non
3058 2466 3301 2534 viderat,
3331 2466 3403 2523 de
3430 2467 3571 2525 cmlo
3598 2464 3662 2521 ad
3681 2474 3769 2522 ter-

2208 2576 2299 2617 ras
2320 2576 2503 2617 aerem
2534 2561 2781 2632 pervium
2805 2563 3033 2627 sanctis,
3064 2559 3453 2630 respicientem
3475 2558 3766 2621 Dominum.

2208 2662 2265 2713 et
2283 2656 2628 2728 pollicentem
2658 2648 2817 2712 terra:
2844 2655 2963 2727 ejus
2997 2654 3425 2725 possessionem.
3448 2654 3631 2727 Itaque
3652 2655 3771 2711 brevi

2209 2765 2403 2807 somno
2449 2748 2725 2806 dormiens
2777 2748 3122 2821 impetravit,
3174 2747 3322 2820 quod
3372 2764 3571 2820 magno
3619 2748 3773 2804 labore

2211 2855 2400 2916 postea
2430 2843 2717 2913 acquisivit
2756 2841 3047 2899 btereditas
3089 2841 3230 2913 ejus.
3270 2841 3369 2898 Est
3411 2841 3559 2898 enim
3587 2854 3773 2896 somnus

2210 2946 2522 2994 sanctorum
2559 2936 2782 2992 feriatus
2819 2936 2888 2992 ab
2915 2935 3171 2991 omnibus
3200 2935 3455 3005 corporis
3493 2933 3771 3004 voluptati-

2212 3033 2315 3089 bus
2336 3074 2354 3102 ,
2375 3033 2445 3089 ab
2472 3033 2622 3088 omni
2665 3034 2829 3088 animi
2877 3032 3285 3103 perturbatione
3312 3075 3327 3099 ,
3360 3032 3774 3104 tranquillitatem

2214 3129 2382 3184 menti
2411 3127 2678 3183 invehens
2703 3169 2719 3194 ,
2755 3127 3128 3198 placiditatem
3168 3127 3399 3194 animm;
3447 3137 3509 3182 ut
3541 3136 3774 3197 tamquam

508 3213 736 3279 exitum,
756 3211 865 3267 hoc
882 3210 1065 3267 solum
1090 3223 1249 3281 posse
1273 3209 1467 3265 merito
1493 3207 1812 3265 succedere.
1830 3207 2105 3264 Tenemus
2134 3198 2180 3263 C
2211 3220 2386 3276 εοιηιο
2419 3235 2559 3276 nexu
2588 3221 2835 3291 corporis
2851 3234 2912 3276 se
2938 3219 3174 3288 amna,
3194 3229 3251 3275 οι
3277 3219 3497 3275 Christo
3514 3220 3774 3275 δάηται,

509 3319 641 3376 ergo
673 3313 728 3360 te
749 3311 955 3360 sanctte
985 3302 1264 3359 memoriae
1288 3299 1500 3357 Acholii
1523 3300 1727 3357 dudum
1753 3300 2109 3370 discipulum,

504 3411 650 3453 nunc
695 3410 1071 3453 successorem
1098 3438 1113 3464 ,
1163 3394 1553 3466 batrcdemque
1606 3393 1727 3465 ejus
1761 3394 1848 3449 vel
1883 3392 2114 3448 honoris

506 3490 593 3546 vel
623 3490 834 3560 gratim.
867 3489 1121 3560 Magnum
1150 3488 1406 3545 meritum
1432 3530 1448 3555 ,
1494 3489 1684 3543 frater.
1710 3484 1939 3543 Gaudeo
1966 3485 2062 3542 tibi
2094 3527 2109 3553 ,

514 3596 586 3638 ne
611 3596 720 3637 uno
742 3580 963 3653 quidem
993 3590 1273 3638 momento
1292 3581 1362 3638 de
1390 3595 1713 3637 successore
1739 3580 1872 3636 tanti
1894 3580 2112 3636 dubita-

511 3684 627 3729 tum
674 3673 797 3729 viri.
848 3672 916 3728 Et
964 3689 1217 3746 magnum
1260 3689 1434 3740 onus,
1465 3672 1675 3739 frater,
1709 3673 1844 3729 tanti
1876 3672 2114 3729 nominis

511 3766 729 3839 pondus
774 3765 1022 3831 subisse,
1072 3776 1235 3822 tanta:
1282 3768 1477 3834 librae,
1523 3765 1771 3837 tantique
1819 3766 2113 3821 examinis.

509 3859 786 3929 Quaeritur
814 3858 868 3915 in
901 3870 955 3918 te
980 3860 1240 3918 Aebutius
1262 3878 1276 3917 :
1298 3871 1353 3919 et
1376 3861 1519 3918 sicut
1538 3873 1659 3918 erat
1687 3861 1741 3917 in
1769 3860 1969 3918 aﬂ'ectu
1998 3871 2112 3930 tuo,

520 3956 596 4012 ita
628 3955 683 4012 in
705 3955 901 4014 officiis
945 3957 1295 4014 desideratur
1338 3958 1486 4015 illius
1534 3959 1753 4016 virtutis
1777 4002 1795 4027 ,
1857 3958 2007 4015 illius
2033 3959 2119 4016 di-

517 4049 767 4121 sciplina:
796 4050 1032 4124 efﬁgies,
1066 4051 1214 4108 illius
1245 4051 1506 4108 fortitudo
1534 4052 1700 4108 animi
1733 4053 1786 4109 in
1812 4059 1918 4109 tam
1955 4052 2113 4109 senili

518 4156 774 4212 corpore.

580 4234 638 4290 2.
683 4235 834 4304 Vidi,
868 4235 1078 4306 fateor,
1113 4239 1329 4306 virum;
1362 4254 1486 4295 nam
1519 4246 1573 4295 ct
1605 4238 1711 4297 hoc
1739 4239 1948 4298 meritis
1970 4240 2117 4298 illius

513 4329 692 4386 debeo
715 4371 730 4397 ,
765 4330 909 4402 quod
957 4331 1110 4387 illum
1141 4332 1407 4388 viderim:
1436 4332 1548 4389 vidi
1592 4333 1665 4389 ita
1697 4333 1849 4391 illum
1892 4351 2016 4393 esse
2061 4337 2115 4392 in

515 4437 749 4492 corpore
774 4464 790 4490 ,
825 4432 882 4480 ut
910 4435 1063 4479 extra
1094 4439 1297 4494 corpus
1344 4434 1630 4497 putarem:
1664 4425 1773 4483 vidi
1821 4427 2117 4500 imaginem

512 4514 696 4580 illius,
728 4516 818 4586 qui
872 4530 935 4572 se
979 4517 1096 4572 sive
1128 4516 1181 4573 in
1211 4532 1445 4589 corpore
1470 4559 1487 4586 ,
1538 4518 1657 4576 sive
1716 4526 1872 4576 extra
1913 4535 2117 4594 corpus

2285 3310 2339 3366 5.
2374 3311 2473 3368 llic
2497 3320 2579 3368 est
2608 3326 2835 3368 somnus
2863 3312 2976 3367 vita
3004 3321 3327 3367 sanctorum
3349 3354 3366 3380 ,
3410 3327 3573 3383 quam
3602 3310 3778 3365 vivebat

2217 3416 2441 3462 sanctus
2470 3406 2750 3473 Acholius,
2782 3407 2937 3477 cujus
2983 3405 3273 3463 benedicta
3325 3407 3491 3462 etiam
3539 3413 3776 3462 senectus.

2214 3498 2336 3570 Ipsa
2368 3508 2453 3556 est
2479 3514 2610 3557 vere
2636 3508 2891 3556 senectus
2923 3499 3013 3555 illa
3042 3499 3402 3567 venerabilis,
3431 3516 3555 3571 quae
3583 3515 3681 3554 non
3706 3513 3779 3552 ca-

2216 3593 2300 3648 nis
2326 3635 2341 3660 ,
2374 3592 2471 3649 sed
2503 3592 2716 3649 meritis
2743 3593 2973 3649 albescit
3004 3592 3160 3667 (Sap.
3190 3609 3244 3649 tv
3268 3634 3285 3661 ,
3328 3593 3420 3664 8);
3468 3608 3533 3649 ea
3557 3603 3636 3649 est
3660 3590 3780 3648 enim

2218 3686 2518 3743 reverenda
2544 3688 2794 3755 canities,
2819 3703 2940 3759 quae
2952 3698 3037 3744 est
3060 3688 3291 3745 canities
3313 3689 3514 3744 anima:
3539 3731 3553 3755 ,
3576 3688 3624 3744 in
3652 3686 3780 3743 canis

2216 3780 2641 3852 cogitationibus
2671 3789 2725 3836 et
2753 3780 3012 3852 operibus
3050 3780 3337 3853 effulgens.
3370 3782 3514 3850 Qua:
3555 3792 3627 3837 est
3649 3779 3776 3835 enim

2218 3889 2345 3930 vere
2374 3884 2506 3929 :etas
2532 3876 2850 3940 senectutis,
2880 3874 2982 3930 nisi
3008 3875 3116 3930 vita
3142 3876 3490 3932 immaculata
3529 3875 3681 3947 (Ibid.
3703 3872 3773 3945 9),

2218 3983 2338 4039 quae
2366 3982 2472 4023 non
2504 3968 2696 4024 diebus
2718 3978 2812 4023 aut
2842 3968 3145 4036 mensibus,
3174 3969 3270 4025 sed
3297 3970 3517 4026 surculis
3544 3982 3779 4042 propaga-

2218 4069 2343 4129 tur,
2370 4062 2528 4133 cujus
2551 4062 2673 4119 sine
2718 4062 2824 4118 fine
2861 4071 2946 4119 est
2969 4062 3301 4120 diuturnitas
3325 4106 3340 4132 ,
3380 4066 3503 4122 sine
3540 4063 3787 4122 debilitate

2219 4157 2572 4230 longmvitas?
2595 4157 2715 4227 Quo
2745 4158 2892 4213 enim
2919 4157 3247 4226 diuturnior,
3279 4173 3349 4215 eo
3374 4159 3565 4216 fortior
3590 4177 3604 4213 :
3630 4168 3682 4215 et
3702 4171 3791 4229 quo

2219 4246 2422 4305 diutius
2447 4263 2571 4304 eam
2600 4249 2767 4308 vitam
2797 4246 2996 4305 vixerit
3021 4290 3037 4316 ,
3068 4264 3136 4305 eo
3166 4248 3366 4307 fortius
3397 4252 3452 4308 in
3481 4252 3656 4308 virum
3685 4264 3784 4322 per-

2219 4338 2421 4397 fectum
2449 4340 2739 4397 excrescit.

2292 4434 2347 4489 6.
2386 4433 2555 4505 Hujus
2583 4434 2746 4506 igitur
2774 4448 3155 4492 successorem
3187 4444 3241 4492 te
3291 4435 3558 4492 Dominus
3594 4451 3694 4493 non
3721 4448 3795 4489 so-

2221 4525 2330 4581 lum
2361 4526 2569 4583 honore
2592 4568 2607 4593 ,
2639 4526 2736 4584 sed
2767 4528 2931 4583 etiam
2956 4529 3208 4591 moribus
3243 4529 3479 4600 probet,
3526 4541 3583 4588 et
3610 4541 3797 4587 summa

516 4611 773 4668 nesciens
792 4655 809 4681 ,
840 4623 1054 4684 raptum
1083 4612 1150 4669 ad
1181 4614 1490 4684 paradisum
1522 4613 1731 4670 viderat
1760 4613 1828 4689 (ll
1859 4615 1980 4671 Cor.
2012 4632 2113 4686 χιι,
2139 4595 2193 4657 Ῑ)
2219 4618 2449 4676 fundare
2473 4619 2724 4689 dignetur
2744 4621 2952 4692 gratia;
2984 4630 3044 4677 ut
3068 4621 3135 4678 ad
3168 4633 3221 4679 te
3236 4595 3460 4694 quoque
3485 4624 3671 4694 populi
3689 4636 3796 4677 coa-

416 4703 438 4723 ‘
512 4702 617 4777 2);
651 4706 722 4761 ita
755 4707 900 4763 enim
933 4707 1285 4779 percurrebat
1310 4708 1493 4764 omnia
1534 4722 1770 4766 excursu
1800 4707 2110 4779 frequenti,

516 4797 1051 4872 Constantinopolim
1073 4843 1089 4870 ,
1121 4801 1416 4870 Achaiam,
1463 4801 1724 4874 Epirum,
1772 4802 1981 4859 Italiam
2008 4846 2024 4871 ,
2058 4812 2117 4859 ut

506 4890 758 4963 juniores
786 4908 909 4949 cum
943 4908 1051 4949 non
1102 4902 1327 4965 possent
1354 4896 1640 4967 consequi.
1680 4893 1960 4951 Cedebant
2006 4894 2119 4951 for-

511 4985 683 5043 tiores
730 5003 997 5060 corpore,
1029 4990 1155 5061 quia
1201 5000 1325 5046 eum
1356 4989 1479 5048 sine
1532 4990 1926 5064 impedimento
1950 4988 2116 5063 823

510 5094 635 5139 esse
658 5084 906 5153 corporis
935 5094 1242 5149 noverant;
1277 5094 1336 5141 ut
1362 5101 1430 5142 eo
1460 5096 1672 5142 tantum
1713 5103 1815 5160 pro
1843 5087 2115 5144 velamine

512 5187 758 5236 uteretur
777 5219 793 5245 ,
829 5195 935 5235 non
966 5194 1065 5252 pro
1093 5177 1316 5237 ofﬁcio:
1347 5190 1501 5237 certe
1523 5179 1592 5237 ad
1634 5181 1912 5239 servitium
1940 5224 1955 5251 ,
2002 5197 2113 5239 non

583 5373 610 5401 ι
650 5362 779 5418 Μειε.
827 5376 934 5417 non
969 5362 1160 5433 pauci,
1188 5378 1281 5432 per
1323 5360 1640 5433 sacerdotem
1679 5360 1983 5433 claudebat;
2012 5364 2109 5419 sed

510 5449 617 5492 non
644 5433 816 5487 multo
840 5432 1021 5488 minus
1036 5448 1227 5489 carere
1246 5432 1461 5490 videtur
1479 5432 1854 5502 corruptione,
1875 5447 2106 5502 quam...

510 5503 875 5576 claudebatur.
919 5503 1059 5570 Quid
1112 5519 1243 5576 ergo
1290 5504 1336 5559 si
1387 5505 1692 5575 legeremus
1735 5503 2114 5576 claudicabat?

511 5577 675 5631 Certe
724 5574 1046 5631 concinnius
1092 5573 1462 5644 opponeretur
1520 5573 1768 5644 sequenti
1817 5575 2108 5632 membro:

508 5644 850 5723 fundamenta
877 5645 997 5723 ﬁdei
1013 5643 1476 5723 confirmarentur.
1508 5643 1616 5723 sed
1642 5643 1912 5723 claudebat
1932 5656 2114 5715 potest

510 5712 683 5785 etiam
714 5712 862 5766 idem
889 5712 1224 5785 significare,
1251 5735 1281 5775 a
1311 5719 1480 5775 verbo
1504 5715 1723 5773 claudeo
1743 5712 1988 5783 scilicet,
2014 5733 2112 5774 seu

514 5775 728 5838 claudo,
748 5792 865 5847 quae
885 5774 989 5838 tid'n
1023 5774 1234 5852 penitus
1260 5774 1511 5846 inuisitata
1539 5792 1665 5844 esse
1686 5785 1907 5841 Vossius
1931 5774 2108 5845 docet.

2221 4721 2466 4777 currant,
2496 4709 2566 4767 de
2585 4712 2783 4783 quibus
2811 4711 2963 4768 dicas
2996 4730 3009 4767 :
3043 4713 3147 4779 Qui
3174 4722 3297 4769 sunt
3316 4715 3430 4780 isti,
3460 4717 3552 4787 qui
3578 4716 3706 4770 sicut
3730 4726 3800 4766 ac-

2226 4808 2359 4864 b‘ula:
2380 4806 2575 4874 uolant,
2598 4816 2645 4861 et
2673 4805 2807 4861 sicut
2826 4805 3076 4863 columba
3098 4823 3215 4861 cum
3231 4807 3393 4877 pullis
3413 4808 3526 4863 suis
3547 4805 3697 4880 (Esa.
3726 4802 3800 4862 60.

2223 4900 2320 4973 8)?
2352 4900 2585 4958 Veniant
2609 4915 2828 4972 quoque.
2846 4900 2988 4956 sicut
3011 4915 3179 4957 naves
3194 4900 3424 4957 Tharsis
3448 4898 3516 4973 (ll
3541 4899 3722 4955 Paret.
3742 4912 3802 4957 ιι.

2222 4996 2320 5068 9.1)
2338 5037 2355 5064 ,
2396 5010 2517 5067 quae
2545 4994 2817 5065 accipiant
2846 4994 3179 5051 frumentum
3202 5035 3218 5062 ,
3251 4995 3401 5066 quod
3442 4995 3708 5051 Salomon
3730 5004 3805 5043 vc-

2226 5105 2321 5146 rus
2368 5089 2665 5162 impertivit
2715 5088 2906 5160 viginti
2957 5103 3248 5146 mensuras
3295 5089 3488 5145 tritici.
3542 5085 3809 5155 Accipiam

2223 5183 2405 5240 oleum
2434 5190 2490 5239 et
2509 5182 2832 5253 sapientiam
2864 5181 3173 5239 Salomonis
3194 5225 3210 5248 ,
3241 5190 3299 5239 et
3330 5183 3406 5238 sit
3433 5197 3547 5255 pax
3580 5182 3724 5236 inter
3746 5184 3806 5236 lc.

2288 5361 2316 5402 ι’
2356 5360 2531 5428 Edit.,
2565 5360 2689 5417 Non
2718 5363 2871 5417 aliter
2900 5362 3092 5434 etiam;
3120 5377 3254 5418 mss.
3288 5377 3422 5419 vero
3448 5366 3690 5434 partim,
3712 5358 3814 5434 Non

2215 5435 2350 5561 alials
2393 5435 2549 5489 etiam
2597 5449 2617 5488 :
2667 5435 2864 5505 partim
2894 5475 2909 5500 ,
2963 5432 3087 5490 Non
3133 5434 3241 5490 alia
3314 5430 3470 5490 etiam
3519 5452 3539 5489 :
3590 5430 3733 5505 quod
3772 5438 3817 5484 et

2221 5521 2309 5562 me
2336 5521 2436 5560 ius.

2298 5588 2321 5616 ιε
2345 5576 2573 5644 Quidam
2606 5590 2738 5634 mss.
2758 5619 2773 5642 ,
2807 5577 3037 5659 eleuatus
3061 5586 3140 5661 est
3160 5577 3540 5632 sacerdotium.

2295 5645 2324 5686 ἀ
2346 5649 2421 5704 lta
2452 5663 2586 5704 mss.
2604 5659 2669 5720 et
2697 5660 2808 5705 vet.
2836 5649 2968 5704 edit.
2992 5688 3009 5714 ,
3040 5664 3141 5704 mst
3171 5649 3317 5720 quod
3348 5659 3541 5720 pro_et
3587 5650 3676 5720 liae
3699 5657 3819 5717 pr:-

2218 5722 2435 5785 ferunt,
2464 5728 2521 5774 ut
2552 5737 2567 5774 :
2600 5718 2761 5775 Rom.
2813 5726 2994 5775 autem
3031 5720 3165 5775 edit.
3187 5717 3386 5775 “locum
3411 5717 3501 5777 sit:
3534 5717 3716 5777 mutat
3742 5722 3821 5767 εει

2220 5790 2317 5844 illa
2345 5790 2583 5846 columba
2604 5808 2799 5860 pennas
2816 5789 3011 5845 habens
3032 5790 3417 5864 deargsntatds.
