4014 6290
249 285 345 342 961

1468 282 1953 348 EPISTOLARUM
1993 288 2272 351 CLASSIS
2309 290 2348 348 l.

3441 299 3548 359 96:!

247 411 303 456 et
334 401 617 473 populum,
651 409 706 457 et
734 410 1124 460 testamentum
1155 401 1304 472 pacis
1331 402 1500 476 824
1540 407 1839 461 custodias.
1871 413 1925 472 Α
1951 419 2146 466 nostro
2192 411 2440 483 sanguini
2474 424 2836 486 pepercerunt
2864 457 2876 482 ,
2908 417 3002 489 qui
3036 417 3151 488 ipsa
3185 417 3552 475 Ecclesiarum

250 495 404 562 Vale,
439 495 629 563 frater,
665 506 718 552 et
745 512 848 552 nos
875 497 1042 569 dilige
1069 539 1085 564 ,
1109 496 1234 568 quia
1260 505 1314 552 et
1345 513 1442 553 nos
1467 508 1520 554 te
1547 498 1843 572 diligimus.

759 601 784 629 ⁸
799 591 1141 650 EPISTULA
1183 590 1344 647 XVII.

245 681 631 754 lmperatorum
657 701 768 740 esse
795 685 1096 757 religionem
1124 686 1254 741 tueri
1283 702 1302 740 :
1331 703 1422 742 nec
1451 687 1514 742 ab
1540 689 1612 744 eis
1650 689 1848 744 instau-

318 777 574 832 rationem
610 779 995 850 superstitionis
1041 780 1432 853 postulandam.
1479 781 1700 837 Nullam
1725 799 1848 857 ergo

319 869 530 924 illorum
551 869 840 927 habendam
869 874 1126 928 rationem
1154 890 1186 927 a
1214 873 1400 945 quibus
1438 873 1701 946 quidpiam
1720 893 1848 932 con-

320 973 402 1018 tra
446 964 569 1033 ﬁdei
617 964 921 1021 christiana:
947 966 1102 1021 decus
1131 967 1424 1039 ﬂagitetur.
1459 966 1622 1024 Falso
1642 970 1848 1041 petitio-

317 1072 434 1110 nem
462 1067 671 1112 senatus
695 1057 906 1112 nomine
937 1059 1161 1113 oblatam
1193 1075 1331 1121 esse,
1356 1076 1476 1114 cum
1511 1060 1558 1114 ei
1582 1061 1852 1116 christiani

318 1159 589 1204 senatores
636 1165 740 1204 non
768 1151 1144 1205 consenserint.
1175 1148 1256 1206 De
1276 1151 1374 1206 hoc
1402 1153 1587 1224 referri
1614 1162 1851 1220 oportere

315 1244 384 1299 ad
433 1242 815 1310 Theodosium,
845 1257 892 1299 et
920 1244 990 1298 ad
1014 1245 1284 1317 episcopos
1325 1262 1344 1300 :
1382 1245 1844 1315 Valentinianum,

247 1381 250 1384 .
314 1337 359 1393 si
377 1337 654 1411 privilegia
681 1337 982 1406 inﬁdelibus
1009 1339 1341 1404 concesserit,
1375 1339 1440 1393 ab
1471 1337 1708 1396 Ecclesia
1726 1341 1853 1412 reji-

313 1431 570 1495 ct'endum,
600 1430 745 1484 sedet
767 1432 948 1502 fratris
960 1447 1020 1486 ac
1042 1433 1204 1504 patris
1226 1431 1486 1487 memoria:
1507 1433 1852 1504 irrogaturum

316 1523 585 1593 injuriam,
613 1523 677 1576 de
697 1539 798 1590 qua
827 1524 1481 1594 graviterlcxpostulantes,
1507 1525 1849 1579 inducuntur.

244 1619 548 1675 Aunnosms
569 1619 863 1689 episcopus
886 1618 1208 1674 beatissimo
1239 1619 1566 1689 principi,et
1592 1618 1853 1674 christia-

530 1712 761 1767 nissimo
793 1713 1112 1782 imperatori
1134 1712 1568 1768 Van-mnuum.

1950 502 2179 558 aedificia
2212 504 2562 561 subruerunt.
2604 507 2802 564 Petunt
2855 509 3018 565 etiam
3049 521 3104 564 ut
3132 511 3236 566 illis
3269 511 3548 582 privilegia

1951 595 2169 652 deferas
2190 639 2204 663 ,
2241 593 2267 634 ἀ
2299 598 2392 668 qui
2421 599 2677 668 loquendi
2704 609 2760 655 et
2796 599 3030 657 docendi
3058 602 3262 658 nostris
3299 617 3551 659 commu-

1953 705 2076 746 nem
2111 704 2267 746 usum
2295 691 2494 748 Juliani
2521 693 2640 766 lege
2670 694 2915 765 proxima
2938 694 3276 768 denegarunt
3301 738 3316 763 ,
3357 705 3412 752 et
3440 697 3550 767 pri-

1953 784 2147 856 vilegia
2200 785 2295 840 illa
2324 827 2339 854 ,
2372 786 2571 857 quibus
2604 800 2751 858 saepe
2780 786 2992 858 decepti
3024 797 3149 843 sunt
3179 788 3341 844 etiam
3375 789 3539 845 chris-

1951 877 2085 934 tiani
2119 897 2132 934 :
2168 879 2459 935 nonnullos
2503 880 2647 936 enim
2705 879 2815 936 illis
2867 879 3168 952 privilegiis
3215 882 3410 952 partim
3457 897 3554 952 per

1953 970 2404 1041 imprudentiam,
2450 973 2646 1044 partim
2679 983 2905 1044 propter
2943 973 3282 1044 publicarum
3310 975 3550 1030 necessi-

1954 1071 2125 1120 tatum
2164 1065 2443 1122 molestias
2476 1065 2832 1122 declinandas
2876 1066 3093 1122 irretire
3139 1066 3426 1122 voluerunt
3450 1084 3463 1130 ;
3489 1076 3544 1122 et

1951 1157 2076 1228 quia
2106 1172 2214 1213 non
2245 1172 2440 1214 omnes
2482 1157 2652 1216 fortes
2681 1159 3054 1228 inveniuntur,
3089 1159 3253 1216 etiam
3282 1158 3385 1216 sub
3407 1161 3554 1230 prin-

1953 1249 2166 1320 cipibus
2191 1250 2508 1308 christianis
2535 1251 2781 1324 plerique
2806 1261 2935 1309 sunt
2963 1252 3123 1324 lapsi.

2027 1343 2090 1398 δέ
2107 1342 2214 1399 Sed
2246 1342 2363 1399 lucc
2390 1343 2436 1400 si
2459 1344 2573 1415 jam
2606 1344 2818 1402 sublata
2850 1359 2957 1402 non
2987 1355 3174 1403 essent
3197 1387 3213 1411 ,
3262 1348 3554 1405 auferenda

1957 1445 2048 1491 tuo
2077 1435 2306 1507 imperio
2328 1438 2747 1508 comprobarem
2775 1457 2788 1494 :
2823 1449 2873 1493 at
2903 1454 3026 1496 cum
3051 1455 3149 1511 per
3177 1441 3345 1515 825
3377 1451 3549 1498 totum

1955 1530 2071 1586 fere
2102 1530 2289 1586 orbem
2319 1541 2342 1567 θ
2371 1546 2399 1586 a
2454 1533 2704 1603 pluribus
2750 1541 2899 1589 retro
2944 1533 3282 1606 principibus
3328 1533 3558 1592 inhibita

1957 1624 2356 1694 interdictaqtte
2383 1624 2529 1693 sint,
2564 1625 2756 1681 Roma:
2783 1636 2964 1682 autem
2997 1637 3029 1680 a
3051 1626 3218 1683 fratre
3245 1625 3558 1684 clementia:

1960 1725 2088 1781 tuze,
2121 1725 2365 1788 augustae
2395 1716 2675 1773 memoriae
2703 1716 2987 1785 Gratiano,
3019 1718 3144 1776 fidei
3165 1733 3311 1776 verre
3341 1719 3558 1776 ratione

323 1808 370 1862 l.
415 1805 549 1862 Cum
580 1820 772 1861 omnes
800 1805 1086 1874 homines,
1118 1807 1210 1878 qui
1241 1806 1346 1862 sub
1367 1806 1574 1862 ditione
1604 1805 1850 1861 Romana
1882 1813 1926 1875 Β
1953 1809 2168 1865 sublata
2193 1811 2321 1874 sint,
2355 1819 2410 1867 et
2437 1810 2587 1868 datis
2607 1811 2886 1883 antiquata
2914 1814 3198 1885 rescriptis
3223 1829 3239 1880 ;
3263 1829 3331 1870 ne
3349 1827 3557 1884 quaeso,

240 1911 394 1968 sunt,
419 1901 576 1956 vobis
601 1901 840 1957 militent
875 1901 1297 1973 imperatoribus
1325 1943 1340 1966 ,
1394 1909 1662 1957 terrarum
1693 1909 1856 1971 atque

251 1993 612 2066 principibus,
659 2002 772 2049 tum
802 1993 906 2064 ipsi
936 2009 1029 2050 vos
1055 1994 1413 2071 omnipotenti
1443 1993 1556 2050 Deo
1592 2001 1648 2050 et
1685 2006 1858 2048 sacrae

244 2087 373 2144 fidei
407 2087 669 2142 militatis.
696 2087 872 2142 Aliter
907 2088 1053 2143 enim
1084 2089 1231 2143 salus
1278 2096 1392 2144 tuta
1421 2092 1543 2143 esse
1565 2103 1673 2143 non
1698 2095 1856 2156 pote-

243 2181 354 2247 rit,
386 2180 490 2236 nisi
515 2180 886 2250 unusquisque
919 2180 1088 2236 Deum
1117 2195 1309 2236 verum
1335 2221 1351 2247 ,
1382 2180 1487 2236 hoc
1515 2188 1601 2236 est
1622 2221 1637 2244 ,
1682 2179 1855 2234 Deum

246 2271 275 2311 li
298 2271 743 2337 christianorum,
771 2288 800 2326 a
831 2286 940 2342 quo
959 2281 1151 2328 cuncta
1175 2280 1458 2342 reguntur,
1474 2271 1747 2327 veraciter
1765 2286 1858 2328 co-

257 2366 369 2426 lat:
393 2365 511 2436 ipse
537 2365 683 2422 enim
701 2365 853 2420 solus
877 2376 1136 2421 verusest
1161 2367 1319 2430 Deus,
1343 2365 1434 2435 qui
1466 2365 1651 2420 intima
1677 2373 1857 2422 mente

249 2472 578 2518 veneretur:
607 2459 694 2514 Dii
722 2460 867 2516 enim
915 2461 1145 2532 gentium
1183 2459 1438 2514 daemonia
1460 2499 1476 2524 ,
1510 2458 1653 2514 sicut
1701 2457 1852 2514 Scrio

255 2566 414 2630 ptura
446 2556 580 2613 dicit
608 2555 786 2627 (Psal.
820 2573 947 2625 xcv,
970 2557 1051 2623 5).

323 2673 379 2727 2.
407 2671 542 2727 Huic
576 2670 744 2741 igitur
773 2671 884 2727 Deo
905 2685 1036 2725 vero
1062 2671 1308 2742 quisquis
1331 2669 1552 2736 militat,
1575 2678 1631 2725 ct
1657 2669 1748 2741 qui
1768 2667 1850 2724 in-

266 2765 401 2821 timo
422 2763 712 2820 colendum
739 2763 935 2834 recipit
953 2762 1173 2827 affectu,
1203 2776 1310 2817 non
1339 2761 1853 2828 dissimulationem,

256 2873 366 2914 non
402 2857 850 2922 conniventiam,
891 2855 986 2912 sed
1019 2856 1138 2911 fidei
1168 2855 1408 2912 studium
1452 2862 1508 2911 et.
1548 2853 1858 2911 devotionis

257 2951 545 3022 impendit.
575 2951 867 3008 Postremo
895 2951 943 3006 si
987 2965 1096 3006 non
1125 2951 1230 3006 ista
1257 2993 1272 3017 ,
1303 2963 1631 3007 consensum
1661 2949 1855 3005 saltem

257 3046 496 3117 aliquem
526 3060 633 3101 non
666 3043 834 3101 debet
855 3043 1103 3100 colendis
1129 3043 1290 3100 idolis
1313 3085 1328 3110 ,
1359 3051 1414 3100 et
1438 3042 1678 3114 profanis
1706 3056 1860 3097 cere-

261 3141 570 3199 moniarum
601 3139 843 3196 cultibus
863 3137 1145 3195 exhibere.
1189 3136 1360 3192 Nemo
1395 3135 1544 3191 enim
1570 3137 1734 3190 Deum
1760 3133 1858 3189 fal-

1959 1903 2044 1960 vel
2075 1903 2307 1960 fideliter
2335 1912 2540 1960 statuta
2568 1904 2868 1970 convellas,
2895 1904 2983 1961 vel
3005 1904 3246 1961 fraterna
3277 1913 3556 1977 praecepta

1956 1997 2265 2054 rescindas.
2317 1999 2393 2055 De
2436 1999 2672 2072 negotiis
2723 1997 3002 2066 civilibus,
3038 1999 3056 2037 ί
3091 1999 3295 2072 siquid
3342 2001 3556 2068 statuit,

1957 2105 2120 2147 nemo
2149 2099 2304 2162 putat
2329 2107 2453 2148 esse
2483 2091 2902 2160 temerandum;
2932 2101 2987 2150 et
3017 2105 3351 2165 praeceptum
3380 2093 3449 2150 de
3473 2109 3580 2151 rev

1958 2184 2162 2254 ligione
2190 2186 2452 2242 calcatur.

2028 2277 2083 2332 6.
2117 2277 2307 2334 Nullus
2337 2278 2568 2350 obrepat
2589 2279 2798 2350 juniori
2827 2280 2974 2337 aetati
2995 2289 3101 2337 tua:
3131 2297 3144 2334 :
3169 2281 3288 2338 sive
3315 2281 3408 2339 ille
3428 2297 3562 2354 gen-
3609 2279 3611 2282 ’
3638 2339 3641 2341 _

1958 2368 2070 2425 tilis
2100 2379 2206 2438 est,
2235 2371 2327 2440 qui
2358 2370 2458 2426 ista
2485 2371 2774 2440 deposcit,
2809 2388 2918 2428 non
2949 2372 3114 2430 debet
3143 2384 3385 2431 mentem
3418 2383 3563 2430 tuam

1956 2462 2189 2518 vinculis
2244 2479 2358 2519 suae
2401 2465 2816 2535 superstitionis
2859 2467 3140 2524 innectere
3171 2467 3304 2524 :sed
3344 2469 3566 2540 proprio

1956 2554 2138 2610 studio
2167 2554 2368 2613 docere
2392 2564 2450 2612 et
2475 2555 2774 2614 admouere
2806 2566 2857 2614 te
2886 2558 3068 2625 debet,
3101 2560 3561 2632 quemadmodum

1961 2665 2106 2706 verte
2146 2650 2274 2707 fidei
2301 2651 2524 2708 studere
2571 2651 2812 2720 debeas;
2860 2653 3079 2724 quando
3108 2655 3202 2711 ille
3232 2662 3384 2711 tanto
3410 2666 3562 2713 motu

1957 2745 2072 2802 veri
2111 2759 2249 2799 vana
2300 2743 2571 2802 defendit.
2610 2744 2980 2802 Deferendum
3023 2746 3235 2802 meritis
3283 2749 3560 2805 clarorum

1958 2839 2202 2894 virorum
2233 2845 2288 2894 et
2316 2853 2418 2910 ego
2443 2838 2686 2896 suadeo:
2712 2837 2810 2896 sed
2844 2837 3015 2896 Deum
3041 2848 3255 2896 certum
3276 2848 3364 2896 est
3388 2840 3566 2897 omni-

1959 2930 2062 2986 bus
2089 2931 2510 3003 prmferendum.

2034 3028 2085 3080 7.
2117 3025 2174 3082 Si
2205 3027 2273 3082 de
2301 3043 2359 3082 rc
2386 3027 2609 3083 militari
2641 3035 2724 3100 est
2745 3026 3142 3084 consulendum
3165 3069 3181 3094 ,
3211 3026 3378 3084 debet
3399 3043 3562 3086 exer-

1961 3119 2113 3176 citati
2145 3120 2197 3174 in
2231 3120 2437 3189 prmliis
2463 3121 2562 3176 viri
2603 3120 2915 3192 exspectari
2943 3122 3240 3189 sententia,
3271 3121 3562 3180 consilium

259 3234 348 3301 lit,
375 3234 460 3290 cui
487 3235 668 3290 omnia
693 3232 859 3289 etiam
889 3231 1072 3288 cordis
1102 3230 1313 3286 occulta
1345 3227 1632 3284 manifesta
1659 3237 1803 3284 sunt.
1882 3206 1930 3270 (ἶ
1961 3213 2308 3284 οοηιβτοὺθτὶ
2355 3232 2370 3269 ε
2414 3214 2635 3285 quando
2686 3215 2755 3271 de
2808 3215 3079 3286 religione
3123 3224 3388 3272 tractatus
3441 3225 3564 3287 est,

335 3331 389 3386 5.
421 3327 563 3400 Ergo
589 3344 710 3385 cum
742 3343 774 3383 a
798 3337 874 3394 te,
899 3326 1202 3398 Imperator
1223 3322 1696 3386 christianissime,
1726 3321 1860 3377 fides

261 3423 378 3479 Deo
408 3437 538 3479 vero
566 3423 640 3478 sit
661 3419 969 3478 exhibenda
997 3461 1011 3487 ,
1035 3435 1159 3476 cum
1203 3416 1371 3488 ipsius
1427 3414 1551 3471 fidei
1579 3413 1815 3469 studium
1844 3454 1858 3480 ,

259 3516 445 3571 cautio
484 3524 649 3586 atque
697 3512 917 3570 devotio
941 3553 956 3579 ,
998 3510 1170 3566 miror
1196 3507 1470 3580 quomodo
1508 3504 1778 3577 aliquibus
1805 3507 1858 3560 in

260 3625 420 3682 spem
469 3608 716 3675 venerit,
760 3605 905 3678 quod
956 3604 1162 3661 debeas
1189 3618 1317 3658 aras
1345 3601 1449 3656 diis
1483 3599 1724 3672 gentium
1767 3607 1860 3654 tuo

262 3707 571 3763 instaurare
615 3711 921 3776 praecepto,
959 3700 1025 3756 ad
1051 3715 1177 3755 usus
1217 3712 1434 3769 quoque
1468 3693 1860 3752 sacrificiorum

261 3799 615 3870 profanorum
666 3795 912 3866 praebere
957 3801 1272 3862 sumptum;
1301 3789 1444 3862 quod
1471 3788 1616 3845 enim
1651 3787 1866 3859 jamdu-

261 3892 393 3946 dum
427 3901 449 3929 ο
476 3889 561 3945 vel
597 3889 732 3944 fisco
755 3887 840 3943 vel
870 3901 1011 3942 arca:
1041 3893 1127 3941 est
1150 3882 1506 3949 vindicatum,
1537 3881 1605 3937 de
1630 3891 1721 3936 tuo
1751 3894 1866 3935 ma-

262 3984 346 4055 gis
362 3982 616 4038 conferre
644 3979 909 4036 videbere
935 4019 950 4047 ,
982 3993 1147 4050 quam
1173 3976 1242 4032 de
1267 3990 1368 4032 suo
1399 3974 1648 4030 reddere.

337 4079 391 4133 4.
443 4077 512 4132 Et
555 4075 625 4133 de
679 4073 980 4146 dispendiis
1037 4077 1370 4144 queruntur,
1420 4068 1510 4140 qui
1571 4081 1864 4138 numquam

342 4222 366 4250 τι
394 4211 577 4268 Codex
611 4210 810 4278 Long,
841 4207 1070 4263 Libellus
1100 4207 1267 4262 sancti
1289 4205 1550 4260 Ambrosii
1571 4204 1641 4258 ml
1677 4202 1867 4278 V_alen-

266 4285 520 4340 tinianum
559 4276 924 4354 imperatorem
945 4281 1425 4354 junioremcontra
1452 4276 1823 4354 .Symmacltum
1849 4317 1863 4341 ,

268 4358 334 4412 Et
372 4372 560 4412 revera
589 4347 817 4422 ipsemet
836 4347 1156 4407 Ambrosius
1183 4351 1423 4422 ejusdem
1448 4347 1756 4422 symmachi
1781 4363 1866 4404 re-

265 4428 454 4483 lationi
487 4419 823 4496 respondens
854 4423 1020 4478 libelli
1051 4419 1270 4478 nomine
1292 4421 1396 4496 hoc
1425 4419 1684 4496 scriptum
1712 4419 1862 4496 citat.

269 4499 378 4556 Sed
411 4514 532 4553 cum
577 4490 627 4552 in
669 4511 801 4551 mss.
829 4498 1064 4560 caeteris,
1115 4506 1276 4565 atque
1318 4495 1390 4565 in,
1425 4490 1557 4549 edit.
1615 4490 1868 4565 omnibus

267 4571 501 4640 epistola
532 4585 637 4624 non
669 4569 881 4624 libellus
901 4567 1141 4630 dicatur,
1175 4563 1487 4621 mutandam
1526 4577 1649 4619 esse
1677 4563 1866 4632 vulga-

269 4658 385 4698 rem
417 4642 826 4713 inscriptionem
851 4655 957 4693 non
983 4640 1312 4713 putavimus.
1331 4708 1363 4713 _
1591 4705 1627 4713 __
1769 4703 1779 4713 .
1831 4703 1842 4713 .

341 4713 368 4752 δ
393 4713 468 4769 Ita
501 4703 607 4768 vet'.
634 4712 768 4768 edit.
799 4726 863 4766 ac
891 4703 1026 4766 mss.
1053 4710 1259 4776 aliquot
1285 4727 1298 4767 :
1331 4708 1488 4764 Rom.
1541 4705 1699 4771 edit.,
1732 4703 1869 4759 chri-

271 4787 584 4850 stionorum,
623 4803 656 4838 a
679 4800 779 4853 quo
806 4791 989 4837 cuncta
1019 4791 1288 4852 reguntur,
1322 4782 1431 4852 ipse
1457 4779 1590 4833 enim
1615 4778 1757 4853 solus
1786 4791 1868 4830 ve-

270 4875 360 4912 rus
380 4866 452 4912 est
477 4857 636 4920 Deus,
658 4850 840 4909 intima
869 4862 1035 4908 mente
1055 4850 1350 4919 veneretur;
1381 4866 1510 4904 mss.
1556 4850 1865 4920 complures

270 4928 520 4985 recidunt
547 4916 708 4983 etiam
732 4927 822 4981 illa
853 4925 1042 4989 verba,
1071 4941 1103 4977 a
1129 4940 1229 4991 quo
1260 4916 1443 4976 cuncta
1463 4916 1730 4994 reguntur.
1757 4916 1866 4976 Sed

275 5000 393 5072 ipsa
427 4999 661 5055 varietas
683 4997 902 5053 aliunde
928 5013 1034 5052 non
1071 4996 1286 5072 videtur
1314 4992 1540 5072 exorta,
1573 4992 1676 5072 nisi
1704 5006 1766 5045 es
1800 5003 1867 5044 co

272 5063 419 5144 quod
459 5073 684 5144 verbum
715 5079 979 5125 veneretur
1005 5068 1219 5144 passivo
1241 5063 1546 5144 significatu
1573 5063 1679 5144 dici
1707 5075 1868 5144 posse

271 5133 382 5199 non
409 5143 759 5199 crediderunt
778 5184 790 5204 ,
822 5157 930 5207 quo
963 5133 1141 5194 tamen
1174 5137 1314 5191 haud
1343 5135 1512 5190 semel
1542 5135 1611 5207 ab
1633 5133 1864 5188 Ambro-

269 5216 356 5271 sio
386 5216 645 5286 positum,
674 5215 718 5267 si
746 5205 1004 5286 attentius
1027 5211 1252 5286 legeris,
1275 5205 1674 5286 deprehendes.

350 5275 531 5341 C'Mss.
567 5275 730 5356 longe,
748 5284 988 5354 plurimi,
1008 5275 1132 5352 ﬁsc'o
1159 5281 1236 5356 uel
1261 5275 1395 5356 arcte
1417 5296 1435 5345 ;
1457 5278 1552 5356 alii
1581 5275 1820 5331 nonnulli
1849 5317 1863 5339 ,

273 5359 403 5430 ﬁsco
431 5358 509 5412 rel
527 5350 802 5430 _wre.iNtln
836 5350 1060 5430 prorsus
1091 5351 1264 5430 male;
1296 5351 1440 5430 idem
1467 5350 1611 5430 enim
1655 5355 1758 5430 est,
1785 5357 1869 5430 at-_-

271 5417 380 5501 que
409 5426 796 5501 confiscatione
838 5417 921 5480 'vel
961 5425 1258 5501 emptione.
1298 5423 1493 5478 Verum
1524 5420 1592 5476 ab
1618 5417 1738 5474 aliis
1763 5459 1778 5486 ,
1813 5427 1868 5473 et

270 5497 486 5558 cunctis
507 5498 641 5555 edit.
679 5515 784 5553 non
815 5497 1140 5552 recedimus.

346 5569 372 5609 ἀ
396 5568 718 5626 Christianis
744 5585 773 5624 a
802 5567 1016 5624 Juliano
1037 5565 1382 5636 prohibitum,
1399 5564 1586 5636 fuisse,
1615 5577 1685 5636 ne
1698 5559 1870 5636 disci-

274 5642 758 5716 ρίἱηεῆεγόθεθηεῐῃ.Δ
774 5631 1144 5716 humaniores,
1172 5637 1282 5716 jam
1323 5635 1388 5690 ad
1419 5635 1511 5690 lib.
1541 5651 1559 5688 ι
1610 5633 1675 5688 de
1698 5631 1867 5714 Fide,

272 5709 376 5785 cap
404 5715 493 5776 15.
521 5727 671 5785 num.
697 5712 765 5766 8i
786 5709 1455 5785 ,_annotavimus_._Legem
1479 5716 1658 5785 autem
1686 5709 1871 5785 prosi:-

273 5778 420 5842 tnam
455 5787 594 5840 hanc
620 5783 758 5838 forte
778 5782 945 5845 dicit,
973 5794 1135 5850 quam
1161 5778 1416 5836 ultimam»
1439 5778 1871 5847 promulgaverat

274 5858 419 5920 idem
443 5859 758 5928 imperator.

1965 3305 2135 3360 Deum
2166 3305 2362 3375 cogita.
2389 3303 2600 3360 Nullius
2631 3305 2825 3377 injuria
2853 3315 2938 3362 est
2959 3347 2975 3371 ,
3026 3306 3114 3361 cui
3141 3306 3285 3364 Deus
3313 3307 3566 3379 omnipo-

1963 3407 2086 3454 tens
2128 3397 2454 3454 antefertur.
2508 3397 2685 3454 Habet
2725 3397 2817 3454 ille
2858 3398 3187 3454 sententiam
3219 3413 3394 3454 suam.
3420 3398 3566 3456 Invi-

1965 3501 2076 3548 tum
2119 3507 2229 3547 non
2261 3491 2457 3563 cogitis
2479 3491 2702 3557 colere,
2729 3491 2874 3564 quod
2909 3491 3080 3558 nolit;
3109 3492 3210 3548 hoc
3238 3491 3380 3548 idem
3409 3493 3564 3550 vobis

1964 3586 2146 3650 liceat,
2175 3586 2498 3657 Imperator,
2530 3595 2584 3642 et
2614 3587 2984 3659 unusquisque
3010 3587 3283 3658 patienter
3315 3587 3452 3644 ferat
3474 3629 3491 3655 ,
3519 3587 3566 3644 si

1966 3699 2071 3740 non
2096 3691 2424 3754 extorqueat
2460 3682 2776 3754 imperatori
2804 3723 2820 3751 ,
2849 3682 2992 3754 quod
3019 3684 3252 3741 moleste
3283 3684 3489 3752 ferret,
3519 3684 3567 3741 si

1965 3775 2016 3832 ei
2068 3783 2396 3846 extorquere
2443 3783 2670 3846 cuperet
2718 3775 3035 3846 imperator.
3081 3775 3218 3848 ipsis
3267 3777 3562 3848 gentilibus

1965 3870 2262 3941 displicere
2306 3869 2593 3926 consuevit
2644 3868 3055 3938 praevaricantis
3099 3857 3360 3936 allectus;
3392 3869 3567 3928 libere

1969 3963 2116 4020 enim
2161 3962 2328 4019 debet
2374 3961 2671 4018 defendere
2723 3960 3097 4032 unusquisque
3143 3960 3304 4019 fidele
3367 3964 3569 4021 mentis

1968 4071 2082 4112 suae
2111 4064 2167 4112 et
2196 4070 2418 4112 servare
2445 4053 2804 4126 propositum.

2045 4211 2066 4238 ο
2098 4193 2588 4278 Designantorlhic
2614 4193 3000 4278 proculdubio
3037 4193 3568 4278 Constant_inus_Ma-_-

1967 4287 2127 4399 Eous,
2146 4265 2374 4352 ejusque
2400 4267 2514 4322 filii.
2532 4267 2676 4350 Sone
2701 4265 2920 4338 quidem
2953 4279 3202 4350 superest
3225 4267 3403 4324 adhuc
3430 4270 3515 4325 lex
3533 4272 3568 4328 4

2015 4351 2274 4398 nnstanttt
2307 4341 2374 4393 de
2405 4339 2634 4410 Pagints
2655 4381 2670 4405 ,
2695 4354 2796 4409 qua
2829 4339 3028 4410 templa
3050 4341 3321 4396 tdolorum
3352 4341 3529 4396 claudi
3550 4384 3568 4410 ,

1967 4359 2274 4399 Uonsmnttt
2307 4359 2374 4393 (te
2405 4359 2634 4410 ragants
2655 4381 2670 4405 ,
2695 4359 2796 4409 qua
2829 4359 3028 4408 tempta
3050 4359 3321 4396 tantorum
3352 4359 3529 4396 Clauat
3550 4384 3568 4410 ,

1967 4415 2175 4494 aboleri
2202 4411 2471 4494 sacrificia
2491 4451 2512 4494 _,
2543 4419 2600 4494 et
2629 4410 2914 4494 facultates
2943 4409 3070 4494 huic
3099 4412 3365 4494 sacrilego
3395 4413 3565 4494 cultui

1969 4485 2270 4541 destinatas
2293 4484 2425 4538 fisco
2454 4481 2718 4538 vindicari
2743 4481 3006 4538 decernit.
3036 4481 3141 4540 Sed
3170 4481 3571 4542 cum'Juliauus

1969 4558 2061 4613 illa
2105 4555 2320 4623 omnia,
2365 4555 2524 4611 sicuti
2558 4553 2649 4610 lib.
2683 4570 2735 4609 tv
2764 4553 2930 4616 Hist.,
2958 4569 3079 4624 cap.
3106 4555 3181 4624 :5,
3217 4555 3572 4624 prodiditSo-

1889 4626 1946 4688 D
1970 4643 2252 4692 zomenus,
2268 4628 2320 4683 in
2347 4641 2501 4681 usum
2522 4633 2836 4681 revocasset
2853 4642 2872 4691 ;
2888 4624 3324 4690 Valentinianus,
3349 4627 3566 4694 Valens,

1969 4710 2022 4756 ct
2045 4700 2340 4756 Gratianus
2369 4698 2551 4753 denuo
2579 4697 2832 4768 profanas
2861 4698 3364 4754 commentitiorum
3395 4701 3571 4756 numi-

1968 4788 2096 4825 num
2122 4771 2414 4841 religiones
2436 4768 3076 4841 proﬁscripseruut,bonis
3097 4785 3286 4841 earum
3316 4769 3449 4825 fisco
3473 4771 3572 4826 ad-

1968 4843 2150 4923 dictis.
2180 4839 2733 4923 quemadmodumex
2751 4841 2879 4923 lege
2894 4839 2981 4923 ἒς
2995 4839 3064 4896 de
3093 4839 3425 4923 Pagaoistet
3451 4842 3569 4923 lege

1970 4914 2004 4968 8
2029 4915 2096 4968 de
2117 4911 2242 4983 jure
2268 4912 2383 4968 fisci
2408 4926 2704 4984 cognoscas
2751 4913 2897 4984 licet.
2944 4911 3130 4984 Porro
3155 4911 3491 4984 Godefridus
3509 4911 3565 4984 in

1971 4985 2099 5055 Leg.
2119 4981 2155 5042 Β
2179 4986 2248 5041 de
2273 4981 2504 5050 Quaest;
2532 4999 2746 5046 eorum,
2775 4981 2869 5051 qui
2896 4996 3045 5038 aram
3073 4982 3326 5038 Victoria:
3350 4998 3442 5055 an.
3465 4981 3574 5055 582

1969 5053 2214 5113 eversam
2239 5056 2463 5120 volunt,
2497 5069 2737 5110 errorem
2763 5069 2884 5109 esse
2906 5069 3250 5110 communem
3282 5053 3414 5107 dicit
3438 5069 3452 5119 ;
3486 5053 3569 5108 id-

1971 5145 2075 5199 que
2123 5128 2296 5199 multo
2325 5135 2455 5199 ante;
2498 5125 2700 5199 factum
2747 5135 3028 5199 autumat,
3056 5140 3146 5180 an.
3193 5125 3407 5199 scilicet
3435 5125 3566 5199 516,

1973 5195 2096 5256 cum
2137 5199 2238 5256 sub
2269 5197 2516 5256 Graccho
2542 5197 2797 5268 praefecto
2825 5198 2985 5255 Urbis
3015 5197 3122 5268 hoc
3139 5197 3440 5268 contigisse
3465 5195 3569 5251 do-

1974 5281 2135 5326 ceant
2163 5271 2525 5342 Hieronymus
2544 5265 2716 5342 epist.
2751 5270 2783 5323 7
2809 5267 3220 5342 etPrudentius
3243 5265 3337 5322 lib.
3367 5281 3384 5320 ι
3411 5275 3564 5342 cont.

1973 5338 2383 5416 Symmachum.
2413 5341 2519 5416 §_ed
2565 5341 2690 5416 licet
2729 5341 2877 5416 apud
2932 5341 3032 5416 hos
3082 5338 3226 5391 nulla
3260 5341 3566 5416 speciatim

1975 5409 2221 5484 ejusdem
2277 5429 2385 5468 arte
2414 5412 2671 5484 Victoria:
2697 5409 2809 5484 fiat
2835 5409 3040 5466 mentio
3060 5448 3075 5472 ,
3103 5423 3223 5462 eam
3253 5415 3431 5484 tamen
3470 5409 3571 5484 ali-

1971 5479 2287 5556 quotannis
2324 5492 2454 5539 ante
2487 5482 2596 5539 382
2625 5482 2894 5556 sublatam
2924 5487 3171 5544 constat,
3203 5479 3421 5548 quando
3447 5481 3570 5550 qui-

1971 5551 2093 5612 dem
2122 5568 2176 5612 et
2207 5558 2310 5612 hoc
2337 5557 2454 5626 ipso
2479 5567 2622 5626 anno
2658 5551 3323 5626 ut_eadenircpara_retur,
3359 5556 3570 5626 tentare

1971 5629 2210 5699 aggressi
2251 5619 2407 5699 suni;
2444 5635 2501 5681 et
2524 5625 2634 5699 jam
2660 5622 2756 5699 __ab
2795 5637 2886 5676 an.
2914 5619 3020 5676 579
3061 5619 3229 5676 Italiae
3274 5637 3338 5677 ac
3379 5620 3570 5683 Roma:

1973 5692 2213 5770 praeesse
2238 5697 2530 5770 Gratianus
2557 5692 2833 5770 desiisset.

2051 5770 2070 5809 τ
2094 5769 2265 5834 Edit.,
2297 5768 2340 5822 si
2364 5765 2488 5834 quid
2513 5763 2774 5818 statuitur.
