3996 6292
436 277 543 337 96³5

1781 261 2029 333 sarum
2067 258 2396 332 AlBﬁOSii

3595 251 3680 321 Su

511 392 563 446 8.
612 387 770 459 Quod
800 389 846 446 ai
877 387 1042 460 aliqui
1083 389 1308 444 nomine
1355 386 1646 445 christiani
1685 387 1797 444 tale
1840 387 2042 458 aliquid
2070 394 2114 454 Α
2146 385 2347 457 aliquid
2381 385 2790 442 decernuntur.
2845 383 3076 457 Dignum
3122 389 3208 440 est
3251 379 3682 456 temporibusves-

441 482 848 541 decernendum
878 491 1110 554 putant,
1145 491 1386 539 mentem
1427 491 1574 538 tuam
1605 481 1866 538 vocabula
1899 480 2041 536 nuda

2148 481 2268 547 tris,
2318 479 2421 537 hoc
2476 491 2598 546 est,
2642 477 2961 536 cltristiauis
3011 475 3389 549 temporibus,
3419 483 3474 532 ut
3495 477 3689 550 dignitas

447 595 558 636 non
581 580 824 650 capiunt,
850 578 1070 634 nomina
1095 592 1250 634 cassa
1275 594 1380 634 non
1413 577 1626 635 fallant.
1653 577 1912 650 Quisquis
1943 577 2047 634 hoc
2146 571 2464 629 christianis
2507 569 2859 628 senatoribus
2907 567 3232 642 abrogetur;
3279 584 3385 641 quo
3444 571 3693 640 εειιίὶιῖδιιε

444 673 676 736 suadet,
705 673 979 728 sacrilicat
1001 715 1015 736 ,
1045 681 1101 728 et
1125 673 1372 744 quisquis
1401 672 1503 728 hoc
1531 672 1725 728 statuit
1749 689 1762 726 :
1787 671 2048 727 tolerabi-

450 767 562 821 lius
593 772 776 822 tamen
823 775 912 822 est
941 766 1101 822 unius
1131 766 1462 822 sacriﬁcium
1484 807 1500 830 ,
1525 765 1898 836 quamslpsus
1927 779 2047 820 om-

453 859 634 917 nium.
673 857 846 914 Totus
875 857 961 914 hic
983 857 1411 939 christianorum
1439 857 1784 930 periclitatur
1809 866 2050 914 senatus.

523 953 576 1008 9.
610 951 667 1008 Si
695 951 858 1008 hodie
888 953 1108 1024 gentilis
1155 952 1351 1024 aliquis
1373 993 1388 1017 ,
1422 950 1745 1022 Imperator,
1787 951 1930 1022 quod
1958 950 2054 1006 ab-

455 1045 550 1111 sit,
581 1060 730 1100 aram
754 1055 1024 1101 statueret
1049 1044 1362 1101 simulacris
1389 1087 1402 1110 ,
1457 1055 1515 1101 et
1541 1059 1610 1100 eo
1636 1045 1935 1100 convenire
1961 1057 2055 1098 co-

455 1150 610 1212 geret
639 1140 1002 1206 christianos;
1034 1149 1096 1195 ut
1123 1139 1568 1195 sacriﬁcantibus
1589 1139 1924 1192 interessent
1948 1179 1964 1203 ,
1997 1145 2057 1192 ut

453 1234 704 1305 oppleret
748 1234 1024 1290 anhelitus
1048 1242 1102 1289 et
1131 1248 1226 1289 ora
1272 1233 1508 1288 ﬁdelium
1539 1227 1678 1288 cinis
1695 1243 1764 1288 ex
1805 1245 1899 1288 ara
1925 1271 1942 1300 ,
1971 1230 2054 1286 lit-

463 1325 592 1380 vilia
619 1325 690 1381 de
715 1325 1008 1396 sacrilegio
1032 1367 1048 1392 ,
1099 1324 1283 1380 fumus
1310 1337 1375 1380 es
1401 1325 1566 1380 busto
1595 1341 1608 1377 :
1635 1334 1690 1379 et
1728 1323 1782 1378 in
1811 1337 1876 1378 ea
1904 1323 2054 1378 curia

407 1405 415 1414 ’
454 1422 782 1478 sententiam
809 1420 1053 1487 diceret,
1087 1420 1176 1475 ubi
1210 1418 1380 1490 jurati
1417 1421 1484 1474 ad
1513 1429 1662 1475 uram
1694 1418 1970 1474 simulacri
2002 1418 2055 1472 in

455 1515 786 1572 sententiam
808 1523 1139 1586 cogerentur
1168 1513 1482 1584 (propterea
1519 1513 1664 1568 enim
1697 1511 2060 1582 interpretan-

456 1618 546 1665 tur
573 1623 724 1663 aram
743 1608 1000 1674 locatam,
1023 1616 1083 1662 ut
1104 1607 1224 1678 ejus
1247 1613 1609 1675 sacramento,
1639 1616 1698 1661 ut
1721 1605 1824 1676 ipsi
1846 1613 2055 1678 putant,

461 1703 842 1774 unusquisque
867 1717 1173 1758 conventus
1201 1703 1517 1758 consuleret
1542 1702 1596 1756 in
1630 1701 1901 1767 medium,
1934 1715 2056 1756 cum

2150 665 2390 740 profane:
2427 663 2710 724 deferatur
2759 666 3053 722 voluntatis
3083 661 3353 723 edemus?
3395 662 3536 740 [tunc
3565 665 3693 723 libel-

2151 761 2262 817 lum
2314 772 2418 831 ego
2441 760 2593 816 naui
2621 760 2936 816 clementia:
2967 763 3161 814 vestrte
3191 753 3367 814 direxi
3393 773 3410 824 ;
3441 755 3572 813 unde
3591 767 3698 814 coa-

2152 855 2296 912 stitit
2321 865 2430 911 non
2455 861 2705 910 astratum
2737 851 2940 926 aliquid
2971 852 3038 910 de
3062 851 3460 924 superstitionis
3477 851 3702 922 impensis

2154 950 2445 1006 mandasse
2474 949 2689 1021 legatis.

2228 1044 2317 1101 il.
2348 1041 2456 1101 Sed
2485 1041 2722 1100 fortasse
2755 1041 2974 1100 dicatur
3001 1055 3015 1096 :
3051 1041 3162 1098 Cur
3187 1039 3391 1097 dudum
3425 1053 3527 1095 non
3557 1039 3702 1095 inter-

2154 1137 2358 1196 iuerint
2379 1138 2590 1194 senatui
2613 1179 2629 1206 ,
2657 1132 2781 1194 cum
2829 1137 2932 1192 ista
2973 1133 3325 1209 peterentur?
3351 1133 3494 1192 Satis
3515 1133 3712 1202 loquun-

2157 1241 2244 1289 tur
2278 1232 2410 1304 quid
2455 1233 2662 1298 velint,
2702 1231 2794 1304 qui
2829 1245 2936 1287 non
2977 1229 3379 1286 interfuerunt:
3407 1229 3534 1283 satis
3576 1228 3714 1281 locuti

2158 1337 2284 1384 sunt
2309 1368 2325 1391 ,
2352 1327 2444 1398 qui
2489 1323 2632 1397 apud
2685 1326 3067 1397 imperatorem
3097 1321 3265 1379 locuti
3309 1331 3454 1378 sunt.
3482 1317 3543 1376 Et
3577 1319 3713 1374 mira-

2158 1433 2281 1476 mur
2307 1429 2487 1474 tamen
2516 1417 2560 1474 si
2593 1417 2816 1486 privatis
2861 1415 3150 1474 resistendi
3200 1413 3388 1472 Romae
3429 1413 3644 1483 eripiunt
3663 1413 3716 1466 li-

2158 1514 2428 1571 berlatem
2456 1555 2474 1582 ,
2519 1513 2608 1586 qui
2641 1513 2834 1568 nolunt
2863 1525 2986 1568 esse
3017 1511 3246 1568 liberum
3269 1510 3367 1568 tibi
3393 1523 3502 1568 non
3519 1509 3717 1582 jubere,

2160 1605 2304 1678 quod
2337 1621 2442 1662 non
2469 1606 2692 1677 probas;
2723 1615 2744 1647 ο
2769 1619 3015 1673 servare,
3043 1604 3189 1678 quod
3213 1601 3412 1662 sentis.

2237 1701 2323 1755 i2.
2359 1700 2424 1755 Et
2449 1699 2572 1756 ideo
2593 1710 2805 1756 memor
2829 1696 2858 1736 ἀ
2885 1696 3176 1772 legationis
3211 1697 3459 1770 proxime
3483 1694 3726 1752 mandata:

455 1797 667 1868 majore
692 1797 804 1868 jam
827 1795 980 1852 curia
1005 1797 1428 1852 christianorum
1453 1809 1681 1851 numero
1711 1796 1784 1850 sit
1811 1793 2057 1866 referta),
2092 1791 2140 1860 Β
2167 1793 2321 1860 mihi,
2351 1795 2621 1850 convenio
2649 1795 2846 1850 iterum
2885 1794 3049 1849 ﬁdent
3079 1801 3226 1847 tuam
3253 1831 3270 1859 ,
3301 1789 3565 1846 convenio
3600 1803 3730 1842 mcu-

460 1889 902 1962 persccutionem
933 1903 1058 1946 esse
1085 1890 1334 1944 crederet
1358 1888 1698 1943 christianos
1719 1929 1732 1947 .
1764 1889 1855 1957 qui
1901 1899 2066 1958 coge-

457 1992 611 2039 retur
639 1983 735 2037 tali
779 1983 1002 2050 optione
1046 1982 1114 2037 ad
1166 1991 1413 2036 senatum
1459 1971 1883 2053 venirezsao
1921 1977 2065 2050 quod

461 2075 518 2130 ﬁt
551 2075 906 2145 plerumque;
951 2085 1074 2129 nam
1103 2083 1160 2128 ct
1185 2073 1400 2142 injuriis
1445 2073 1744 2128 convenire
1767 2079 2062 2144 coguntur.

463 2167 541 2224 Te
566 2183 698 2238 ergo
737 2167 1104 2237 imperatore,
1135 2165 1420 2220 christiani
1471 2166 1524 2220 in
1567 2178 1714 2220 aram
1741 2164 1929 2236 jurare
1971 2179 2066 2220 co-

460 2271 662 2333 gentur
681 2261 706 2313 ?
739 2259 882 2328 Quid
913 2268 998 2314 est
1021 2259 1245 2330 jurare,
1286 2260 1392 2315 nisi
1417 2261 1536 2330 ejus
1561 2273 1726 2330 quem
1757 2259 1978 2316 testaris
2005 2259 2069 2313 ii-

463 2353 552 2410 dei
584 2361 692 2410 tute
719 2352 1034 2424 praesulem,
1064 2351 1305 2407 divinam
1339 2353 1636 2422 potentiam
1665 2351 1917 2406 conﬁteri
1941 2351 1964 2405 τ
1992 2348 2072 2406 Te

464 2447 808 2518 imperatore
831 2487 848 2514 ,
901 2446 1006 2500 hoc
1050 2449 1253 2517 petitur
1278 2455 1336 2500 et
1363 2444 1704 2516 poetulatur;
1735 2454 1792 2499 ut
1819 2459 1968 2498 aram
1986 2444 2073 2516 ju-

464 2538 598 2596 beas
623 2539 852 2606 elevari,
887 2547 1159 2608 sumptum
1186 2538 1473 2593 sacriﬁciis
1504 2535 1747 2607 profanis
1769 2535 1932 2591 dari?

543 2633 630 2688 10.
679 2630 786 2687 Sed
818 2629 922 2686 hoc
950 2643 1059 2684 non
1098 2639 1282 2700 potest
1329 2628 1450 2684 sine
1490 2628 1781 2700 sacrilegio
1807 2627 2070 2695 decerni;

477 2725 624 2782 unde
651 2739 785 2796 rogo
803 2732 856 2779 te
878 2739 948 2780 ne
976 2723 1028 2779 id
1046 2723 1338 2789 decernas,
1369 2731 1600 2787 statuas,
1629 2721 1716 2777 vel
1735 2723 1788 2776 in
1809 2721 2076 2792 ejusmodi

470 2821 697 2876 decreta
749 2819 1086 2875 subscrihas.
1139 2817 1422 2874 Convenio
1471 2817 1633 2873 ﬁdem
1676 2827 1822 2872 tuam
1875 2815 2077 2872 Christi

476 2911 777 2970 sacerdos:
810 2928 1002 2968 omnes
1043 2909 1464 2967 conveniremus
1494 2911 1780 2983 episcopi,
1808 2918 1834 2948 ⁸
1865 2911 1970 2965 nisi
1998 2911 2080 2965 in-

475 3006 744 3064 credibile
787 3007 889 3062 hoc
938 3015 994 3062 et
1041 3007 1389 3080 repentinum
1440 3005 1506 3062 ad
1535 3021 1696 3062 aures
1742 3003 2078 3076 pervenisset

475 3101 761 3161 hominum
787 3143 804 3169 ,
833 3099 977 3172 quod
1011 3101 1120 3156 tale
1143 3099 1345 3172 aliquid
1371 3110 1520 3156 esset
1553 3098 1640 3155 vel
1669 3097 1722 3153 in
1749 3096 2080 3153 consistorio

2169 1893 2274 1944 tem
2321 1896 2500 1954 tuam;
2548 1902 2620 1943 ne
2660 1887 2749 1944 vel
2776 1884 3214 1958 respondendum
3242 1883 3540 1942 secundum
3570 1881 3733 1952 hujus-

2165 1982 2311 2040 modi
2365 1981 2680 2055 petitionem
2733 1981 3018 2054 gentilium
3076 1991 3328 2048 censeas,
3371 1978 3459 2035 vel
3535 1974 3586 2034 in
3613 1977 3734 2048 ejus-

2168 2075 2316 2132 modi
2349 2089 2610 2148 responsa
2641 2073 2990 2148 sacrilegium
3015 2069 3442 2145 subscriptionis
3479 2069 3730 2142 adiungas.

2167 2167 2333 2226 Certe
2382 2169 2526 2226 reicr
2572 2167 2638 2225 ad
2687 2177 2965 2242 parentem
3029 2167 3254 2240 pietatis
3303 2175 3414 2223 tua:
3463 2161 3734 2238 principem

2168 2262 2563 2330 Theodosium,
2591 2275 2753 2335 quem
2799 2276 2966 2335 super
2999 2259 3257 2318 omnibus
3303 2259 3421 2318 fere
3470 2257 3737 2330 majoribus

2169 2358 2351 2414 causis
2375 2358 2664 2414 consulere
2682 2355 2985 2415 consuesti.
3002 2351 3150 2412 Nihil
3179 2353 3356 2426 majus
3375 2363 3463 2411 εει
3481 2353 3738 2426 religione,

2172 2449 2310 2507 nihil
2336 2449 2624 2508 sublimius
2649 2447 2777 2507 ﬁde.
3662 2515 3687 2538 κ

2249 2544 2360 2600 12⁸.
2389 2544 2449 2601 Si
2477 2545 2653 2600 civilis
2678 2559 2839 2600 causa
2869 2549 3048 2611 esset,
3078 2539 3314 2599 diversa:
3369 2541 3510 2612 parti
3543 2550 3741 2606 respuit.

2175 2640 2260 2695 sio
2285 2647 2626 2706 servaretur;
2653 2653 2820 2694 causa
2844 2637 3127 2708 religionis
3149 2643 3258 2703 est,
3275 2623 3311 2674 ὀ
3329 2637 3614 2706 episcopus
3633 2647 3744 2688 con-

2179 2731 2356 2788 venio.
2379 2732 2540 2804 οη
2573 2732 2744 2787 Detur
2769 2732 2902 2786 mihi
2923 2729 3235 2802 exemplum
3260 2731 3445 2786 missae
3468 2728 3743 2792 relationis,

2177 2832 2238 2880 ut
2264 2839 2365 2896 rgo
2391 2823 2606 2894 plenius
2641 2822 3038 2892 respondeam;
3067 2833 3130 2878 et
3159 2823 3241 2878 sic
3270 2822 3342 2879 de
3369 2821 3620 2878 clunibus
3637 2835 3744 2874 cott-

2178 2918 2356 2974 sultus
2392 2918 2700 2975 clementia:
2726 2925 2838 2974 tua:
2885 2933 3082 2990 parens
3113 2917 3455 2990 respondere
3499 2916 3739 2989 dignetur.

2179 3009 2342 3070 Certe
2381 3013 2426 3068 si
2458 3013 2604 3069 aliud
2641 3014 2919 3081 statuitur,
2957 3013 3198 3085 episcopi
3235 3013 3344 3070 hoc
3379 3025 3540 3083 inquo
3593 3010 3746 3065 auitae

2181 3109 2291 3177 pati
2332 3118 2388 3162 et
2429 3105 2780 3162 dissimulare
2829 3121 2937 3162 non
2977 3119 3305 3176 possumus;
3345 3103 3534 3162 liceb'n
3581 3103 3665 3158 tibi
3691 3099 3744 3156 ad

476 3203 796 3267 suggestum
831 3202 925 3250 tuo
945 3236 958 3261 ,
996 3193 1088 3249 vel
1117 3209 1148 3248 a
1189 3203 1382 3249 senatu
1425 3193 1673 3262 petitum.
1703 3191 1811 3248 Sed
1842 3190 1987 3247 absit
2017 3201 2073 3246 ut
2099 3191 2146 3256 C
2178 3199 2478 3256 Ecclesia“;
2499 3199 2827 3258 convenire;
2853 3198 2948 3256 sed
2977 3196 3092 3256 mm
3113 3213 3220 3255 ηοη
3247 3198 3498 3256 unum
3519 3195 3747 3254 ,πα-ω.

473 3289 584 3345 hoc
639 3297 862 3345 senatus
914 3289 1118 3358 petisse
1168 3286 1382 3342 dicatur
1412 3305 1424 3340 :
1459 3285 1615 3356 pauci
1650 3285 1887 3357 gentiles
1924 3297 2074 3339 cotu-

473 3382 631 3437 muni
661 3391 886 3437 utuntur
909 3381 1155 3438 nomine.
1179 3379 1312 3436 Nam
1343 3389 1399 3436 et
1421 3389 1548 3436 ante
1571 3381 1850 3436 biennium
1878 3378 2070 3449 ternio,

477 3491 602 3531 eum
633 3477 735 3531 hoc
766 3485 956 3548 petere
985 3484 1261 3532 tentarent
1283 3517 1299 3541 ,
1344 3477 1491 3532 misit
1515 3477 1584 3533 ad
1613 3491 1700 3534 me
1728 3487 1950 3533 sanctus
1973 3459 2076 3533 Da-

477 3583 665 3639 masus
686 3567 949 3623 Romanis
975 3567 1237 3624 Ecclesia:
1263 3568 1542 3636 sacerdos,
1579 3567 1788 3638 judicio
1805 3569 1900 3624 Dei
1930 3569 2075 3626 elec-

477 3667 590 3726 tus,
625 3661 866 3716 libellum
893 3675 1054 3732 quem
1085 3660 1374 3717 christiani
1398 3669 1682 3716 senatores
1708 3659 2000 3728 dederunt,
2023 3673 2078 3719 et

477 3755 697 3828 quidem
717 3757 1010 3825 innumeri,
1038 3759 1380 3830 postulantes
1404 3759 1540 3815 nihil
1558 3773 1618 3815 se
1642 3759 1748 3816 tale
1771 3760 2076 3828 mandasse,

478 3867 590 3908 non
635 3867 944 3924 congruere
979 3853 1265 3925 gentilium
1311 3854 1672 3910 istiusmodib
1702 3856 2079 3926 petitionibus,

477 3958 590 4000 non
621 3945 867 4015 prtebere
907 3961 1235 4004 consensum
1267 3963 1282 4004 :
1315 3947 1494 4019 questi
1525 3949 1688 4004 etiam
1729 3947 1947 4020 publice
1973 3951 2081 4020 prl-

477 4039 756 4111 vatimque
786 4057 846 4096 se
896 4055 1004 4097 non
1061 4051 1430 4098 conventuros
1480 4041 1549 4097 ad
1594 4041 1803 4099 curiam
1831 4083 1847 4111 ,
1883 4041 1931 4097 si
1972 4043 2081 4098 tale

559 4233 580 4263 ⁸
611 4223 748 4300 Hinc
791 4225 1114 4300 conjicimus
1141 4226 1462 4300 relationem
1495 4227 1809 4300 Symmachi
1850 4229 2078 4300 clancuf

433 4314 440 4321 '
481 4295 597 4370 lum
634 4295 950 4366 imperatori
974 4299 1208 4353 oblatam
1231 4315 1352 4354 esse
1375 4341 1388 4366 ,
1415 4295 1578 4370 idque
1609 4299 1858 4355 fortassis
1894 4316 1962 4355 ne
1990 4299 2081 4354 vel

477 4369 750 4438 ’θμίεςορῇ
774 4373 1088 4438 priusquam
1105 4371 1224 4440 ejus
1250 4369 1535 4440 postulatis
1559 4370 1964 4426 Valentinianus
1985 4387 2083 4426 an-

391 4505 396 4510 _
487 4449 706 4502 nueret,
728 4440 1131 4510 interemerant
1164 4442 1295 4498 :vei
1321 4441 1601 4496 christiani
1643 4451 1927 4498 senatores
1952 4459 2084 4499 con-

489 4512 659 4567 trarie
707 4509 893 4584 libello
921 4512 1049 4566 dato
1096 4513 1481 4580 reclamarent,
1512 4513 1652 4581 quod
1689 4513 1800 4584 jam
1832 4512 1886 4570 in
1917 4515 2082 4570 simili

487 4598 651 4653 causa
675 4583 972 4653 contigisse
999 4591 1228 4640 testatur
1253 4584 1593 4640 Ambrosius.

2187 3300 2316 3354 tem,
2349 3299 2442 3346 aut
2464 3289 2712 3346 invenies
2739 3291 3104 3347 resistentem.

2187 3457 2192 3460 ί
2256 3381 2344 3438 η.
2399 3381 2537 3451 Quid
2582 3381 2940 3452 respondebis
2967 3375 3256 3438 sacerdoti
3305 3381 3512 3437 dicenti
3557 3379 3688 3437 tibi:
3733 3378 3750 3416 ί

2181 3475 2406 3532 Munera
2447 3485 2536 3532 tua
2577 3491 2685 3531 non
2725 3476 2919 3546 quaerit
2936 3475 3219 3539 Ecclesia,
3244 3476 3373 3548 quia
3411 3475 3614 3546 (caspia
3647 3488 3759 3547 gen-

2183 3571 2358 3626 tilium
2399 3569 2716 3626 muneribus
2751 3569 3077 3626 adornasti?
3115 3571 3220 3624 Ara
3249 3569 3460 3625 Christi
3511 3570 3647 3624 dona
3683 3577 3757 3624 tu

2181 3669 2425 3739 respuit,
2453 3668 2709 3740 quoniam
2749 3682 2899 3724 erant
2927 3667 3236 3722 simulacn’s
3259 3664 3435 3722 fecisti
3461 3682 3476 3731 ;
3507 3680 3608 3719 vos
3633 3663 3756 3718 eni-

2183 3771 2277 3816 tna
2300 3803 2314 3826 ,
2348 3775 2544 3816 manus
2572 3769 2698 3828 tua;
2727 3769 2784 3814 ct
2813 3759 3144 3830 subscriptio
3171 3769 3258 3814 tua
3274 3797 3292 3824 ,
3321 3773 3465 3829 opus
3489 3766 3580 3814 est
3604 3767 3756 3812 tuum.

2183 3853 2515 3926 Obsequium
2547 3860 2698 3909 tuum
2731 3851 2997 3907 Dominus
3032 3851 3196 3908 Iesus
3221 3859 3446 3908 recusat
3470 3860 3528 3906 et
3552 3849 3759 3921 respuit,

2183 3948 2439 4019 quoniam
2480 3947 2642 4003 idolis
2677 3947 2978 4004 obsecutus
3003 3961 3103 4012 cs;
3136 3945 3273 4002 dixit
3299 3946 3450 4002 enim
3489 3946 3621 4002 tibi:
3659 3941 3762 3998 Non

2183 4042 2398 4116 potestis
2425 4042 2628 4098 duobus
2665 4042 2891 4099 dominia
2917 4043 3112 4098 amere
3137 4040 3361 4113 (Matth.
3393 4057 3482 4110 vt,
3512 4039 3639 4112 35).
3670 4037 3766 4094 Pri-

2183 4229 2326 4285 citur
2373 4243 2482 4284 non
2517 4227 2690 4282 multo
2717 4237 2846 4298 post
2875 4246 2888 4282 :
2920 4228 3206 4286 clementiae
3237 4239 3343 4284 luat
3369 4244 3592 4298 pereas,
3621 4225 3764 4298 dictio

2183 4318 2372 4375 parem
2401 4316 2506 4375 non
2530 4299 2621 4356 hic
2642 4295 2848 4375 natura!
2875 4301 3331 4375 signiﬁcationem
3359 4295 3550 4375 habet,
3581 4299 3668 4354 sed
3689 4295 3769 4350 ho-

2187 4371 2336 4428 noris
2363 4383 2426 4428 a‘c
2478 4371 2896 4428 benevolentim.
2940 4373 3226 4442 Siqttidem
3258 4387 3322 4428 ea
3355 4374 3514 4440 quasi
3547 4382 3771 4428 monetur

2187 4443 2605 4500 Valentinianus
2631 4443 3095 4510 adolescentulus,
3127 4454 3186 4499 et
3209 4442 3391 4499 adhuc
3419 4446 3525 4500 sub
3549 4452 3765 4498 materna

2191 4515 2354 4570 tutelt
2388 4517 2716 4571 constitutus
2736 4556 2752 4581 ,
2785 4525 2843 4570 ttt
2870 4515 3244 4573 Theodosium
3273 4516 3370 4571 lilii
3397 4531 3588 4572 amore
3603 4529 3666 4571 ac
3689 4526 3767 4568 ve-

2193 4588 2476 4642 neratione
2499 4599 2878 4656 prosequatur.

565 4631 753 4708 bMss.
803 4629 1070 4726 a'iiqhbt'?
1087 4629 1828 4728 Ediluini}???prmum
1864 4673 2081 4714 consen-
2112 4629 2168 4702 Ῐ)
2495 4629 3116 4726 iXiéKt'iiiiio'dssuum
3139 4666 3348 4714 tantum
3371 4669 3525 4716 esset
3545 4656 3772 4715 catechu-

490 4741 628 4783 eum.

569 4809 590 4836 ε
623 4797 700 4872 Ita
735 4811 870 4853 mss.
903 4799 1147 4854 melioris
1169 4808 1308 4872 tutuo
1337 4818 1350 4853 :
1383 4801 1610 4856 aliorum
1635 4801 1864 4872 aliqum,
1894 4811 2090 4857 etcum

489 4868 576 4926 his
613 4871 773 4942 cdit.,
803 4885 904 4925 non
947 4887 1150 4942 servare
1171 4871 1309 4942 quod
1337 4889 1440 4926 non
1468 4873 1628 4926 sentis
1659 4889 1679 4928 .t
1709 4868 1901 4941 reliqui
1929 4873 1984 4928 in
2014 4873 2094 4928 lo-

491 4941 680 4998 caudis
707 4942 1088 5013 negationibus
1127 4941 1270 4999 inter
1304 4959 1362 4998 se
1387 4943 1750 5014 dissentiunt,
1797 4945 1896 5002 sed
1929 4960 2094 5015 pravo

491 5029 680 5072 sensu.

564 5082 593 5123 τι
621 5085 971 5154 Legationem
1017 5083 1324 5160 designata
1352 5085 1585 5144 Damaso
1626 5103 1764 5160 papa
1805 5089 1908 5146 sibi
1939 5103 2092 5144 com-

495 5159 743 5230 missam,
769 5167 827 5211 ιιι
844 5158 1212 5230 ίιιθῐηρρμεῳιίιά
1233 5157 1552 5230 Gratianum
1574 5157 1782 5230 ageret,
1811 5176 1878 5216 ne
1897 5169 2092 5216 conce-

495 5229 654 5285 deret
677 5229 948 5296 po.~tulata
984 5227 1309 5284 inﬁdelium.
1348 5228 1464 5282 Non
1495 5227 1640 5286 enim
1669 5232 1746 5288 ita
1770 5233 1934 5298 dicit,
1963 5248 2091 5287 con-

493 5303 639 5356 venio
689 5301 876 5354 iterum
901 5301 1060 5373 ﬁdem
1105 5310 1279 5373 litant,
1313 5301 1470 5373 quasi
1515 5301 1948 5358 Valentinianum
1979 5303 2091 5373 jam

495 5373 873 5444 convenisset,
894 5371 998 5444 sed
1021 5371 1164 5441 quod
1195 5371 1446 5444 ipsejam
1478 5373 1646 5427 semel
1678 5374 1841 5428 simili
1875 5371 2094 5444 provin—

493 5443 600 5511 cia,
621 5445 749 5498 licet
766 5443 908 5509 apud
935 5443 1125 5510 alium,
1141 5443 1434 5498 defunctus
1459 5453 1626 5498 esset.
1649 5443 1740 5500 Sic
1762 5443 1925 5499 etiam
1948 5461 2098 5504 eam—

496 5515 620 5586 dem
667 5515 994 5586 legationem
1039 5517 1270 5586 proxime
1301 5515 1404 5568 sibi
1432 5513 1693 5570 creditam
1723 5516 1828 5579 ait,
1859 5515 2002 5586 quod
2026 5519 2095 5572 ab

2200 4745 2424 4797 melius,
2464 4745 2569 4788 nec
2605 4731 2655 4788 ei
2693 4730 2876 4787 missae
2907 4729 3148 4785 ﬁdelium
3186 4729 3386 4786 adesse
3418 4731 3640 4798 liceret,
3676 4731 3772 4783 hac

2202 4818 2428 4874 munera
2467 4817 2576 4858 non
2620 4813 2848 4874 possunt
2887 4802 3116 4874 intelligi
3154 4801 3226 4874 de
3267 4803 3336 4858 iis
3377 4802 3689 4859 muneribus
3719 4811 3773 4852 ac

2199 4871 2360 4928 donis
2381 4913 2397 4940 ,
2429 4890 2552 4944 qua!
2581 4871 2746 4930 iidem
2778 4873 2967 4930 ﬁdeles
2991 4883 3048 4927 ttt
3067 4871 3142 4930 ex
3171 4873 3280 4928 illis
3303 4890 3334 4930 tt
3361 4875 3644 4930 sacerdote
3663 4884 3774 4944 col]-

2199 4939 2430 5000 sccratis
2448 4939 2921 5002 communicarent
2945 4985 2960 5010 ,
2991 4945 3293 5002 ollerebaut
3317 4961 3332 4998 :
3361 4945 3459 5001 sed
3484 4939 3773 5012 accipienda

2199 5028 2329 5072 sunt
2357 5017 2428 5072 de
2455 5019 2617 5072 variis
2647 5016 2758 5071 illis
2787 5017 3059 5081 donariis,
3089 5031 3214 5088 quae
3245 5017 3312 5071 ad
3350 5017 3670 5086 templorum
3697 5029 3774 5068 or-

2200 5097 2480 5153 namenta,
2507 5089 2707 5144 victum
2735 5089 3130 5154 ministrorum,
3163 5089 3417 5158 aliusque
3441 5089 3642 5144 similes
3664 5099 3775 5140 usus

2197 5159 2479 5232 christiani
2499 5161 2610 5232 jam
2640 5158 2768 5216 inde
2787 5176 2816 5214 a
2839 5161 3032 5229 priscis
3057 5159 3399 5232 temporibus
3421 5159 3774 5232 conferebant.

2201 5229 2354 5286 Unde
2393 5229 2738 5286 Marcellinus
2775 5231 3143 5288 calumniandi
3193 5231 3476 5288 Rotttanos
3515 5229 3775 5302 pontiﬁces

2197 5317 2388 5374 ansam
2417 5303 2720 5370 arripiens,
2755 5305 2952 5374 mirum
2981 5317 3108 5360 esse
3137 5313 3334 5374 negat,
3367 5305 3411 5359 si
3452 5305 3776 5374 pontiﬁcatus

2197 5374 2266 5448 ab
2293 5371 2429 5444 ipsis
2455 5375 2728 5448 ambiatur
2751 5393 2766 5429 :
2811 5371 2938 5448 Cum
2955 5374 3019 5448 id
3041 5371 3251 5448 adepti,
3279 5371 3492 5446 inquit,
3514 5375 3667 5444 interi
3687 5373 3776 5426 sint

2198 5445 2271 5498 ita
2308 5447 2475 5501 securi
2495 5489 2510 5512 ,
2543 5455 2598 5500 ut
2629 5448 2852 5500 ditentur
2879 5445 3232 5502 oblationibus
3266 5445 3652 5510 matronarum,
3677 5452 3773 5499 etc.

2199 5515 2470 5579 Caeterum
2499 5517 2621 5588 quis
2651 5533 2757 5576 non
2785 5517 3011 5574 miretur
3039 5535 3146 5574 non
3179 5518 3346 5574 modo
3371 5532 3536 5588 quam
3565 5515 3778 5588 Ambro-

498 5585 592 5640 illa
612 5585 761 5640 obita
795 5583 932 5660 hanc
957 5583 1130 5642 solam
1152 5587 1484 5660 suscepisset
1499 5583 2005 5660 ,quemadntodum
2022 5589 2099 5644 le-
2203 5589 2320 5660 sius
2359 5603 2468 5658 prie
2505 5583 2568 5644 se
2596 5589 2738 5657 l'ert,
2768 5603 2954 5644 verum
2985 5590 3152 5645 etiam
3180 5605 3346 5660 quam
3377 5583 3436 5658 iit
3463 5587 3777 5660 salientibus

497 5670 621 5728 gem
658 5657 959 5728 proximam
985 5674 1047 5713 ea
1072 5673 1130 5713 re
1150 5659 1218 5714 ab
1251 5659 1370 5728 ipso
1401 5655 1692 5712 Ambrosio
1715 5658 1949 5714 fortasse
1977 5659 2096 5716 die,

420 5777 428 5784 .
500 5722 616 5778 iam
634 5722 904 5800 vidimus,
925 5728 1068 5796 quod
1095 5737 1244 5800 esset
1271 5722 1462 5785 ultima
1499 5729 1700 5786 Juliani
1732 5729 2096 5800 imperatoris.

578 5803 600 5829 ο
634 5793 768 5847 Mss.
797 5793 1024 5864 aliquot,
1054 5799 1320 5870 episcopos
1337 5801 1601 5858 convenio.
1634 5799 1792 5870 Quod
1811 5793 1997 5858 autem
2021 5801 2103 5857 di-
2145 5843 2154 5850 .

2205 5659 2330 5732 aliis
2359 5654 2691 5730 pratiallsisse
2719 5654 2957 5732 testatur
2979 5654 3354 5732 episcopalem
3383 5654 3778 5725 fortitudinem?

2207 5729 2414 5787 Felicia
2441 5739 2682 5803 tempore
2701 5773 2718 5800 ,
2743 5747 2863 5804 qute
2891 5729 3032 5790 tales
3052 5729 3374 5790 sacerdotes
3393 5732 3612 5789 edidere
3635 5731 3651 5786 ι

3779 998 3794 1025 ι
