3996 6292
226 309 334 373 985

1446 311 1928 378 EPISNLARUI!
1968 314 2055 374 CL
2065 309 2256 375 A8818
2294 316 2335 374 l.

3429 315 3533 373 9’6

222 430 420 501 vilegia
452 439 544 487 tua
572 438 803 488 sacratae
835 432 947 489 Deo
971 431 1208 503 virgines
1233 442 1340 486 non
1369 430 1567 488 habent
1592 474 1607 499 ,
1631 443 1684 488 et
1706 434 1831 488 vin-
1857 432 1904 492 Α
2008 426 2096 485 i7.
2141 429 2295 485 Unde
2331 438 2456 485 cum
2494 427 2549 484 id
2589 426 2880 493 advertas,
2916 424 3242 499 Imperator.
3275 426 3390 481 Deo
3429 427 3542 497 pri-

226 524 415 580 dicant
441 526 687 596 virgines
714 525 938 582 Vestae?
964 524 1075 583 Cur
1101 526 1416 583 sacerdotes
1444 526 1536 582 Dei
1568 526 1827 598 requiris,

225 618 428 688 quibus
487 620 781 688 petitiones
832 618 1090 689 profanas
1142 620 1434 691 gentilium
1491 620 1832 689 praetulisti?
1893 600 1899 605 ’

226 709 405 766 Alieni
445 712 654 766 erroris
690 711 1011 768 societatem
1050 713 1332 779 suscipere
1370 726 1479 767 nou
1518 724 1827 782 possumus.

302 802 389 856 15.
431 801 572 869 Quid
604 804 962 874 respondebis
995 805 1078 860 his
1107 805 1327 861 verbis?
1358 805 1594 862 Puerum
1622 819 1747 861 esse
1778 815 1831 859 te

228 892 477 962 lapsum?
506 896 699 951 Omnis
736 905 873 951 tetas
911 896 1150 966 perfecta
1182 905 1209 934 ι
1237 895 1461 952 Christo
1494 905 1620 963 est;
1651 897 1844 954 omnis

127 1037 149 1053 η
229 987 343 1043 1)εο
395 988 576 1058 plena.
633 989 874 1045 Pueritia
930 989 1054 1045 iidei
1107 1005 1214 1045 non
1264 990 1567 1061 probatur:
1620 990 1831 1060 parvuli

224 1081 390 1137 etiam
428 1062 706 1138 Christum
735 1083 1006 1155 intrepido
1035 1082 1299 1140 adversus
1329 1093 1709 1155 persecutores
1734 1098 1832 1141 ore

225 1175 462 1232 confessi
494 1184 646 1232 sunt.

178 1304 204 1325 ρ
302 1272 389 1329 16.
432 1274 572 1342 Quid
623 1273 985 1344 respondebis
1026 1288 1294 1346 germano
1331 1274 1466 1330 tuo?
1502 1272 1696 1331 Nonne
1734 1274 1829 1330 tibi

227 1366 404 1422 dicet:
438 1367 651 1422 Victum
694 1383 782 1424 me
818 1382 945 1425 esse
982 1383 1087 1424 non
1127 1366 1334 1425 credidi
1362 1402 1375 1433 ,
1404 1371 1529 1439 quia
1570 1378 1624 1426 tte
1662 1369 1834 1439 impe-

226 1468 466 1514 ratorem
504 1460 742 1531 reliqui:
785 1462 925 1516 mori
966 1476 1073 1515 non
1104 1461 1286 1529 dolui,
1321 1462 1446 1531 quia
1476 1470 1527 1517 te
1558 1461 1830 1518 hteredcm

226 1549 492 1606 habebam
520 1571 533 1609 :
578 1552 812 1622 imperio
842 1569 929 1609 me
958 1553 1229 1609 decedere
1258 1568 1367 1608 non
1398 1554 1673 1624 ingemnl;
1708 1556 1830 1625 quia

223 1643 453 1714 imperia
487 1660 604 1701 mea
627 1680 643 1711 ,
675 1645 983 1715 praesertim
1014 1645 1087 1701 de
1115 1646 1382 1717 religione
1408 1646 1627 1709 divina,
1655 1645 1832 1702 omnl-

222 1734 330 1791 bus
354 1737 573 1793 saeculis
598 1752 852 1795 mansura
876 1739 1209 1795 credebam?
1236 1738 1346 1795 ﬂos
1369 1755 1500 1811 ergo
1523 1738 1711 1796 titulus
1728 1741 1832 1811 pira

224 1828 445 1884 virtutis
486 1845 773 1887 erexeram
802 1868 817 1895 ,
857 1831 959 1886 has
995 1830 1065 1887 de
1102 1833 1306 1887 saeculo
1345 1835 1632 1889 manubias
1658 1874 1673 1897 ,
1718 1833 1834 1889 haec
1865 1824 1911 1886 Β

222 1921 402 1991 spolia
442 1921 512 1976 de
552 1923 808 1987 diabolo,
853 1925 951 1980 has
989 1940 1094 1995 ego
1132 1925 1204 1980 de
1241 1924 1562 1981 adversario
1591 1928 1834 1982 omnium

224 2014 464 2071 exuvias
501 2015 797 2073 oil‘erebam
820 2058 835 2080 .
875 2018 931 2073 in
969 2019 1165 2089 quibus
1204 2027 1408 2074 πίει-ηπ
1449 2020 1676 2075 victoria
1731 2024 1836 2077 est.

221 2105 370 2172 Quid
416 2107 547 2163 mihi
588 2109 713 2179 plus
755 2112 931 2179 potuit
973 2127 1128 2167 meus
1167 2111 1342 2167 hostis
1378 2112 1630 2168 auferret
1660 2114 1838 2169 Abro-

221 2199 364 2268 gasti
404 2199 625 2255 decreta
666 2216 827 2257 mea:
868 2203 1012 2273 quiod
1055 2203 1233 2259 adhuc
1274 2204 1369 2260 ille
1405 2205 1497 2275 qui
1529 2217 1719 2260 contra
1751 2219 1837 2261 me

224 2290 437 2369 levavit
469 2307 620 2347 arma
649 2333 666 2357 ,
707 2310 813 2348 non
855 2292 1008 2350 fecit:
1050 2295 1208 2351 Nune
1244 2297 1465 2366 gravius
1505 2297 1676 2352 telum
1715 2312 1839 2354 cor-

224 2398 364 2454 pore
395 2386 635 2455 recipio,
666 2387 814 2457 quod
839 2400 868 2439 a
901 2387 1075 2443 fratre
1103 2402 1224 2443 mea
1253 2397 1454 2442 statuta
1483 2388 1832 2445 damnantur.

223 2478 454 2535 Meliore
480 2490 635 2550 parte
662 2480 768 2535 ιιιεί
797 2481 940 2551 apud
970 2488 1023 2536 te
1052 2481 1366 2550 periclitor;
1397 2480 1486 2537 illa
1514 2485 1660 2538 enim
1686 2496 1838 2539 mors

226 2572 480 2641 corporis
502 2612 517 2636 ,
549 2572 653 2627 ista
683 2573 899 2627 virtutis
927 2581 1033 2628 est.
1071 2573 1222 2628 Nune
1251 2572 1384 2629 mihi
1412 2573 1706 2647 abrogatur
1734 2577 1834 2630 im-

225 2668 469 2737 perium,
498 2673 556 2721 et
583 2666 728 2736 quod
757 2674 844 2722 est
867 2668 1110 2739 gravius,
1139 2668 1436 2740 abrogatur
1462 2684 1494 2724 a
1521 2672 1650 2737 tuis,
1678 2672 1840 2726 abro-

223 2768 392 2830 gatur
417 2774 447 2813 a
474 2757 651 2814 meis:
680 2769 737 2815 et
763 2758 817 2814 id
837 2759 1155 2831 abrogatur,
1176 2760 1320 2832 quod
1346 2763 1400 2816 in
1430 2776 1517 2818 me
1536 2763 1703 2818 etiam
1732 2765 1838 2820 mei

227 2852 536 2908 adversarii
577 2852 963 2922 praedicarunt.
995 2853 1051 2910 Si
1082 2854 1274 2910 volens
1298 2855 1620 2924 acquievisti
1642 2896 1658 2923 ,
1682 2856 1840 2912 dam—

227 2946 377 3002 nasti
418 2945 580 3002 fidem
620 2960 846 3003 meam:
900 2948 947 3002 si
1001 2947 1203 3004 invitus
1247 2949 1500 3014 cessisti,
1552 2949 1838 3020 prodidisti

227 3048 406 3096 tuam.
442 3040 621 3111 Ergo,
654 3041 799 3112 quod
832 3042 1055 3113 gravius
1093 3048 1215 3109 est,
1257 3054 1313 3098 et
1350 3043 1405 3098 in
1443 3054 1498 3099 te
1538 3044 1835 3115 periclitor.

304 3137 422 3193 ιδο.
462 3137 603 3204 Quid
628 3138 995 3207 respondebis
1016 3139 1182 3195 etiam
1215 3141 1390 3209 patri,
1424 3141 1515 3209 qui
1549 3148 1601 3194 te
1633 3140 1842 3212 maiore

228 3229 436 3285 dolore
469 3231 759 3286 conveniet
786 3271 801 3295 ,
841 3231 1072 3286 dicens:
1114 3230 1192 3286 De
1222 3246 1343 3296 me,
1376 3230 1451 3285 illi
1472 3270 1488 3297 ,
1517 3230 1687 3305 διε
1718 3246 1842 3303 pes-
1867 3224 1912 3286 C

231 3321 378 3375 sime
402 3320 659 3391 iudicasti
681 3363 697 3388 ,
730 3323 818 3391 qui
854 3322 1052 3392 putasti
1084 3322 1227 3391 quod
1256 3338 1359 3393 ego
1386 3322 1684 3393 gentilibus
1712 3339 1844 3379 con-

229 3414 535 3470 niventiam
564 3417 985 3488 praestitissem:
1018 3430 1179 3471 nemo
1208 3416 1275 3471 ad
1307 3431 1394 3472 me
1414 3414 1444 3455 δ
1467 3416 1667 3473 detulit
1685 3430 1842 3473 aram

231 3526 361 3569 esse
401 3513 457 3568 in
499 3513 589 3568 illa
624 3513 867 3569 Romana
897 3515 1088 3581 curia;
1124 3520 1418 3586 numquam
1446 3520 1656 3570 tantum
1690 3514 1843 3571 nefas

230 3606 486 3676 credidi,
520 3608 663 3680 quod
696 3608 749 3667 in
781 3610 1058 3666 communi
1089 3607 1184 3665 illo
1212 3602 1636 3665 christianorum
1667 3611 1844 3683 genti-

228 3702 486 3773 liumque
511 3702 746 3759 concilio
775 3702 1146 3759 sacriﬁcarent
1172 3702 1434 3774 gentiles,
1470 3703 1576 3759 hoc
1604 3714 1725 3771 est,
1760 3706 1842 3762 in—

228 3797 509 3852 sultarent
541 3797 775 3868 gentiles
814 3799 1177 3868 pra'sentibus
1214 3797 1559 3867 christianis,
1592 3806 1649 3857 et
1688 3798 1847 3856 inviti

229 3889 527 3946 christiani
569 3890 836 3947 interesse
876 3891 1163 3949 sacriﬁciis
1201 3903 1549 3965 cogerentur.
1593 3890 1758 3950 Multa
1790 3904 1846 3951 et

227 3982 462 4041 diversa
499 3984 770 4050 crimina,
822 4000 909 4040 me
956 3985 1292 4055 imperante.
1341 3986 1634 4042 commissa
1681 3996 1844 4052 sunt,

229 4078 386 4135 ultus
440 4092 564 4133 sum
613 4092 973 4149 quaecumque
1022 4086 1148 4133 sunt
1196 4078 1580 4148 deprehensa:
1632 4078 1679 4137 si
1727 4081 1850 4154 quis

233 4180 373 4227 tunc
416 4170 612 4236 latuit,
655 4168 818 4228 debet
857 4186 987 4245 ergo
1026 4173 1211 4231 dicere
1252 4186 1337 4230 me
1379 4175 1674 4246 probasse,
1707 4177 1851 4250 quod

232 4263 305 4320 ad
350 4280 447 4320 me
488 4280 649 4321 nemo
691 4264 1007 4322 detulerat?
1046 4254 1125 4324 De
1164 4284 1251 4324 me
1289 4272 1522 4339 pessime
1542 4270 1845 4342 iudicasti,

228 4359 280 4415 si
329 4360 475 4414 mihi
514 4358 841 4429 superstitio
878 4358 1095 4427 aliena,
1137 4372 1247 4416 nou
1288 4361 1424 4419 tides
1461 4376 1581 4419 mea
1613 4364 1850 4421 servavit

228 4450 562 4524 imperium.

1937 538 2084 577 mum
2116 560 2130 583 .
2174 520 2372 577 deinde
2420 519 2558 589 patri
2603 529 2657 576 ct
2705 518 2856 575 ii'att'i
2906 519 3139 590 injurias
3185 519 3449 589 irrogari,
3495 521 3538 575 si

1931 615 2062 687 quid
2100 616 2208 669 tale
2240 615 2547 679 decernas;
2594 620 2721 683 peto
2759 623 2819 668 ut
2859 613 2910 669 id
2955 614 3155 679 iacias,
3199 614 3343 685 quod
3376 614 3536 669 saluti

1932 719 2041 767 tua:
2070 709 2211 781 apud
2242 709 2415 765 Deum
2443 708 2705 781 intelligis
2735 707 3101 779 profuturum.

2010 858 2032 886 ε
2067 832 2374 902 RELATIO
2412 834 2772 933 SYMMAQHI
2826 842 3029 904 URBIS
3073 836 3465 901 PBEFECTI.

1936 959 2344 1033 Imperatoribtts
2369 962 2629 1033 supplicat
2653 968 2863 1016 senatus
2890 960 3125 1027 nomine,
3153 970 3208 1015 at
3238 970 3430 1015 ueteres
3458 976 3541 1015 re-

2005 1056 2221 1128 ligiones
2249 1058 2621 1121 instaurentur,
2650 1070 2715 1108 ac
2750 1063 3014 1126 reparetar
3049 1069 3142 1108 ara
3179 1042 3453 1120 Victoria,
3485 1062 3541 1105 ut

2005 1145 2076 1200 ad
2112 1163 2226 1204 eam
2254 1147 2636 1221 jusjurandum
2672 1146 2912 1218 exigatur
2949 1160 3091 1200 more
3133 1146 3388 1216 antiquo;
3433 1160 3537 1200 non

2006 1241 2140 1296 enim
2171 1242 2458 1314 superiora
2488 1240 2743 1313 principes
2769 1242 2825 1294 in
2849 1256 2908 1295 eo
2934 1238 3243 1304 imitandos,
3271 1239 3406 1305 quod
3430 1254 3539 1294 eam

2006 1337 2282 1403 sustulere,
2307 1336 2399 1392 sed
2425 1335 2481 1389 in
2507 1351 2567 1390 eo
2595 1334 2736 1403 quod
2759 1333 2892 1389 alios
2919 1335 3049 1388 ritus
3071 1349 3175 1388 non
3202 1332 3539 1388 sustulerunt.

2008 1429 2125 1484 Hoc
2162 1428 2226 1485 ob
2256 1430 2331 1484 eis
2363 1427 2582 1484 Romam
2608 1444 2816 1499 poscere
2834 1468 2852 1495 ,
2881 1438 2930 1483 et
2956 1431 3188 1501 profecto
3216 1430 3326 1483 sine
3353 1427 3543 1481 damno

2007 1525 2180 1580 terarii
2219 1526 2429 1580 concedi
2469 1540 2655 1593 posse:
2693 1525 2926 1595 iniquum
2964 1533 3137 1577 autem
3183 1522 3317 1577 illud
3352 1522 3544 1576 haben-

2008 1618 2149 1686 dum,
2175 1616 2311 1688 quod
2338 1617 2470 1671 bona
2492 1617 2589 1672 sibi
2615 1616 2785 1689 legata
2804 1614 3039 1671 Vestales
3052 1615 3186 1669 sacri
3195 1615 3380 1684 [icique
3400 1613 3546 1668 adire

2007 1710 2412 1783 prohibeantur:
2449 1726 2607 1781 quam
2642 1726 2753 1766 rem
2789 1709 2866 1763 dii
2904 1709 3001 1763 ulti
3040 1707 3289 1762 dicuntur
3318 1707 3547 1761 immissa

2008 1809 2166 1876 fama.
2197 1802 2372 1876 Negat
2403 1804 2625 1875 denique
2651 1802 2931 1858 dicendum
2950 1841 2967 1868 ,
2999 1801 3138 1871 quod
3174 1800 3335 1872 petit,
3365 1816 3543 1870 sump-

2012 1909 2123 1954 tam
2150 1898 2451 1969 publicum:
2474 1908 2523 1954 et
2552 1899 2840 1953 oratiouna
2865 1895 3184 1952 cohortando
3209 1895 3544 1965 imperatores

2010 1991 2081 2045 ad
2106 1989 2373 2063 postulata
2400 1991 2497 2047 sibi
2526 1990 2829 2061 prastanda
2856 1988 3074 2044 claudit.

2013 2129 2065 2185 1.
2098 2126 2241 2186 tUbi
2273 2129 2505 2199 primum
2534 2132 2757 2183 senatus
2784 2124 3153 2197 amplissimus
3174 2167 3187 2188 ,
3218 2124 3544 2195 scalpri-due

1941 2230 2140 2286 vester,
2174 2222 2424 2291 subjecta
2453 2216 2663 2291 legibus
2696 2219 2824 2273 vitia
2855 2217 3148 2288 cognovit,
3181 2218 3237 2273 et
3274 2230 3302 2269 a
3332 2215 3539 2288 princi-

1940 2317 2101 2384 pibus
2130 2316 2233 2385 piis
2273 2312 2407 2369 vidit
2447 2310 2667 2385 purgari
2696 2313 2894 2368 famam
2928 2311 3303 2382 proximorum
3336 2318 3548 2378 tempo-

1938 2422 2061 2462 rum
2083 2450 2097 2474 ,
2131 2404 2259 2463 boni
2286 2405 2472 2463 seculi
2500 2406 2882 2462 auctoritatem
2911 2415 3154 2467 secutus,
3184 2406 3428 2461 evomuit
3452 2403 3546 2459 diu

1942 2508 2189 2570 pressum
2229 2496 2515 2567 dolorem,
2559 2502 2723 2569 atque
2761 2494 2787 2535 δ
2828 2498 3026 2553 iterum
3069 2508 3156 2553 me
3196 2497 3545 2567 querelarum

1938 2602 2158 2648 suarum
2180 2591 2345 2662 jussit
2367 2602 2492 2648 esse
2518 2593 2752 2663 legatum
2782 2607 2796 2645 :
2822 2600 2845 2630 ο
2870 2590 2954 2648 cui
2989 2590 3112 2648 ideo
3142 2591 3250 2648 divi
3284 2592 3547 2665 principis

1940 2686 2205 2759 denegata
2246 2692 2327 2744 est
2369 2687 2439 2742 ab
2469 2686 2736 2758 improbis
2780 2686 3061 2743 :ttidientia
3114 2686 3237 2758 quia
3281 2702 3390 2741 non
3433 2694 3551 2743 erat

1935 2779 2146 2851 iustitia
2174 2776 2456 2847 defutura,
2489 2776 2695 2836 domini
2728 2778 3094 2851 imperatores
3125 2774 3511 2836 Valentiniano
3534 2821 3549 2845 ,

1939 2870 2252 2938 Theodosi,
2286 2878 2341 2929 et
2381 2870 2575 2928 Arcadi
2609 2870 2837 2942 inclyti,
2881 2867 3117 2928 victores
3155 2886 3219 2927 ac
3250 2866 3549 2945 triumpha-

1942 2968 2126 3028 tores,
2157 2970 2379 3036 semper
2404 2963 2644 3035 augusti.

2012 3057 2069 3111 9.
2099 3074 2120 3110 ι
2143 3056 2375 3113 Gemino
2403 3057 2568 3128 igitur
2599 3057 2814 3112 iunctus
2844 3055 3056 3124 ofﬁcio,
3088 3064 3144 3112 et
3174 3060 3234 3111 ut
3262 3055 3551 3126 praefectus

1945 3158 2125 3205 vester
2151 3158 2302 3222 gesta
2330 3146 2549 3221 publica
2582 3158 2910 3222 prosequor,
2940 3152 2995 3206 et
3022 3158 3082 3205 ut
3109 3150 3320 3220 legatus
3350 3151 3551 3207 civium

1950 3242 2202 3299 mandata
2239 3240 2593 3300 commendo.
2632 3242 2793 3299 Nulla
2824 3254 2906 3299 cst
2934 3242 3028 3299 hic
3055 3243 3326 3301 dissensio
3359 3244 3552 3302 volun-

1949 3344 2119 3390 tatum
2148 3353 2161 3401 ;
2193 3335 2319 3406 quia
2348 3335 2459 3404 jam
2492 3335 2719 3391 credere
2761 3336 3010 3390 homines
3043 3325 3325 3392 desierunt
3362 3336 3381 3375 ί
3416 3339 3556 3394 auli-

1948 3436 2136 3483 corum
2176 3440 2237 3483 se
2274 3427 2460 3483 studio
2498 3434 2799 3499 prta-stare,
2841 3428 2889 3484 si
2927 3428 3262 3500 discrepent.
3322 3428 3510 3486 Alnari
3533 3474 3549 3500 ,

1945 3523 2093 3590 coli,
2124 3520 2312 3594 diligi,
2347 3519 2523 3592 majus
2552 3520 2782 3592 iiupcrio
2813 3531 2916 3578 est.
2958 3520 3092 3591 Quis
3130 3520 3268 3579 lerat
3307 3522 3553 3582 obfuisse

1947 3617 2264 3687 reipublicm
2301 3617 2510 3688 privata
2550 3618 2894 3674 certamina?
2934 3618 3126 3674 hiet-ito
3165 3619 3293 3675 illos
3332 3632 3553 3679 senatus

1947 3709 2275 3781 insequitur,
2305 3708 2397 3780 qui
2426 3710 2725 3781 potentiam
2755 3724 2909 3766 suam
2939 3710 3096 3767 fama:
3122 3713 3385 3787 principis
3413 3722 3555 3787 pra:-

1943 3798 2205 3857 tulerunt.

2018 3895 2072 3950 5.
2104 3914 2123 3949 ι
2153 3895 2350 3951 Noster
2373 3904 2553 3951 autem
2574 3895 2731 3952 labor
2754 3911 2853 3967 pro
2877 3890 3171 3953 clementia
3201 3908 3380 3955 vestra
3408 3900 3560 3957 ducit

1948 3988 2225 4045 excubias.
2254 3988 2425 4062 829
2441 3989 2542 4044 Cui
2572 3990 2717 4045 enim
2743 3991 2918 4061 magis
2954 3991 3263 4046 commodat
3289 3993 3434 4061 quod
3474 3994 3556 4047 in-

1950 4083 2138 4139 stituta
2178 4082 2472 4154 majorum,
2512 4084 2655 4156 quod
2682 4085 2867 4157 patria:
2904 4084 3026 4156 jura
3069 4094 3123 4142 et
3163 4084 3270 4141 fata
3310 4084 3557 4143 delendi-

1958 4190 2080 4231 mus
2102 4216 2116 4239 .
2146 4191 2307 4247 quam
2343 4185 2650 4246 temporum
2676 4176 2903 4247 gloria:
2935 4193 3055 4247 quae
3085 4186 3197 4232 tum
3230 4179 3405 4248 major
3432 4189 3555 4246 est,

1955 4282 2083 4324 eum
2119 4269 2501 4350 vobis'contra
2543 4284 2750 4325 morem
2789 4281 3073 4341 parentum
3126 4271 3431 4342 iutelligitis
3480 4271 3556 4327 nil

1955 4360 2169 4417 licere?
2213 4360 2533 4432 Repetimus
2580 4358 2749 4433 igitur
2798 4360 3123 4434 religionum
3173 4369 3411 4433 statum,
3466 4364 3561 4435 qui
3637 4382 3647 4391 ’

1956 4455 2270 4527 [εἰρυωίεε
2300 4446 2393 4513 diu
2425 4455 2647 4528 proluit.
2689 4454 2850 4512 Certe
2884 4466 3242 4512 numerentur
3282 4458 3558 4528 principes

313 4583 342 4611 α
383 4573 597 4649 Omnes
636 4573 768 4649 edit.
798 4588 861 4649 ac
880 4575 1079 4649 plures
1104 4587 1237 4630 mss.
1261 4614 1275 4640 ,
1306 4574 1516 4631 Chﬁsto
1544 4586 1637 4631 est.
1671 4577 1855 4633 (tinnis
1882 4581 1938 4643 D
1959 4588 2120 4647 quam
2142 4575 2403 4631 facillime
2429 4573 2837 4649 revincendam.
2871 4570 3092 4649 Etgsane
3122 4587 3176 4629 ut
3208 4573 3383 4630 eidem
3415 4578 3564 4649 ptin-

232 4645 355 4701 Deo
384 4647 545 4712 plena
571 4647 792 4716 pueritia
815 4646 937 4717 ﬁdei
968 4648 1366 4718 comprobatur:
1392 4663 1453 4702 ac
1484 4649 1662 4704 locum
1694 4650 1855 4705 iit-HS
1962 4645 2067 4718 cipi
2095 4650 2349 4718 ignorare
2378 4663 2487 4701 non
2513 4645 2728 4703 licuerit
2762 4647 2901 4700 hanc
2940 4646 3087 4701 illam
3127 4662 3275 4701 arant
3316 4649 3369 4702 in
3410 4645 3561 4706 curia

231 4719 548 4790 restituere
572 4714 706 4773 cod.
752 4714 933 4785 θεὴ,
966 4718 1202 4784 Tutiam,
1235 4714 1370 4790 Reg.
1403 4728 1457 4774 et
1483 4718 1668 4775 Carpi:
1704 4731 1758 4775 ut
1801 4723 1854 4777 in

232 4798 418 4845 textu.
456 4788 538 4843 lbi
568 4803 746 4845 autem
778 4790 1008 4847 observa
1042 4805 1149 4843 non
1201 4788 1487 4845 obscuraut
1531 4792 1855 4848 allusiunem

235 4861 306 4914 ad
346 4864 669 4936 Apostolicu
704 4862 792 4936 illa
827 4860 849 4915 1
877 4859 1001 4915 Cor.
1035 4874 1151 4919 xtv.
1182 4860 1253 4915 20
1280 4880 1306 4936 :_
1330 4861 1511 4917 Noﬁte
1538 4864 1686 4932 pueri
1718 4864 1859 4936 efﬁci

232 4932 522 5005 sensibus,
552 4944 661 4989 etc.
690 4935 1071 5003 Opportunum
1100 4946 1265 5005 porro
1292 4932 1396 4988 hoe
1416 4941 1633 5000 tempus
1661 4932 1855 5005 pagani

230 5004 305 5058 ad
328 5017 623 5058 sacrorum
644 5005 995 5061 obtinendam
1020 5003 1418 5059 restitutionem
1441 5006 1684 5062 arbitrati
1709 5003 1855 5074 sunt,

232 5089 351 5129 non
386 5076 573 5129 solum
611 5088 833 5147 propter
868 5077 1216 5149 imperatoris
1250 5076 1530 5149 pueritiam
1564 5092 1661 5148 per
1690 5092 1853 5149 quam

232 5150 500 5217 regimen
531 5162 655 5203 esse
680 5151 966 5203 consuevit
989 5147 1262 5203 debilius:
1295 5148 1391 5202 sed
1416 5159 1472 5203 et
1497 5147 1719 5217 propter
1746 5147 1856 5205 bia-

234 5219 459 5274 ximum
517 5228 838 5288 tyrannum,
886 5235 918 5273 a
966 5234 1078 5291 quo
1115 5218 1284 5273 italia:
1321 5226 1606 5275 cruentum
1650 5220 1855 5276 bellum

235 5288 602 5343 imminebat:

235 5292 602 5345 imminebat:

312 5359 343 5400 ι)
388 5361 669 5417 Bardnius
697 5361 763 5416 ad
794 5375 883 5416 an.
910 5362 1011 5416 3'“
1044 5361 1162 5417 inec
1190 5361 1355 5417 verba
1384 5365 1555 5433 magis
1581 5358 1859 5420 rhetorico

234 5431 465 5502 impetu
498 5433 566 5485 ad
596 5434 965 5518 deliniepdum
998 5433 1361 5518 Yalerttiniani
1395 5431 1548 5518 pueri
1576 5436 1823 5518 militum
1844 5477 1858 5501 ,

234 5519 410 5572 quam
436 5520 513 5560 ex
540 5505 763 5560 veritate
783 5504 929 5560 dicta
956 5507 1250 5560 existimat.
1284 5504 1567 5562 Seniorem
1591 5506 1735 5560 enim
1770 5506 1859 5561 illa

236 5576 515 5647 ignorare
546 5588 652 5630 non
682 5578 958 5642 potuisse:
988 5591 1090 5632 nec
1112 5582 1245 5631 sane
1269 5577 1469 5632 mirum
1489 5618 1503 5643 ,
1530 5579 1577 5632 si
1604 5576 1860 5632 dissimu-

239 5647 377 5720 larit
402 5686 418 5708 ,
451 5647 772 5720 cum__legea
809 5647 970 5720 etiam
1010 5649 1436 5717 promutgaverit
1470 5662 1572 5720 pro
1609 5648 1863 5703 libertate

241 5719 501 5791 ethnica:
536 5716 835 5791 religionis.
864 5718 972 5774 Sed
1003 5716 1135 5788 pace
1165 5716 1298 5791 tanti
1344 5719 1443 5775 viri
1464 5716 1490 5787 ,⁷
1521 5730 1861 5791 nequaquam

242 5790 478 5844 videtur
507 5782 811 5858 prudentia:
830 5828 843 5851 ,
875 5803 978 5858 qna
1006 5782 1126 5843 erat
1153 5782 1507 5858 Ambrosius,
1539 5782 1629 5845 illa
1662 5782 1865 5847 dixisse

243 5855 835 5932 quorum’l‘alsitatem
876 5855 983 5914 uua
1022 5860 1259 5916 nesciret
1296 5862 1411 5917 fore
1446 5855 1516 5917 ab
1554 5860 1865 5917 adversario

1964 4723 2194 4791 positum
2235 4719 2444 4785 iiiisse,
2475 4720 2923 4791 maximetamen
2956 4719 3219 4791 credibile
3249 4728 3333 4772 εει
3370 4720 3439 4775 de
3477 4737 3566 4775 sa-

1961 4788 2185 4849 criﬁciis
2206 4833 2219 4855 ,
2246 4791 2444 4860 quibus
2471 4789 2672 4845 ibidem
2703 4788 2992 4856 interesse
3030 4788 3388 4860 adigebantur
3418 4794 3565 4847 chri-

1958 4863 2142 4928 Siizmi,
2170 4862 2682 4934 dequejuramentis
2704 4874 2832 4934 qua:
2857 4864 2927 4917 ab
2952 4862 3037 4915 his
3065 4863 3560 4934 exigerexsolchant

1961 4935 2214 4991 inﬁdeles
2234 4976 2249 5000 ,
2278 4934 2344 4986 ad
2368 4938 2493 4988 bunt
2524 4932 2656 4986 nihil
2684 4932 2928 4988 delatum
2955 4946 3097 4989 esse.

2037 5015 2059 5074 ς
2099 5005 2311 5074 Scripta
2342 5016 2485 5058 anno
2509 5003 2635 5059 584.

2033 5073 2061 5113 ἀ
2101 5062 2372 5131 Discimns
2394 5092 2460 5130 ex
2488 5074 2571 5130 his
2596 5077 2775 5148 verbis
2800 5076 3051 5131 eumdem
3081 5074 3464 5148 Symmachum
3492 5062 3560 5133 ab

1960 5149 2195 5206 ethnicis
2224 5148 2573 5203 senatoribus
2601 5158 2729 5203 ante
2759 5146 3039 5204 biennium
3080 5146 3309 5200 eiectum
3352 5148 3520 5204 luisse
3542 5191 3559 5216 ,

1961 5231 2020 5278 ut
2040 5234 2332 5275 sacrorum
2372 5234 2597 5274 suorum
2637 5219 2890 5276 obtinere
2927 5217 3371 5274 ilISlauralittltt'tlt
3399 5222 3563 5274 cnna-

1961 5301 2152 5348 retur:
2182 5290 2251 5346 de
2281 5307 2383 5361 qua
2412 5289 2738 5362 Ambrosius
2767 5292 3036 5362 superiOri
3065 5290 3225 5360 epist.
3256 5298 3407 5346 num.
3434 5290 3520 5362 12.

2039 5372 2064 5401 ο
2103 5363 2203 5417 Cui
2238 5360 2354 5417 ideo
2385 5361 2489 5416 divi
2503 5363 2771 5435 principis
2802 5404 2815 5418 .
2948 5370 3149 5435 semper
3174 5364 3381 5435 angusti
3403 5404 3416 5428 ,
3446 5360 3565 5419 iure

1965 5444 2077 5491 tota
2115 5435 2374 5505 pericope
2414 5436 2464 5489 in
2502 5433 2666 5488 Rom.
2708 5433 2839 5489 edit.
2868 5433 3113 5503 iugulata
3138 5433 3264 5505 est:
3300 5449 3419 5502 qum
3450 5446 3559 5490 non

1968 5503 2148 5563 solum
2189 5507 2242 5560 in
2284 5506 2409 5560 aliis
2445 5506 2579 5561 edit.
2621 5506 2941 5575 cunctisque
2970 5518 3103 5575 mss.
3136 5503 3432 5575 invenitur,
3468 5510 3561 5561 vt:-

1968 5592 2088 5633 rum
2118 5579 2283 5634 etiam
2317 5576 2625 5631 libellorum
2657 5576 2958 5645 supplicum
2989 5574 3218 5629 formula
3258 5580 3396 5629 erat.

2044 5650 2065 5687 ί
2110 5648 2188 5704 ita
2226 5662 2357 5703 mss.
2400 5658 2455 5702 et
2491 5646 2650 5701 Rom.
2694 5646 2827 5701 edit.
2864 5645 3085 5700 Amcrb.
3112 5658 3274 5711 vero,
3317 5647 3470 5703 liras.
3502 5666 3565 5707 ac

1970 5720 2126 5787 Gill.,
2154 5719 2362 5775 cmleie
2388 5718 2669 5774 desierunt.
2698 5710 3007 5787 Aliquorum
3030 5710 3454 5787 ministriregtrm
3479 5723 3569 5778 σος.

1970 5785 2164 5865 genter
2191 5789 2372 5865 studio
2400 5804 2475 5865 se.»
2505 5794 2769 5865 ητωιςᾳγε.
2804 5788 2899 5865 At‘
2927 5785 3064 5843 inl'ra
3118 5797 3228 5845 vet.
3278 5785 3409 5845 edit.
3442 5794 3568 5850 eum

1969 5854 2103 5917 inse.
2135 5860 2297 5930 iunge
2320 5854 2603 5928 plurimis,
2637 5856 2766 5926 jura
2795 5869 2840 5913 et
2868 5854 3024 5929 ﬁcta.
3543 5888 3551 5897 ,
