3996 6292
477 289 582 350 967

1815 289 2062 348 SANCTI
2103 289 2423 349 AMBROSII

3663 294 3746 354 968

478 409 766 480 utriusque
805 389 1005 475 sectae,
1048 403 1332 480 utriusque
1370 405 1702 471 sententiae;
1737 415 1762 443 ει
1794 407 2078 476 proximus
2103 407 2152 469 Α
2181 421 2281 479 pes
2318 406 2425 462 mei
2463 403 2748 476 probabile
2780 403 3140 477 judicabunt,
3172 405 3263 477 qui
3303 414 3641 463 sacramento
3672 423 3748 479 pu-

475 517 666 559 eorum
695 501 1038 558 ceremonias
1069 510 1286 572 patrum
1317 499 1521 565 coluit,
1553 500 1827 556 recentior
1857 515 1962 555 non
1993 515 2082 556 re-

482 597 674 654 movit.
713 597 770 652 Si
811 595 1126 666 exemplum
1167 610 1272 651 non
1302 593 1428 650 facit
1457 593 1650 664 religio
1679 602 1926 650 veterum
1949 635 1964 661 ,
2000 593 2080 648 fa-

486 691 597 745 ciat
624 688 986 745 dissimulatio
1016 688 1410 758 proximorum.

561 783 612 838 4.
662 800 681 834 i
727 780 863 851 Quis
891 781 964 837 ita
996 779 1276 836 familiaris
1304 787 1387 835 est
1419 779 1700 848 barbaris,
1732 788 1793 834 ut
1825 794 1976 835 aram
2008 779 2086 835 vi-

487 875 675 932 ctoria:
714 889 822 930 non
863 873 1147 945 requirat?
1183 871 1340 928 Cauti
1383 873 1436 929 in
1475 881 1752 944 posterum
1792 888 2002 940 sumus,
2030 881 2088 930 et

492 966 682 1023 talium
733 982 914 1023 rerqu
963 974 1177 1022 ostenta
1243 965 1496 1022 vitamus.
1571 965 1848 1022 Reddatur
1907 975 2085 1022 tamen

494 1059 520 1100 δ
551 1063 744 1118 saltem
773 1061 977 1117 nomini
1029 1059 1224 1126 honor,
1272 1062 1364 1132 qui
1393 1061 1602 1117 numini
1628 1061 1929 1134 denegatus
1977 1071 2085 1120 est.

491 1157 653 1214 Multa
703 1157 948 1212 victoriae
990 1155 1156 1212 debet
1200 1154 1480 1212 aeternitas
1525 1167 1742 1223 vestra,
1805 1165 1864 1214 et
1912 1156 2092 1213 adhuc

491 1251 642 1322 plura
671 1249 909 1306 debebit.
959 1251 1294 1305 Aversentur
1334 1249 1476 1305 hanc
1505 1258 1864 1321 potestatem,
1897 1249 2091 1322 quibus

502 1341 633 1397 nihil
685 1342 888 1413 profuit
933 1357 1079 1399 :vos
1123 1342 1358 1398 amicum
1405 1341 1698 1413 triumphis
1737 1342 2091 1414 patrocinium

496 1435 663 1491 nolite
705 1436 985 1492 deserere.
1032 1435 1257 1491 Cunctis
1301 1436 1544 1508 potentia
1596 1436 1698 1492 ista
1743 1437 1922 1492 vctiva
1967 1444 2090 1492 est:

491 1544 653 1587 nemo
683 1531 970 1586 colendam
1004 1538 1200 1600 neget,
1233 1545 1396 1601 quam
1429 1527 1712 1600 proﬁtetur
1740 1528 2055 1600 optandam.

565 1623 618 1680 5.
651 1643 670 1678 s
699 1623 854 1694 Quod
883 1627 927 1680 si
955 1635 977 1664 ο
1001 1623 1158 1694 hujus
1186 1623 1387 1678 ominis
1410 1637 1516 1678 non
1543 1631 1688 1678 esset
1707 1621 1852 1693 justa
1879 1621 2092 1688 vitatio,

494 1717 832 1776 ornamentis
861 1717 1056 1773 saltem
1085 1715 1250 1773 curiae
1278 1715 1460 1772 decuit
1487 1715 1784 1771 abstinere.
1811 1713 2094 1779 Prasstate,

2186 500 2329 556 blico
2359 501 2457 555 tuti
2489 508 2636 556 sunt.

2259 594 2312 648 7.
2348 612 2368 646 ι
2401 592 2508 650 Sed
2545 593 2708 650 divus
2745 592 3105 652 Constantius
3143 594 3287 652 idem
3329 595 3526 651 fecisse
3561 595 3750 652 dicitur.

2187 686 2397 744 Caetera
2435 687 2615 758 potius
2652 687 2802 744 illius
2831 686 3101 758 principis
3126 687 3489 745 aemulemur:
3518 688 3608 761 qui
3642 691 3750 747 nihil

2189 783 2298 840 tale
2334 791 2482 838 esset
2518 796 2842 854 aggressus,
2883 782 2929 838 si
2969 783 3092 854 quis
3129 791 3260 840 ante
3298 798 3359 840 se
3394 783 3533 840 alius
3570 783 3752 842 devias-

2189 883 2292 931 set.
2331 874 2498 948 830
2533 874 2768 946 Corrigit
2801 875 2946 932 enim
2985 883 3307 947 sequentem
3345 875 3528 947 lapsus
3556 877 3750 950 prioris,

2195 976 2218 1003 ο
2247 978 2300 1024 et
2331 969 2400 1025 de
2428 968 2852 1038 reprehensione
2877 969 3252 1025 antecedentis
3277 971 3518 1040 exempli
3547 971 3757 1029 nascitur

2192 1061 2526 1119 emendatio.
2559 1061 2666 1118 Fas
2696 1059 2800 1116 fuit
2829 1069 2888 1116 ut
2915 1075 3114 1129 parens
3141 1061 3230 1118 ille
3257 1062 3564 1118 clementiae
3591 1072 3755 1121 vestra

2194 1157 2248 1211 in
2277 1171 2339 1212 re
2365 1155 2545 1211 adhuc
2575 1170 2714 1212 nova
2743 1170 2850 1212 non
2878 1164 3100 1212 caveret
3127 1155 3408 1212 invidiam.
3441 1156 3574 1213 Num
3605 1166 3758 1228 pctest

2194 1249 2358 1305 etiam
2400 1249 2562 1305 nobis
2597 1248 2789 1305 eadem
2831 1248 3082 1304 defensio
3128 1251 3465 1317 convenire,
3520 1249 3564 1306 si
3612 1249 3758 1308 imite-

2196 1357 2336 1410 mur,
2369 1341 2514 1414 quod
2546 1341 2898 1398 meminimus
2926 1341 3341 1414 improbatum?

2268 1437 2322 1493 8.
2353 1455 2371 1488 ‹
2402 1435 2646 1508 Accipiat
2683 1438 2959 1493 aeternitas
2998 1447 3181 1494 vestra
3218 1437 3324 1494 alia
3362 1437 3605 1509 ejusdem
3640 1441 3763 1508 prin-

2196 1529 2335 1601 cipis
2374 1529 2510 1586 facta
2533 1573 2548 1598 ,
2578 1548 2703 1603 quae
2741 1531 2794 1586 in
2833 1547 2992 1588 usum
3031 1531 3247 1602 dignius
3287 1531 3490 1588 trahat.
3522 1531 3542 1570 τ
3574 1531 3656 1588 Nil
3691 1533 3764 1589 ille

2198 1622 2478 1692 decerpsit
2526 1637 2806 1679 sacrarum
2859 1625 3128 1696 virginum
3179 1625 3510 1696 privilegiis,
3563 1625 3767 1696 replevit

2201 1715 2476 1772 nobilibus
2496 1717 2829 1786 sacerdotia,
2853 1717 3116 1774 Romanis
3135 1718 3466 1774 ceremoniis
3493 1733 3602 1774 non
3631 1734 3766 1791 nega-

492 1825 592 1868 oro
621 1826 738 1878 vos,
768 1818 827 1866 ut
853 1825 916 1867 ea
945 1825 1067 1882 qua:
1096 1808 1252 1880 pueri
1283 1809 1646 1880 suscepimus,
1671 1821 1829 1863 senes
1858 1804 2094 1877 posteris
2125 1804 2172 1865 B
2198 1810 2278 1864 vit
2313 1809 2586 1879 impensas
2606 1852 2622 1878 ,
2661 1820 2716 1866 et
2753 1825 2852 1882 per
2888 1825 3080 1867 omnes
3115 1812 3230 1866 vias
3267 1821 3489 1867 aeterna:
3517 1809 3670 1868 Urbis
3697 1812 3768 1866 la:-

494 1904 886 1976 relinquamus.
910 1900 1337 1959 Consuetudinis
1358 1916 1515 1956 amor
1534 1915 1764 1972 magnus
1785 1907 1890 1954 est.
1911 1898 2100 1954 Merito

495 2000 605 2057 divi
632 1999 659 2038 ἀ
690 1998 995 2056 Constantii
1028 1997 1229 2055 factum
1262 1997 1354 2052 diu
1389 2011 1498 2052 non
1525 1997 1694 2053 stetit.
1723 1994 1915 2050 Omnia
1947 1991 2101 2048 vobis

494 2091 749 2164 exempla
791 2090 1010 2148 vitanda
1049 2098 1214 2157 sunt,
1247 2105 1370 2161 qua:
1410 2104 1534 2144 mox
1568 2096 1776 2144 remota
1809 2085 2096 2142 didicistis.

507 2182 894 2241 Eternitatem
935 2197 1192 2241 curamus
1231 2181 1390 2237 fama:
1429 2192 1484 2238 et
1524 2181 1763 2237 nominis
1792 2179 2003 2244 vestri;
2033 2195 2101 2234 ne

504 2277 634 2350 quid
667 2276 848 2332 futura
876 2285 1010 2332 tetas
1041 2276 1284 2332 inveniat
1312 2273 1719 2345 corrigendum.

572 2372 626 2429 6.
655 2390 674 2424 ι
698 2371 800 2429 Ubi
841 2372 898 2426 in
923 2370 1074 2442 leges
1101 2379 1312 2426 vestras
1341 2379 1396 2425 et
1426 2369 1591 2425 verba
1615 2369 1969 2440 jurabimus?
1996 2385 2101 2440 qua

499 2464 766 2536 religione
809 2478 966 2520 mens
1012 2462 1147 2518 falsa
1183 2461 1513 2528 terrebitur;
1561 2477 1631 2519 ne
1674 2463 1727 2518 in
1776 2463 2105 2519 testimoniis

497 2554 836 2612 mentiatur?
889 2554 1080 2611 Omnia
1135 2552 1354 2625 quidem
1410 2553 1524 2609 Deo
1577 2554 1734 2624 plena
1789 2563 1950 2624 sunt,
2004 2571 2104 2612 nec

497 2649 640 2706 ullus
681 2648 903 2720 perﬁdis
943 2657 1090 2703 tutus
1129 2657 1216 2704 est
1261 2648 1450 2703 locus:
1495 2645 1590 2702 sed
1630 2647 1926 2718 plurimum
1965 2648 2109 2704 valet

496 2743 565 2800 ad
607 2752 809 2800 metum
863 2742 1216 2816 delinquendi
1265 2743 1430 2798 etiam
1480 2743 1772 2812 pra-sentia
1823 2742 2108 2814 religionis

504 2838 710 2911 urgeri.
752 2838 848 2894 llla
878 2852 972 2893 ara
1003 2835 1355 2905 concordiam
1389 2844 1540 2892 tenet
1565 2837 1846 2903 omnium,
1880 2837 1972 2892 illa
2013 2851 2105 2894 ara

502 2930 666 2988 ﬁdem
717 2931 978 2989 convenit
1023 2929 1408 3001 singulorum:
1459 2943 1638 2998 neque
1680 2927 1888 3000 aliquid
1933 2929 2108 3001 magis

498 3027 883 3084 auctoritatem
932 3025 1063 3082 facit
1109 3025 1401 3082 sententiis
1453 3025 1693 3091 nostris,
1745 3040 1910 3096 quam
1957 3023 2106 3097 quod

505 3123 688 3179 omnia
727 3124 885 3192 quasi
922 3121 1139 3194 juratus
1178 3128 1367 3177 noster
1404 3119 1543 3178 ordo
1581 3119 1851 3178 decernit.
1893 3119 2108 3176 Patebit

2203 1909 2314 1956 tum
2356 1909 2581 1958 secutus
2617 1911 2908 1968 senatum,
2947 1903 3084 1958 vidit
3123 1902 3340 1974 placido
3385 1917 3486 1958 ore
3533 1901 3766 1970 delubra,

2202 1993 2337 2066 legit
2360 1995 2617 2065 inscripta
2647 1995 2878 2066 fastigiis
2910 2005 2935 2044 8
2963 1995 3190 2052 deorum
3218 1996 3440 2052 nomina
3462 2039 3477 2062 ,
3511 2006 3767 2068 perconta-

2202 2097 2290 2143 tus
2319 2096 2404 2143 est
2431 2087 2758 2158 templorum
2789 2086 3030 2159 origines
3049 2128 3066 2154 ,
3096 2088 3326 2144 miratus
3355 2096 3442 2145 est
3465 2088 3765 2145 conditores.

2201 2181 2449 2252 Cumque
2475 2180 2612 2236 alias
2643 2180 2935 2252 religiones
2966 2181 3084 2251 ipse
3109 2189 3455 2250 sequeretur,
3492 2181 3591 2236 has
3618 2195 3771 2237 serva-

2203 2274 2281 2329 vit
2318 2273 2586 2345 imperio;
2627 2288 2762 2330 suus
2803 2274 2949 2330 enim
2995 2274 3194 2344 cuique
3236 2289 3387 2342 mos,
3433 2288 3566 2329 suus
3605 2277 3773 2346 cuique

2205 2367 2342 2422 ritus
2379 2374 2485 2422 est.
2523 2365 2718 2421 Varios
2747 2365 3005 2422 custodes
3035 2363 3064 2404 ιι
3093 2365 3319 2423 urbibus
3347 2376 3403 2424 et
3431 2368 3607 2424 cultus
3643 2382 3774 2424 mens

2204 2458 2387 2515 divina
2417 2451 2718 2515 distribuit.
2747 2457 2818 2516 Ut
2846 2459 3043 2515 animae
3071 2461 3458 2529 nascentibus,
3492 2463 3564 2518 ita
3591 2463 3774 2534 pupulis

2205 2552 2398 2610 fatales
2425 2551 2572 2624 genii
2592 2551 2930 2608 dividuntur.
2968 2551 2982 2590 ί
3016 2553 3243 2610 Accedit
3267 2555 3478 2610 utilitas
3499 2597 3512 2621 ,
3539 2571 3655 2626 quae
3679 2571 3776 2611 ma-

2205 2647 2350 2704 xime
2389 2647 2598 2704 homini
2637 2647 2772 2704 deos
2807 2645 3031 2705 asserit.
3071 2647 3206 2705 Nam
3244 2664 3368 2706 cum
3399 2651 3542 2706 ratio
3566 2650 3768 2706 omnisi

2205 2743 2260 2800 in
2290 2752 2484 2814 operto
2511 2744 2616 2811 sit,
2647 2743 2792 2800 unde
2817 2743 3024 2800 rectius
3049 2759 3212 2815 quam
3241 2744 3312 2802 de
3339 2747 3599 2802 memoria
3637 2755 3778 2817 atque

2205 2833 2550 2892 documentis
2579 2851 2762 2892 rerum
2789 2835 3153 2892 secundarum
3180 2837 3423 2909 cognitio
3449 2839 3597 2896 venit
3623 2838 3778 2895 numi-

2206 2932 2380 2986 num?
2416 2929 2534 2986 Jam
2572 2929 2617 2984 si
2661 2929 2820 3001 longa
2858 2938 2992 2985 tetas
3027 2930 3409 2988 auctoritatem
3450 2931 3777 3004 religionibus

2206 3023 2404 3092 faciat,
2444 3021 2709 3078 servanda
2737 3033 2820 3078 est
2846 3021 2873 3060 ι
2904 3031 2984 3079 tot
3011 3023 3230 3080 saeculis
3263 3024 3434 3094 ﬁdes,
3461 3036 3519 3082 et
3544 3027 3778 3100 sequendi

2207 3125 2333 3172 sunt
2361 3115 2521 3172 nobis
2551 3122 2840 3187 parentes,
2870 3117 2964 3187 qui
2995 3118 3170 3174 secuti
3201 3126 3325 3174 sunt
3358 3117 3592 3176 feliciter
3618 3135 3748 3176 suos.

501 3230 633 3288 ergo
671 3214 832 3272 sedes
869 3193 1098 3286 profana
1141 3213 1430 3287 perjuriis,
1461 3221 1520 3270 et
1550 3211 1654 3270 hoc
1683 3213 1868 3284 inclyti
1901 3211 2104 3284 princi-
2129 3193 2174 3257 (ἶ
2278 3209 2334 3266 9.
2370 3228 2390 3262 ι
2428 3209 2656 3266 Romam
2696 3225 2842 3266 nunc
2880 3218 3133 3282 putemus
3171 3211 3437 3269 assistere
3463 3254 3478 3280 ,
3518 3222 3676 3285 atque
3710 3212 3778 3269 bis

575 3412 602 3442 ιι
642 3401 965 3466 Proximus,
1004 3399 1057 3456 id
1095 3408 1219 3466 est,
1260 3399 1549 3456 Julianus:
1588 3399 1868 3465 recentior,
1909 3412 2108 3469 nempe

507 3474 957 3536 Valentinianus;
1007 3473 1098 3542 qui
1144 3473 1310 3528 etiam
1360 3471 1612 3542 sequenti
1663 3471 1934 3526 sententia
1981 3485 2106 3526 cum

506 3546 735 3602 Valente
763 3545 929 3599 fratre
958 3543 1297 3611 signiﬁcatur
1327 3544 1551 3598 nomine
1582 3545 1962 3611 proximorum.
1996 3542 2109 3597 Ad-

503 3628 660 3673 vorte
697 3626 879 3670 autem
918 3614 974 3687 in
1017 3613 1119 3670 hac
1147 3615 1458 3687 Symmachi
1499 3615 1785 3687 Relatione
1813 3613 2106 3687 admodum

506 3687 812 3758 desiderari
842 3684 1224 3758 prudentiam,
1251 3685 1690 3758 quandoquidem
1719 3701 1825 3742 non
1854 3700 2016 3741 secus
2041 3685 2110 3758 de

505 3761 620 3816 suis
658 3757 972 3813 numinibus
1001 3771 1067 3813 ac
1093 3756 1376 3813 sacrificiis
1413 3756 1534 3813 cuin
1591 3757 1924 3826 imperatore
1961 3756 2110 3812 chri-

508 3831 688 3887 stiano
725 3829 963 3900 loquitur
991 3827 1216 3900 passim,
1245 3843 1310 3885 ac
1346 3828 1392 3884 si
1430 3843 1553 3884 cum
1593 3828 1864 3885 idolorum
1897 3830 2107 3886 cultore

507 3904 562 3960 lo
603 3912 843 3958 ueretur.

565 3921 606 4016 (ἓν
647 3974 807 4016 panni
838 3991 843 4016 ι

647 3974 809 4031 Pauci
838 3987 996 4041 mss.,
1026 3972 1212 4027 saltem
1241 3971 1435 4026 homini
1461 3971 1647 4028 honor.

584 4059 608 4088 ο
649 4047 785 4116 Reg.
816 4045 973 4114 edit.,
1003 4045 1161 4111 huius
1188 4043 1374 4116 ominis
1403 4060 1506 4098 non
1531 4055 1604 4116 est
1630 4046 1788 4099 etiam
1807 4045 1952 4116 justa
1980 4045 2109 4100 vita-

504 4121 611 4188 tio;
642 4119 712 4174 ab
734 4114 828 4174 his
859 4133 994 4173 mss.
1025 4116 1235 4187 aliquot
1265 4114 1368 4169 hoc
1407 4116 1527 4188 solo
1555 4114 1967 4188 distant,‘quod
2009 4131 2106 4186 pro

507 4209 609 4248 non
632 4199 707 4246 est
727 4191 881 4245 etiam
896 4232 911 4256 ,
937 4189 1124 4259 legunt
1144 4203 1248 4242 non
1268 4196 1434 4242 esset:
1459 4187 1648 4257 reliqui
1676 4202 1805 4242 vero
1831 4187 2007 4242 locum
2033 4188 2106 4242 ita

505 4263 802 4330 exhibent,
833 4262 990 4333 hujus
1017 4259 1241 4333 hominis
1263 4269 1522 4333 nonesset
1540 4262 1688 4330 justa
1710 4259 1955 4333 visitatio.
1987 4259 2104 4314 Non

507 4335 640 4390 satis
671 4342 838 4390 recte.
871 4331 1040 4388 Porro
1067 4331 1228 4386 aliam
1262 4331 1550 4385 lectionem
1579 4332 1825 4399 sequitur
1855 4331 2101 4399 Onupltr.

509 4404 788 4461 Pauuinus
826 4404 921 4458 lib.
961 4403 1030 4459 de
1051 4401 1240 4468 Civit.,
1267 4402 1428 4456 Rom.
1461 4402 1809 4474 voceshujus
1848 4403 2102 4468 hominis,

506 4487 722 4532 mutans
744 4477 796 4548 in
817 4475 976 4548 hujus
997 4475 1244 4548 numinis,
1275 4481 1339 4548 et
1359 4487 1568 4548 ponens
1597 4473 1821 4548 visitatio
1851 4488 1948 4548 pro
1974 4475 2108 4548 uita7

508 4549 623 4612 tio;
655 4543 898 4603 indicans
937 4545 1100 4602 etiam
1144 4543 1344 4600 alicubi
1382 4544 1642 4613 scriptum
1665 4585 1680 4610 ,
1724 4546 1953 4599 usitatio.
1997 4545 2103 4601 Sed

509 4629 770 4690 praestare
797 4627 1048 4689 putamus
1080 4618 1367 4673 lectionem
1401 4625 1642 4690 nostram
1665 4658 1680 4682 ,
1713 4616 1870 4690 cujus
1902 4616 1989 4670 hic
2018 4625 2106 4673 est

503 4686 734 4770 Sensus:
766 4686 869 4770 etsi
893 4691 1099 4770 justum
1131 4703 1236 4770 non
1267 4697 1415 4742 esset
1437 4686 1618 4770 vitare
1658 4687 1859 4770 malum
1900 4703 2061 4770 omen
2084 4730 2099 4755 ,
2127 4709 2181 4770 D

505 4762 662 4836 quod,
694 4779 762 4819 ex
785 4757 993 4836 tlejecta
1020 4760 1272 4816 Victoria:
1297 4774 1389 4813 ara
1419 4757 1659 4825 ducitur,
1694 4769 1872 4836 tam_en
1895 4801 1910 4825 ,
1941 4769 2049 4815 etc.

577 4833 605 4874 ἀ
646 4835 724 4890 Ita
746 4830 880 4891 edit.
905 4848 970 4889 ac
996 4848 1130 4888 mss.
1156 4845 1370 4894 omnes,
1397 4840 1629 4900 excepto
1656 4846 1762 4884 uno
1787 4830 1986 4900 Long.,
2013 4831 2101 4886 ubi

507 4907 735 4964 habetur
760 4905 1083 4962 Constantini
1109 4907 1323 4975 factum.
1355 4901 1623 4975 Baronius
1649 4912 1832 4958 autem
1860 4901 1929 4975 ad
1970 4918 2098 4958 ann.

504 4980 611 5037 516
634 4979 828 5034 suadet
856 4973 1140 5048 legendum
1171 4973 1468 5048 Constantis
1500 4974 1876 5048 factumquasi
1907 4989 2105 5048 expro-

503 5052 688 5110 braret
715 5043 1076 5122 Symmachus
1113 5046 1400 5122 imperium
1429 5043 1757 5116 Constantis
1779 5047 1942 5122 breve
1971 5045 2105 5122 fuis-

505 5138 596 5190 se,
627 5138 692 5179 ac
717 5116 942 5192 propter
965 5117 1131 5174 vetita
1144 5117 1390 5192 peorum
1415 5129 1568 5192 sacra
1591 5133 1714 5172 eum
1741 5133 1770 5172 a
1796 5116 2104 5192 Magnentio

505 5187 781 5252 de'med'io
805 5187 1100 5248 sublatum.
1132 5187 1304 5260 Quam
1332 5187 1699 5260 conjecturam
1727 5187 1949 5260 egregie
1976 5189 2102 5260 hinc

504 5276 657 5338 putat
679 5262 1014 5338 conﬁrmari,
1039 5260 1184 5338 quod
1210 5258 1346 5312 infra
1371 5259 1640 5338 subditur,
1685 5258 1791 5338 S_e_d
1812 5261 1957 5338 diuus
1974 5259 2106 5317 Con-

503 5328 745 5402 3tantius,
775 5335 900 5390 cod.
937 5328 1110 5403 Long.
1140 5328 1672 5403 Constantinustetc.
1705 5331 1850 5403 idem
1879 5333 1946 5385 ad
1975 5347 2102 5386 anu.

507 5409 616 5466 556
644 5399 833 5464 eadem
866 5406 1029 5461 iterat
1061 5399 1228 5471 atque
1265 5400 1483 5457 asserit.
1526 5399 1816 5456 Baronium
1857 5404 2106 5466 sequitur

503 5478 832 5538 Godefridus
854 5479 906 5532 in
929 5479 1036 5548 leg.
1057 5475 1094 5530 2
1119 5483 1176 5530 et
1201 5474 1236 5528 5
1262 5473 1334 5548 de
1356 5471 1765 5548 paganis,_quas
1794 5471 2108 5548 Constantis

504 5566 628 5608 esse
675 5544 1008 5615 arbitratur';
1062 5555 1225 5618 atque
1260 5545 1313 5600 in
1354 5547 1492 5618 hanc
1532 5544 1780 5618 ultimam
1805 5561 1909 5618 “eo
1945 5545 2046 5600 loci
2078 5561 2106 5599 a

510 5614 1180 5692 Symmaclno,CornStatttis
1194 5621 1354 5692 facto,
1367 5616 1534 5671 tacite
1548 5614 1864 5692 Magne_utii,
1875 5615 2105 5692 deorum

509 5686 710 5760 nempe
761 5704 913 5744 sacra
960 5689 1261 5756 reddentis,
1299 5688 1514 5760 factum
1547 5686 1750 5760 opponi
1803 5688 2098 5760 existimat.

511 5757 720 5831 Deinde
767 5773 899 5831 vero
948 5761 1236 5831 propositis
1283 5757 1593 5815 Constantii
1637 5757 1810 5815 tribus
1857 5759 2098 5830 legibus,

505 5829 664 5908 queis
703 5829 1026 5898 templorum
1051 5829 1240 5896 aditu,
1281 5846 1382 5889 nec
1421 5846 1528 5889 non
1567 5846 1668 5888 usu
1705 5829 2100 5888 sacrificiorum

2210 3395 2666 3472 interdi_citur,_in
2707 3395 2742 3450 '5
2780 3395 2944 3472 tradit
2981 3411 3080 3468 per
3101 3398 3236 3472 lucc
3275 3409 3558 3472 tempora,
3597 3405 3780 3462 scilicet

2207 3485 2335 3524 ann.
2361 3468 2470 3526 356
2498 3483 2544 3540 a
2570 3465 2892 3523 Constantio
2921 3465 3072 3524 aram
3101 3469 3362 3528 Victoriae
3394 3465 3628 3530 dirutam
3656 3491 3776 3540 esse.

2209 3541 2374 3615 idque
2397 3555 2470 3596 ex
2495 3539 2579 3594 his
2603 3540 2915 3612 Symmachi
2937 3555 3002 3596 ac
3023 3541 3297 3598 Ambrosii
3322 3545 3543 3614 scriptis
3567 3549 3778 3615 probari.

2209 3612 2616 3668 Verumtamem
2656 3625 2848 3668 eorum
2887 3623 3200 3683 argumenta
3242 3630 3352 3672 non
3391 3612 3521 3672 sunt
3549 3612 3710 3680 tanti.
3735 3630 3781 3674 ut

2209 3694 2398 3740 contra
2431 3693 2508 3738 tot
2529 3698 2664 3738 mss.
2682 3693 2738 3738 et
2770 3693 3086 3740 cunctarum
3109 3685 3242 3741 edit.
3267 3691 3646 3745 auctoritatem
3664 3690 3780 3747 Con-

2209 3757 2454 3810 stantium
2480 3755 2568 3810 hic
2597 3755 2935 3811 deseramus.
2968 3754 3108 3824 Quid
3137 3759 3282 3814 enim
3313 3769 3484 3824 vetat,
3504 3777 3572 3816 ne
3598 3763 3780 3818 dicatur

2209 3826 2380 3902 ipsius
2410 3825 2609 3902 factum
2649 3827 2881 3902 non__diu
2910 3829 3167 3902 stetisse.
3201 3845 3326 3902 cum
3358 3833 3488 3888 illud
3531 3838 3780 3902 proximus

2211 3897 2460 3976 ejusdem
2489 3897 2793 3976 Constantii
2821 3913 3109 3976 successor
3129 3897 3780 3976 Julianusantiquaverit?

2214 3971 2418 4043 Deinde
2457 3969 2941 4043 quodCorrstantii
2983 3970 3343 4043 Symmachus
3381 3969 3574 4031 iterum
3613 3978 3782 4034 fecerit

2209 4042 2540 4098 mentionem
2560 4083 2577 4105 ,
2605 4042 2658 4096 id
2685 4057 2837 4097 more
2862 4042 3152 4098 Orato’rum
3179 4045 3371 4102 eadem
3398 4048 3647 4113 subinde.
3674 4064 3780 4105 cum

2209 4113 2310 4184 sibi
2350 4129 2416 4169 ex
2445 4128 2544 4166 usu
2566 4127 2690 4169 esse
2727 4123 2955 4184 putant,
2998 4115 3332 4180 iterantium.
3375 4134 3484 4173 non
3525 4121 3778 4176 abhorret.

2211 4183 2326 4240 Huc
2363 4184 2501 4262 adde
2539 4184 2681 4262 quod
2711 4183 2850 4239 infra
2880 4185 3113 4262 dicitur:
3145 4190 3232 4262 qui
3263 4189 3394 4243 nihil
3419 4192 3522 4246 tale
3547 4203 3674 4247 esset
3697 4211 3782 4262 ag-

2209 4273 2433 4334 gressus,
2458 4261 2503 4309 si
2523 4256 2637 4334 quis
2656 4267 2852 4334 ante_se
2885 4258 3018 4312 alius
3033 4258 3312 4334 deviasset.
3341 4261 3459 4327 Quo
3481 4265 3624 4318 enim
3646 4256 3783 4334 pacto

2209 4327 2307 4402 ista
2349 4327 2667 4384 Constantio
2703 4343 2735 4402 e
2773 4328 3085 4402 Symmachi
3126 4341 3310 4388 mente
3335 4327 3718 4402 convenirent,
3745 4337 3784 4391 si

2211 4400 2346 4476 latas
2374 4415 2402 4452 a
2434 4413 2695 4476 germano
2722 4398 2829 4476 hac
2847 4399 3003 4476 dere
3031 4402 3208 4476 leges,
3237 4416 3400 4475 atque
3428 4420 3457 4459 a
3490 4398 3783 4476 Magnentio

2208 4471 2451 4526 sublatas
2501 4470 2862 4527 intellexisset
2913 4473 3055 4529 idem
3087 4470 3492 4531 Constantius?
3528 4470 3784 4535 Credibile

2209 4557 2340 4613 ergo
2357 4553 2443 4596 est
2465 4555 2728 4598 nocturna
2753 4551 2958 4599 tantum
2981 4546 3246 4600 sacriﬁcia
3267 4562 3297 4602 a
3319 4545 3614 4606 Constante
3637 4551 3787 4607 fuisse

2210 4613 2511 4691 prohibita,
2543 4629 2664 4691 qua:
2694 4615 3034 4691 Magnentius
3060 4619 3370 4676 restituisse
3401 4623 3689 4691 reperitur.

2284 4696 2306 4722 θ
2347 4685 2507 4811 Βίηῐι.
2549 4686 2680 4741 edit.
2724 4685 2871 4754 sola,
2912 4699 2960 4742 et
2999 4689 3422 4761 deprehensionis
3458 4685 3787 4749 untecedentis

2284 4774 2384 4811 smn
2409 4775 2458 4811 ο.

2207 4773 2458 4812 exemnto.

2284 4827 2302 4866 ί
2346 4827 2694 4903 Marcellinus
2720 4828 2818 4884 lib.
2848 4846 2959 4897 xu,
2989 4846 3110 4902 cap.
3140 4832 3202 4888 ll
3223 4875 3238 4902 ,
3267 4831 3569 4903 Constantii
3611 4838 3666 4894 in
3698 4837 3789 4894 Ur-

2207 4901 2328 4957 bem
2381 4899 3336 4976 ingressumcommorati’onem'que
3382 4899 3676 4976 describit,
3728 4907 3789 4963 ad

2409 4972 2551 5028 haud
2585 4971 2749 5029 dubie
2785 4973 2888 5030 hoc
2914 4975 3047 5048 ,loco
3079 4971 3324 5034 alludere
3354 4978 3524 5036 voluit
3551 4971 3793 5054 Symma-

2206 5059 2362 5100 CllllS.

2280 5127 2305 5188 β
2346 5118 2476 5174 Mss.
2502 5117 2738 5188 aliquot,
2763 5115 2927 5174 Deum
2954 5122 3186 5176 numina.

2279 5185 2306 5224 ιι
2346 5189 2418 5243 lta
2445 5185 2635 5244 omnes
2661 5189 2792 5246 edit.
2823 5206 2978 5258 mss.;
3001 5205 3182 5250 autem
3212 5193 3331 5250 fere
3357 5195 3424 5250 ad
3449 5213 3614 5252 unum
3648 5199 3798 5252 unxit.

2209 5268 2327 5315 tunt
2365 5263 2884 5336 tnegationem;_nec
2917 5265 3073 5336 pauci
3109 5281 3323 5336 quoque
3357 5267 3656 5324 dictionem
3693 5273 3799 5324 cul—

2210 5342 2324 5459 ἕω
2347 5332 2502 5417 cujus
2527 5332 2652 5389 loco
2673 5334 2802 5405 legit
2829 5335 3039 5390 urbibus
3060 5332 3260 5393 cunctis
3281 5337 3478 5395 citatus
3497 5341 3611 5412 jam
3640 5356 3798 5412 supra

2253 5419 2506 5459 alumnus.

2253 5419 2506 5459 alumnus.

2288 5474 2317 5561 i_
2349 5475 2630 5561 Epictetus
2651 5476 2870 5561 Encltir.
2895 5493 3015 5541 cap.
3041 5478 3140 5535 58:
3166 5479 3296 5561 ὅπορ
3317 5485 3420 5561 γὰρ
3443 5486 3500 5561 et}
3523 5490 3796 5561 σΰμτιερον,

2212 5549 2317 5604 ἐκεῖ
2340 5549 2509 5623 καὶ-τὸ
2537 5549 2760 5623 εὐσεϐές.
2803 5549 3041 5622 Uterque
3069 5566 3202 5623 ergo
3231 5549 3449 5622 pieiat'is
3473 5549 3801 5612 fundamen-

2209 5629 2324 5746 (tium
2354 5620 2474 5746 vult‘
2492 5634 2613 5676 esse
2637 5621 2922 5678 utilitatem
2942 5620 2966 5678 ε’
2987 5621 3085 5679 sed
3117 5620 3445 5682 tion’eodcm
3470 5628 3638 5684 modo
3669 5628 3802 5682 hanc

2247 5705 2277 5746 e
2299 5707 2448 5746 miun
2481 5731 2494 5745 .

2247 5692 2494 5746 eﬁniunt.

2285 5762 2298 5841 _i
2350 5763 2476 5841 gss.
2507 5762 2717 5841 aliquot
2736 5805 2751 5830 ,
2775 5764 2829 5841 in
2851 5773 3030 5841 aperto
3055 5766 3159 5833 sit;
3187 5782 3330 5841 unus
3351 5810 3367 5834 ,
3395 5769 3448 5823 in
3475 5780 3694 5841 operate
3719 5770 3796 5824 sit.

2283 5834 2311 5874 ιι
2350 5833 2510 5893 Rom.
2544 5833 2676 5894 edit.
2711 5835 2858 5904 sola,
2889 5833 3045 5892 totius
3073 5839 3254 5893 surculi
3284 5833 3430 5909 ﬁdes.
