3996 6292
257 283 367 346 969

1461 277 1950 340 EPISTOLABUM
1989 273 2272 335 CLASSlS
2310 274 2348 331 1.

3454 272 3562 334 970

255 393 539 450 vobiscum
568 405 734 466 agere
758 391 1142 450 sermonibus:
1173 389 1378 463 Optimi
1405 391 1683 463 principes
1707 433 1721 458 ,
1761 406 1854 462 pa-
1880 394 1933 453 Α
1958 390 2059 446 sub
2098 386 2434 460 principibus
2461 397 2569 442 non
2598 371 2777 444 avaris
2804 387 3006 445 stabile
3051 401 3197 458 esse,
3245 353 3390 461 quod
3423 394 3566 449 scri-

254 494 368 543 tres
420 486 612 558 patriae
658 487 986 544 reveremini
1032 499 1203 542 annos
1249 499 1438 552 meos,
1491 483 1546 540 in
1587 498 1724 557 quos
1767 498 1857 540 me

253 581 377 652 pius
418 581 559 636 ritus
595 579 843 636 adduxit.
889 579 1022 637 Utar
1067 577 1387 635 cerimoniis
1431 577 1631 643 avitis;
1679 591 1858 650 neque

252 674 398 730 enim
432 672 680 744 ptenitet.
725 673 914 729 Vivam
954 687 1080 730 meo
1117 687 1268 729 more
1293 713 1308 736 ,
1347 671 1473 743 quia
1512 671 1680 728 libera
1711 687 1854 728 sum.

253 766 354 822 Hic
377 767 563 823 cultus
593 767 647 823 in
686 766 832 838 leges
862 781 1012 824 meas
1038 767 1228 823 orbem
1267 764 1479 837 redegit
1509 782 1522 820 :
1557 765 1675 821 hzec
1700 780 1857 823 sacra

252 857 577 916 Annibalem
607 873 639 914 a
671 859 976 926 moenibus,
1008 875 1037 914 a
1065 858 1335 930 Capitolio
1363 858 1612 915 Senonas
1641 858 1859 930 repule-

252 962 396 1010 runt.
436 952 522 1010 Ad
563 953 668 1009 hoc
697 968 832 1025 ergo
858 961 1076 1010 servata
1106 969 1225 1009 sum
1245 993 1262 1021 ,
1295 962 1353 1008 ut
1385 953 1634 1025 longaeva
1669 967 1858 1023 repre-

253 1043 740 1102 hendar?Videro
777 1045 925 1117 quod
976 1045 1374 1102 instituendum
1424 1054 1680 1116 putatur;
1733 1060 1853 1103 sera

253 1148 433 1194 tamen
472 1145 530 1194 et
555 1138 956 1194 contumeliosa
988 1137 1300 1194 emendatio
1338 1138 1659 1194 senectutis.

324 1232 413 1290 10.
457 1251 477 1285 ε
507 1231 649 1304 Ergo
685 1232 790 1288 diis
817 1242 842 1269 ο
883 1233 1110 1304 patriis,
1151 1233 1255 1288 diis
1295 1232 1626 1305 indigetibus
1665 1248 1853 1303 pacem

252 1339 528 1397 rogamus.
571 1325 809 1399 Equum
837 1335 922 1382 est
950 1326 1177 1398 quiquid
1205 1341 1397 1384 omnes
1426 1328 1646 1392 colunt,
1687 1341 1854 1382 unum

251 1421 454 1491 putari.
493 1420 699 1478 Eadem
738 1432 1052 1492 spectamus
1090 1429 1238 1477 astra
1266 1463 1280 1489 ,
1322 1436 1616 1478 commune
1658 1421 1855 1478 ctelum

251 1523 370 1581 est,
403 1514 548 1572 idem
586 1530 686 1572 nos
724 1515 962 1572 mundus
1002 1516 1251 1572 involvit.
1295 1515 1442 1584 Quid
1481 1517 1716 1572 interest
1750 1529 1855 1587 qua

251 1608 485 1680 quisque
541 1608 826 1680 prudentia
881 1624 1071 1665 verum
1131 1608 1418 1680 requirat?
1473 1607 1596 1664 Uno
1658 1607 1857 1665 itinere

248 1716 357 1758 non
397 1708 581 1772 potest
618 1701 890 1772 perveniri
927 1701 995 1756 ad
1038 1709 1148 1756 tam
1179 1700 1386 1772 grande
1413 1708 1726 1756 secretum:
1758 1699 1856 1757 sed

1960 483 2191 556 pserint.
2226 483 2475 540 Delectet
2503 496 2602 538 vos
2640 481 2740 537 ista
2787 480 3022 538 felicitas
3052 482 3272 554 generis
3301 482 3560 552 humani,

1959 579 2126 650 coepit
2151 592 2330 634 causae
2359 577 2520 648 hujus
2547 575 2857 648 exemplum
2887 576 3190 632 sollicitare
3232 578 3559 634 morientes.

1959 672 2103 743 Ergo
2132 670 2392 726 Romante
2418 668 2714 741 religiones
2744 668 2844 725 sub
2870 668 3114 725 Romana
3133 675 3255 740 jura
3301 685 3407 732 non
3427 685 3559 740 per-

1960 766 2170 822 tinent?
2194 765 2350 834 Quod
2394 779 2592 822 nomen
2640 763 2877 836 accipiet
2925 763 3129 820 ablatio
3188 763 3505 820 facultatum
3538 806 3552 830 ,

1958 875 2096 932 quas
2118 860 2267 916 nulla
2297 860 2412 929 lex,
2443 859 2628 917 nullus
2658 874 2819 916 casus
2849 859 2979 916 fecit
3000 859 3281 917 caducas?
3323 858 3562 932 Capiunt

1958 956 2135 1024 legata
2167 951 2373 1019 liberti,
2405 952 2582 1028 servis
2604 959 3060 1008 testamentorum
3090 960 3113 988 ε
3142 951 3283 1022 iusta
3314 966 3560 1008 commo-

1959 1045 2027 1101 da
2057 1061 2164 1100 non
2198 1054 2497 1116 negantur;
2530 1052 2740 1101 tantum
2766 1045 2984 1102 nobiles
3005 1044 3250 1118 virgines
3271 1087 3287 1114 ,
3337 1057 3389 1103 ct
3419 1045 3558 1102 fata-

1959 1140 2088 1196 lium
2129 1128 2409 1196 sacrorum
2437 1139 2678 1195 ministri
2707 1139 3075 1197 excluduntur
3131 1141 3352 1211 praediis
3381 1141 3559 1197 haere-

1959 1233 2127 1288 ditate
2179 1234 2444 1304 qutesitis.
2501 1232 2641 1302 Quid
2690 1233 2844 1304 juvat
2883 1234 3044 1290 saluti
3075 1234 3304 1304 publica:
3343 1245 3554 1291 castum

1958 1340 2158 1397 corpus
2181 1325 2389 1393 dicare,
2422 1324 2709 1396 etimperii
2729 1327 3090 1382 aeternitatem
3113 1326 3430 1384 ctelestibus
3461 1328 3561 1383 ful-

1959 1422 2074 1478 cire
2104 1421 2395 1493 praesidiis,
2424 1421 2591 1478 armis
2620 1421 2842 1489 vestris,
2875 1422 3077 1493 aquilis
3105 1423 3301 1479 vestris
3357 1425 3564 1480 amicas

1959 1513 2234 1584 applicare
2282 1516 2510 1570 virtutes
2537 1555 2551 1578 ,
2584 1528 2686 1585 pro
2714 1515 2968 1570 omnibus
3013 1514 3256 1572 efﬁcacia
3311 1528 3434 1572 vota
3467 1534 3560 1572 su-

1959 1605 2192 1676 scipere,
2219 1615 2273 1661 et
2297 1604 2385 1676 jus
2409 1621 2532 1661 cum
2562 1605 2816 1662 omnibus
2833 1621 2942 1662 non
2969 1605 3212 1664 habere?
3237 1608 3423 1681 Itaque
3450 1625 3562 1665 me-

1962 1698 2066 1754 lior
2093 1708 2179 1756 est
2204 1701 2464 1768 servitus,
2507 1715 2628 1772 qua:
2654 1699 2966 1757 hominibus
2995 1701 3355 1774 impenditur.
3389 1703 3558 1759 Rem-

248 1793 368 1850 htcc
395 1793 699 1850 otiosorum
747 1793 1043 1864 disputatio
1080 1801 1204 1850 est:
1234 1791 1262 1832 ι)
1293 1807 1439 1850 nunc
1477 1807 1706 1864 preces,
1748 1808 1856 1850 non
1888 1795 1937 1857 B
1965 1791 2239 1863 publicam
2280 1791 2531 1850 laedimus
2555 1837 2569 1861 ,
2613 1793 2701 1849 cui
2768 1809 3062 1867 numquam
3105 1795 3330 1868 expedit
3367 1808 3426 1853 ut
3479 1797 3562 1854 in-

244 1885 548 1943 certamina
578 1883 883 1942 offerimus.
915 1904 935 1939 s

317 1978 482 2051 831
524 1978 614 2034 il.
669 1997 689 2032 ι
717 1977 938 2047 Quanto
963 1978 1257 2035 commodo
1285 1980 1426 2036 sacri
1473 1981 1652 2035 terarii
1682 1982 1852 2038 vestri

247 2068 565 2166 Vestalium
584 2069 861 2166 virginum
900 2073 1259 2143 prmrogativa
1296 2071 1541 2129 detracta
1566 2074 1687 2130 est?
1738 2074 1852 2131 Sub

244 2164 571 2237 largissimis
597 2164 1021 2237 imperatoribus
1067 2166 1382 2239 denegatur,
1407 2168 1551 2240 quod
1596 2169 1852 2240 parcissi-

243 2258 321 2314 mi
357 2259 770 2329 praestiterunt?
829 2259 1015 2316 Honor
1063 2261 1217 2317 solus
1246 2270 1331 2317 est
1363 2262 1414 2317 in
1447 2261 1544 2317 illo
1573 2262 1720 2318 velut
1747 2263 1848 2318 sti-

242 2351 446 2423 pendio
471 2351 761 2408 castitatis.
788 2351 862 2409 Ut
885 2354 1010 2408 vitae
1036 2367 1226 2409 earum
1247 2352 1414 2424 capiti
1432 2353 1598 2410 decus
1619 2353 1845 2422 faciunt,

240 2445 318 2502 ita
350 2445 559 2518 insigne
586 2445 805 2502 ducitur
826 2455 850 2485 ο
875 2446 1124 2503 sacrificii
1152 2461 1348 2503 vacare
1371 2446 1710 2504 muneribus.
1738 2445 1848 2504 Nu-

240 2538 374 2595 dum
402 2538 810 2610 quodammodo
855 2554 1056 2596 nomen
1103 2539 1464 2596 immunitatis
1516 2539 1841 2612 requirunt;

239 2632 497 2706 quoniam
529 2640 852 2704 paupertate
877 2647 908 2688 a
946 2632 1238 2704 dispendio
1272 2642 1401 2690 tutae
1451 2643 1599 2691 sunt.
1654 2633 1844 2706 Itaque

238 2727 477 2799 amplius
506 2727 654 2784 laudi
682 2742 870 2785 earum
905 2726 1171 2797 tribuunt,
1199 2727 1292 2799 qui
1316 2728 1524 2800 aliquid
1550 2727 1630 2785 rei
1655 2727 1841 2785 detra-

239 2821 375 2878 bunt
400 2839 416 2890 ;
446 2821 717 2896 siquidem
747 2823 910 2880 saluti
942 2823 1175 2894 publicae
1199 2822 1378 2880 dicata
1407 2823 1695 2895 virginitas
1719 2839 1842 2881 creo

237 2916 344 2972 scit
374 2916 597 2983 merito,
625 2931 750 2973 cum
777 2924 927 2973 caret
953 2916 1198 2987 praemio.

311 3010 400 3066 12.
430 3029 450 3064 ς
476 3009 674 3067 Absint
702 3011 772 3068 ab
797 3009 977 3067 :erarii
1008 3011 1173 3068 vestri
1201 3011 1434 3082 puritate
1455 3011 1559 3068 ista
1585 3025 1844 3082 compen-

237 3106 352 3163 dia.
410 3106 600 3163 Fiscus
652 3105 923 3163 bonorum
974 3105 1286 3178 principum
1340 3119 1458 3162 non
1491 3104 1839 3164 sacerdotum

1956 1894 2108 1958 grata
2136 1887 2226 1944 sit.

2031 1980 2119 2036 14.
2169 1998 2188 2032 ι
2235 1979 2408 2038 Nemo
2438 1995 2526 2038 me
2554 1989 2708 2055 putet
2742 1982 2915 2038 solam
2962 1996 3185 2040 causam
3231 1983 3556 2056 religionum

1957 2071 2096 2130 tueri
2126 2091 2138 2127 :
2176 2072 2194 2111 ί
2224 2087 2293 2129 ex
2331 2072 2640 2145 hujusmodi
2682 2073 3015 2131 facinoribus
3045 2085 3164 2132 orta
3206 2085 3332 2132 sunt
3361 2088 3558 2134 cuncta

1953 2165 2184 2222 Romani
2206 2166 2423 2238 generis
2451 2167 2816 2223 incommoda.
2843 2167 3221 2225 Honoraverat
3242 2168 3328 2225 lex
3359 2183 3561 2240 paren-

1955 2269 2069 2316 tum
2099 2261 2331 2317 vestales
2362 2259 2625 2332 virgines,
2656 2275 2720 2318 ac
2763 2261 3049 2319 ministros
3099 2263 3354 2332 deorum,
3412 2266 3560 2322 victu

1952 2353 2192 2422 modico,
2217 2353 2492 2425 justisque
2519 2354 2842 2425 privilegiis.
2877 2354 3045 2411 Stetit
3098 2359 3344 2412 muneris
3396 2357 3560 2428 hujus

1951 2446 2232 2518 integritas
2278 2461 2452 2518 usque
2504 2445 2573 2502 ad
2603 2447 2907 2518 degeneres
2954 2449 3248 2518 trapezitas
3277 2492 3290 2515 ,
3343 2451 3434 2521 qui
3489 2451 3557 2506 ad
3660 2471 3665 2477 ·

1950 2537 2261 2595 mercedem
2277 2538 2464 2594 vilium
2484 2537 2793 2610 baiulorum
2811 2554 2986 2595 sacra:
3005 2541 3272 2598 castitatis
3294 2542 3556 2600 alimenta

1948 2641 2247 2689 verterunt.
2286 2632 2488 2690 Secuta
2528 2643 2609 2688 εει
2659 2633 2763 2690 hoc
2817 2633 3018 2690 factum
3071 2635 3244 2692 fames
3294 2638 3549 2707 publica,

1947 2734 2002 2781 et
2022 2741 2175 2797 spem
2206 2726 2608 2796 provinciarum
2639 2727 2884 2782 omnium
2916 2729 3114 2784 messis
3137 2744 3283 2800 mgra
3314 2730 3551 2802 decepit.

1947 2818 2063 2876 Non
2127 2829 2256 2876 sunt
2315 2820 2432 2878 haec
2485 2819 2616 2876 vitia
2671 2829 2964 2878 terrarum.
3017 2822 3163 2878 Nihil
3222 2825 3558 2895 imputamtts

1948 2913 2132 2969 astris.
2160 2912 2270 2969 Nec
2296 2913 2490 2985 rubigo
2513 2913 2794 2983 segetibus
2817 2913 3012 2984 obfuit,
3040 2931 3144 2972 nec
3171 2917 3338 2990 832
3368 2934 3545 2976 avena

1949 3015 1976 3053 8
1998 3004 2184 3077 fruges
2236 3007 2490 3062 necavit:
2517 3005 2813 3078 sacrilegio
2843 3022 3020 3065 annus
3047 3011 3290 3076 exaruit;
3321 3027 3548 3069 necesse

1948 3101 2094 3156 enim
2126 3099 2227 3156 fuit
2251 3102 2434 3172 perire
2455 3102 2710 3158 omnibus
2736 3144 2751 3170 ,
2809 3103 2955 3173 quod
2994 3104 3353 3175 religionibus
3377 3124 3548 3181 nega-

234 3199 476 3267 damnis,
503 3200 599 3257 sed
628 3200 870 3258 hostium
908 3200 1103 3272 spoliis
1142 3208 1426 3272 augeatur.
1471 3197 1734 3257 Ullumne
1757 3199 1841 3254 lu-
1868 3196 1916 3262 C
1946 3192 2125 3250 batur.

231 3309 394 3351 crum
415 3304 734 3365 compensat
763 3293 1005 3350 invidia?
1055 3292 1124 3349 Et
1150 3293 1280 3365 quia
1310 3291 1538 3348 avaritia
1569 3293 1622 3347 in
1655 3306 1842 3348 mores

2021 3287 2107 3345 15.
2156 3308 2174 3341 ‹
2209 3287 2375 3346 Certe
2404 3289 2451 3345 si
2486 3299 2572 3346 est
2615 3290 2777 3362 hujus
2803 3292 2935 3347 mali
2961 3291 3182 3365 aliquod
3214 3296 3550 3368 exemplum,

231 3398 455 3446 vestros
479 3403 588 3444 non
611 3387 776 3457 cadit,
807 3387 910 3443 hoc
955 3384 1272 3443 miseriores
1294 3393 1451 3451 sunt,
1491 3383 1690 3456 quibus
1713 3384 1842 3441 sub-
1944 3385 2274 3455 imputemus
2305 3393 2508 3441 tantam
2538 3384 2738 3442 famem
2762 3384 2974 3443 viribus
3007 3401 3298 3446 annorum.
3345 3392 3549 3449 Gravis

231 3484 375 3541 sidia
406 3493 594 3541 vetera
625 3483 883 3554 decerpta
934 3489 1082 3537 sunt.
1109 3479 1328 3535 Etenim
1354 3477 1456 3534 sub
1502 3477 1842 3549 imperatori-

233 3577 361 3647 bus,
396 3577 488 3649 qui
519 3577 701 3633 alieno
745 3576 1056 3642 abstinent,
1100 3573 1190 3645 qui
1219 3573 1486 3629 resistunt
1515 3571 1837 3643 cupiditati,

234 3671 306 3726 ad
333 3669 508 3726 solam
540 3667 850 3726 detrahitur
875 3667 1177 3723 amittentis
1205 3665 1486 3736 injuriam,
1509 3664 1656 3736 quod
1685 3663 1834 3721 desi-

236 3764 453 3822 derium
477 3777 588 3820 non
614 3769 798 3822 movet
835 3760 1158 3818 auferentis.

313 3859 404 3916 l3.
425 3860 634 3930 «Agros
652 3857 818 3914 etiam
841 3853 1144 3928 virginibus
1165 3862 1221 3910 et
1241 3852 1504 3910 ministris
1527 3850 1555 3891 ά
1582 3850 1842 3909 deficien-

239 3951 377 4008 tium
406 3948 687 4006 voluntate
717 3948 929 4020 legatos
972 3946 1140 4003 fiscus
1170 3953 1426 4002 retentat.
1460 3944 1572 4001 Oro
1606 3959 1730 4013 vos,
1755 3945 1842 4016 ju-

235 4046 407 4103 stitite
433 4043 770 4110 sacerdotes,
801 4051 861 4098 ut
887 4041 1036 4098 urbis
1051 4052 1251 4097 vestrae
1267 4039 1440 4096 sacris
1460 4037 1721 4096 reddatur
1735 4039 1846 4110 pri-

236 4148 364 4198 vata
392 4136 690 4195 successio.
716 4135 933 4191 Dictent
962 4141 1288 4191 testamenta
1341 4130 1546 4199 securi,
1579 4141 1636 4188 et
1665 4131 1845 4188 sciant

318 4289 345 4316 ει
385 4276 512 4333 Mss.
543 4289 652 4331 non
676 4273 871 4345 pauci,
914 4272 1021 4345 diis
1057 4271 1239 4345 patriis
1258 4268 1595 4345 indigetiiuts,
1622 4267 1842 4345 quidam

234 4339 1286 4422 corrupteindigentibus:§anequidem
1308 4339 1457 4411 Virg.
1481 4340 1574 4422 lib.
1596 4356 1621 4422 ι.
1631 4339 1838 4422 _Qeurg.

234 4411 578 4492 coniunctim
606 4411 805 4492 ponit,
849 4415 924 4492 dii
963 4411 1120 4486 patrii
1157 4414 1445 4492 iiidigeies:
1484 4421 1539 4467 at
1571 4411 1702 4492 nihil
1725 4413 1841 4492 im.-

237 4483 399 4569 pedit
435 4483 724 4569 quominus
761 4488 870 4569 duo
907 4483 1680 4569 hfee_nomina_S_ymmachus
1708 4483 1844 4569 divi-

179 4617 188 4620 _
237 4556 404 4625 Eerit.
435 4556 572 4621 Nam
601 4571 662 4617 ut
689 4575 817 4616 raro
844 4559 1114 4630 indigetes
1141 4575 1239 4626 pro
1264 4556 1456 4614 iisdem
1487 4556 1842 4623 accipiantur,

237 4641 341 4712 qui
365 4638 621 4712 dicuntur
647 4650 677 4688 a
702 4631 908 4712 Gracia
931 4632 1036 4712 θερί
1054 4638 1286 4712 πατρροξ
1305 4633 1393 4685 καὶ
1408 4631 1673 4712 ξνχώρξος,
1699 4642 1846 4696 saepe

1943 3476 2084 3536 hanc
2112 3477 2454 3535 sterilitatem
2482 3493 2615 3533 aura
2650 3477 2982 3534 constrinxit
3013 3496 3026 3533 :
3059 3480 3408 3539 silvestribus
3459 3499 3547 3540 ar-

1935 3571 2112 3627 bustis
2140 3572 2245 3627 vita
2274 3570 2617 3642 producitur,
2649 3582 2706 3628 et
2735 3587 2925 3628 rursus
2949 3571 2980 3612 h
3007 3574 3074 3630 ad
3114 3575 3420 3635 Dodonaaas
3450 3594 3533 3634 ar-

1940 3663 2105 3720 bores
2161 3662 2334 3734 plebis
2386 3664 2606 3720 rusticae
2653 3664 2834 3736 inopia
2872 3667 3202 3724 convolavit.
3257 3670 3401 3740 Quid
3434 3673 3546 3729 tale

1946 3755 2243 3828 provincia:
2267 3757 2632 3827 pertulerunt,
2655 3771 2778 3813 cum
2802 3757 3128 3829 religionum
3148 3761 3426 3820 ministros
3450 3763 3547 3821 ho-

1943 3866 2046 3908 nor
2072 3851 2326 3923 publicus
2357 3851 2657 3922 pasceret?
2711 3851 2944 3918 Quando
2981 3853 3035 3908 in
3075 3871 3231 3911 usum
3266 3856 3544 3914 hominum

1946 3958 2212 4001 concussa
2238 3958 2498 4015 quercus,
2532 3943 2754 4016 quando
2778 3945 2947 4002 vulste
2975 3956 3101 4003 sunt
3133 3947 3424 4006 herbarum
3455 3968 3545 4006 ra-

1947 4037 2130 4104 dices,
2163 4039 2384 4109 quando
2411 4037 2658 4095 alternos
2691 4039 2974 4112 regionum
3006 4041 3257 4100 defectus
3305 4046 3548 4102 deseruit

1945 4130 2258 4189 fecunditas
2284 4139 2504 4199 mutua;
2537 4147 2660 4188 cum
2707 4132 2910 4205 populo
2933 4142 2990 4190 et
3024 4135 3325 4206 virginibus
3374 4140 3548 4196 sacris

1947 4266 2055 4340 nite
2084 4281 2377 4340 summam,
2405 4266 2492 4322 vel
2520 4266 2840 4340 pensionem
2886 4265 3147 4340 aliquam,
3174 4279 3231 4326 ut
3267 4280 3392 4336 puta
3433 4275 3547 4331 fru-

1950 4337 2170 4406 etuum,
2226 4339 2480 4413 vestium,
2518 4337 2642 4413 etc.
2679 4337 2816 4413 Nam
2846 4337 3116 4413 commoda
3151 4356 3253 4412 pro
3284 4345 3548 4413 pensione

1949 4427 2078 4489 quae
2100 4410 2504 4489 sacerdotibus,
2535 4410 2875 4489 m_i_litibusve_
2884 4410 3216 4489 attribuatur
3241 4456 3256 4480 ,
3284 4410 3543 4489 usurpari

1951 4480 2019 4538 ex
2037 4483 2328 4555 Suetonio,
2361 4481 2800 4555 Juvenaligatque
2827 4480 2948 4536 aliis
2971 4483 3345 4555 intelligimus.

2030 4552 2049 4591 τ
2098 4554 2265 4628 vetus
2315 4561 2433 4628 erat
2457 4568 2520 4609 ac
2549 4553 2678 4608 trita
2715 4552 3062 4628 paganorum
3115 4552 3458 4628 criminatio,
3491 4574 3549 4618 ut

1955 4624 2245 4707 imperium
2280 4625 2482 4707 nuilam
2510 4635 2791 4707 pateretur
2811 4624 3181 4707 calamitatem
3206 4669 3222 4693 ,
3269 4633 3397 4698 quin
3418 4624 3545 4707 9's...

235 4687 850 4770 i’;.;.;.’.'3r'¢'he'rsibus
881 4703 938 4757 in
965 4702 1099 4757 deus
1128 4687 1315 4757 relatis
1333 4742 1349 4766 ,
1379 4687 1560 4770 atq'ue'
1581 4687 1721 4755 inter
1749 4687 1845 4754 eos
1869 4687 1924 4748 D
1949 4687 2261 4770 christiana:
2275 4687 2530 4770 religioni
2547 4695 3080 4770 acce_ptaru_fe_rrent.
3107 4687 3394 4770 Eleganter
3417 4687 3551 4760 Ter;

229 4769 570 4853 degentibus
599 4783 911 4853 sumuntur.
935 4773 1074 4853 \iidc
1102 4770 1752 4853 aliasquoque'cjusdem
1784 4769 1857 4825 si-

232 4841 786 4927 gniticaiiones_apud
818 4844 1089 4927 Vossium
1113 4841 1433 4927 in_§ty'mol.
1465 4841 1580 4927 los.
1612 4841 1858 4897 Lauren-

235 4913 387 4982 ‘t’ium
419 4922 512 4978 lib.
546 4936 584 4975 ll
620 4913 858 4990 Pulym.,
891 4918 1114 4974 dissert.
1148 4913 1436 4990 49,_atque
1465 4913 1620 4990 alios.

324 4997 354 5036 ι»
394 4995 472 5050 Ita
499 5003 610 5048 vet.
647 4983 777 5046 edit.
807 5004 871 5045 ac
895 5004 1027 5045 mss.
1055 4987 1300 5056 exceptis
1327 4983 1544 5057 paucis,
1575 4983 1664 5040 ubi
1690 4985 1852 5040 etiam

235 5070 456 5140 legitur
485 5080 620 5119 nunc
655 5063 975 5140 acrrumum:
1007 5059 1165 5114 Rom.
1196 5055 1377 5140 autem
1407 5055 1548 5140 edit.‘
1567 5071 1707 5140 ,μσς
1738 5072 1857 5126 pre-

234 5127 361 5205 iis,
389 5153 494 5193 non
522 5135 824 5190 certamina.
858 5133 961 5188 Per
990 5130 1288 5205 certamina
1317 5143 1448 5205 vero
1477 5127 1715 5205 intelligi.
1747 5140 1853 5182 non

234 5197 461 5271 debent
497 5221 688 5278 pugna:
712 5205 880 5278 armis
906 5203 1214 5278 commissa:
1232 5210 1256 5269 ,‘
1279 5200 1376 5257 sed
1398 5197 1856 5278 concertationes

235 5286 368 5343 illa:
387 5323 405 5352 ,
435 5273 849 5352 quas'proxime
872 5286 1000 5331 ante
1029 5273 1162 5352 dicit
1189 5289 1312 5352 esse
1338 5273 1666 5352 otiosorum.

337 5339 564 5409 cilium.
603 5339 736 5405 edit.
769 5347 910 5407 sola.
952 5345 1225 5402 sacerdotii
1247 5360 1430 5400 uacare
1466 5339 1784 5396 muneribus.

333 5425 362 5462 ἀ
404 5421 770 5489 Deﬁcientium
794 5418 1014 5474 nomine
1033 5418 1154 5474 illos
1180 5417 1439 5487 appellat,
1490 5429 1722 5489 quorum
1749 5412 1856 5466 vita

234 5485 564 5567 senectutis
587 5493 740 5546 oneri
766 5490 936 5567 _cedit,
961 5504 1120 5567 quos_
1145 5485 1468 5567 Ambrosius
1486 5485 1738 5567 _defectos
1764 5499 1861 5567 vo:

233 5554 394 5630 ξένε
421 5565 563 5621 solet
587 5604 602 5629 ,
637 5563 870 5617 maxime
895 5554 1040 5616 enim
1071 5561 1426 5631 obsignantur
1453 5556 1520 5613 ab
1550 5554 1857 5628 huiusmodi

231 5645 615 5711 testamenta.
825 5705 836 5711 _
901 5703 948 5711 __
1061 5703 1094 5711 __
1135 5705 1146 5711 _
1318 5703 1329 5711 _
1568 5699 1582 5711 _
1737 5698 1772 5711 υ

361 5721 385 5748 ο
422 5707 581 5763 Iusta
601 5705 870 5761 commoda
900 5703 1022 5759 ideo
1043 5703 1210 5768 dicit,
1240 5703 1368 5774 quia
1413 5716 1517 5774 uec
1568 5699 1862 5774 haeredita-

231 5797 378 5845 sem
415 5781 716 5849 integram,
740 5789 870 5849 _uec
898 5775 1071 5849 legata
1118 5770 1372 5849 qumlibet
1408 5773 1659 5849 accipere
1684 5770 1862 5828 servis

231 5852 470 5921 licebat
496 5867 511 5907 :
533 5845 640 5907 sed
670 5845 758 5904 vel
791 5845 1092 5916 peculium,
1140 5845 1194 5902 id
1225 5853 1333 5911 est,
1375 5845 1644 5902 modicam
1696 5855 1863 5913 pecu-

680 5941 954 6003 Ps'rnon.
1001 5938 1176 6002 XVI.

1960 4769 2218 4842 tullianus
2239 4767 2626 4842 Apolog.‘ca_p.
2657 4766 2750 4824 40.
2785 4766 2848 4823 Si
2883 4765 3106 4842 Tiberis,
3139 4765 3330 4842 inquit,
3364 4792 3547 4831 ascen—

1960 4839 2038 4894 dit
2067 4839 2135 4892 ad
2164 4836 2367 4904 muenia,
2397 4837 2444 4892 si
2477 4836 2632 4893 Nilus
2654 4855 2757 4893 non
2786 4839 3019 4894 ascendit
3047 4843 3101 4895 in
3124 4836 3266 4910 arva,
3298 4836 3342 4899 si
3362 4848 3548 4901 caelum

1958 4912 2122 4978 stetit,
2155 4913 2199 4965 si
2230 4920 2365 4964 terra
2397 4910 2654 4980 movithi
2683 4913 2879 4980 fames,
2921 4913 2968 4966 si
3009 4911 3160 4978 lues;
3207 4916 3383 4969 statim
3410 4916 3551 4971 chri-

1958 4983 2157 5057 stianos
2187 4981 2276 5057 ad_
2305 4980 2524 5057 leonem.
2564 4979 2765 5057 Verum
2789 4983 2977 5057 _hasce
3017 4983 3319 5057 calumnias
3352 4998 3552 5057 praeter

1957 5053 2212 5125 eumdem
2233 5051 2626 5108 Tertullianum
2654 5051 2758 5108 hoc
2787 5052 2905 5125 ipso
2929 5054 3307 5125 Apologetico.
3338 5051 3392 5112 et
3420 5058 3552 5114 Am-

1957 5124 2200 5200 brosium
2227 5131 2478 5200 nostrum
2502 5125 2753 5200 sequenti
2776 5123 3178 5200 dissertatione,
3212 5127 3303 5200 alii
3333 5144 3550 5200 quoque

1961 5195 2290 5252 innocentiae
2313 5193 2748 5251 ChriStianOrum
2788 5195 3110 5251 defensores
3158 5193 3512 5255 confuts'trunt
3537 5243 3551 5265 ,

1962 5268 2106 5324 inter
2135 5281 2274 5342 quos
2294 5266 2628 5338 Augustinus
2653 5266 2816 5323 editis
2848 5265 3006 5323 libris
3031 5266 3101 5322 de
3127 5265 3292 5324 Civit.
3327 5270 3422 5326 Dei
3438 5273 3557 5342 pal-

1963 5354 2107 5396 mam
2140 5338 2288 5396 tulit.

2037 5422 2062 5482 β
2104 5409 2266 5466 Pauci
2293 5423 2451 5482 mss.,
2471 5413 2656 5482 fruges
2680 5409 2905 5482 negavit.

2038 5479 2066 5518 ιι
2105 5481 2232 5538 Mss.
2282 5479 2586 5544 nonnulli;
2619 5479 2689 5534 ad
2733 5480 2949 5533 idoneas
2975 5479 3205 5535 arbores.
3227 5481 3395 5551 Male;
3433 5499 3561 5544 sunt

1966 5553 2693 5628 enimdodonteae_arbores
2734 5563 2994 5628 quercus,
3031 5565 3075 5628 e_
3091 5567 3318 5621 quarum
3346 5557 3558 5628 glandi-

1932 5669 1938 5673 .
1967 5625 2073 5681 bus
2092 5625 2368 5698 victitasse
2427 5622 2681 5698 feruntur
2695 5619 2887 5698 “primi
2931 5619 3208 5698 homines;
3235 5639 3300 5680 ac
3331 5619 3561 5698 proinde

1969 5705 2119 5774 tauta
2150 5695 2320 5774 fuisse
2342 5693 2516 5774 fames
2529 5689 2907 5774 significatur,
2941 5700 3000 5745 ut
3026 5694 3305 5774 mitiorum
3331 5689 3562 5774 'frugum

1967 5767 2187 5825 defectu
2207 5765 2434 5838 glandes
2463 5765 2664 5819 esitare
2687 5774 2952 5829 pauperes
2978 5765 3152 5820 coacti
3174 5768 3305 5823 sint.

3059 5932 3134 5996 31
