3996 6292
250 290 360 351 918

1446 283 1935 351 EPISTOLABUM
1972 284 2253 350 CLASSIS
2291 288 2329 347 l.

3453 312 3560 369 οη

253 404 435 460 balem
458 418 490 459 a
512 374 807 485 menibus,
842 416 872 457 a
897 401 1168 471 Capitolio
1206 400 1458 457 Senonas
1507 400 1851 471 repulerunt.
1883 404 1939 467 Α
1962 415 2071 459 non
2097 410 2296 474 potest.
2330 400 2445 458 Non
2476 417 2745 462 annorum
2777 418 2801 456 Β
2835 410 3065 467 canities
3093 421 3178 469 est
3207 414 3557 485 laudata,sed

253 497 442 567 Itaque
466 495 598 551 dum
628 478 907 552 sacrorum
937 494 1183 566 potentia
1205 492 1537 565 praedicatur
1564 531 1579 558 ,
1618 490 1853 547 inﬁrmi-

254 600 336 645 tas
382 588 652 659 proditur.
707 588 851 660 Ergo
909 587 1147 645 Annibal
1201 585 1295 641 diu
1350 582 1519 643 sacris
1573 583 1855 640 iusultavit

252 683 540 748 Romanis,
571 692 626 738 et
652 681 758 739 diis
786 688 974 738 contra
1005 698 1067 738 se
1104 678 1529 745 dimicantibus,
1584 691 1753 747 usque
1784 676 1853 733 ad

254 792 443 833 murus
473 775 626 833 urbis
653 775 923 831 vincendo
947 777 1217 846 pervenit.
1234 771 1342 829 Cur
1363 788 1422 829 se
1441 770 1680 828 obsideri
1706 771 1852 842 passi

253 882 401 938 sunt,
430 888 529 941 pro
555 871 1005 943 quibusdeorum
1039 885 1263 927 suorum
1312 882 1463 922 arma
1489 865 1800 937 pugnabant
1828 865 1853 920 ἲ

324 967 379 1023 5.
421 965 555 1021 Nam
576 964 645 1021 de
666 964 975 1027 Senonibus
1024 964 1151 1036 quid
1184 962 1396 1033 loquar,
1425 976 1559 1031 quos
1602 956 1855 1030 Capitolii

252 1072 467 1117 secreta
490 1068 838 1130 penetrantes
865 1057 1126 1113 Romanae
1147 1056 1395 1127 reliquiae
1423 1071 1531 1111 non
1567 1054 1851 1117 tulissent,

253 1153 361 1210 nisi
391 1169 488 1210 eos
519 1153 713 1224 pavido
740 1168 902 1209 anser
931 1151 1164 1222 strepitu
1199 1150 1571 1222 prodidisset?
1609 1149 1690 1204 En
1718 1164 1854 1219 qua-

254 1246 334 1302 les
355 1244 557 1317 templa
606 1245 850 1301 ﬂuuiana
878 1244 1147 1316 praesules
1183 1242 1405 1299 habent.
1439 1241 1540 1299 Ubi
1566 1251 1694 1298 tunc
1736 1247 1857 1298 erat

252 1339 501 1410 Jupiter?
538 1342 620 1395 Au
650 1340 706 1399 in
731 1353 928 1395 ansere
978 1337 1355 1409 loquebatur?

323 1432 379 1488 6.
424 1432 623 1487 Verum
670 1430 803 1501 quid
848 1445 1041 1501 negem
1092 1444 1374 1485 sacrorum
1401 1428 1540 1485 ritus
1590 1426 1856 1482 militasse

252 1523 551 1581 Romanis?
591 1524 698 1579 Sed
728 1523 892 1580 etiam
920 1522 1162 1578 Annibal
1192 1521 1415 1577 eosdem
1448 1520 1589 1576 Deos
1615 1518 1851 1576 colebat.

258 1616 448 1674 Utrum
479 1617 669 1673 volunt
691 1616 877 1688 igitur,
908 1615 1130 1687 eligant.
1158 1613 1217 1671 Si
1245 1614 1298 1670 in
1328 1614 1589 1669 Romanis
1610 1612 1856 1668 vicerunt

253 1725 430 1777 sacra,
460 1711 516 1767 in
544 1708 1070 1782 Carthaginensihus
1091 1724 1222 1781 ergo
1240 1716 1498 1780 superata
1527 1716 1654 1763 sunt
1679 1724 1693 1761 :
1724 1707 1770 1761 si
1802 1706 1855 1760 io

1960 511 2171 552 morum
2202 494 2373 569 (Sap.
2404 512 2477 565 ιν,
2502 496 2617 569 tx).
2654 496 2849 559 Nullus
2879 503 3053 574 pudor
3075 514 3163 563 est
3201 507 3267 564 ad
3323 513 3557 570 meliora

1960 589 2213 644 transire.
2249 586 2361 645 Hoc
2387 590 2563 645 solum
2591 591 2858 650 habebam
2890 610 3179 655 commune
3226 616 3349 659 cum
3389 602 3554 677 835

1958 680 2231 747 barbaris,
2256 683 2380 754 quia
2408 682 2577 740 Deum
2604 694 2767 743 antea
2828 689 3155 745 nesciebam.
3219 691 3556 751 Sacriﬁcium

1958 786 2204 833 vestrum
2234 775 2371 833 ritus
2401 786 2488 833 ost
2516 778 2817 837 bestiarum
2853 798 3052 840 cruore
3096 787 3362 860 reSpergi.
3416 789 3557 859 Quid

1958 867 2014 923 in
2051 870 2283 925 mortuis
2319 871 2617 939 pecudibus
2647 875 2890 943 quaeritis
2926 876 3018 932 Dei
3041 877 3239 935 voces?
3268 880 3484 950 Venite,
3506 894 3561 941 et
3610 886 3613 891 ’

1958 961 2151 1018 discite
2173 963 2223 1017 in
2253 962 2413 1021 terris
2446 966 2731 1024 caelestem
2772 970 3056 1026 militiam:
3090 972 3175 1028 hic
3208 975 3467 1045 vivimus,
3499 990 3557 1036 et

1960 1054 2070 1111 illic
2100 1056 2419 1113 militamus.
2452 1059 2587 1117 Coeli
2619 1064 2940 1134 mysterium
2968 1063 3162 1121 doceat
3190 1083 3276 1123 me
3304 1068 3447 1126 Deus
3476 1072 3559 1144 ip-

1960 1163 2043 1218 se,
2077 1152 2168 1222 qui
2197 1152 2485 1210 condidit:
2519 1170 2626 1209 non
2654 1154 2842 1223 homo,
2879 1157 2976 1229 qui
2999 1174 3061 1216 se
3114 1160 3292 1231 ipsum
3347 1164 3563 1235 ignora-

1960 1244 2056 1299 vit.
2081 1240 2180 1300 Cui
2212 1246 2383 1318 magis
2410 1247 2478 1303 de
2509 1247 2644 1315 Deo,
2666 1264 2827 1320 quam
2850 1250 2964 1307 Deo
2993 1252 3248 1310 credam?
3278 1254 3563 1326 Quomodo

1961 1351 2187 1409 possum
2226 1338 2382 1394 vobis
2438 1340 2688 1408 credere,
2740 1343 2833 1415 qui
2885 1343 3125 1401 fatemini
3155 1360 3254 1404 vos
3311 1349 3563 1422 ignorare

1960 1429 2104 1499 quod
2135 1429 2315 1485 colitis
2339 1430 2363 1484 ?

2032 1521 2088 1579 8.
2124 1522 2272 1588 Uno,
2325 1522 2533 1596 inquit,
2567 1525 2766 1583 itinere
2810 1542 2919 1584 non
2964 1538 3145 1600 potest
3182 1534 3465 1603 perveniri
3495 1534 3563 1592 ad

1964 1623 2074 1669 tam
2118 1615 2327 1688 grande
2356 1628 2653 1675 secretum.
2686 1617 2841 1695 Quod
2886 1636 2982 1678 vos
3026 1621 3323 1694 ignoratis,
3367 1626 3420 1682 id
3466 1643 3566 1685 nos

1964 1705 2063 1764 Dei
2109 1723 2244 1765 voce
2290 1711 2667 1781 cognovimus.
2714 1712 2784 1769 Et
2824 1714 2969 1787 quod
3018 1730 3118 1772 vos
3166 1718 3568 1789 suspicionibus

254 1785 781 1876 Carthaginensibus
828 1802 1158 1873 triumphata
1184 1843 1199 1870 ,
1234 1817 1332 1858 nec
1362 1800 1623 1857 Romanis
1672 1799 1858 1872 utique
1890 1810 1937 1872 Β
1966 1803 2229 1873 quaeritis,
2266 1819 2368 1861 nos
2406 1820 2471 1862 ex
2504 1806 2619 1879 ipsa
2654 1785 2924 1878 sapientia
2947 1808 3046 1867 Dei
3075 1822 3133 1867 et
3162 1785 3393 1871 veritate
3412 1829 3567 1872 com-

255 1896 603 1969 profuerunt.

331 1992 386 2045 7.
429 1989 690 2048 Facessat
729 1991 894 2062 iﬁtur
935 1989 1202 2047 invidiosa
1255 1989 1349 2045 illa
1382 1989 1567 2061 populi
1626 1987 1857 2044 Romani

256 2083 483 2154 querela
522 2102 536 2138 :
569 2092 595 2120 ι
624 2098 730 2138 non
760 2083 897 2138 hanc
920 2081 1090 2138 Roma
1128 2082 1422 2137 mandavit.
1474 2080 1611 2137 Aliis
1642 2080 1733 2135 illa
1763 2094 1860 2136 eos

257 2173 577 2245 interpellat
602 2175 824 2230 vocibus
850 2194 863 2230 :
893 2173 1033 2243 Quid
1063 2189 1151 2230 me
1176 2188 1336 2229 casso
1384 2172 1630 2245 quotidie
1678 2171 1859 2243 gregis

258 2268 464 2325 innoxii
490 2268 754 2339 sanguine
787 2269 1122 2324 cruentatis?
1148 2267 1265 2324 Non
1297 2268 1351 2321 in
1384 2267 1535 2321 libris
1564 2266 1856 2338 pecudum,

256 2361 354 2418 sed
381 2360 436 2416 in
463 2361 673 2416 viribus
699 2360 1024 2417 bellatorum
1058 2370 1261 2430 tropma
1289 2360 1527 2416 victoria:
1542 2369 1692 2415 sunt.
1723 2358 1860 2415 Aliis

258 2470 360 2525 ego
383 2454 689 2526 disciplinis
717 2454 908 2510 orbem
939 2453 1152 2526 subegi.
1189 2452 1454 2509 Militibat
1482 2451 1509 2490 ιι
1540 2452 1810 2507 Camillus
1839 2492 1855 2517 ,

258 2551 351 2620 qui
403 2551 620 2607 sublata
674 2547 945 2621 Capitolio
984 2551 1141 2621 signa
1171 2589 1186 2616 ,
1247 2550 1407 2605 caesis
1438 2547 1684 2617 Tarpeia:
1710 2547 1859 2616 rupis

261 2644 769 2716 triumpltatoribus,
803 2646 1106 2714 reportavit
1136 2663 1149 2699 :
1174 2644 1365 2700 stravit
1385 2645 1577 2708 virtus,
1610 2658 1747 2714 quos
1774 2657 1860 2699 re-

259 2739 389 2809 ligio
417 2754 523 2795 non
551 2740 802 2797 removit.
833 2739 973 2808 Quid
1006 2739 1075 2794 de
1104 2750 1126 2778 ο
1170 2739 1366 2794 Attilio
1394 2740 1611 2809 loquar,
1635 2736 1725 2807 qui
1755 2738 1857 2791 mi-

261 2831 432 2893 litium
456 2833 623 2891 etiam
668 2832 863 2889 mortis
902 2830 1207 2903 impendit?
1249 2829 1539 2886 Africanus
1582 2845 1689 2885 non
1717 2828 1861 2884 inter

259 2923 512 2995 Capitolii
544 2941 690 2989 aras,
729 2924 830 2981 sed
865 2927 1007 2981 inter
1035 2922 1324 2981 Annibalis
1349 2922 1495 2978 acies
1521 2920 1858 2992 triumphum

263 3021 490 3077 invenit.
514 3020 655 3087 Quid
686 3020 820 3074 mihi
850 3028 1100 3076 veterum
1141 3019 1395 3089 exempla
1439 3015 1733 3087 profertis?
1759 3014 1859 3071 Odi

264 3114 404 3170 ritus
426 3112 720 3169 Neronum.
750 3112 889 3182 Quid
918 3112 1095 3168 dicam
1120 3108 1454 3167 dbimestres
1479 3111 1858 3181 imperatores,

1967 1907 2187 1969 pertum
2219 1899 2504 1957 habemus.
2548 1900 2666 1958 Non
2714 1913 3025 1976 congruunt
3068 1906 3235 1979 igitur
3261 1919 3441 1966 vestra
3475 1928 3574 1969 no-

1963 1990 2196 2048 biscum.
2242 1990 2353 2049 Vos
2401 2009 2592 2066 pacem
2638 1994 2746 2051 diis
2778 1998 2977 2054 vestris
3021 2001 3091 2057 ab
3144 2001 3568 2072 imperatoribus

1964 2084 2268 2141 obsecratis
2286 2128 2301 2152 ,
2334 2101 2434 2142 nos
2461 2087 2601 2157 ipsis
2629 2088 3050 2159 imperatoribus
3079 2108 3107 2149 a
3132 2093 3349 2151 Christo
3379 2112 3568 2167 pacem

1965 2192 2246 2248 rogamus.
2286 2178 2394 2236 Vos
2439 2196 2696 2236 manuum
2729 2191 3034 2240 vestrarum
3085 2185 3328 2256 adoratis
3371 2205 3570 2263 Opera,

1965 2286 2064 2327 nos
2093 2271 2343 2342 injuriam
2364 2273 2616 2331 ducimus
2643 2290 2809 2331 omne
2835 2278 2980 2348 quod
3007 2279 3126 2336 ﬁeri
3162 2291 3367 2351 potest,
3400 2284 3569 2342 Deum

1962 2363 2162 2432 putari.
2197 2362 2313 2417 Non
2343 2364 2458 2419 vult
2484 2380 2546 2420 se
2579 2364 2721 2424 Deus
2759 2369 2812 2422 in
2858 2368 3131 2439 lapidibus
3157 2373 3288 2429 coli.
3328 2375 3571 2450 Denique

1963 2455 2128 2510 etiam
2161 2455 2264 2526 ipsi
2293 2456 2606 2529 philosOplii
2638 2462 2804 2516 vestri
2838 2460 2946 2520 ista
2978 2464 3236 2531 riserunt.

2035 2547 2088 2605 9.
2123 2547 2278 2618 Quod
2309 2551 2355 2605 si
2386 2567 2480 2607 vos
2509 2552 2632 2610 ideo
2660 2552 2940 2613 Christum
2970 2557 3138 2617 Deum
3167 2562 3418 2633 negatis;
3442 2566 3570 2637 quia

1962 2640 2120 2697 illum
2150 2639 2179 2678 ιι
2207 2650 2482 2700 mortuum
2535 2659 2659 2703 esse
2687 2662 2794 2703 non
2838 2649 3060 2707 creditis
3107 2652 3369 2726 (nescitis
3422 2658 3570 2717 enim

1962 2736 2107 2806 quod
2141 2752 2290 2793 mors
2337 2738 2427 2793 illa
2476 2740 2657 2795 carnis
2701 2738 2899 2807 fuerit,
2948 2760 3058 2800 non
3090 2745 3419 2817 divinitatis,
3449 2767 3572 2824 qua

1964 2828 2092 2885 fecit
2118 2841 2175 2887 ut
2204 2832 2544 2890 credentium
2570 2837 2685 2905 jam
2717 2852 2877 2894 nemo
2919 2839 3224 2915 moriatur)
3255 2845 3384 2915 quid
3419 2848 3573 2905 vobis

1966 2924 2398 2994 imprudentius,
2447 2928 2539 2998 qui
2586 2932 2992 2989 contumeliose
3022 2935 3227 3003 colitis,
3257 2947 3313 2992 et
3344 2938 3568 2996 honori-

1965 3016 2066 3075 ﬁce
2096 3018 2408 3090 derogatis;
2438 3029 2680 3077 vestrum
2712 3024 2858 3079 enim
2905 3024 3078 3083 Deum
3111 3026 3315 3098 lignum
3344 3032 3567 3100 putatis.

1964 3108 2010 3166 Ο
2038 3112 2430 3171 contumeliosa
2458 3115 2765 3171 reverentia
2795 3117 2808 3170 ἓ
2840 3114 3118 3174 Christum
3147 3122 3289 3177 mori
3322 3124 3572 3195 potuisse

265 3217 321 3264 et
341 3208 600 3264 terminos
629 3223 817 3278 regum
845 3222 969 3265 cum
990 3204 1233 3261 exordiis
1255 3203 1578 3276 copulatas?
1599 3201 1866 3258 Autl'orte
1894 3208 1938 3271 C
1972 3198 2082 3260 non
2111 3204 2356 3259 creditis.
2384 3204 2430 3260 Ο
2460 3206 2760 3263 honoriﬁca
2787 3210 3127 3280 pervicacia!

265 3302 399 3359 illud
460 3312 547 3358 est
603 3317 836 3367 novum,
904 3300 1171 3357 barbaros
1212 3300 1329 3355 suis
1372 3299 1677 3354 excessisse
1730 3295 1858 3353 lini-

267 3396 409 3453 bus?
428 3393 701 3465 Numquid
719 3394 882 3450 etiam
914 3392 993 3447 illi
1023 3391 1306 3448 christiani
1334 3390 1581 3456 fuerunt,
1628 3404 1860 3460 quorum

264 3489 563 3546 miserabili
590 3502 842 3559 novoque
869 3487 1122 3557 exemplo
1155 3495 1177 3523 ε’
1206 3484 1343 3540 alter
1363 3484 1609 3555 captivus
1628 3482 1859 3554 impera-

265 3592 379 3653 tor,
411 3584 513 3641 sub
538 3583 716 3641 altero
734 3583 982 3653 captivus
1007 3581 1177 3644 orbis,
1215 3578 1233 3617 ί
1262 3579 1517 3635 fefellisse
1548 3592 1669 3649 quae
1694 3576 1865 3633 victo-

268 3678 405 3733 tiam
438 3676 852 3749 promittebant,
902 3688 1032 3730 suas
1076 3671 1418 3729 cercmonias
1459 3668 1864 3741 prodiderunt?

266 3770 539 3842 Numquid
568 3779 626 3827 et
657 3779 787 3826 tunc
814 3785 920 3825 non
946 3777 1067 3825 erat
1090 3784 1185 3823 ara
1214 3766 1452 3821 victoria:
1474 3766 1498 3819 ?
1522 3765 1757 3822 Paenitet
1787 3763 1865 3818 la-

267 3881 443 3938 psus:
473 3872 686 3927 vetusta
717 3864 946 3921 canuies
985 3860 1220 3932 pudendi
1253 3858 1531 3931 sanguinis
1581 3858 1745 3913 traxit
1770 3872 1864 3913 ru-

266 3959 476 4017 borem.
516 3958 636 4017 Non
663 3959 933 4015 erubesco
962 3973 1083 4013 cum
1118 3965 1231 4011 toto
1272 3956 1405 4011 orbe
1455 3953 1698 4025 longzeva
1743 3969 1870 4021 cep-

266 4052 425 4108 verti.
465 4051 667 4109 Verum
689 4060 841 4107 certe
871 4059 955 4106 est
983 4049 1107 4120 quia
1136 4048 1280 4104 nulla
1304 4054 1440 4103 tetas
1459 4046 1526 4100 ad
1555 4045 1867 4116 perdiscen-

267 4144 396 4205 dum
425 4159 551 4205 sera
579 4156 684 4203 est.
709 4140 1009 4203 Erubescat
1033 4152 1308 4209 senectus,
1336 4156 1461 4212 qua:
1486 4139 1782 4197 emendare
1810 4154 1871 4197 se

268 4284 355 4341 dia
386 4285 725 4353 occupaturi,
758 4298 1011 4340 anserum
1044 4281 1281 4352 gingritu
1307 4280 1507 4336 delecti
1537 4288 1694 4346 sunt,
1749 4287 1803 4336 et
1828 4293 1857 4333 a

268 4357 469 4413 Manlio
498 4358 570 4412 de
598 4357 826 4425 Tarpeia
857 4371 993 4426 rupe
1020 4354 1243 4426 deiecti.

342 4438 367 4465 δ’
407 4430 615 4486 Omnes
636 4423 748 4484 edit
775 4468 792 4495 ,
825 4423 1063 4483 nonth
1093 4424 1260 4481 Roma
1286 4424 1575 4492 ntandauil;
1600 4439 1731 4480 mss.
1760 4423 1861 4478 ali-

265 4509 421 4572 quot,
455 4516 559 4555 non
610 4499 745 4553 hanc
769 4516 897 4572 irent
928 4497 1223 4572 mandavit;
1280 4497 1473 4566 reliqui
1508 4497 1720 4563 melius,
1758 4511 1861 4549 non

267 4570 428 4639 lianc,
461 4583 591 4631 etc.,
624 4571 816 4642 supple
847 4570 1145 4641 querelam.

341 4643 373 4684 ι’
410 4638 671 4699 Camillus
691 4638 979 4713 quinquies
1007 4641 1485 4713 dictatorereatus
1535 4648 1653 4713 est.
1711 4638 1862 4713 etab

270 4716 529 4784 prmclara
557 4714 610 4768 in
642 4708 1053 4783 itempﬁmerita
1077 4713 1228 4784 alter
1243 4710 1508 4765 Romulus
1531 4709 1729 4784 dictus.
1765 4708 1862 4764 llic

268 4782 516 4843 collectis
538 4782 905 4841 Romanorum
932 4783 1182 4853 reliquiis
1202 4782 1449 4837 Senonas
1476 4782 1671 4849 praeda:
1695 4782 1863 4853 inten-

270 4867 357 4915 tos
386 4857 523 4912 fudit
549 4872 615 4914 ac
644 4856 979 4927 proﬂigavit:
1009 4852 1119 4927 quo
1150 4853 1495 4923 potissimum
1527 4853 1748 4908 nomine
1777 4852 1865 4907 hic

268 4931 342 4985 ab
369 4930 659 4985 Ambrosio
686 4937 1040 4985 memoratur.

347 5012 370 5041 ο
429 5001 651 5056 Attilius
688 5000 929 5071 Regulus
955 5016 985 5054 a
1012 4993 1554 5071 Ca‘rtliaginensibus,
1588 5010 1617 5048 a
1664 4994 1865 5071 quibus

268 5085 463 5143 captus
493 5074 547 5127 in
578 5072 723 5127 bello
743 5065 938 5135 fuerat,
973 5070 1043 5125 ad
1070 5066 1445 5143 Senatumde
1494 5065 1869 5143 permutandis

268 5135 505 5214 eapiiais
534 5146 750 5208 missus,
779 5158 901 5198 cum
928 5158 1051 5197 eam
1076 5139 1533 5214 permutationem
1560 5135 1864 5214 efficaciter

270 5206 647 5283 dissuasisset,
682 5206 1061 5283 Carthaginem
1079 5206 1159 5267 'ad
1189 5210 1547 5266 certissimam
1585 5217 1640 5263 ct
1667 5206 1861 5263 crude-

271 5287 537 5345 lissimam
573 5294 801 5342 mortem
831 5285 1011 5341 rediit.

344 5355 371 5396 δ
412 5359 662 5424 Galbam,
695 5357 984 5418 Othonem,
1018 5355 1289 5411 Vitellium
1322 5352 1862 5424 intelligihquorum

270 5430 445 5486 Galba
475 5423 709 5499 septimo
736 5429 951 5497 imperii
980 5442 1167 5483 mense
1196 5426 1409 5481 occisus
1441 5437 1520 5478 est
1542 5465 1558 5489 ,
1592 5423 1735 5479 Otho
1767 5437 1864 5475 no—

272 5504 559 5573 nagesimo
603 5501 795 5572 quinto
828 5499 1229 5573 die,7Vitellius
1271 5506 1465 5573 octavo
1498 5509 1730 5573 mense,
1754 5502 1866 5548 tres

271 5565 425 5629 certe
452 5565 636 5628 annos
657 5572 780 5627 trini
813 5565 1083 5640 principes
1105 5571 1160 5625 in
1191 5568 1421 5639 imperio
1454 5583 1561 5622 non
1602 5565 1863 5640 impleve-

275 5653 423 5710 runt,
454 5644 607 5715 quod
631 5636 865 5716 eleganti
892 5636 1137 5698 carmine
1164 5636 1623 5712 comprehensum
1662 5646 1750 5693 est
1795 5636 1863 5692 ab

274 5719 551 5773 Ausonio:
1497 5740 1503 5745 κ

528 5784 683 5837 Galba
700 5797 887 5847 SBIIO§,
912 5783 1041 5847 Otho
1064 5783 1265 5842 lascive.
1286 5780 1467 5847 lamnae
1490 5778 1679 5841 Vitelli,

529 5846 700 5900 Tertia
726 5859 813 5899 vos
834 5844 975 5898 Latio
998 5851 1268 5909 regnantes
1291 5844 1473 5896 nesciit;
1493 5852 1653 5899 aestas.

2039 3296 2246 3354 10.Sed
2271 3307 2476 3364 vetera,
2499 3298 2697 3370 inquit,
2722 3300 3001 3358 reddenda
3025 3313 3155 3361 sunt
3180 3305 3371 3364 altaria
3399 3309 3572 3366 simu-

1968 3390 2152 3457 lacris,
2183 3398 2504 3447 ornamenta
2532 3391 2796 3449 delubris.
2823 3394 3204 3466 Reposcantur
3236 3399 3351 3456 bzec
3380 3418 3412 3459 a
3439 3419 3572 3460 cono

1965 3492 2118 3541 sorte
2145 3485 2595 3554 superstitionis:
2630 3486 2968 3547 christianos
2990 3491 3288 3563 imperator
3313 3510 3462 3554 aram
3483 3515 3572 3556 so-

1969 3577 2081 3634 lius
2119 3576 2319 3633 Christi
2368 3577 2561 3635 didicit
2594 3578 2890 3639 honorare.
2940 3584 3085 3652 Quid
3123 3603 3316 3647 manus
3355 3592 3471 3663 pias
3516 3603 3574 3652 ct

1969 3687 2064 3728 ora
2097 3669 2276 3728 ﬁdelia
2307 3672 2673 3730 ministerium
2692 3676 2805 3732 suis
2826 3688 3031 3750 cogunt
3061 3678 3075 3716 ί
3103 3684 3389 3757 sacrilegis
3416 3686 3569 3744 exhi-

1970 3765 2136 3823 bere?
2167 3765 2277 3823 Vox
2325 3767 2678 3839 imperatoris
2720 3774 2890 3828 nostri
2923 3770 3201 3832 Christum
3230 3781 3482 3851 resultet,
3518 3795 3574 3841 et

1969 3860 2123 3915 illum
2156 3861 2354 3926 solum,
2406 3877 2567 3931 quem
2615 3863 2809 3929 sentit,
2840 3865 3125 3935 loquatur;
3157 3870 3280 3939 quia
3309 3888 3398 3927 cor
3432 3877 3571 3947 regis

1970 3952 2024 4007 in
2054 3970 2208 4007 manu
2254 3953 2352 4007 Dei
2410 3951 2609 4026 (Prov.
2658 3971 2778 4022 xxi,
2811 3956 2901 4027 1).
2947 3956 3220 4031 Numquid
3271 3964 3568 4035 imperator

1967 4046 2185 4120 gentilis
2215 4063 2364 4103 aram
2396 4047 2617 4104 Christo
2646 4049 2888 4106 levavit?
2923 4051 3059 4108 Dum
3091 4069 3154 4109 ea
3176 4071 3298 4125 quas
3323 4057 3566 4128 fuerunt,

1972 4148 2307 4211 reposcunt,
2340 4141 2594 4211 exemplo
2651 4156 2752 4198 suo
2793 4142 3093 4205 admonent
3118 4160 3378 4219 quantum
3420 4153 3569 4212 chri-

1968 4278 2082 4335 Niai
2138 4280 2241 4335 hoc
2282 4280 2460 4349 potius
2506 4280 2697 4338 referri
2725 4284 2955 4341 velimus
2983 4288 3049 4343 ad
3081 4287 3192 4344 ΑΜ.
3221 4289 3561 4351 Pertinaccm

1891 4353 1946 4415 D
1969 4352 2061 4479 qui
2088 4351 2302 4408 duobus
2334 4353 2609 4435 inermibus
2636 4363 2694 4439 et
2719 4355 2916 4440 diebus
2934 4358 3008 4414 95
3037 4369 3099 4444 et
3117 4361 3187 4444 ad
3216 4362 3452 4431 Didium,
3470 4368 3565 4438 qui

2011 4425 2183 4479 nullus
2214 4425 2491 4479 menSIbus
2519 4434 2574 4479 et
2600 4443 2839 4479 uutnnue
2866 4428 3058 4479 diebus
3088 4448 3139 4479 In
3170 4436 3398 4479 ιηιηρνίη
3450 4436 3564 4479 nm-

2011 4425 2183 4479 uoltus
2214 4425 2491 4509 mensibus
2519 4434 2574 4481 ct
2600 4428 2839 4509 quinque
2866 4428 3058 4486 diebus
3084 4433 3140 4509 in
3170 4433 3398 4504 imperio
3438 4425 3564 4496 'ltie-

1970 4493 2463 4622 {lequod-certius
2484 4493 2903 4578 couv'enit'cum
2956 4504 3135 4571 Spatio
3178 4493 3562 4565 Anibrosiano.

2020 4583 2046 4619 a
2124 4584 2340 4621 amnus.

2044 4668 2075 4742 ς
2109 4658 2619 4742 ldem'Nan'niuaad
2644 4661 2760 4719 limo
2783 4664 2949 4742 verba
2966 4684 2982 4742 ς
3012 4665 3071 4722 Id
3102 4668 3246 4742 haud
3271 4670 3457 4741 dubie,
3485 4675 3567 4730 in.

1967 4730 2104 4809 quit,
2131 4730 2198 4785 de
2222 4730 2335 4786 Lic.
2371 4732 2675 4793 Valeriano.
2709 4745 2762 4789 et
2790 4735 2898 4790 lilio
2928 4740 3046 4809 ejus
3090 4738 3342 4800 Gallieno
3371 4730 3566 4803 intelli—

1966 4801 2223 4871 gendum.
2247 4818 2485 4885 quorum
2518 4816 2669 4873 pater
2692 4819 2881 4885 captus
2918 4801 3107 4881 a'regc
3141 4813 3431 4872 Perstirum
3463 4801 3567 4873 sd-

1969 4889 2140 4957 porc,
2174 4878 2261 4956 cui
2304 4889 2603 4957 ascensuro
2654 4878 2923 4957 cervicem
2972 4878 3070 4951 pro
3120 4886 3360 4942 scabello
3392 4887 3565 4957 subji-

1967 4945 2175 5016 ciebat,
2228 4946 2279 4999 in
2305 4945 2605 5002 miserabili
2640 4951 2899 5006 servitute
2948 4945 3265 5011 consenuit:
3311 4958 3449 5013 alter
3476 4945 3566 5016 6r-

1965 5015 2091 5096 bem
2145 5017 2589 5096 terrarum_luxu
2616 5028 2719 5096 _et_
2757 5023 2998 5093 nequitia
3049 5027 3317 5096 perdidit;
3348 5027 3483 5083 adeo
3505 5015 3566 5087 ut

1970 5085 2199 5157 trigenta
2230 5089 2441 5158 tyranni
2473 5090 2785 5164 provincias
2820 5085 3240 5164 occupaverint,
3264 5085 3317 5153 ei
3348 5085 3565 5157 feminae

1968 5173 2185 5230 quoque
2212 5167 2400 5213 contra
2427 5175 2549 5215 eum
2578 5160 3201 5236 diademasum'pserint.

2046 5248 2063 5288 τ
2106 5249 2237 5333 Mss.
2270 5251 2498 5320 aliquot,
2531 5252 2816 5333 Mellilque
2844 5273 2961 5328 qua:
2990 5258 3256 5315 victoriam
3292 5262 3565 5330 promitte-

1968 5324 2074 5378 bat.
2103 5322 2279 5377 Minus
2300 5324 2610 5381 commode.

2044 5424 2068 5463 ε
2108 5413 2312 5471 Omnes
2339 5414 2470 5471 edit.
2494 5431 2558 5472 ac
2580 5416 2732 5486 panci
2754 5432 2908 5485 mss.,
2939 5420 3159 5475 canities
3180 5432 3254 5477 est
3281 5422 3566 5479 ludendo.

2044 5513 2070 5552 ¹¹
2101 5514 2355 5596 Nonnulli
2390 5532 2546 5584 inss.,
2580 5525 2984 5596 magnanimae
3012 5521 3245 5596 creditis;
3276 5524 3490 5594 reliqui,
3518 5536 3572 5584 et

1972 5602 2166 5671 omnes
2193 5587 2399 5671 edit...
2434 5604 2537 5669 non
2566 5586 2797 5671 creditis.
2821 5587 3009 5643 Melius
3029 5586 3315 5671 utdocent
3339 5586 3571 5667 seque"-

1979 5658 2074 5724 tia,
2103 5657 2363 5713 Christum
2392 5658 2523 5711 mori
2551 5657 2779 5727 potuisse
2806 5673 2905 5712 non
2937 5661 3163 5719 creditis.

2051 5760 2067 5802 i
2100 5756 2323 5813 Pauculi
2354 5771 2513 5823 mss.,
2546 5752 2821 5822 sacriﬁciis
2851 5756 3106 5821 “nam,
