3996 6292
285 325 391 382 977
1195 307 1216 346 ⁷

1506 293 1992 360 EPISTOLABUM
2030 288 2310 352 CLASSIS
2349 292 2392 348 l.

3477 280 3584 339 978

358 433 446 490 16.
492 431 663 488 Nemo
711 437 891 483 tamen
941 423 1164 480 donaria
1213 417 1496 484 delubris.
1543 424 1598 470 ει
1639 423 1664 449 ³
1694 413 1868 483 ιοὲτιίει
1896 409 1944 472 Α
1977 426 2138 484 lentis
2183 439 2346 480 causa
2395 421 2831 486 constrinxerit;
2865 430 2924 476 ut
2953 419 3255 475 virentibus
3299 417 3582 488 segetibus

284 526 666 598 liaruSpicibus
714 521 1002 593 denegavit
1033 537 1046 572 :
1099 516 1212 572 sola
1239 512 1450 569 sublata
1481 519 1608 565 sunt
1633 505 1870 578 praedia;

280 624 408 697 quia
437 635 548 677 non
579 617 837 688 religiose
859 614 1152 687 utebantur
1181 610 1268 676 iis,
1297 621 1417 674 quae
1447 602 1728 674 religionis
1753 599 1874 671 jure

283 715 660 774 defenderent.
695 710 797 777 Qui
829 697 1018 764 nostro
1062 711 1291 759 utuntur
1316 697 1589 770 exemplo,
1627 711 1725 752 cur
1764 708 1872 748 non

283 811 578 868 utebantur
627 804 849 862 ofllcio?
899 801 1041 858 Nihil
1088 797 1336 855 Ecclesia
1381 793 1508 859 sibi,
1559 791 1664 846 nisi
1713 788 1872 844 fidem

281 906 544 978 possidet.
562 901 674 958 Hos
695 898 940 956 redditus
969 895 1197 966 pra-bet,
1218 891 1318 946 hos
1346 889 1570 945 fructus.
1589 883 1874 940 Possessio

283 999 543 1060 Ecclesia:
573 997 600 1036 δ
630 1002 881 1065 sumptus
911 999 996 1048 est
1019 1000 1338 1059 egenorum.
1386 981 1686 1038 Nutnerent
1737 990 1875 1047 quos

284 1092 616 1154 redemerint
661 1087 861 1158 templa
901 1083 1181 1155 captivos,
1224 1093 1348 1150 qua:
1392 1072 1726 1131 contulerint
1771 1069 1870 1123 ali-

277 1198 457 1247 menta
484 1182 835 1257 pauperibus,
871 1177 1072 1250 quibus
1115 1171 1399 1231 exsulibus
1440 1164 1664 1222 vivendi
1696 1161 1873 1219 subsi-

191 1317 194 1319 -
273 1285 359 1341 dia
397 1275 850 1338 ministraverint.
885 1283 908 1312 ο
941 1269 1147 1327 Ριτεόίει
1195 1266 1357 1339 igitur
1403 1263 1730 1342 intercepta,
1764 1270 1869 1311 non

270 1379 391 1451 jura
430 1381 576 1432 sunt.
1545 1426 1548 1428 _

346 1471 434 1526 l7.
465 1467 550 1524 En
578 1463 722 1537 quod
749 1463 978 1526 factum,
1017 1473 1142 1530 quae
1190 1454 1344 1511 triste
1372 1451 1546 1523 piaret
1579 1446 1752 1512 nefas,
1787 1445 1869 1499 fa-

273 1578 421 1630 mes,
447 1570 506 1617 ut
525 1561 676 1616 aiunt
696 1598 710 1624 ,
748 1555 968 1630 publica
987 1549 1317 1613 vindicavit;
1337 1544 1461 1618 quia
1483 1543 1601 1598 usui
1627 1538 1868 1596 omnium

272 1655 536 1730 proﬁcere
562 1652 731 1724 coepit
751 1694 766 1718 ,
796 1647 940 1721 quod
989 1643 1311 1716 proficiebat
1357 1635 1662 1695 commodis
1689 1647 1871 1688 sacer-

271 1728 480 1807 dotum.
517 1749 809 1822 Propterea
839 1757 970 1814 ergo
995 1737 1258 1796 detractis
1279 1778 1294 1802 ,
1325 1743 1382 1790 ut
1424 1734 1598 1797 aiunt,
1646 1728 1868 1784 arbusta

271 1854 432 1901 exuta
475 1840 790 1904 corticibus,
835 1851 998 1892 succo
1028 1830 1328 1890 miserabili
1373 1825 1741 1884 deficientium
1770 1837 1863 1877 ora
1895 1810 1944 1870 B

271 1935 606 1993 lambebant.
662 1932 957 2002 Propterea
994 1923 1021 1963 ιι
1051 1923 1352 1982 Chaoniam
1421 1913 1629 1989 frugem
1675 1914 1871 1986 glande

270 2037 572 2093 mutantes,
604 2039 794 2080 rursus
825 2025 880 2078 in
909 2018 1180 2092 pecudum
1207 2024 1417 2088 pastus,
1450 2021 1505 2067 et
1538 2009 1604 2064 ad
1638 2007 1872 2064 infelicis

269 2123 448 2178 victus
487 2119 742 2175 alimenta
781 2112 1060 2176 revocati,
1101 2121 1368 2166 concussa
1397 2117 1640 2175 quercu,
1674 2099 1871 2155 famem

272 2218 325 2273 in
357 2214 509 2270 silvis
536 2211 706 2285 838
733 2219 758 2247 θ
789 2208 1048 2263 miseram
1076 2202 1414 2258 solabantur.
1445 2195 1591 2251 Nova
1615 2192 1874 2249 videlicet

272 2309 518 2383 prodigia
550 2314 848 2370 terrarum,
881 2317 1002 2372 qua:
1035 2311 1330 2367 numquam
1363 2302 1490 2348 ante
1515 2289 1869 2354 acciderant;

269 2381 392 2459 cum
425 2397 742 2470 superstitio
789 2393 1010 2464 gentilis
1039 2398 1154 2445 toto
1181 2386 1313 2444 orbe
1343 2381 1612 2441 ferveret?
1642 2381 1722 2436 Re
1741 2394 1872 2434 vera

270 2489 488 2566 quando
514 2497 640 2549 ante
674 2485 692 2525 ι
728 2485 914 2541 vacuis
959 2481 1147 2562 avenis
1199 2492 1357 2549 seges
1400 2474 1548 2531 avari
1589 2482 1714 2527 vota
1748 2471 1874 2526 lusit

273 2557 544 2655 agricolze,
571 2591 624 2635 et
644 2593 798 2650 spem
823 2576 1039 2633 rusticae
1063 2557 1233 2644 plebis
1255 2569 1480 2642 qumsita
1508 2565 1676 2622 sulcis
1700 2564 1872 2635 frugis

273 2675 444 2753 he_rba
478 2670 762 2731 destituit?

345 2769 434 2824 18.
468 2767 538 2823 Ει
561 2765 707 2822 unde
733 2763 941 2822 Graecis
972 2773 996 2810 ις
1021 2759 1242 2817 oracula
1271 2754 1454 2814 habita
1477 2773 1588 2812 sua:
1608 2769 1869 2826 quercus,

274 2862 378 2919 nisi
400 2861 523 2933 quia
553 2857 856 2915 remedium
885 2855 1153 2911 silvestris
1197 2852 1473 2907 alimonia:
1516 2849 1759 2905 caelestis
1788 2862 1874 2902 re-

273 2956 493 3027 ligionis
519 2953 721 3010 donum
769 2949 1063 3024 putarunt?
1102 2934 1252 3002 Talia
1297 2946 1442 3002 enim
1491 2957 1716 2998 suorum
1757 2956 1874 2996 mu-

275 3064 409 3105 nera
435 3046 669 3103 credunt
699 3045 948 3102 deorum.
981 3042 1114 3110 Quis
1143 3041 1438 3096 dodonzras
1485 3037 1733 3103 arbores,
1767 3035 1871 3090 nisi

275 3143 518 3214 gentium
545 3141 773 3212 populus
789 3137 1071 3200 adoravit;
1095 3149 1216 3191 cum
1241 3132 1268 3170 ιι
1293 3132 1551 3204 pabulum
1579 3131 1734 3185 triste
1755 3127 1872 3199 agri

1978 517 2158 574 subito
2180 531 2307 586 spes
2336 515 2463 570 anni
2491 514 2672 570 adulta
2707 521 3033 567 moreretur.

2052 611 2139 667 19.
2169 611 2240 666 Ει
2269 618 2418 666 certe
2448 620 2575 665 ante
2605 609 2873 680 plurimos
2903 620 3078 661 annos
3107 604 3432 675 templorum
3455 603 3578 673 jura

1978 711 2094 761 toto
2120 703 2254 760 orbe
2283 703 2494 758 sublata
2527 710 2655 756 sunt
2685 719 2698 754 :
2730 699 2965 754 modone
2997 697 3218 752 demum
3259 694 3366 750 diis
3402 695 3579 766 genti-

1978 800 2108 854 lium
2140 799 2290 854 venit
2316 791 2371 852 in
2398 805 2637 852 mentem
2669 808 2795 849 suas
2815 792 3042 862 injurias
3064 790 3238 844 ultum
3262 789 3380 844 ire?
3410 787 3584 858 Prop-

1977 901 2130 947 terea
2161 905 2262 945 nec
2307 899 2530 944 assueto
2573 901 2737 942 cursu
2774 884 2929 940 Nilus
2962 881 3237 948 intumuit,
3279 878 3292 917 ί
3328 889 3387 935 ut
3417 878 3580 936 Urbi-

1978 1001 2164 1042 corum
2211 983 2559 1040 sacerdotum
2602 978 2888 1051 dispendia
2940 975 3282 1044 vindicaret,
3335 974 3427 1045 qui
3470 988 3581 1030 non

1978 1079 2278 1136 vindicavit
2305 1078 2565 1134 suorum?

2047 1173 2139 1228 20.
2174 1172 2308 1228 Esto
2341 1181 2520 1226 tamen
2545 1171 2590 1225 si
2613 1169 2895 1241 superiore
2927 1181 3072 1221 anno
3105 1163 3329 1220 deorum
3359 1175 3581 1218 suorum

1975 1270 2206 1339 injurias
2233 1267 2534 1322 vindicatas
2581 1272 2792 1335 putant,
2825 1277 2925 1318 cur
2957 1260 3211 1331 praesenti
3251 1273 3395 1313 anno
3441 1271 3577 1312 con-

1977 1363 2204 1432 temptui
2238 1359 2427 1416 fuere?
2464 1358 2584 1414 Jam
2617 1359 2765 1413 enim
2797 1369 2899 1411 nec
2939 1354 3235 1409 herbarum
3273 1349 3444 1406 vulsis
3492 1363 3581 1404 ra-

1975 1457 2188 1516 dicibus
2237 1455 2508 1510 rusticana
2553 1452 2708 1524 plebs
2746 1449 3008 1521 pascitur,
3043 1462 3146 1503 nec
3185 1446 3367 1501 bacca:
3409 1443 3579 1498 silve-

1973 1549 2107 1604 stris
2129 1547 2378 1619 explorat
2400 1545 2625 1611 solatia;
2662 1551 2675 1603 i
2706 1557 2806 1598 nec
2823 1541 3004 1596 cibum
3033 1539 3101 1595 de
3120 1537 3370 1594 sentibus
3398 1536 3574 1606 rapit:

1972 1642 2068 1698 sed
2092 1657 2318 1713 operum
2351 1641 2472 1695 laeta
2519 1638 2755 1693 felicium
2776 1677 2791 1703 ,
2822 1635 2950 1690 dum
2984 1647 3192 1689 messes
3219 1646 3345 1687 suas
3376 1640 3431 1686 et
3463 1631 3578 1700 ipsa

1972 1737 2226 1803 miratus,
2261 1733 2502 1807 explevit
2529 1732 2642 1788 voti
2675 1732 2929 1787 satietate
2955 1727 3264 1800 jejunium:
3301 1726 3581 1782 usurarios

1973 1831 2133 1887 nobis
2162 1829 2393 1885 reddidit
2422 1839 2561 1882 terra
2593 1831 2909 1897 proventus.

2045 1925 2136 1996 2|.
2169 1922 2302 1990 Quis
2353 1935 2484 1991 ergo
2514 1929 2622 1974 tam
2665 1931 2839 1973 novus
2893 1915 3146 1970 humanis
3191 1913 3384 1970 usibus
3430 1911 3580 1966 vices

1975 2026 2196 2087 stupeat
2237 2015 2537 2072 annorum?
2582 2013 2649 2068 Et
2682 2022 2864 2067 tamen
2900 2010 3064 2066 etiam
3113 2007 3397 2078 superiore
3436 2020 3581 2060 anno

1975 2112 2262 2184 plerasque
2295 2109 2548 2163 novimus
2577 2105 2888 2176 provincias
2915 2100 3254 2158 redundasse
3282 2099 3576 2156 fructibus.

1974 2204 2052 2258 De
2080 2201 2270 2257 Galliis
2301 2200 2428 2269 quid
2457 2200 2646 2269 loquar
2667 2197 2831 2253 solito
2855 2193 3186 2249 ditioribus?
3213 2190 3575 2247 Frumentum

1974 2294 2302 2360 Pannoniae,
2335 2292 2477 2362 quod
2523 2306 2629 2345 non
2672 2298 2960 2352 severam,
3009 2285 3377 2342 vendiderunt
3411 2301 3424 2338 :
3457 2283 3482 2320 ¹ί
3522 2293 3580 2338 et

1975 2385 2216 2444 secunda
2244 2385 2434 2440 Rbetia
2461 2381 2759 2438 fertilitatis
2803 2395 2915 2435 sua:
2940 2379 3090 2434 novit
3118 2376 3410 2441 invidiam;
3452 2390 3576 2428 nam

1975 2496 2096 2553 qua:
2127 2479 2337 2535 solebat
2373 2479 2537 2532 tutior
2563 2491 2686 2532 esse
2703 2474 2910 2546 jejunio
2933 2516 2948 2540 ,
3001 2472 3335 2529 fecunditate
3363 2470 3576 2526 hostem

1976 2573 2029 2628 in
2058 2588 2117 2628 se
2148 2572 2405 2628 excitavit
2432 2588 2444 2623 :
2470 2568 2746 2640 Liguriam
2795 2567 3163 2638 Venetiasque
3189 2563 3439 2619 autumni
3464 2562 3579 2618 fru-

1974 2672 2153 2750 menta
2186 2672 2472 2736 paverunt.
2509 2662 2650 2732 Ergo
2674 2675 2776 2716 nec
2808 2661 2901 2715 ille
2932 2659 3225 2729 sacrilegio
3248 2670 3427 2713 annus
3448 2671 3576 2712 exa-

1976 2749 2114 2823 ruit,
2157 2766 2212 2812 et
2244 2757 2348 2812 iste
2371 2756 2492 2812 fidei
2543 2755 2810 2810 fructibus
2857 2769 3036 2809 anuus
3071 2751 3331 2808 effloruit.
3366 2749 3577 2821 Negeut

1976 2854 2140 2908 etiam
2166 2850 2308 2918 quod
2357 2850 2508 2920 largo
2539 2849 2648 2904 fetu
2684 2849 2860 2903 vinem
2915 2845 3362 2903 redundaverint.
3411 2843 3580 2915 839

1977 2946 2161 3017 Itaque
2189 2953 2245 3001 et
2274 2959 2507 2999 messem
2537 2943 2834 2999 feneratam
2890 2941 3195 3012 recepimus
3219 2982 3234 3006 ,
3278 2948 3335 2993 et
3379 2937 3578 2993 libera~

1977 3041 2131 3096 lioris
2171 3039 2459 3094 vindemia:
2491 3038 2759 3094 beneficia
2785 3037 3149 3108 possidemus.

2047 3136 2138 3191 22.
2168 3135 2483 3190 Postremus
2513 3140 2764 3203 superest
2795 3139 2851 3186 et
2873 3131 3140 3185 maximus
3174 3129 3359 3193 locus,
3392 3136 3572 3183 utrum

279 3249 564 3291 nemorum
594 3233 804 3288 honore
831 3227 1095 3286 donaret?
1136 3225 1255 3282 Non
1294 3233 1377 3281 est
1403 3221 1700 3279 verisimile
1720 3220 1864 3290 quod
1891 3206 1939 3270 C
1971 3245 2032 3287 ea
2070 3245 2190 3301 qua,
2236 3227 2392 3283 vobis
2436 3225 2774 3297 profuerint,
2825 3224 3194 3293 imperatores
3217 3263 3231 3287 ,
3281 3221 3573 3277 restituere

279 3327 619 3399 indignantes
643 3340 834 3382 eorum
864 3324 939 3379 dii
972 3321 1026 3378 id
1056 3335 1152 3392 pro
1182 3334 1340 3391 poena
1374 3316 1690 3383 intulerint,
1721 3315 1865 3386 quod

277 3421 532 3476 solebant
571 3419 766 3490 placati
795 3414 1048 3472 conferre
1075 3427 1174 3484 pro
1204 3425 1450 3467 munere.

347 3516 480 3585 Quae
505 3523 683 3572 autem
707 3513 952 3585 aequitas,
985 3520 1041 3566 ut
1070 3509 1257 3581 paucis
1285 3505 1660 3563 sacerdotibus
1681 3503 1867 3560 dolen-

277 3620 359 3666 tes
387 3610 590 3664 victum
625 3615 902 3679 negatum,
934 3605 1038 3676 ipsi
1066 3603 1320 3660 omnibus
1345 3601 1714 3671 denegarem;
1744 3613 1865 3654 cum

277 3702 656 3757 inelementior
699 3710 847 3757 esset
890 3697 1158 3764 vindicta,
1206 3681 1365 3767 quam
1415 3695 1609 3765 culpa?
1640 3694 1755 3749 Non
1785 3704 1869 3749 est

275 3795 439 3867 igitur
477 3795 672 3850 idonea
692 3837 708 3862 ,
739 3808 861 3864 qua:
891 3800 1097 3847 tantam
1139 3788 1517 3862 mgritudinem
1557 3789 1742 3845 mundi
1771 3792 1870 3849 fal-

348 3928 373 3956 ³
405 3917 512 3972 Pro
543 3919 710 3990 legata
726 3911 1597 3990 auruspicibuslegendumfeqata
1615 3913 1719 3990 a_ris
1749 3930 1862 3990 spe-

273 3990 446 4046 ciebus
474 3983 697 4058 conficit
727 3983 945 4043 Samuel
995 3986 1134 4040 Petit
1165 3986 1259 4040 lib.
1294 4001 1349 4039 ιιι
1384 3983 1590 4058 V_ariar_.
1638 3984 1857 4058 lection.

274 4079 396 4133 cap.
430 4063 486 4127 7,
519 4054 625 4116 non
665 4059 856 4133 injuria
884 4058 1069 4128 infelix
1113 4058 1320 4111 criticus
1348 4071 1376 4109 a
1401 4054 1626 4133 _V_lalesio
1655 4057 1864 4112 vocita-

276 4127 383 4190 tus.
415 4133 576 4189 Certe
621 4141 677 4186 ut
707 4127 1020 4187 omittamus
1063 4144 1197 4182 mss.
1243 4143 1308 4182 ac
1348 4127 1477 4181 edit.
1511 4140 1858 4192 consensum,

275 4207 436 4262 lectio
469 4205 555 4259 illa
601 4203 825 4259 minime
855 4201 1213 4258 Atnbrosiana
1262 4209 1375 4262 est,
1428 4212 1528 4252 nec
1581 4197 1819 4252 rationes
1847 4241 1861 4263 ,

274 4279 473 4350 quibus
517 4280 726 4360 nititur,
764 4279 899 4330 satis
937 4273 1167 4329 idoneae.
1211 4270 1414 4326 Locum
1462 4269 1747 4339 expende,
1800 4285 1863 4326 ac

419 4360 588 4403 unua.

316 4364 588 4405 ronunua.

276 4367 308 4422 Ρ
345 4421 374 4459 b
409 4421 556 4476 lianc
587 4423 782 4490 legem.
820 4433 924 4489 qua
957 4415 1253 4472 Ecclesiam
1306 4427 1524 4490 omnem
1556 4413 1728 4468 teneri
1761 4413 1865 4490 hoc

278 4495 401 4549 loco
431 4484 667 4550 teStatuF
678 4484 1020 4551 Ambrosius,
1055 4503 1214 4558 quam
1243 4485 1479 4557 perfecte
1507 4485 1735 4558 ipsemet
1764 4484 1865 4539 im-

278 4567 528 4636 pleverit,
564 4577 861 4634 cognosces
891 4576 957 4615 ex
987 4555 1084 4626 iis,
1104 4575 1224 4630 qua:
1244 4555 1319 4613 'ad
1353 4559 1452 4613 lib.
1485 4573 1521 4610 ιι
1551 4555 1710 4611 Ofﬁc.
1742 4571 1862 4628 cap.

277 4655 343 4694 xv
372 4649 426 4692 et
449 4637 520 4692 28
546 4636 974 4692 observavimus.

353 4723 374 4748 ο
409 4711 534 4764 Mss.
565 4709 669 4763 duo
691 4748 704 4770 ,
753 4705 946 4761 Praeda
989 4703 1146 4775 igitur
1173 4699 1573 4775 intercepta._Et
1615 4708 1736 4769 post
1775 4713 1864 4775 se-

271 4781 514 4838 cundum
541 4769 778 4844 versum,
809 4779 898 4833 ubi
925 4769 1036 4830 vet'.
1059 4773 1173 4828 edit
1194 4788 1258 4827 ac
1284 4769 1414 4844 mss.
1443 4769 1860 4844 aliquammulti,

270 4855 452 4919 quod;
497 4851 739 4906 nonnulli
767 4841 883 4921 quw
920 4849 1066 4905 triste
1101 4845 1244 4921 piare
1296 4842 1476 4921 nefas;
1505 4842 1697 4921 melius
1726 4841 1860 4921 edit.

275 4912 444 4979 Rom.
493 4938 613 4976 cum
669 4912 933 4989 reliquis,
979 4912 1110 4988 qm
1147 4917 1290 4989 triste
1340 4914 1505 4989 piaret
1548 4912 1716 4989 nefas.
1769 4913 1862 4967 Est

267 4998 474 5068 quippe
501 4993 730 5047 imitatio
761 4982 904 5046 illius
920 4982 1127 5046 versus
1155 5003 1187 5043 e
1217 4986 1308 5041 lib.
1339 4999 1374 5038 ll
1403 4982 1620 5068 gEaeid.

406 5072 628 5134 Efﬁgiem
650 5077 892 5134 statuere,
918 5070 1055 5122 nefas
1076 5083 1187 5134 quas
1209 5068 1350 5118 triste
1375 5065 1552 5127 piaret.

346 5141 374 5180 δ
405 5143 504 5198 Hic
539 5157 670 5197 mss.
716 5154 770 5197 et
798 5144 929 5196 edit.
963 5143 1103 5195 inter
1146 5155 1206 5193 se
1246 5135 1604 5198 conveniunt,
1638 5141 1868 5201 excepto

263 5215 421 5287 quod
454 5215 760 5287 inillorum
783 5211 1058 5287 nonnullis
1087 5207 1462 5287 dictioglande
1484 5205 1868 5287 praetermitti.

267 5277 365 5343 t'ur
391 5307 403 5341 :
437 5286 532 5342 sed
566 5295 745 5339 tamen
772 5284 926 5339 ulcus
946 5281 1028 5335 his
1057 5282 1238 5334 verbis
1260 5277 1400 5334 inest
1425 5279 1653 5331 minime
1676 5277 1868 5330 obscu-

265 5375 418 5415 rum.
449 5359 581 5412 Nam
612 5364 808 5422 praeter
830 5369 988 5423 quam
1011 5351 1151 5422 quod
1175 5349 1524 5406 Ambrosium
1560 5346 1867 5417 respexisse

263 5434 447 5501 liquet
476 5430 541 5481 ad
569 5442 785 5481 versum
817 5427 964 5479 illum
995 5440 1059 5479 ex
1093 5423 1328 5491 tGeorg.
1356 5439 1368 5472 :

403 5508 666 5560 Chaoniam
690 5507 859 5568 pingui
882 5503 1110 5566 glandem
1130 5503 1331 5552 mutavit
1353 5501 1527 5563 arista;

259 5597 381 5638 vox
403 5579 698 5635 Chaonium
743 5577 964 5631 ducitur
992 5590 1020 5628 a
1051 5573 1269 5642 regione
1302 5572 1471 5640 Epiri,
1519 5573 1571 5625 in
1620 5584 1723 5642 qua
1768 5569 1872 5642 Do-

257 5657 425 5712 done
465 5650 597 5706 urbs
634 5648 849 5703 condita
902 5655 1040 5702 erat.
1075 5641 1189 5699 Non
1247 5645 1405 5714 longe
1436 5651 1616 5696 autem
1656 5641 1726 5695 ab
1776 5641 1873 5714 hac

258 5711 556 5795 surgebat
588 5722 725 5795 silva
771 5718 888 5795 .l_ov_i
933 5731 1113 5795 sacra,
1164 5725 1217 5795 et
1256 5711 1366 5795 tota
1408 5715 1698 5795 quercina;
1729 5711 1874 5768 unde

255 5783 645 5870 Symmachus
676 5792 727 5846 iu
773 5790 1074 5870 ῌειᾳιίοηο,
1106 5797 1161 5870 et
1186 5783 1672 5870 Αριδςρείιιὲᾲὶιιΐῐη
1686 5799 1877 5870 μᾳυειτ

264 5854 382 5924 ἷεῖιει
424 5859 700 5920 Doricum
731 5854 938 5915 arbores
968 5867 1186 5916 vocant.
1225 5854 1586 5913 Scribendum
1619 5863 1751 5919 ergo
1791 5855 1877 5907 vel

1973 3321 2213 3378 subsidia
2250 3319 2534 3383 debeatis;
2580 3319 2656 3373 ait
2691 3317 2838 3372 enim
2875 3333 2887 3370 :
2926 3315 3031 3370 Vos
3059 3314 3396 3381 defendant,
3421 3329 3451 3369 a
3479 3307 3578 3368 nc-

1976 3419 2057 3473 bis
2083 3416 2354 3472 colantur.
2381 3414 2494 3468 lloc
2515 3421 2621 3480 est,
2651 3409 3272 3478 fidelissimiPrincipes,
3297 3407 3443 3479 quod
3466 3405 3576 3462 fer-

1974 3526 2033 3568 re
2073 3495 2202 3565 non‘
2224 3522 2542 3578 possumus;
2571 3505 2698 3576 quia
2733 3500 3066 3573 exprobrant
3103 3501 3260 3556 nobis
3292 3507 3476 3556 vestro
3515 3514 3576 3553 se

1975 3606 2194 3664 nomine
2211 3603 2316 3659 diis
2343 3602 2454 3659 suis
2483 3600 2821 3670 supplicare,
2854 3604 2910 3651 et
2931 3595 3084 3650 vobis
3115 3609 3220 3650 non
3258 3593 3574 3650 mandantio

1977 3703 2077 3759 bus
2095 3741 2110 3768 ,
2135 3697 2482 3779 sacrilegium
2516 3696 2752 3750 immane
2769 3691 3117 3748 committunt
3135 3731 3149 3755 ,
3180 3688 3576 3745 dissimulatio-

1978 3811 2102 3852 nem
2137 3807 2234 3865 pro
2260 3804 2528 3846 consensu
2553 3787 2997 3856 interpretantes.
3033 3781 3148 3839 Sibi
3175 3781 3577 3852 habeantprze-

1974 3911 2258 3967 Chaoniam
2280 3914 2429 3981 fruge
2450 3903 2688 3979 glandem
2709 3909 2988 3968 mutantes,
3014 3899 3099 3955 vel
3118 3896 3354 3954 Chaonia
3371 3898 3576 3970 frugem

1971 3983 2414 4122 glaygdncpcauci
2445 4063 2606 4122 mss.,
2630 4043 3239 4122 miseramusolabamur;
3266 4050 3320 4096 et
3350 4041 3471 4122 istic
3497 4041 3578 4094 al-

1973 4128 2176 4183 luditur
2202 4113 2364 4181 etiam
2395 4121 2460 4176 ad
2495 4119 2848 4189 Virgiliauum
2873 4115 3005 4170 illud
3036 4130 3067 4169 e
3098 4114 3193 4167 lib.
3219 4113 3332 4183 jam
3363 4113 3572 4168 citato:

2099 4203 2438 4266 Concussaque
2464 4198 2645 4248 famem
2672 4198 2721 4246 in
2744 4194 2878 4244 silvis
2903 4193 3133 4245 solabere
3153 4205 3364 4255 quercu.

2051 4267 2069 4305 ί
2107 4267 2250 4320 Virg.
2286 4267 2378 4320 lib.
2412 4264 2508 4320 cit.
2548 4279 2561 4314 :

2155 4272 2250 4321 ira.
2286 4272 2378 4320 lib.
2412 4272 2508 4320 cit.
2548 4279 2561 4314 :

2111 4283 2198 4321 Vll‘
2237 4306 2250 4319 .
2287 4283 2378 4320 Ito.
2412 4283 2508 4320 cu.
2548 4283 2561 4314 :

2094 4283 2392 4400 Exsgectata
2415 4346 2568 4395 seges
2586 4331 2750 4382 vacuis
2776 4329 2922 4380 elusit
2943 4329 3132 4378 avenis.

2045 4418 2069 4455 κ
2101 4408 2178 4463 Ita
2203 4397 2363 4470 ‘mss.;
2409 4405 2540 4460 edit.
2572 4411 2774 4466 autem,
2807 4401 3021 4454 oracula
3049 4398 3254 4454 habitae.
3283 4397 3482 4471 Utique
3506 4414 3573 4455 ex

1973 4480 2122 4550 Virg.
2151 4479 2244 4534 lib.
2281 4495 2317 4532 ιι
2345 4477 2544 4546 Georg.
2580 4475 2672 4530 ubi
2698 4473 2937 4543 legitur:

2104 4600 2138 4614 ..
2151 4562 2370 4624 ...Atque
2396 4559 2575 4608 habita:
2595 4555 2753 4618 Graiis
2771 4554 2966 4605 oracula
2982 4568 3215 4619 quercus.

1981 4634 2058 4689 De
2097 4632 2376 4688 dodonzeis
2399 4644 2565 4700 porro
2607 4627 2916 4698 quercubus
2961 4627 3048 4682 hic
3093 4627 3467 4700 agi_constat;
3502 4625 3571 4700 de

1976 4705 2172 4776 quibus
2197 4697 2638 4776 praeter-Virgilii
2658 4707 3121 4776 commentatores
3148 4697 3221 4776 ad_
3247 4713 3464 4776 versum
3495 4699 3575 4752 ci-

1977 4768 2171 4903 ;atugi,
2198 4768 2487 4899 conjsulere
2510 4768 2676 4826 etiam
2707 4772 2836 4826 licet
2867 4770 3152 4826 Erasmum
3173 4768 3306 4825 chil.
3340 4769 3396 4837 1,
3425 4778 3572 4824 cent.

2016 4888 2030 4903 .
2064 4864 2092 4900 a
2135 4863 2254 4903 aan
2322 4884 2335 4900 .

2016 4888 2030 4912 ,
2064 4864 2254 4912 auagto
2293 4864 2335 4900 ι.

2064 4863 2161 4902 aua
2205 4864 2254 4900 ιο
2293 4863 2335 4900 ι.

2049 4917 2072 4955 h
2105 4863 2306 4973 Origines
2349 4915 2506 4980 edit.,
2541 4913 2784 4986 pabulum
2822 4913 2966 4967 triste
2992 4913 3132 4968 sacri
3160 4913 3419 4977 nemoris;
3456 4925 3575 4965 om-

1975 5005 2073 5046 nes
2101 5004 2231 5044 mss.
2263 4997 2321 5042 ut
2346 5003 2447 5042 nos
2473 4987 2526 5040 in
2563 4993 2731 5039 textu.

2053 5060 2064 5098 ί
2100 5056 2568 5128 Quemadmodum
2598 5056 2768 5128 Roma
2792 5071 2887 5125 per
2923 5055 3354 5128 antonomasiam
3401 5050 3566 5116 Urbs.

1973 5133 2044 5188 ita
2074 5125 2430 5187 et'Bomanos
2467 5127 2778 5184 sacerdotes
2821 5129 2922 5182 hoc
2971 5128 3095 5182 loco
3138 5125 3370 5182 Urbicos
3413 5131 3569 5178 vocat

1974 5203 2316 5260 Ambrosius.

2050 5275 2062 5326 i
2103 5272 2356 5330 Nonnulli
2407 5287 2563 5336 mss.,
2597 5287 2687 5326 nec
2740 5269 2884 5324 ribus
2923 5270 2988 5323 de
3031 5267 3255 5323 sentibus
3283 5266 3442 5334 sapit.
3471 5264 3572 5322 Se-

1971 5347 2155 5416 quenti
2183 5354 2362 5400 autem
2387 5357 2551 5398 sensu
2569 5341 2788 5412 parodia
2814 5350 2900 5396 est
2922 5355 2988 5395 ex
3015 5339 3108 5393 illo
3130 5337 3282 5408 Virg.
3304 5337 3502 5408 Georg.
3528 5353 3569 5392 ι.

2095 5425 2159 5476 Et
2175 5426 2279 5484 ipsa
2302 5435 2416 5472 suas
2433 5423 2673 5472 mirantur
2695 5421 2912 5481 Gargara
2936 5429 3142 5467 messes.

2044 5496 2068 5534 ¹ί
2103 5497 2308 5551 Omnes
2348 5493 2480 5548 edit.
2506 5535 2521 5558 ,
2562 5503 2611 5547 et
2653 5487 3144 5562 fecunda__thetia;
3175 5501 3366 5562 omnes
3409 5500 3569 5553 mss.,

1975 5578 2024 5624 et
2053 5567 2282 5622 secunda
2316 5557 2521 5620 Raetia.
2551 5557 2724 5616 Hodie
2749 5557 3099 5628 dividiturea
3133 5558 3283 5627 regio
3311 5559 3364 5612 in
3401 5572 3572 5628 supe-

1979 5641 2181 5696 riorem
2210 5645 2266 5691 et
2296 5635 2612 5690 inferiorem
2649 5649 2662 5684 :
2696 5647 2762 5685 an
2796 5639 2976 5683 autem
3007 5626 3281 5683 Ambrosii
3324 5626 3484 5684 aztaté
3515 5630 3572 5685 in

1979 5711 2296 5782 primamet
2321 5703 2616 5782 secundam
2636 5702 3085 5782 distingueretur,
3116 5700 3276 5782 nobis
3298 5715 3404 5756 non
3442 5716 3575 5782 con-_-

1980 5769 2107 5848 stat.
2129 5777 2266 5851 Vide
2289 5777 2451 5831 situm
2477 5775 2596 5851 ejus
2620 5773 2762 5840 apud
2789 5769 3129 5826 Ptolomeum
3155 5769 3248 5826 lib.
3273 5788 3332 5840 ιι,
3356 5781 3412 5830 et
3429 5773 3574 5843 apud

1983 5844 2321 5923 geograplios
2358 5844 2709 5900 recentiores.
