3996 6292
482 253 590 315 979

1844 249 2094 312 SANCTI
2121 242 2443 312 Αναεωειι

482 376 618 431 sidia
647 387 745 431 sua
780 390 794 430 :
826 386 959 431 suos
993 372 1041 454 si
1072 379 1329 444 possunt.
1364 371 1458 428 an
1493 367 1810 429 defendant.
1851 367 1991 425 Nam
2038 369 2083 424 si
2114 372 2165 433 Α
2191 376 2277 423 est
2318 384 2333 421 :
2376 363 2785 437 reprehendant
2848 362 3084 433 olivam;
3142 365 3270 437 quia
3330 371 3638 439 postremus
3688 379 3761 425 est

486 469 553 523 iis
608 485 637 521 a
697 469 896 540 quibus
938 468 1231 533 coluntur,
1274 465 1473 521 auxilio
1509 479 1631 521 esse
1675 478 1780 520 nou
1818 471 2081 533 possunt;

485 563 765 634 quomodo
808 572 1037 633 possunt
1069 576 1164 617 vos
1201 560 1493 617 defendere
1514 600 1529 625 ,
1570 573 1600 614 a
1627 558 1824 629 quibus
1853 572 1962 619 non
1992 572 2087 619 co-

487 656 716 713 luntnr?

559 752 652 809 ἓξ).
682 752 789 810 Sed
834 754 1138 824 majorum.
1174 750 1380 821 inquit,
1435 745 1740 804 servandus
1789 754 1874 801 est
1922 743 2082 799 ritus.

486 843 628 914 Quid
663 845 810 917 quod
865 846 1049 901 omnia
1102 852 1291 913 postea
1333 842 1389 897 in
1442 840 1641 896 melius
1685 835 2086 909 profecerunt?

486 936 719 998 Mundus
736 937 875 1008 ipse,
906 938 999 1008 qui
1027 937 1113 991 vel
1149 936 1383 1007 primum
1408 943 1436 972 ιι
1456 932 1665 990 coactis
1686 934 2086 989 elementorum

488 1044 587 1099 per
616 1030 776 1085 inane
804 1030 1105 1085 seminibus
1126 1070 1141 1093 ,
1171 1039 1363 1083 tenero
1391 1026 1524 1081 orbe
1545 1066 1560 1091 ,
1585 1032 1966 1090 concreverat,
1999 1023 2084 1083 vei

491 1120 719 1176 confuso
771 1119 951 1176 adhuc
990 1120 1245 1190 indigesti
1277 1119 1464 1189 operis
1502 1116 1775 1189 caligabat
1814 1115 2082 1180 horrore;

488 1230 671 1271 nonne
709 1224 898 1286 postea
949 1214 1211 1272 distincto
1259 1214 1428 1280 cteli,
1473 1214 1669 1276 maris.
1710 1220 2089 1281 terrarumque

490 1305 834 1374 discrimine,
863 1322 1045 1363 rerum
1077 1306 1284 1364 formas
1311 1306 1509 1378 quibus
1531 1306 1818 1377 speciosus
1850 1304 2087 1372 videtur,

491 1398 739 1470 accepit?
768 1399 962 1456 Emtae
1009 1400 1362 1459 humentibus
1408 1397 1651 1465 tenebris
1687 1414 1887 1455 novum
1926 1409 2091 1457 terrae

487 1501 746 1563 stupuere
768 1493 965 1549 solem.
1003 1494 1127 1550 Dies
1148 1494 1201 1549 in
1233 1493 1460 1555 exordio
1487 1507 1594 1551 non
1625 1492 1877 1563 refulget,
1908 1491 2004 1548 sed
2036 1492 2090 1551 in

488 1599 752 1655 processu
782 1587 1049 1657 temporis
1076 1588 1420 1643 incremento
1449 1586 1671 1643 luminis
1698 1586 1889 1654 micat,
1922 1595 1978 1642 et
2002 1600 2093 1645 ca-

488 1678 624 1734 loris
650 1688 940 1735 exaestuat.

2191 460 2419 516 fructus.

2257 553 2351 610 28.
2386 553 2530 625 Ergo
2553 563 2609 611 et
2651 553 2846 611 messis
2885 560 3070 610 nostra
3104 552 3239 609 ﬁdes
3260 562 3287 602 ε
3318 554 3623 612 animorum
3658 564 3757 624 est;

2188 648 2453 703 Ecclesia:
2497 647 2684 718 gratia‘
2701 648 3020 705 meritorum
3069 648 3346 705 vindemia
3387 658 3507 718 est,
3550 666 3664 722 qua:
3700 652 3760 709 ab

2187 751 2310 797 ortu
2366 741 2549 798 mundi
2584 741 2793 797 virebat
2820 741 2873 799 in
2900 741 3106 797 sanctis
3128 783 3143 807 ,
3177 742 3276 797 sed
3307 751 3579 814 postrema
3621 755 3761 802 aetate

2188 852 2249 892 se
2296 835 2511 892 diffudit
2553 838 2608 893 in
2641 837 2902 907 populos,
2949 846 3012 895 ut
3063 837 3421 894 adverterent
3454 852 3640 895 omnes
3666 853 3758 897 non

2190 928 2414 986 rudibus
2441 930 2638 986 animis
2680 930 2977 1000 irrepsisse
3004 930 3166 987 fidem
3191 929 3397 997 Christi
3428 931 3609 1000 (nulla
3634 934 3758 989 enim

2189 1022 2308 1077 sine
2347 1022 2666 1079 adversario
2706 1037 2908 1089 corona
2955 1022 3226 1096 victoriae)
3263 1022 3361 1080 sed
3415 1023 3637 1094 explosa
3662 1025 3761 1096 opi-

2192 1116 2377 1181 nione,
2408 1131 2531 1186 qua:
2581 1126 2709 1171 ante
2749 1112 3097 1185 convaluit”,
3128 1118 3279 1187 quod
3310 1125 3432 1175 erat
3469 1131 3680 1184 verum,
3711 1116 3760 1175 iit

2186 1211 2311 1281 jure
2341 1212 2646 1280 prmlatttm.

2263 1304 2351 1359 50.
2385 1303 2443 1360 Si
2490 1305 2626 1359 ritus
2662 1313 2880 1360 veteres
2923 1303 3293 1371 delectabant,
3343 1319 3446 1360 cur
3490 1303 3543 1359 in
3571 1304 3758 1369 alienos

2192 1399 2329 1453 ritus
2369 1397 2559 1454 eadem
2603 1397 2775 1455 Roma
2825 1397 3123 1457 successit?
3152 1397 3362 1465 Omitto
3400 1394 3749 1465 absconditam

2196 1490 2371 1562 pretio
2416 1489 2677 1555 humum,
2704 1498 2762 1546 et
2804 1489 3113 1561 pastorales
3152 1504 3314 1551 casas
3358 1504 3493 1549 auro
3534 1488 3762 1561 degeneri

2196 1585 2519 1641 renitentes.
2548 1582 2689 1652 Quid
2707 1625 2723 1651 ,
2758 1582 2916 1639 etde
2944 1585 3063 1655 ipso
3094 1581 3457 1653 respondeam
3479 1582 3619 1653 quod
3642 1596 3757 1653 que-

2196 1686 2414 1746 runtur,
2446 1686 2725 1748 captarum
2747 1676 3040 1735 simulacra
3070 1675 3607 1746 urbium,victosque
3626 1673 3757 1741 deos,

557 1769 649 1827 24.
685 1771 833 1827 Luna
880 1772 1018 1843 ipsa,
1050 1788 1157 1844 qua
1202 1771 1537 1844 propheticis
1584 1771 1826 1829 oraculis
1873 1770 2088 1842 species
2118 1769 2166 1830 Β
2192 1781 2248 1828 et
2280 1771 2595 1847 peregrinos
2639 1770 2780 1825 ritus
2826 1783 3106 1829 sacrorum
3149 1768 3347 1825 alienae
3386 1765 3762 1838 superstitionis

488 1865 751 1924 Ecclesiae
772 1867 1039 1938 ﬁguratur
1058 1909 1074 1934 ,
1105 1884 1229 1925 cum
1265 1869 1500 1938 primum
1531 1882 1825 1940 resurgens
1852 1868 1904 1924 in
1936 1883 2091 1929 men-

489 1970 671 2017 struas
699 1971 984 2033 reparatur
1025 1972 1214 2019 aetates
1245 1962 1294 2031 δ,
1328 1963 1570 2021 tenebris
1599 1962 1759 2019 nobis
1801 1962 2092 2021 abscondi-

494 2063 581 2109 tur
612 2072 624 2110 :
655 2055 1027 2127 paulatimque
1079 2070 1283 2113 cornua
1339 2071 1436 2113 sua
1466 2057 1784 2126 complens,
1818 2056 1900 2117 vel
1930 2070 1962 2112 e
2003 2070 2094 2112 re-

486 2147 649 2217 gione
673 2147 810 2204 solis
832 2149 1122 2205 absolvens
1144 2190 1159 2214 ,
1192 2149 1324 2205 clari
1353 2148 1647 2219 splendore
1689 2147 1916 2220 fulgoris
1954 2148 2093 2209 irru-

499 2239 645 2294 tilat.

563 2331 661 2386 25.
710 2331 970 2388 Exerceri
1007 2334 1061 2387 in
1110 2332 1323 2389 fructus
1367 2338 1530 2390 terra
1558 2342 1689 2391 ante
1726 2333 2092 2391 nesciebant:

494 2433 621 2495 post
646 2435 668 2464 ο
703 2425 796 2481 ubi
832 2426 1102 2497 imperare
1129 2426 1279 2483 arvis
1317 2425 1586 2485 sollicitus
1613 2427 1782 2497 cmpit
1817 2425 2094 2495 agricola,

498 2527 553 2573 et
600 2516 833 2574 informe
860 2519 1036 2587 solum
1065 2517 1271 2575 vestire
1294 2518 1514 2584 vinetis,
1554 2518 1845 2580 silvestres
1883 2518 2099 2577 animos

498 2608 815 2683 domesticis
845 2609 1069 2667 mollita:
1097 2610 1330 2667 cultibus
1367 2602 1660 2671 exuerunt.

566 2702 658 2759 26.
694 2704 835 2759 Anni
876 2704 1047 2774 ipsius
1071 2713 1203 2761 tetas
1250 2704 1420 2773 prima
1443 2744 1459 2770 ,
1492 2718 1615 2774 qua;
1658 2719 1758 2761 nos
1800 2718 1903 2762 usu
1940 2704 2098 2776 parili

496 2793 813 2869 coloravitd
844 2805 975 2852 nutu
1019 2796 1405 2867 gignentium:
1436 2797 1532 2855 sed
1586 2799 1639 2857 in
1685 2812 1948 2869 processu
1984 2799 2103 2869 lap-

499 2890 645 2946 suris
665 2888 896 2947 tioribus
927 2901 1127 2947 vernat
1152 2933 1166 2957 ,
1202 2895 1495 2961 postremis
1523 2891 1786 2950 adolescit
1811 2893 2100 2953 fructibus.

569 2982 661 3037 27.
694 2980 805 3038 Nos
835 2997 1052 3055 quoque
1082 2986 1182 3043 aevi
1222 2985 1412 3052 rudes,
1456 2999 1652 3045 sensus
1684 2994 1707 3022 ε
1727 2985 1992 3047 habemus
2021 2986 2101 3045 in-

500 3073 723 3139 fantiam
760 3092 774 3128 :
809 3075 908 3137 sed
955 3077 1144 3139 mutati
1197 3076 1253 3133 in
1312 3092 1488 3141 annos
1537 3078 1739 3147 ingenii
1791 3079 2102 3145 rudimenta

497 3168 845 3238 deponimus.

571 3264 764 3323 Dicant
794 3264 956 3335 igitur
979 3264 1032 3323 in
1055 3266 1168 3323 suis
1194 3266 1376 3325 omnia
1407 3280 1631 3335 manere
1659 3264 1919 3329 debuisse
1948 3265 2097 3335 prin-

498 3354 690 3424 cipiis;
727 3357 987 3425 utttudttm
1022 3356 1266 3417 tenebris
1289 3359 1586 3425 obductum
1610 3400 1624 3422 ,
1649 3358 1777 3428 quia
1800 3358 2099 3429 splendore

497 3446 632 3503 solis
657 3449 917 3513 iiluxerit,
955 3449 1273 3519 displicere.
1307 3450 1378 3507 Et
1402 3461 1609 3522 quanto
1633 3449 1844 3520 gratius
1872 3461 1955 3505 est
1978 3451 2099 3511 aui-

500 3538 572 3595 mi
616 3539 870 3603 tettehras
903 3539 1207 3609 depulisse,
1231 3557 1393 3614 quam
1432 3542 1717 3613 corporis,
1753 3540 1991 3613 fideique
2014 3542 2103 3612 jtt-

501 3633 600 3687 bar
643 3633 933 3697 emicuisse
960 3676 973 3698 .
1009 3650 1175 3705 quam
1215 3636 1387 3701 solis?
1419 3636 1564 3708 Ergo
1590 3633 1758 3709 840
1800 3645 1857 3691 et
1912 3634 2101 3701 mundi

500 3724 643 3791 sicut
672 3724 913 3791 omnium
948 3740 1128 3791 rerum
1164 3728 1184 3770 τ
1216 3728 1472 3797 primaeva
1512 3735 1804 3790 natarunt,
1847 3734 1909 3787 ut
1936 3739 2102 3783 vene-

504 3819 695 3885 rabilis
741 3833 891 3893 cana:
938 3818 1064 3892 lidei
1116 3830 1438 3897 sequeretur
1487 3830 1764 3895 senectus.
1809 3821 1957 3890 Quos
1996 3820 2102 3876 hoc

504 3922 708 3981 movet,
743 3914 1151 3985 reprehendant
1183 3930 1418 3972 messem
1445 3933 1459 3980 ;
1489 3917 1615 3987 quia
1647 3930 1769 3971 sera
1798 3913 2102 3981 fecunditas

501 4016 589 4064 est
614 4026 626 4063 :
656 4008 1060 4080 reprehendant
1103 4009 1475 4077 vindemiam;
1505 4012 1632 4083 quia
1658 4010 1711 4065 in
1741 4024 1941 4066 occasu
1969 4008 2101 4063 anni

573 4174 599 4203 ι
628 4164 931 4236 Compone,
954 4166 997 4221 si
1027 4166 1200 4227 lubet.
1230 4176 1399 4223 totum
1443 4167 1586 4224 hunc
1633 4169 1809 4224 locum
1851 4183 1975 4235 cum
2013 4170 2087 4223 si-

466 4302 467 4305 ,
502 4237 615 4311 mili
643 4239 784 4306 apud
807 4236 1090 4311 virgilium
1116 4239 1230 4295 Ecl:
1262 4240 1326 4305 6,
1360 4252 1413 4296 et
1440 4242 1671 4297 alterum
1703 4256 1768 4295 ex
1799 4236 1975 4303 altera
1998 4255 2090 4311 pe-

506 4310 662 4362 titum
691 4324 796 4363 non
827 4309 1167 4366 difiiteberis.
1404 4312 1405 4315 “

577 4378 603 4417 δ
634 4378 765 4433 Mss.
794 4375 1017 4449 aliquot,
1050 4381 1267 4437 tenebris
1294 4384 1460 4439 noctis
1484 4383 1836 4437 absconditur.

584 4461 607 4489 ο
641 4448 909 4531 mutuatus
930 4462 1014 4508 est
1041 4456 1202 4527 etiam
1237 4453 1380 4509 hunc
1402 4454 1581 4510 locum
1622 4455 1875 4531 Ambros.
1911 4470 1976 4510 ex
2003 4455 2097 4510 illo
2123 4448 2177 4519 D

1139 4514 1145 4527 δ

511 4519 659 4590 Virg.
690 4521 888 4590 Georg.
926 4539 939 4577 ι
977 4540 990 4576 :

612 4537 947 4657 gsxfggg'u;
969 4564 1207 4659 irequens
1224 4595 1474 4655 tellurem,
1500 4603 1648 4660 atque
1668 4553 1878 4661 imperat
1899 4600 2042 4649 arvis.

512 4663 661 4719 Alios
695 4679 909 4739 quoque
940 4682 1131 4723 versus
1153 4684 1183 4721 e
1216 4668 1308 4722 lib.
1337 4683 1374 4723 ll
1405 4667 1493 4724 hic
1517 4670 1761 4739 cupressi
1792 4678 1938 4735 sunt,
1968 4685 2104 4741 quos

513 4738 630 4791 inse
657 4745 819 4791 uerte
851 4735 1009 4791 facile
1033 4738 1435 4791 denrehendes.

513 4738 630 4806 ipse
657 4751 751 4805 per
769 4745 819 4791 te
851 4738 1009 4793 facile
1033 4738 1435 4807 deprehendes.
1595 4738 1603 4739 “
1988 4738 1998 4741 ⁷

580 4806 608 4844 ἀ
641 4807 798 4862 Rom.
828 4809 984 4875 edit.,
1016 4811 1157 4865 nuda
1184 4811 1534 4881 gignentium;
1559 4810 1765 4879 optimo
1794 4827 1981 4876 sensu,
2007 4812 2103 4868 sed

513 4894 648 4935 mss.
681 4890 844 4949 atque
872 4881 1004 4935 edit.
1033 4893 1144 4936 vet.
1180 4883 1446 4950 prmsidiis
1485 4883 1769 4937 destituto.
1799 4884 1943 4939 idem
1973 4899 2104 4940 vero

508 4960 613 5017 est,
636 4964 767 5025 nutu
783 4952 1104 5025 gignentium
1126 4967 1190 5006 ac
1210 4954 1547 5025 gignentium
1578 4953 1803 5009 arbitrio
1834 4970 1930 5010 seu
1963 4956 2101 5025 lege.

582 5031 607 5060 θ
635 5020 1317 5098 Otnn_es'cdit.,_habemus
1365 5024 1640 5097 infantiae;
1690 5042 1883 5082 omnes
1931 5020 2103 5098 prope

509 5107 666 5164 ms_s..
691 5094 936 5164 Itabemus
960 5094 1258 5164 infantiam.
1424 5094 1432 5097 ’
1479 5141 1500 5163 ,

586 5162 605 5238 _‘
640 5163 786 5219 Edit.
821 5181 944 5220 cum
970 5162 1155 5238 paucis
1186 5180 1344 5231 mss.,
1376 5162 1620 5238 primaeva
1644 5169 1779 5223 uiam
1800 5180 2102 5236 mutarunt;

507 5234 755 5310 aliiumss.
792 5232 987 5308 magno
1015 5232 1276 5310 numero,
1306 5232 1551 5310 primaeua
1580 5240 1848 5294 nituerunt
1871 5258 1890 5304 ;
1910 5232 2101 5310 reliqui

508 5306 727 5373 melius,
751 5306 997 5364 nutartmt
1015 5349 1030 5375 ,
1060 5308 1110 5361 id
1143 5316 1247 5373 est,
1275 5306 1386 5375 pra:
1412 5308 1728 5365 inﬁrmitate
1755 5306 2100 5368 vacillarunt.

536 5446 547 5457 ι
583 5386 608 5423 8
640 5376 801 5457 Rom.
826 5380 983 5443 edit.,
1029 5378 1157 5446 ﬁdes
1199 5379 1493 5433 animarum
1513 5421 1527 5445 ,
1560 5381 1689 5434 etin
1723 5381 1958 5438 Ecclesia
1981 5400 2104 5456 gra-

509 5456 601 5510 tta,
629 5456 735 5501 etc.

580 5514 611 5557 ιι
635 5516 839 5595 Omnes
859 5520 1016 5587 edit.,
1043 5522 1098 5595 id
1123 5522 1260 5593 quod
1289 5530 1399 5577 erat
1424 5537 1622 5585 verum,
1636 5524 1762 5593 jure
1789 5525 2100 5595 praefatum;

512 5600 652 5672 mss,
681 5591 903 5672 partim,
937 5592 1076 5672 quod
1121 5591 1232 5672 erat
1284 5609 1479 5658 verum,
1530 5594 1589 5672 ﬁt
1617 5591 1742 5672 jure
1783 5591 2097 5672 prmlatum,

512 5663 781 5739 partim...
822 5663 1034 5739 injuria
1073 5666 1369 5739 prwiatttnt,
1421 5663 1872 5739 partitn‘etiani...
1905 5669 1959 5739 in
1978 5663 2102 5739 jure

971 5699 1129 5788 ἶῖηίῖ
1141 5699 1401 5791 Ἴέἕέίῖέη
1421 5699 1845 5807 νῖἑξὲἑὶῗιὶΰὲῗίί
1859 5699 1959 5792 ’ίέἴ
1978 5699 2102 5811 ἓξὲξ

2191 1862 2377 1920 aemuli
2421 1862 2785 1935 receperunt?
2834 1861 2987 1929 Unde
3046 1860 3212 1931 igitur
3249 1859 3594 1930 exemplum,
3639 1857 3761 1931 quod

2200 1955 2215 1992 ί
2245 1971 2437 2013 currus
2464 1970 2594 2015 suos
2619 1954 2876 2013 simulato
2908 1954 3159 2017 Almonis
3185 1952 3243 2009 in
3267 1951 3493 2021 ﬂumine
3517 1951 3655 2007 lavat
3677 1950 3762 2020 Cy-

2196 2050 2356 2106 bele?
2386 2048 2544 2109 Unde
2587 2047 2811 2121 Phrygii
2845 2057 2995 2103 vates
3019 2088 3034 2115 ,
3065 2057 3121 2103 et
3146 2048 3366 2117 semper
3392 2046 3566 2105 invisa
3596 2032 3768 2107 Romi-

2195 2143 2282 2201 nis
2298 2159 2406 2201 non
2428 2158 2597 2215 atquae
2612 2140 2958 2211 Carthaginis
2980 2140 3237 2199 numina?
3259 2139 3433 2213 Quam
3459 2141 3475 2191 i
3501 2138 3768 2198 Ctelestem

2195 2236 2334 2305 Afri,
2356 2236 2603 2297 Mithram
2643 2235 2853 2301 Persae.
2886 2235 3133 2307 plerique
3166 2233 3433 2291 Venerem
3462 2232 3665 2297 colunt,
3689 2245 3772 2303 pro

2196 2328 2513 2387 diversitate
2543 2327 2802 2395 nominis,
2850 2342 2957 2383 non
3004 2341 3105 2398 pro
3128 2327 3367 2381 numinis
3389 2323 3665 2383 varietate.
3692 2323 3766 2377 Sic

2197 2422 2353 2479 deam
2382 2436 2507 2479 esse
2534 2430 2589 2481 et
2609 2420 2890 2479 victoriam
2914 2419 3287 2482 crediderunt.
3318 2433 3444 2489 qua:
3473 2418 3655 2486 utique
3673 2431 3772 2471 mu-

2199 2530 2303 2577 nus
2320 2524 2439 2580 est,
2473 2529 2581 2571 non
2621 2522 2865 2584 potestas
2891 2530 2903 2566 :
2928 2512 3185 2579 donatur,
3214 2526 3323 2581 non
3355 2510 3687 2583 dominatur,
3712 2508 3776 2563 lc-

2200 2609 2420 2680 gionum
2450 2608 2647 2676 gratia,
2678 2621 2784 2661 non
2818 2605 3148 2675 religionum
3181 2604 3452 2673 potentia.
3484 2603 3667 2674 Magna
3692 2601 3778 2673 igi-

2203 2712 2293 2765 tur
2320 2701 2445 2770 dea,
2475 2715 2636 2772 quam
2674 2698 2908 2761 militum
2934 2697 3232 2761 multitudo
3261 2697 3368 2773 sibi
3399 2697 3637 2767 vindieat
3659 2737 3674 2767 ,
3704 2696 3776 2750 vel

2202 2793 2517 2864 prmliorum
2545 2791 2715 2847 donat
2735 2788 3007 2859 eventus?

2275 2890 2365 2946 5t.
2400 2886 2570 2957 ilujus
2593 2900 2740 2949 aram
2767 2884 2905 2941 strui
2930 2882 2982 2937 in
3014 2881 3164 2941 urbis
3194 2882 3381 2939 Romae
3404 2879 3557 2947 curia
3580 2888 3772 2955 petunt,

2208 2981 2314 3037 hoc
2344 2989 2447 3047 est,
2489 2994 2597 3048 quo
2622 2978 2804 3046 plures
2845 2974 3179 3041 conveniunt
3210 2972 3518 3033 christiani.
3544 2971 3782 3041 (lintribus

2207 3073 2260 3129 in
2303 3069 2519 3141 templis
2556 3084 2706 3141 arm,
2744 3082 2835 3121 ara
2879 3067 3043 3125 etiam
3088 3065 3142 3125 in
3187 3063 3394 3141 templo
3436 3061 3778 3133 vietnriarutu.

2126 3157 2174 3225 G
2205 3163 2474 3231 Quoniam
2505 3174 2732 3233 numero
2762 3157 3136 3223 delectantur,
3170 3155 3443 3225 sacriﬁcia
3484 3169 3578 3223 sua
3610 3154 3783 3223 ubique

2206 3256 2613 3319 concelebrant.
2648 3252 2788 3322 Quid
2820 3260 2905 3311 est
2926 3251 3029 3309 nisi
3054 3251 3317 3315 insultare
3346 3248 3496 3315 ﬁdei,
3528 3248 3679 3303 unius
3693 3261 3783 3300 anc

2208 3349 2536 3407 sacrificium
2561 3346 2872 3419 vindicare?
2904 3344 3287 3417 Ferendumne
3318 3342 3485 3406 istud,
3513 3350 3572 3399 ut
3594 3340 3784 3415 gentilis

2207 3445 2513 3513 sacriﬁcet,
2547 3450 2602 3497 et
2637 3438 2969 3501 chriSIianus
2998 3437 3253 3495 intersit?
3279 3436 3578 3503 ilauriant,
3606 3433 3779 3507 inquit,

2212 3537 2466 3603 hauriant
2481 3534 2564 3603 vel
2595 3534 2748 3591 inviti
2783 3531 2987 3607 fumum
3025 3531 3227 3615 oculis,
3258 3528 3635 3615 symphoniam
3661 3526 3785 3580 auri.

2212 3633 2343 3700 bus,
2374 3632 2610 3689 cinerem
2640 3628 2914 3692 faucibus,
2952 3627 3075 3695 thus
3127 3614 3350 3685 naribus
3376 3622 3424 3690 ,κ
3455 3635 3512 3680 et
3554 3636 3784 3697 aversan-

2211 3729 2344 3799 titnn
2375 3725 2498 3785 licet
2515 3738 2607 3787 ora
2626 3721 2864 3779 excitata
2894 3717 3029 3777 focis
3055 3716 3259 3777 nostris
3289 3716 3469 3795 favilla
3500 3721 3776 3787 respergit.

2210 3820 2326 3876 Non
2360 3819 2434 3875 illi
2463 3816 2593 3872 satis
2620 3824 2745 3871 sunt
2772 3815 3005 3878 lavacra,
3041 3826 3148 3865 non
3174 3811 3441 3882 porticus,
3474 3823 3582 3863 non
3613 3807 3784 3878 platea:

2209 3920 2482 3978 occupata:
2510 3903 2852 3975 simulacris?
2880 3904 3131 3961 Etiamne
3161 3902 3214 3957 in
3243 3902 3520 3973 communi
3552 3900 3646 3954 illo
3670 3913 3785 3952 con-

2206 4006 2337 4063 ciiio
2366 4019 2472 4060 non
2512 4003 2617 4061 erit
2655 3999 2959 4065 communis
2998 3996 3272 4056 conditio?
3303 3996 3680 4070 Qbstringetur
3715 3992 3787 4064 pia

2270 4165 2287 4206 ί
2320 4168 2448 4223 Mss.
2483 4165 2710 4234 aliquot,
2752 4178 2932 4217 cursus
2989 4177 3126 4217 suos.
3175 4160 3273 4234 Est
3309 4171 3492 4218 autem
3516 4162 3703 4228 Almo,
3734 4171 3783 4218 ut

2193 4238 2440 4295 Nannius
2466 4233 2754 4298 observat,
2789 4234 2981 4288 ﬂuvius
3009 4233 3198 4288 Romae
3230 4233 3285 4289 in
3333 4236 3504 4303 prima
3538 4235 3747 4303 regione
3770 4275 3783 4297 .

2196 4311 2341 4378 apud
2372 4324 2532 4379 quem
2566 4308 2694 4379 olim
2729 4306 2955 4360 Romani
2984 4306 3385 4379 sacratjybelis
3415 4306 3685 4379 iaciebant
3708 4322 3790 4379 en-

2201 4375 2323 4449 dem
2348 4375 2479 4445 ritu,
2503 4394 2612 4449 quo
2640 4377 2780 4433 Galli
2809 4375 3494 4449 sacerdotesiu’l’brygia.
3522 4377 3659 4449 Tum
3681 4378 3787 4431 sub-

2197 4448 2360 4524 jectis
2388 4453 2457 4507 de
2486 4448 2679 4524 eadem
2725 4449 2888 4524 ﬂuvio
2916 4448 3203 4524 nonnullis
3219 4448 3399 4524 Ovidii
3428 4448 3784 4524 Aacglusenalis

2214 4524 2492 4581 versiculis
2513 4564 2527 4586 ,
2560 4521 2700 4576 idem
2728 4519 2989 4591 adjuugit
3019 4538 3032 4573 :
3068 4517 3151 4574 Ad
3194 4520 3350 4591 cujus
3396 4520 3783 4576 similitudinem

2210 4612 2332 4651 cum
2364 4595 2493 4650 alibi
2528 4607 2683 4647 sacra
2712 4589 2879 4656 ﬁunt,
2910 4589 3216 4660 proximum
3254 4589 3479 4647 ﬂuvium
3523 4593 3783 4647 Almonem

2209 4683 2334 4723 esse
2364 4666 2604 4737 lingunt;
2636 4666 2682 4717 si
2719 4662 2936 4737 quidem
2980 4676 3097 4715 tuos
3139 4672 3264 4737 est_,
3302 4674 3360 4717 ut
3387 4678 3510 4737 qua:
3542 4666 3594 4718 in
3621 4664 3783 4737 sacris

2212 4738 2397 4793 haberi
2430 4732 2698 4806 nequeant
2720 4733 3093 4806 sitnulentur_:
3104 4732 3249 4806 quod
3271 4732 3498 4803 perinde
3520 4735 3781 4805 accipitur,

2208 4825 2273 4864 ac
2302 4810 2346 4865 si
2370 4823 2494 4863 vera
2518 4801 2728 4862 essent.
2755 4804 2904 4875 Virg.
2928 4801 3221 4875 trplﬁueid
3258 4821 3272 4857 :

2334 4880 2593 4943 Sparserat
2618 4885 2665 4927 et
2693 4872 2874 4927 latices
2887 4873 3139 4926 simulatos
3158 4872 3308 4925 fontis
3324 4873 3530 4929 Averni.

2210 4952 2339 5007 Haec
2367 4951 2628 5007 Nannius.
2653 4949 2824 5003 Porro
2844 4946 2920 5001 ‘de
2942 4946 3114 5018 sacris
3133 4948 3459 5016 peregrinis.
3486 4964 3605 5018 quae
3625 4947 3786 5005 Rom:

2209 5025 2467 5093 adoptata
2512 5022 2683 5091 ,tradit
2740 5017 3063 5093 Ambrosius
3087 5058 3102 5081 ,
3134 5018 3421 5093 eleganter
3446 5017 3659 5091 quoque
3692 5018 3786 5093 Leu

2209 5086 2361 5162 poni.
2392 5086 2551 5148 Rom.
2578 5107 2746 5146 serm.
2777 5106 2833 5156 ι,
2878 5091 2945 5144 tle
2977 5086 3255 5163 Apostolis
3287 5107 3300 5142 :
3327 5086 3617 5163 Cum'pene
3644 5090 3786 5147 omni.

2208 5161 2327 5232 bus,
2362 5165 2561 5236 inquit,
2612 5161 3264 5236 dominaretungentibus,
3310 5161 3544 5236 omnium
3583 5164 3788 5235 gentis.

2208 5231 2455 5294 serviebat
2502 5233 2783 5297 erroribus,
2836 5242 2941 5289 etc.
2979 5232 3373 5291 Verumtamen
3422 5231 3786 5301 iactasset-ius

2208 5310 2387 5365 edicta
2413 5308 2483 5364 de
2526 5304 2791 5379 pellendis
2821 5320 2886 5363 ex
2916 5302 3063 5363 Urbe
3112 5302 3473 5374 religionibus
3505 5308 3785 5378 peregrinis

2209 5396 2314 5436 non
2347 5383 2673 5451 ignoramus.
2980 5445 3020 5451 __
3144 5446 3155 5451 _
3225 5417 3295 5451 _.

2285 5451 2300 5503 i
2332 5443 2618 5517 sumptum
2643 5459 2729 5523 est
2754 5463 2819 5503 ex
2854 5447 2949 5505 illo
2979 5445 3278 5523 Herodoti,
3316 5448 3709 5523 ἐπιμιμαεήκασι

2208 5528 2292 5597 καὶ
2418 5524 2639 5597 οὐρανίη
2677 5521 2815 5597 “ut
2839 5522 2999 5597 ﬁeri!
3026 5538 3080 5574 τε
3119 5516 3680 5597 ’μυρία-’ἰωῆς
3712 5520 3786 5573 καί

2206 5579 2737 5672 ίΔρᾴᾷἶω-υιξεᾳλρξουσι
2762 5591 2818 5647 δὲ
2839 5579 3096 5672 ’Δσᾶύριρι
3556 5579 3780 5671 mihine,

2209 5610 2475 5672 Ἀραδίων,
2501 5610 2737 5653 amovet
2762 5610 2818 5647 οε
2851 5610 3096 5719 Ασσνςὶοι
3114 5611 3205 5650 την
3246 5610 3527 5669 ᾼφρουιτςην
3556 5610 3682 5671 lauat;

2209 5664 2434 5744 'App'thOt
2459 5663 2755 5744 sextum,
2785 5673 2974 5740 Περσαι
3045 5664 3053 5678 '
3079 5662 3289 5737 Μίθραν.
3328 5667 3400 5727 ιιι
3431 5666 3682 5744 intumus.

2280 5736 2305 5776 κ
2351 5736 2726 5811 Ληιυτωρυῳ
2761 5734 2894 5797 mss.
2937 5749 3044 5789 non
3068 5734 3274 5811 pauens,
3298 5747 3347 5790 et
3372 5734 3745 5795 aduersantium
3765 5745 3781 5797 ;

2212 5808 2335 5867 aliae
2360 5823 2483 5883 cum
2508 5805 2750 5876 reliquis,
2777 5813 2826 5859 et
2851 5805 3215 5883 avertendum.
