3996 6292
1527 255 2020 316 πριετοωιιωί
2057 253 2337 315 ϐιΑεδιε
2374 257 2417 314 l.

3498 259 3605 318 989

305 383 531 428 senatus
563 374 738 443 portio
756 373 1136 431 ohtestantium
1161 371 1404 437 vocibus.
1422 369 1785 441 adjuraotinm
1807 384 1895 426 sa-
1922 371 1973 436 Α
2070 370 2161 428 57.
2185 369 2358 438 Quem
2402 369 2566 426 etiam
2611 369 2783 440 magis
2812 368 3098 426 sacriﬁciis
3133 369 3378 427 deditum
3396 412 3412 440 ,
3441 387 3603 443 quam

307 467 624 523 oramentis.
659 466 715 523 Si
740 466 960 530 refutet,
979 466 1248 522 videbitur
1266 463 1605 521 mendacium
1633 463 1896 532 prodere:

305 557 467 631 841
490 561 535 613 si
567 560 878 630 acquiescat
897 601 913 627 ,
935 559 1279 630 sacrilegium
1305 558 1578 615 conﬁteri.

375 652 466 706 52.
504 649 642 718 Ubi,
672 652 882 722 inquit,
909 654 965 707 in
999 654 1150 724 leges
1180 664 1390 707 vestras
1414 659 1469 705 et
1496 649 1663 706 verba
1687 648 1895 719 jurahi-

312 744 470 798 mus?
491 745 633 814 Ergo
647 759 801 800 mens
823 755 1027 812 vestra,
1051 760 1173 815 quat
1198 743 1410 814 legibus
1423 752 1640 799 tenetur
1667 742 1896 806 inclusa.

306 837 633 892 ceremoniis
658 838 901 907 gentium
933 838 1246 906 suffragium
1275 837 1518 906 colligit.
1543 835 1704 890 ﬁdem
1733 837 1903 892 strin-

304 928 416 1000 git?
475 927 595 985 Jam
647 944 753 985 non
793 930 967 985 solum
1013 929 1400 1000 praemium,
1446 928 1541 984 sed
1592 928 1899 986 absentium

305 1024 493 1087 etiam,
525 1035 576 1078 et
607 1026 750 1094 quod
781 1023 1128 1094 estamplins,
1161 1023 1539 1092 imperatores,
1571 1022 1704 1078 ﬁdes
1722 1029 1900 1078 vestra

305 1115 579 1184 pulsatur;
612 1129 708 1172 vos
742 1115 886 1171 enim
918 1115 1136 1186 cogitis,
1171 1114 1218 1169 si
1240 1114 1466 1184 iubetis.
1502 1114 1528 1142 ⁸
1549 1114 1902 1170 Constantius

304 1219 548 1278 angustat
567 1209 845 1264 inemorite
869 1208 1106 1266 nondum
1136 1209 1306 1264 sacris
1328 1208 1571 1264 initiatus
1600 1208 1899 1280 mysteriis,

303 1303 661 1358 contaminari
687 1317 750 1358 se
781 1303 1007 1374 putavit,
1034 1303 1077 1356 si
1107 1316 1256 1359 aram
1292 1302 1436 1356 illam
1467 1301 1700 1358 videret.
1732 1299 1904 1358 Jussit

303 1398 525 1464 auferri,
569 1414 676 1456 non
717 1399 878 1469 jussit
924 1398 1137 1468 reponi.
1187 1396 1324 1452 Illud
1353 1397 1732 1452 auctoritatem
1771 1394 1902 1452 facti

305 1491 486 1558 habet,
513 1492 614 1548 hoc
647 1494 904 1563 praecepti
933 1507 1039 1546 non
1073 1491 1254 1548 habet.

375 1590 464 1643 55.
498 1587 671 1644 Nemo
711 1588 814 1642 sibi
856 1589 926 1644 de
961 1588 1204 1644 absentia
1252 1586 1579 1642 blandiatur.
1609 1585 1635 1625 ι’
1659 1586 1902 1642 Ρνεεεη-

301 1680 411 1736 tior
435 1691 542 1748 est,
574 1682 665 1752 qui
692 1696 752 1736 se
779 1682 977 1736 animis
1009 1681 1232 1747 inserit,
1269 1695 1429 1749 quam
1458 1682 1549 1750 Qui
1575 1679 1748 1736 oculis
1779 1694 1905 1749 pro-

2005 463 2510 536 Cartlaagineusitlm
2569 464 2762 520 ducent
2829 463 3189 522 Hamilcarem
3253 467 3601 535 reperimus?

2003 559 2105 630 Qui
2131 575 2256 615 cum
2283 569 2398 614 toto
2427 559 2598 629 praelii
2628 568 2873 630 tempore
2913 558 3056 614 inter
3085 559 3234 614 acies
3263 559 3476 630 positus
3520 560 3607 616 di-

2005 657 2300 720 micantes,
2348 652 2672 708 sacriﬁcium
2714 650 2952 717 faceret;
2987 651 3076 706 ubi
3127 661 3332 722 partem
3380 667 3600 708 suorum

2003 747 2201 802 victam
2225 761 2348 801 esse
2372 746 2647 814 cognovit.
2664 744 2718 799 in
2741 746 2886 814 ipsos
2916 759 3052 814 quos
3078 743 3352 812 adolebat,
3383 758 3443 800 se
3467 759 3605 815 pra:-

2005 840 2244 910 cipitavit
2286 841 2435 910 ignes
2461 857 2475 894 :
2507 845 2567 892 ut
2594 851 2690 894 eos
2720 835 2748 873 ιι
2777 836 2862 890 vel
2902 851 3135 906 oorpore
3162 852 3263 892 suo
3300 835 3603 908 restinguc'-

2003 941 2110 1000 ret,
2140 946 2279 1002 quos
2307 932 2411 987 sibi
2443 929 2574 986 nihil
2607 928 2880 1000 profuisse
2902 938 3255 999 cognoverat.

2073 1023 2240 1098 85.2
2279 1023 2370 1081 58.
2401 1022 2536 1079 Nam
2563 1023 2630 1077 de
2653 1021 2872 1079 Iuliano
2921 1021 3052 1092 quid
3102 1021 3324 1092 loquar?
3345 1022 3434 1094 qui
3477 1037 3600 1077 cum

2004 1118 2289 1188 resimasis
2322 1117 2669 1188 haruspicum
2698 1116 2842 1172 male
2871 1115 3127 1172 credulus
3151 1127 3324 1183 esset,
3362 1116 3376 1153 ί
3402 1117 3609 1172 ademit

2005 1212 2109 1268 sibi
2136 1211 2380 1267 subsidia
2413 1210 2744 1268 revertendi.
2773 1210 2915 1281 Ergo
2945 1209 2998 1264 in
3029 1209 3303 1264 communi
3333 1224 3464 1265 casu
3493 1225 3599 1266 non

2005 1315 2087 1361 est
2131 1305 2438 1361 communis
2487 1303 2730 1368 offensa;
2787 1303 3063 1360 neminem
3101 1303 3304 1358 etenim
3343 1304 3606 1374 promissa

2007 1409 2192 1455 nostra
2221 1400 2490 1456 luserunt.

2076 1493 2166 1548 59.
2197 1492 2473 1563 Respondi
2506 1491 2904 1550 lacessentibus
2937 1500 3212 1562 tamquam
3240 1505 3346 1547 non
3379 1491 3606 1548 lacessi-

2005 1598 2134 1656 tus;
2167 1587 2478 1644 refellenda
2514 1590 2714 1644 etenim
2748 1585 3089 1653 Relationis,
3123 1601 3231 1642 non
3270 1585 3607 1657 exponenda:

2007 1682 2412 1754 superstitionis
2444 1681 2576 1737 mihi
2600 1682 2838 1736 studium
2868 1679 2986 1735 fuit.
3011 1679 3088 1735 'l‘e
3120 1689 3298 1736 tamen
3324 1721 3339 1746 ,
3370 1682 3603 1748 impera.

302 1783 550 1829 tcslatur.
582 1775 708 1830 Plus
746 1775 892 1830 enim
925 1783 1009 1830 est
1047 1783 1232 1829 mente
1260 1775 1546 1838 connecti.
1579 1789 1740 1845 quam
1773 1787 1898 1830 coro
1932 1775 1975 1836 Β
2005 1788 2115 1846 tor,
2145 1779 2258 1848 ipsa
2303 1793 2492 1834 eorum
2537 1776 2730 1832 relatio
2766 1774 2928 1832 faciat
2958 1773 3286 1830 cautiorem.
3319 1773 3452 1828 Nam
3484 1788 3606 1828 cum

298 1882 434 1937 pore
457 1867 722 1938 copulari.
743 1867 850 1922 Vos
879 1876 1101 1922 senatus
1129 1865 1357 1936 cogendi
1388 1865 1605 1922 concilii
1637 1865 1898 1936 presules

301 1959 489 2024 habet,
526 1961 549 1987 π
580 1959 736 2015 vobis
766 1959 874 2012 coit
905 1977 919 2012 :
945 1958 1101 2015 vobis
1129 1959 1525 2014 conscientiam
1562 1973 1754 2021 suam,
1785 1972 1895 2014 non

296 2051 405 2106 diis
446 2051 686 2122 gentium
739 2061 961 2119 praestat
995 2069 1006 2104 :
1037 2066 1132 2106 vos
1167 2051 1356 2107 liberis
1385 2053 1529 2116 suis,
1565 2066 1674 2106 non
1714 2060 1895 2106 tamen

297 2143 427 2198 ﬁdei
455 2159 568 2199 sua:
590 2143 833 2214 praefert.
867 2143 993 2199 Hac
1021 2153 1105 2199 est
1144 2144 1382 2198 charitas
1417 2143 1750 2214 expetenda,
1779 2141 1898 2198 haec

297 2244 389 2290 est
415 2235 656 2291 charitas
684 2236 860 2306 major
889 2237 1142 2306 imperio,
1163 2237 1209 2291 si
1239 2237 1373 2291 fides
1391 2244 1504 2292 tuta
1520 2235 1612 2303 sit,
1635 2251 1756 2304 qua:
1778 2250 1897 2292 ser-

292 2338 388 2383 vat
414 2329 722 2393 imperium.

367 2423 458 2478 54.
482 2424 587 2478 Sed
613 2421 845 2477 fortasse
865 2423 1102 2488 aliquem
1126 2432 1342 2477 moveat
1362 2419 1388 2457 ἀ
1413 2421 1484 2478 ita
1513 2420 1891 2478 ﬁdelissimum

294 2516 596 2587 principem
647 2516 968 2570 destitutum
1009 2533 1023 2570 :
1065 2514 1296 2585 proinde
1351 2515 1506 2585 quasi
1573 2517 1891 2572 meritorum

293 2610 528 2680 pretium
561 2610 784 2664 caducis
823 2609 1128 2663 aestimetur
1184 2609 1558 2678 praesentiunt.
1588 2606 1721 2675 Quis
1748 2609 1891 2664 enim

292 2705 514 2775 sapiens
545 2717 652 2757 non
695 2704 749 2757 in
778 2702 912 2757 orbe
949 2702 1182 2770 quodam
1239 2713 1402 2772 atque
1444 2703 1674 2758 circuitu
1717 2703 1890 2760 locata

292 2795 653 2850 humanarum
696 2811 880 2852 rerum
909 2795 1061 2850 novit
1094 2797 1344 2862 negotia;
1379 2797 1504 2866 quia
1537 2811 1643 2849 non
1667 2795 1889 2854 eosdem

293 2902 512 2956 semper
549 2901 836 2943 successus
893 2887 1140 2944 habent:
1171 2885 1266 2943 sed
1313 2887 1525 2942 variant
1570 2894 1779 2954 status,
1836 2895 1892 2942 ct

291 2990 506 3037 mutant
533 2981 713 3036 vices?

366 3077 457 3131 55.
486 3074 656 3142 Quem
684 3074 979 3129 beatiorem
999 3074 1174 3129 Cneio
1202 3073 1460 3143 Pompeio
1483 3072 1725 3128 Romana
1749 3082 1884 3128 tem-

293 3168 381 3238 pla
415 3167 707 3223 miserunt?
734 3167 803 3221 At
831 3167 876 3221 is
909 3181 1034 3222 cum
1069 3165 1241 3222 tribus
1279 3165 1569 3235 triumphis
1616 3173 1884 3220 terrarum
1915 3173 1962 3236 (ξ

289 3261 556 3316 cinxisset
584 3261 796 3325 orbem,
825 3260 1012 3330 pulsus
1035 3260 1153 3315 acie
1173 3299 1188 3324 ,
1225 3259 1370 3314 bello
1401 3259 1692 3330 profugus,
1725 3269 1778 3314 ct
1805 3260 1890 3316 sui

292 3351 552 3408 terminis
577 3353 730 3408 exsul
757 3352 990 3422 imperii,
1019 3350 1259 3421 Canopei
1295 3354 1316 3379 θ
1340 3367 1499 3406 manu
1527 3353 1784 3422 spadonis
1799 3367 1887 3408 oc-

289 3445 501 3500 cubuh.

361 3538 454 3595 56.
487 3538 657 3607 Quem
677 3539 998 3594 nobiliorem
1029 3535 1172 3607 Cyro
1196 3536 1483 3594 Persarum
1513 3539 1678 3594 totius
1698 3540 1889 3596 Orien-

288 3631 359 3686 tis
393 3640 557 3685 terrte
579 3647 758 3702 regem
789 3629 1094 3685 dederunt?
1121 3629 1167 3684 ls
1207 3646 1422 3700 quoque
1457 3646 1578 3685 cum
1615 3632 1887 3702 principes

286 3725 700 3796 potentissimos
721 3724 1068 3779 adversantes
1091 3723 1333 3789 vicisset,
1369 3722 1388 3762 τ
1416 3725 1586 3779 victos
1613 3739 1888 3780 reservas-

282 3828 393 3883 set,
425 3817 778 3872 muliebribus
809 3815 976 3870 armis
1012 3815 1164 3892 fusus
1194 3815 1420 3870 interiit.
1458 3815 1525 3870 Et
1553 3817 1645 3872 ille
1672 3833 1766 3872 rex
1795 3819 1884 3888 qui

283 3918 579 3980 superatos
605 3911 767 3966 etiam
813 3908 1110 3964 consessus
1152 3907 1360 3963 honore
1400 3898 1734 3975 donaverat.
1785 3927 1881 3966 ex-

283 4015 446 4058 secto
480 4005 660 4073 capite
686 4011 742 4058 et
766 4003 907 4057 intra
933 4008 1108 4054 utrem
1140 4000 1357 4068 plenum
1378 4004 1613 4068 cruoris,
1640 4012 1665 4050 κ
1697 4004 1884 4060 satiari

275 4095 496 4166 jussus,
526 4096 752 4160 incluso,
782 4093 1030 4149 femineis
1054 4093 1293 4162 imperiis
1322 4094 1555 4150 ludibrio
1589 4095 1707 4152 fuit.
1732 4095 1886 4151 Adeo

285 4187 340 4241 in
366 4187 528 4244 istius
551 4189 672 4242 vitae
703 4186 975 4244 curriculo
1008 4197 1114 4238 non
1147 4187 1295 4260 paria
1321 4187 1573 4259 paribus,
1604 4187 1697 4243 sed
1726 4188 1886 4260 longe

283 4279 511 4336 diversa
542 4280 882 4339 referuntur!

359 4432 387 4462 ⁸
420 4423 553 4479 Cod.
580 4424 752 4495 Long.
783 4434 839 4482 et
878 4426 1044 4492 Laet.,
1076 4424 1468 4482 Constantinus.
1503 4421 1610 4478 Sed
1654 4421 1880 4476 omnino
1909 4431 1962 4492 1)

284 4494 583 4566 legendum
611 4494 996 4560 Constantius,
1033 4498 1102 4552 de
1143 4497 1300 4566 cujus
1331 4499 1651 4564 baptismate
1691 4495 1882 4550 scribit

283 4565 551 4622 Socrates
580 4569 672 4624 lib.
704 4585 765 4634 tt,
789 4571 1016 4636 cap.t7,
1037 4581 1092 4628 et
1122 4565 1235 4628 alii.

358 4636 388 4674 ι)
423 4639 749 4696 Ambrosius
799 4635 962 4710 supra
1003 4642 1164 4709 epist.
1214 4640 1301 4705 14,
1358 4653 1506 4710 num.
1541 4635 1597 4700 6,
1647 4635 1882 4703 Quorum

279 4709 582 4780 frequenter
609 4708 910 4781 praesentior
951 4708 1181 4766 absentia
1217 4713 1314 4778 fuit
1343 4725 1361 4764 :
1389 4720 1444 4762 et
1475 4708 1590 4762 hinc
1611 4710 1882 4763 sententia

279 4793 484 4836 sancto
513 4783 738 4838 Praesuli
759 4793 879 4840 erat
898 4783 1186 4838 adnmdnm
1222 4782 1523 4835 familiaris.

363 4865 387 4892 ι·
438 4852 588 4909 Vobis
615 4857 716 4908 coit
741 4858 790 4908 in
835 4872 966 4910 mss.
993 4854 1106 4909 fere
1131 4853 1386 4910 omnibus
1417 4849 1778 4906 desideratur.

357 4921 386 4962 δ
421 4926 716 4981 Gratianus
741 4927 908 4982 dubio
936 4926 1122 4990 procul
1149 4926 1234 4978 hic
1273 4923 1608 4992 designatur,
1633 4923 1700 4976 de
1734 4922 1890 4991 cujus

281 5009 474 5052 morte
495 4998 582 5052 adi
628 4999 876 5067 Exposit.
912 4998 1047 5068 p=a|.
1075 5012 1166 5052 ut
1196 5006 1252 5052 el
1281 5009 1403 5066 quae
1435 5009 1532 5048 nos
1564 4995 1762 5048 ibidem
1795 5009 1891 5048 au-

280 5069 634 5124 notabamus.
1487 5073 1496 5094 ‘

363 5150 387 5177 ε’
418 5139 762 5209 Pompeium,
795 5141 995 5196 amissa
1026 5139 1334 5194 Pharsalica
1364 5151 1538 5209 pugna
1566 5175 1580 5200 ,
1601 5135 1677 5209 ad
1710 5149 1889 5203 regem

279 5210 516 5282 Egypti
557 5204 971 5282 perlngientem,
995 5227 1116 5265 cum
1150 5229 1179 5263 e
1212 5209 1333 5264 navi
1362 5204 1457 5264 sua
1491 5206 1542 5282 in
1577 5204 1886 5282 Egyptiatn

280 5277 576 5352 ingressus
621 5277 790 5346 esset,
833 5285 1074 5338 Achillas
1125 5286 1302 5350 regius
1348 5279 1630 5352 eunuchus
1683 5277 1890 5352 nefarie

279 5348 608 5418 trucidavit,
641 5364 697 5408 ut
722 5356 1042 5409 Plutarchus
1071 5356 1120 5406 in
1155 5348 1298 5410 illius
1335 5352 1451 5406 Vita
1471 5392 1486 5415 ,
1511 5349 1808 5406 Snetonius
1835 5348 1888 5406 in

285 5427 421 5480 Vita
470 5427 577 5480 .lul.
601 5426 857 5489 Cassaris,
888 5436 1049 5494 atque
1103 5426 1195 5480 alii
1232 5421 1892 5494 commemorant.Cano-

282 5513 458 5568 pcum
492 5509 671 5552 autem
701 5492 993 5568 spadonem
1026 5508 1182 5568 vocat
1203 5511 1231 5549 a
1252 5495 1476 5568 Canopo
1493 5492 1706 5563 Atiliypti
1738 5496 1893 5556 urbe,

279 5566 413 5638 Quae
441 5569 513 5622 ah
533 5566 859 5622 Alexandria
891 5567 992 5626 120
1023 5566 1208 5621 stadiis
1235 5567 1423 5620 dissita
1447 5576 1583 5619 erat.

369 5641 385 5678 ῖ
430 5639 508 5692 De
538 5640 681 5710 Cyro
715 5641 996 5693 Persarum
1032 5655 1156 5706 rege
1179 5681 1192 5702 ,
1218 5641 1306 5708 qui
1344 5639 1615 5694 devicmm
1641 5634 1892 5710 “prosum

279 5703 719 5784 perliumanitcr
740 5711 1013 5784 planeque
1042 5703 1189 5784 regie
1217 5703 1561 5784 tractaverat,
1587 5723 1617 5760 a
1640 5703 1897 5784 Ὶίιρριιιγῑί

285 5777 465 5854 capto
485 5795 536 5834 et
560 5777 888 5854 obtruncato
911 5777 1130 5848 scripsii
1147 5779 1452 5834 Herodotus
1472 5777 1611 5832 libro
1633 5792 1650 5831 ι
1671 5777 1898 5841 llistor.,

2005 1872 2073 1927 de
2104 1870 2478 1940 superioribus
2501 1868 2839 1938 principibus
2862 1866 3148 1933 texuisset,
3178 1866 3302 1936 quia
3337 1865 3487 1933 prior
3507 1880 3607 1928 eo-

2003 1981 2123 2020 rum
2165 1979 2428 2018 numerus
2467 1962 2811 2018 ceremonias
2848 1972 3060 2032 patrum
3100 1959 3305 2025 coluit,
3329 1959 3605 2015 recentior

2002 2072 2107 2112 non
2137 2057 2400 2122 removit;
2422 2054 2726 2112 addidisset
2748 2054 2915 2111 etiam
2945 2071 2957 2106 :
2993 2054 3037 2107 si
3071 2052 3384 2119 exemplum
3415 2051 3608 2121 religio

2002 2159 2245 2206 veterum
2280 2164 2384 2206 non
2431 2148 2592 2214 facit,
2619 2147 2785 2204 faciat
2805 2145 3168 2202 dissimulatio
3199 2147 3604 2215 proximorum;

2001 2243 2282 2302 evidenter
2303 2241 2489 2296 docuit
2508 2239 2639 2311 quid
2672 2247 2726 2298 et
2747 2239 2870 2294 ﬁdei
2902 2248 3009 2294 tute
3039 2237 3272 2300 debeas,
3303 2246 3363 2290 ut
3386 2235 3602 2306 gentili-

2003 2337 2061 2390 tii
2086 2335 2220 2392 ritus
2250 2350 2356 2390 non
2383 2334 2631 2403 sequaris
2653 2332 2960 2401 exemplum
2989 2349 2999 2386 :
3027 2341 3081 2386 et
3100 2331 3385 2400 pietati,ut
3415 2329 3598 2386 fratris

1999 2435 2196 2481 statuta
2220 2442 2326 2479 non
2358 2425 2548 2479 violes.
2582 2425 2637 2478 Si
2668 2425 2810 2478 enim
2845 2437 2944 2492 pro
2971 2423 3084 2476 suis
3109 2421 3392 2476 dumtaxat
3421 2421 3593 2492 parti-

2000 2521 2100 2576 bus
2128 2533 2319 2574 eorum
2349 2517 2844 2574 dissimulationem
2877 2518 3180 2586 principum
3211 2516 3594 2586 prmdicarunt,

1997 2617 2087 2687 qni
2129 2632 2251 2672 cum
2279 2625 2464 2671 essent
2508 2612 3061 2692 clgtristiani,dccreta
3102 2620 3280 2667 tamen
3313 2609 3596 2681 gentilium

1999 2710 2221 2766 minime
2251 2694 2648 2764 removerurit‘s
2661 2715 2868 2775 quanto
2895 2704 3065 2775 magis
3101 2704 3272 2758 amori
3301 2703 3475 2758 debes
3502 2700 3598 2757 de-

1996 2802 2142 2864 ferre
2185 2802 2429 2860 fraterno
2453 2843 2467 2868 ,
2503 2809 2562 2856 ut
2586 2801 2676 2870 qui
2707 2799 3053 2855 dissimulare
3078 2797 3346 2864 deberes,
3378 2796 3592 2851 etiamsi

1995 2896 2122 2966 qttid
2169 2894 2390 2950 forsitan
2437 2910 2545 2948 non
2586 2893 2876 2964 probares,
2907 2907 2977 2947 ne
3016 2891 3271 2946 fraternis
3297 2889 3593 2960 derogares

1995 2989 2232 3054 statutis,
2261 2997 2317 3044 et
2340 3002 2483 3042 nunc
2514 2997 2704 3042 teneas
2726 2985 2870 3057 quod
2899 2995 2955 3041 et
2986 2984 3108 3039 ﬁdei
3135 2993 3261 3050 tute,
3301 2993 3357 3040 et
3379 2997 3595 3053 germa-

1997 3079 2179 3136 nitatis
2210 3078 2595 3136 necessitudini
2620 3078 2832 3148 iudicas
2857 3077 3170 3132 convenire.

2497 3234 2509 3283 i
2553 3229 2886 3289 EPISTOLA
2939 3230 3080 3286 XIX.

1993 3368 2295 3425 Annostus
2317 3386 2349 3424 α
2383 3368 2590 3425 VtotLIo
2610 3367 2680 3422 ad
2708 3368 3065 3440 episcopatum
3089 3381 3266 3422 recens
3293 3365 3506 3430 allecto,
3535 3376 3588 3420 ut

2063 3463 2162 3518 sibi
2186 3467 2410 3534 formant
2433 3464 2771 3518 institutionis
2799 3444 3046 3528 traderet,
3072 3462 3390 3526 obsecratus,
3415 3464 3591 3516 admo-

2065 3569 2148 3612 net
2175 3574 2238 3612 ne
2262 3557 2441 3625 ﬁdeles
2456 3573 2572 3610 cum
2592 3556 2892 3627 inﬁdelibus
2919 3558 3147 3625 potiatur
3165 3556 3300 3610 inire
3318 3557 3593 3626 conjugis:

2066 3652 2317 3705 deterreat
2351 3649 2604 3721 pupulum
2633 3668 2664 3703 a
2700 3649 2974 3719 fraudibus
2995 3660 3148 3717 atque
3179 3648 3441 3718 fenoribus
3464 3665 3482 3702 :
3514 3649 3582 3701 ad

2067 3743 2467 3814 hospitalitatem
2512 3757 2628 3795 vero
2651 3741 2796 3796 illum
2831 3741 3110 3795 hortetur:
3142 3739 3230 3794 sed
3265 3740 3589 3812 potissimum

2067 3847 2120 3892 ut
2151 3845 2430 3891 memorata
2451 3833 2853 3892 christianorum
2882 3852 3000 3889 cum
3023 3833 3297 3906 gentilibus
3324 3835 3589 3888 matrimo-

2065 3934 2152 3990 nia
2179 3931 2431 4001 efﬁcacius
2460 3927 2749 4000 prohibeat,
2777 3929 3046 3986 historiam
3076 3929 3345 3983 Samsonis
3385 3929 3586 3983 univcr—

2065 4042 2172 4079 snm
2200 4027 2426 4078 decurrit
2455 4036 2606 4094 atque
2633 4024 2888 4078 edisserit.

2476 4168 2778 4223 Αιιικοειοε
2807 4166 2832 4203 ¹ί
2884 4166 3108 4223 Vtetuo.

2075 4283 2124 4338 t.
2157 4280 2458 4352 Poposoisti
2487 4296 2514 4336 a
2546 4296 2633 4336 me
2660 4280 3013 4336 institutionis
3040 4287 3148 4336 tute
3171 4276 3422 4347 insignia,
3446 4292 3582 4348 quo-

1986 4419 2228 4478 Justinus
2259 4418 2353 4475 lib.
2385 4419 2548 4474 etiam
2580 4434 2621 4483 l,
2646 4429 2805 4488 atque
2829 4415 2941 4472 alii.

2062 4503 2087 4540 s
2113 4493 2314 4562 satiari
2347 4493 2532 4562 jussus
2575 4483 2736 4545 deest
2773 4489 2827 4546 in
2879 4503 3011 4546 mss.
3045 4485 3160 4546 fere
3199 4483 3451 4544 omnibus
3531 4493 3588 4540 at

1990 4574 2180 4619 contra
2213 4567 2261 4620 in
2289 4566 2500 4622 cunctis
2523 4562 2655 4617 edit.
2686 4562 2977 4618 invenitur.

2063 4635 2090 4672 ¹ι
2114 4634 2186 4689 Ita
2220 4651 2411 4688 omnes
2453 4651 2584 4688 mss.
2619 4633 2804 4702 paucis
2833 4631 3137 4702 exemptis,
3171 4627 3446 4700 inquibus
3489 4643 3587 4702 pro

1993 4709 2338 4776 restiugueret
2369 4706 2599 4760 habetur
2624 4701 2973 4776 restringeret
3003 4701 3030 4757 γε
3062 4716 3254 4756 ottines
3294 4717 3427 4755 vero
3454 4701 3584 4754 edit.

1994 4778 2072 4833 vel
2096 4795 2276 4832 cruore
2302 4795 2397 4832 suo
2425 4777 2780 4846 restingueret.

2073 4848 2086 4886 ί
2123 4849 2273 4904 Hanc
2318 4848 2515 4904 .lnliani
2551 4841 2813 4916 apostatte
2858 4844 3058 4900 bellum
3101 4842 3365 4916 adversus
3391 4841 3589 4916 Persas

1993 4921 2292 4974 adorientis
2315 4912 2758 4989 imprudentiam,
2778 4932 2882 4987 qua
2901 4917 3199 4989 combustis
3226 4915 3456 4989 navibus
3483 4912 3585 4989 sibi

1992 5007 2058 5046 ac
2113 4991 2358 5045 Romano
2392 4984 2686 5043 'exercitui
2738 4984 3000 5042 redeundi
3058 5002 3208 5058 Spem
3267 4984 3583 5058 intercepit.

1994 5065 2323 5130 descriptam
2360 5061 2527 5116 habes
2573 5062 2714 5130 apud
2748 5056 3110 5114 Sozomenuni
3146 5056 3235 5110 lib.
3270 5071 3345 5120 vt,
3377 5069 3495 5123 cap.
3541 5056 3586 5119 l,

1995 5133 2270 5188 Theudor.
2304 5134 2396 5186 lib.
2435 5148 2510 5192 ιιι,
2544 5147 2603 5184 ca
2652 5171 2664 5184 .
2697 5131 2790 5195 ’25,
2819 5143 2870 5184 et
2896 5130 3054 5184 alios.

2069 5206 2082 5256 i
2125 5204 2337 5256 Scrinia
2358 5220 2500 5256 anno
2528 5149 2655 5256 ὅδὲ).

2069 5206 2082 5256 i
2125 5204 2337 5272 Scripta
2358 5220 2500 5258 anno
2528 5203 2655 5257 585.

2067 5274 2092 5312 κ
2137 5266 2293 5330 Itoni.
2325 5276 2483 5340 ediL,
2529 5274 2721 5344 Vigilio
2750 5271 2935 5345 fratri,-
2958 5280 3011 5326 et
3034 5267 3196 5345 infra,
3223 5266 3593 5345 insinuandum

1993 5347 2210 5402 videtur.
2240 5339 2492 5418 Vigilium
2518 5339 2766 5418 adiptem
2789 5345 2910 5418 data
2942 5349 3024 5418 est
3065 5339 3589 5418 hazoepistolaxnon

1997 5421 2159 5473 alium
2189 5407 2363 5473 esscva
2392 5415 2586 5485 Vigilio
2615 5407 3146 5485 Tl'ithllli_epiSC|)p0
3175 5410 3281 5480 jam
3307 5409 3359 5485 in
3389 5407 3592 5485 Admo-

2001 5493 2101 5546 nit.
2128 5491 2193 5544 ad
2225 5491 2316 5544 lib.
2352 5489 2418 5542 dc
2451 5479 2617 5542 Tobia
2651 5479 3027 5544 indicavimus,
3061 5479 3205 5536 necti
3236 5479 3391 5534 nobis
3412 5482 3510 5532 hac
3535 5480 3588 5532 in

2001 5578 2060 5615 re
2090 5567 2373 5630 quisquam
2414 5557 2753 5630 dissenserit.
2799 5554 2928 5622 Ejus
2963 5567 3123 5630 porro
3172 5558 3400 5606 mortem
3434 5550 3592 5630 Boni.

2004 5621 2284 5703 Martyrdl.
2325 5644 2396 5683 vtt
2425 5628 2533 5682 kal.
2567 5625 2736 5703 Julius
2766 5621 3120 5703 annuntians,
3144 5639 3266 5678 eum
3297 5636 3326 5674 a
3374 5621 3593 5703 paganis

2006 5692 2488 5757 cmn'idololatria:
2530 5696 2784 5764 reliquias
2815 5694 3138 5748 exscindere
3178 5703 3462 5748 conaretur
3484 5692 3599 5764 .la-

2009 5775 2226 5848 pidibus
2247 5772 2502 5826 obrutum
2528 5763 2710 5828 tradit,
2738 5767 2790 5818 in
2818 5779 2925 5834 quo
2965 5765 3042 5820 illi
3064 5766 3395 5822 concinnum
3435 5763 3599 5817 colle-
