3996 6292
430 278 536 334 985

1799 268 2048 330 SANCTI
2085 269 2409 330 AMBROSII

3622 272 3719 330 981

428 392 571 447 niam
602 403 776 446 novus
823 389 1033 446 accitus
1062 404 1126 447 es
1162 389 1232 446 ad
1253 387 1640 447 sacerdotium.
1668 386 1734 443 Et
1770 385 2031 458 quoniam
2059 386 2114 449 Α
2136 379 2528 444 emolumenta.
2572 387 2762 459 Itaque
2808 387 2891 444 vir
2933 387 3266 445 cbristianus
3309 387 3360 445 si
3402 387 3600 457 habet,
3638 388 3724 445 det

430 496 484 540 te
514 484 691 554 ipsum
726 482 1034 550 mdiﬁcasti,
1064 492 1121 538 ut
1170 482 1441 555 oportuit.
1471 481 1562 551 qui
1588 480 1784 553 dignus
1814 478 2034 536 habitus

430 592 492 634 es
523 586 677 633 tanto
705 591 963 644 munere;
991 576 1268 648 quomodo
1290 584 1347 633 et
1373 576 1510 633 alios
1535 574 1795 644 aediﬁces,
1826 574 2035 647 signiﬁ-

431 669 665 725 candum
693 670 926 726 videtnr.

496 763 555 818 2.
588 762 832 818 Primum
878 764 1124 819 omnium
1166 774 1442 834 cognosce
1473 760 1776 819 Ecclesiam
1819 762 2033 819 Domini

430 855 530 912 tibi
560 858 937 923 commissam;
968 855 1199 929 ideoque
1224 854 1507 912 vitandum
1539 870 1786 927 semper,
1811 871 1881 914 ne
1899 856 2032 929 quid

429 949 660 1020 obrepat
700 947 1056 1017 oﬁ‘ensionis,
1101 956 1158 1006 et
1204 949 1300 1004 ﬁat
1330 949 1476 1004 velut
1501 964 1793 1007 commune
1828 965 2032 1023 corpus

429 1044 552 1114 ejus
580 1045 866 1115 gentilium
896 1043 1255 1099 admixtione.
1274 1043 1427 1100 Unde
1449 1043 1729 1114 Scriptura
1751 1043 1846 1101 tibi
1868 1045 2029 1103 dicit:

429 1134 510 1192 Ne
538 1135 775 1206 accipias
821 1150 1048 1193 uxorem
1091 1135 1160 1192 de
1193 1136 1407 1193 liliabus
1432 1135 1867 1194 Chananmorum
1887 1181 1902 1206 ,
1934 1138 2031 1196 sed

430 1231 569 1288 vade
599 1232 652 1286 in
689 1230 1140 1301 Mesopotamiam
1163 1272 1179 1299 ,
1203 1231 1256 1286 in
1280 1231 1505 1287 domum
1535 1231 1803 1301 Bathuel,
1834 1233 1887 1289 id
1924 1243 2031 1299 est,

430 1325 649 1380 domum
698 1324 1016 1396 sapientiae;
1042 1332 1071 1364 ι
1099 1334 1158 1381 et
1199 1326 1320 1396 eius
1364 1325 1461 1382 tibi
1511 1327 1734 1398 acquire
1779 1328 2028 1399 copulam

429 1421 447 1490 (
474 1418 607 1474 Gen.
640 1435 830 1484 xxvut,
861 1420 916 1486 1,
947 1410 1027 1490 2‘).
1059 1419 1447 1490 Mesopotamia
1478 1430 1659 1478 autem
1684 1422 1836 1493 regio
1862 1433 1947 1478 εει
1977 1421 2030 1478 in

426 1514 679 1583 partibus
708 1512 971 1577 Orientis,
995 1528 1117 1580 quae
1142 1513 1358 1569 duobus
1392 1514 1642 1571 maximis
1669 1530 1767 1586 per
1792 1530 1855 1572 ea
1881 1517 2033 1572 loco-

426 1621 545 1660 rum
577 1604 858 1676 Euphrate
879 1604 1046 1679 843
1065 1614 1123 1662 et
1144 1605 1294 1678 Tigri
1321 1605 1640 1663 ﬂuminibus
1672 1607 2035 1664 circumveni-

430 1709 539 1767 tur,
567 1698 595 1738 ι’
624 1700 822 1772 quibus
867 1702 1021 1772 origo
1060 1710 1149 1758 est
1195 1702 1249 1756 in
1293 1700 1572 1758 Armeniae
1610 1702 1766 1758 locis.
1797 1702 2033 1760 lnﬁuunt

2137 479 2424 550 pecuniam
2464 480 2617 553 quasi
2662 494 2771 537 non
2804 491 3123 552 recepturus
3155 500 3171 538 :
3209 490 3305 538 ant
3326 488 3479 538 certe
3505 491 3721 549 sortem,

2135 588 2298 645 quam
2329 571 2500 640 dedit,
2530 582 2872 645 recepturus.
2905 571 3079 631 Habet
3104 575 3159 631 in
3183 589 3252 632 ea
3271 590 3382 639 non
3404 574 3723 632 mediocrem

2134 668 2326 740 gratiae
2371 682 2614 723 usuram.
2674 668 2931 740 Alioquin
2974 667 3231 739 decipere
3273 667 3419 724 istud
3470 677 3585 735 est,
3622 683 3722 724 non

2135 761 2446 819 subvenire.
2481 759 2503 801 ι
2534 762 2677 831 Quid
2705 762 2853 818 enim
2883 762 3094 828 durius,
3123 777 3287 834 quam
3330 771 3391 818 ut
3428 761 3525 818 des
3566 776 3723 833 pecu-

2135 856 2282 913 niam
2317 864 2464 911 tuam
2497 869 2605 912 non
2634 855 2878 922 habenti,
2908 866 2965 912 et
2991 854 3108 927 ipse
3134 854 3360 927 duplum
3390 853 3723 927 exigaleui

2135 949 2391 1021 simplum
2434 963 2542 1004 non
2584 948 2776 1006 habuit
2810 948 2953 1006 unde
2982 948 3249 1015 solveret,
3281 946 3722 1021 quemadmodum

2135 1042 2359 1113 duplum
2392 1042 2610 1098 solvet?
2854 1066 2861 1070 δ
3032 1044 3035 1047 “

2205 1134 2261 1190 5.
2303 1132 2576 1205 Exemplo
2620 1133 2780 1190 nobis
2826 1133 2901 1189 sit
2922 1132 3158 1203 Tobias,
3184 1133 3280 1206 qni
3310 1147 3601 1204 numquam
3645 1147 3722 1189 re-

2134 1226 2357 1298 quisivit
2396 1226 2709 1297 pecuniam,
2740 1240 2902 1297 quam
2933 1225 3181 1292 dederat,
3208 1225 3314 1282 nisi
3341 1233 3585 1281 extremo
3609 1224 3722 1281 vita:

2133 1335 2248 1376 suae
2276 1328 2522 1392 tempore
2547 1319 2705 1394 (Tob.
2732 1334 2812 1383 tv.
2842 1318 2962 1391 2t);
2990 1329 3015 1367 ις
3047 1319 3221 1391 magis
3240 1333 3313 1375 ne
3333 1317 3722 1374 fraudarethm-

2135 1413 2358 1480 redem,
2403 1427 2565 1484 quam
2612 1420 2673 1468 ut
2712 1411 3017 1483 depositam
3067 1411 3358 1481 pecuniam
3400 1417 3623 1481 cogeret
3664 1424 3720 1465 ac

2133 1514 2506 1575 recuperaret.
2536 1502 2565 1543 ιι
2590 1504 2782 1577 Populi
2822 1519 2971 1577 sepe
3015 1502 3378 1561 conciderunt
3421 1502 3609 1558 fenore
3632 1542 3647 1568 .
3674 1512 3722 1559 et

2134 1617 2200 1660 ea
2229 1601 2432 1674 publici
2459 1601 2611 1658 exitii
2643 1614 2808 1656 causa
2837 1598 3065 1656 exstitit.
3108 1597 3269 1656 Unde
3298 1594 3462 1653 nobis
3487 1598 3722 1653 sacerdo-

2137 1695 2281 1752 tibus
2309 1695 2364 1751 id
2392 1694 2671 1766 praccipue
2713 1708 2861 1748 curm
2902 1693 3015 1761 sit,
3047 1702 3107 1748 ut
3130 1707 3195 1749 ea
3223 1689 3355 1748 vitia
3385 1704 3719 1759 resecemns,

426 1800 610 1847 autem
661 1792 880 1849 diverso
938 1802 1120 1849 meatu
1156 1804 1176 1831 ο
1203 1792 1258 1848 in
1314 1809 1465 1850 mare
1519 1793 1795 1862 Rubrum;
1826 1803 1883 1851 et
1912 1795 2035 1852 ideo
2064 1788 2113 1850 Β
2140 1805 2259 1862 quae
2288 1790 2340 1845 in
2370 1789 2633 1861 plurimos
2651 1787 2907 1845 videntur
2933 1801 3177 1860 serpere.

432 1885 838 1957 Mesopotamiae
879 1888 1100 1943 nomine
1120 1888 1366 1959 signatur
1403 1887 1572 1959 ﬁgura
1592 1888 1850 1945 Ecclesia:
1868 1932 1884 1958 ,
1914 1905 2035 1960 quas

428 1980 685 2035 maximis
705 1979 1036 2036 ﬂuentorum
1060 1979 1600 2053 prudentimirriguis
1626 1991 1792 2053 atque
1808 1982 2036 2053 iustitia:

428 2070 687 2127 fecundat
714 2080 927 2126 mentes
964 2071 1207 2128 ﬁdelium
1227 2112 1242 2137 ,
1268 2072 1467 2144 quibus
1485 2074 1627 2129 sacri
1658 2073 2031 2144 baptismatis,

428 2164 586 2237 cuius
609 2173 768 2238 typus
781 2165 1067 2237 prmcessit
1085 2165 1140 2221 iu
1168 2165 1354 2222 Rubro
1370 2166 1509 2224 mari
1526 2166 1763 2224 infundit
1781 2168 2034 2239 gratiam,

430 2257 759 2329 culpamque
805 2258 999 2314 abluit.
1054 2259 1199 2315 Doce
1250 2273 1383 2332 ergo
1431 2259 1672 2331 plebem,
1714 2271 1773 2316 ut
1821 2277 1929 2317 non
1965 2278 2035 2317 ex

430 2349 777 2421 alienigenis,
809 2349 907 2422 sed
924 2365 990 2406 ex
1018 2349 1274 2407 domibus
1287 2350 1602 2407 christianis
1618 2351 1860 2425 coniugii
1883 2368 2035 2425 qure-

432 2448 585 2495 ratur
612 2440 830 2511 copula.

503 2535 562 2590 ‘5.
600 2531 778 2590 Nemo
806 2533 1025 2592 fraudat
1046 2533 1077 2574 ἀ
1107 2538 1508 2595 mercenarium
1539 2539 1793 2597 mercede
1820 2539 2037 2608 debita;

431 2628 557 2699 quia
584 2636 641 2684 et
683 2643 782 2685 nos
811 2630 1141 2686 mercenarii
1188 2645 1378 2687 sumus
1420 2631 1514 2689 Dei
1555 2633 1726 2689 nostri
1750 2676 1765 2700 ,
1792 2634 1944 2690 etab
1971 2648 2040 2691 eo

434 2720 746 2777 mercedem
794 2721 997 2779 laboris
1045 2724 1217 2779 nostri
1265 2734 1647 2795 exspectamus
1687 2724 1887 2799 (Leuit.
1922 2743 2037 2794 xix,

435 2816 554 2885 15).
580 2815 647 2871 Et
674 2824 731 2871 tu
757 2816 1000 2888 quidem,
1031 2833 1066 2875 ο
1093 2818 1426 2891 quicumque
1452 2835 1512 2877 es
1534 2822 1867 2892 negotiator,
1896 2837 2041 2880 mer-

433 2908 656 2966 cenario
698 2919 792 2966 tuo
830 2912 1139 2968 mercedem
1189 2913 1557 2984 pecuniariam
1602 2928 1801 2985 negas,
1833 2916 1885 2970 id
1920 2925 2037 2983 ‘est,

431 3001 618 3068 vilem,
646 3002 908 3059 caducam
949 3021 964 3058 :
1010 3005 1102 3061 tibi
1133 3014 1314 3062 autem
1347 3005 1633 3078 negabitur
1664 3021 1875 3064 merces
1905 3022 2040 3079 pro-

436 3095 727 3152 missorum
769 3095 1080 3153 cmlestium
1112 3114 1128 3153 :
1164 3095 1287 3153 Non
1337 3099 1608 3171 fraudabis
1646 3114 1813 3171 ergo,
1842 3109 1902 3157 ut
1927 3101 2041 3158 Lex

436 3186 590 3256 dicit,
620 3190 1000 3245 mercenarium
1038 3192 1271 3247 mercede
1299 3207 1397 3246 sua
1427 3189 1611 3265 (Deut.
1645 3208 1792 3262 xxtv,
1820 3192 1933 3264 14).

507 3284 565 3339 4.
606 3282 724 3340 Νοη
772 3284 929 3341 dabis
973 3286 1258 3356 pecuniam
1312 3294 1457 3342 tuam
1505 3286 1574 3343 ad
1622 3302 1878 3355 usuram;
1905 3303 2035 3361 quo-

438 3379 585 3433 niam
626 3377 888 3449 scriptum
932 3388 1018 3435 est
1043 3378 1192 3450 quod
1224 3378 1268 3435 is
1295 3380 1389 3450 qui
1419 3379 1704 3450 pecuniam
1732 3394 1886 3437 suam
1928 3396 2037 3437 non

437 3467 588 3524 dedit
614 3468 682 3524 ad
712 3483 933 3526 usuram
961 3512 977 3539 ,
1011 3469 1277 3527 habitabit
1316 3471 1370 3528 in
1410 3471 1765 3529 tabernaculo
1793 3473 1887 3529 Dei
1915 3471 2035 3549 (Ps.

434 3577 544 3630 le,
562 3562 651 3634 5);
687 3572 710 3601 ε
741 3578 864 3619 nam
894 3564 987 3620 ille
1012 3565 1410 3637 supplantatur,
1436 3567 1528 3638 qui
1548 3581 1834 3624 usurarum
1858 3578 2041 3640 captat

434 3724 543 3781 ctio
571 3722 824 3789 Usuardi,
854 3726 1052 3781 etActa
1080 3725 1134 3781 in
1165 3724 1464 3785 Mabillonii
1495 3727 1713 3785 Praefat.
1737 3729 1795 3785 in
1826 3746 1856 3785 x
1881 3744 2041 3786 suum

432 3795 688 3871 seculuni
718 3807 1039 3871 memorata.
1073 3796 1225 3854 Unde
1260 3798 1315 3871 in
1348 3810 1565 3868 promtu
1592 3808 1699 3864 est,
1727 3816 1825 3856 cur
1861 3816 1891 3855 a
1916 3816 2043 3871 per-

437 3865 721 3938 mittendis
751 3865 989 3924 ﬁdelium
1016 3877 1180 3938 atque
1205 3865 1553 3927 ethnicorum
1585 3871 1728 3928 inter
1748 3887 1810 3928 se
1834 3865 2043 3928 connu-

438 3938 542 4012 biis
586 3937 842 4010 Vigilium
888 3937 1171 4012 tantopere
1215 3941 1540 3998 dehortatus
1601 3942 1765 4001 fuerit
1810 3945 2043 4002 Ambro-

436 4026 481 4066 Sl
493 4024 575 4066 IIS.

508 4091 535 4153 μ
566 4082 726 4138 Rom.
751 4082 882 4140 edit.
911 4083 1048 4151 sola,
1074 4093 1120 4138 et
1141 4083 1206 4138 de
1228 4083 1438 4153 ﬁliabus
1459 4082 1641 4140 Laban
1664 4087 1776 4148 tibi.
1804 4096 1912 4143 etc.

507 4152 536 4191 δ
576 4154 964 4224 McsOpotamia
995 4170 1127 4225 ergo
1157 4166 1448 4226 propterea
1494 4157 1694 4213 dicitur
1740 4158 1828 4216 hic
1873 4169 2034 4216 terra:

441 4235 673 4301 tractus,
707 4226 863 4301 quod,
877 4226 949 4282 sit
974 4228 1130 4301 μέσος
1153 4234 1418 4301 «argutiis.

514 4308 537 4335 ο
581 4296 737 4372 Rom.
782 4298 939 4365 edit.,
974 4296 1035 4353 in
1064 4315 1208 4371 mare
1234 4296 1557 4372 Persicum;
1586 4299 1681 4356 sed
1715 4309 1940 4372 praestat
1979 4302 2035 4359 in

438 4370 827 4442 geographiam
853 4384 1100 4426 errorem
1128 4370 1277 4442 pati,
1304 4385 1468 4440 quam
1509 4370 1579 4426 ab
1619 4370 1872 4430 omnibus
1900 4389 2033 4432 mss.

439 4448 603 4497 atque
637 4440 770 4496 edit.
799 4440 1058 4497 deﬁcere.
1140 4440 1151 4442 ⁷
1778 4478 1789 4487 κ

581 4511 790 4587 Eadem
806 4511 1151 4587 prtecipiebat
1176 4513 1263 4587 vir
1282 4521 1502 4587 sanctus
1521 4511 1845 4587 Constantio
1869 4518 2034 4587 epist.

2209 1883 2266 1938 6.
2310 1882 2591 1954 Hospitem
2644 1880 2784 1937 doce
2832 1879 3201 1935 voluntarium
3247 1878 3422 1950 magis
3465 1892 3624 1948 quam
3662 1892 3722 1934 ex

2139 1974 2466 2032 necessitate
2507 1987 2631 2031 esse
2675 1983 2967 2044 oportere;
2998 1986 3066 2027 ne
3088 1971 3142 2026 in
3173 1969 3415 2040 hospitio
3441 1967 3723 2026 deferendo

2139 2067 2520 2139 inhospitalem
2551 2065 2807 2122 allectum
2852 2064 3017 2120 animi
3066 2062 3152 2119 sui
3189 2061 3428 2134 prodat,
3456 2069 3515 2118 et
3540 2061 3593 2116 in
3620 2060 3722 2132 ipsa

2139 2160 2373 2232 hospitis
2415 2158 2760 2231 susceptione
2805 2172 2904 2229 per
2950 2155 3202 2228 iniuriam
3249 2154 3487 2212 violetur
3527 2154 3719 2224 gratia:

2139 2254 2237 2312 sed
2266 2253 2437 2326 magis
2460 2251 2746 2308 excolatur
2769 2248 3074 2308 ofﬁciorum
3098 2262 3200 2304 usu
3223 2289 3239 2313 ,
3262 2254 3321 2303 et
3348 2245 3534 2318 aliquo
3555 2244 3723 2301 huma-

2140 2348 2325 2405 nitatis
2346 2345 2671 2403 ministerio.
2704 2343 2720 2381 ί
2748 2343 2865 2400 Νοιι
2895 2340 3042 2400 enim
3065 2356 3096 2397 a
3123 2351 3175 2399 te
3195 2355 3426 2397 munera
3451 2339 3725 2411 exiguntur

2140 2442 2296 2509 ditia,
2324 2438 2422 2497 sed
2462 2437 2632 2512 ω
2670 2435 2852 2494 ofﬁcia
2894 2434 3207 2492 voluntaria
3229 2475 3246 2501 ,
3273 2433 3434 2505 plena
3478 2433 3654 2504 pacis,
3678 2438 3726 2487 et

2141 2535 2521 2593 convenientis
2566 2532 2906 2599 concordiae;
2957 2529 3186 2586 meliora
3221 2537 3355 2584 sunt
3394 2527 3543 2584 enim
3591 2526 3725 2581 olera

2141 2644 2266 2686 cum
2311 2626 2551 2684 amicitia
2581 2634 2636 2682 et
2662 2624 2872 2698 gratia,
2900 2639 3065 2694 quam
3107 2622 3154 2678 si
3185 2620 3472 2694 exquisitis
3513 2618 3728 2692 dapibus

2142 2724 2440 2781 adornetur
2467 2721 2781 2778 convivium
2809 2761 2825 2787 ,
2855 2721 2901 2775 si
2928 2718 3071 2775 desit
3094 2716 3321 2774 aﬁ‘ectus
3339 2715 3531 2788 gratia:
3558 2712 3726 2788 (Prov.

2143 2836 2242 2887 xv,
2273 2819 2387 2888 17).
2420 2816 2673 2889 Legimus
2715 2820 3033 2886 peremptos
3069 2811 3222 2882 gravi
3264 2809 3500 2882 populos
3534 2805 3730 2864 excidio

2145 2921 2370 2985 propter
2412 2909 2613 2967 violata
2647 2907 2774 2980 jura
2808 2903 3033 2975 hospitii
3063 2900 3265 2976 (ludio.
3296 2916 3398 2969 xx,
3426 2897 3545 2973 44).
3571 2899 3727 2971 Prop-

2138 3013 2230 3062 ter
2267 3002 2547 3060 libidinem
2576 3013 2796 3072 quoque
2823 2996 3113 3054 commissa
3153 2994 3295 3052 bella
3335 2993 3545 3050 atrocia
3586 2989 3726 3065 (Ges.

2146 3112 2333 3163 xxxiv,
2360 3096 2481 3167 ΞΒ).

2069 3180 2115 3246 C
2220 3191 2274 3247 7.
2316 3188 2425 3247 Sed
2453 3202 2625 3261 prope
2670 3185 2803 3242 nihil
2832 3183 3054 3258 gravius
3082 3197 3244 3255 quam
3271 3180 3520 3253 copulari
3553 3179 3727 3237 alieni-

2144 3301 2324 3359 gente,
2351 3285 2442 3341 ubi
2483 3294 2540 3341 et
2569 3281 2813 3339 libidinis
2844 3289 2900 3339 et
2942 3278 3231 3337 discordia
3258 3276 3552 3344 incentiva,
3578 3285 3635 3334 et
3654 3290 3732 3332 sa-

2142 3381 2351 3452 crilegii
2374 3378 2575 3451 ﬂagitia
2592 3377 2917 3435 conﬂantur.
2936 3375 3073 3432 Nam
3092 3389 3215 3430 cum
3233 3373 3415 3445 ipsum
3437 3371 3730 3445 coniugium

2148 3476 2162 3525 i
2200 3473 2470 3530 velamine
2498 3469 2821 3527 sacerdotali
2850 3509 2865 3534 ,
2894 3479 2952 3527 et
2991 3467 3378 3526 benedictione
3420 3464 3729 3523 sanctiﬁcari

2144 3573 2426 3639 oporteat;
2457 3563 2736 3638 quomodo
2781 3573 2961 3636 potest
3004 3562 3319 3635 coniugium
3353 3561 3483 3631 dici,
3516 3560 3607 3619 ubi
3632 3574 3730 3616 non

2144 3889 2226 3928 res
2254 3872 2360 3929 suis
2392 3889 2548 3945 quam
2578 3872 2850 3929 hostilibus
2865 3872 3098 3946 jactibus
3122 3872 3352 3926 interire.

2226 3943 2241 3981 ί
2285 3943 2406 4016 Non
2444 3945 2552 4001 alio
2581 3945 2743 4016 plane
2783 3958 2947 4016 sensu
2977 3945 3120 4016 idem
3150 3941 3475 3999 Ambrosius
3500 3943 3594 3999 lib.
3627 3941 3729 3998 ide

2145 4015 2422 4101 Abraham
2468 4013 2597 4090 cap.
2629 4016 2684 4085 5,
2720 4031 2849 4072 num
2873 4013 2983 4071 '55:
3011 4014 3136 4071 Non
3159 4030 3281 4087 opes
3305 4032 3339 4071 ιι
3363 4023 3418 4071 te
3445 4016 3629 4088 hospes
3653 4030 3725 4069 re-

2143 4099 2619 4243 qfinlt‘iilﬁifmagis
2638 4157 2895 4243 omnibus
2915 4170 3129 4243 notum,
3152 4173 3314 4242 quam
3343 4157 3724 4243 feminasapud

2141 4230 2392 4288 ethnicos
2417 4241 2579 4303 caput
2606 4231 2785 4303 crocei
2813 4232 3013 4287 coloris
3041 4230 3336 4297 velamine,
3357 4231 3491 4288 dum
3522 4231 3589 4288 ad
3620 4246 3723 4287 ma-

2143 4303 2307 4359 ritum
2337 4302 2695 4372 ducebantur,
2718 4302 3003 4360 obnubere
3028 4304 3401 4360 consuevisse.
3435 4304 3549 4360 Hoc
3572 4302 3721 4359 etiam

2141 4373 2284 4443 apud
2314 4374 2645 4432 christianos
2669 4390 2700 4429 a
2732 4374 2922 4446 primis
2950 4375 3289 4446 temporibus
3317 4391 3416 4431 usu
3458 4384 3720 4446 receptum

2142 4460 2265 4503 esse
2303 4446 2564 4502 discimus
2592 4461 2622 4501 a
2648 4445 3011 4514 scriptoribus
3035 4445 3435 4516 Ecclesiasticis
3458 4467 3473 4503 :
3498 4445 3599 4504 sed
3618 4446 3721 4516 ejus

2142 4519 2221 4573 rei
2264 4518 2530 4589 originem
2557 4517 2924 4589 Tertullianus
2938 4519 3009 4574 de
3045 4516 3274 4574 Veland.
3308 4517 3460 4588 Virg.
3489 4533 3606 4589 cap.
3633 4516 3716 4589 11,

437 4581 496 4661 ξ.
529 4563 1171 4661 ,ηιῖπῖιῖἰέζξιιίιῖέὶῖξιῇι
1190 4563 1199 4569 ’
1215 4563 2036 4646 ἔὴῖῖέιῖεἰῦἷέὀίἰιῐῑιὲῐζιῶῗ’ἷιῖ
2064 4563 2117 4624 Ι)
2142 4563 2317 4661 seu:
2333 4563 2655 4645 mssast.
2669 4563 2928 4646 ’ἧῦῗῖἆὲ
2941 4563 3719 4661 ἶιῖδιῖιῑέἷ’ὁῐὶ›.’ὅῗὲιῖτὸἱιι’ἑᾶ

441 4652 614 4710 Tobia
639 4669 760 4724 cap.
791 4655 884 4721 2t,
912 4670 1063 4710 num.
1094 4655 1185 4712 92.

513 4735 538 4763 θ
577 4725 657 4782 lta
676 4741 805 4815 mss.
829 4726 1040 4815 duobus
1058 4728 1436 4815 tantummodo
1455 4729 1722 4815 exceptis,
1748 4728 2033 4815 ubiprima

440 4812 606 4880 manu
646 4799 881 4882 pasitnm
928 4797 1136 4864 fuerat,
1164 4801 1549 4883 supplantatur,
1580 4797 1724 4870 quod
1757 4797 1954 4871 legitur
1981 4805 2034 4859 in

435 4871 843 4945 omnibusedtt.
868 4869 976 4926 Sed
999 4871 1349 4945 verisimilius
1369 4881 1454 4929 est
1472 4873 1842 4945 supplantatur
1860 4873 2036 4930 activo

435 4955 605 5015 sensu
650 4943 741 4998 hic
790 4943 1359 5015 usurpari.fC:t-terum
1407 4943 1553 5015 quod
1574 4943 1867 5015 pecuniam
1901 4945 2034 5002 dare

437 5013 591 5086 iubet
631 5015 752 5086 sine
789 5027 886 5086 spe
924 5013 1246 5086 recipiendi,
1278 5015 1331 5086 id
1367 5013 1530 5086 quam
1572 5013 1909 5072 simillimum
1950 5025 2037 5073 est

434 5083 524 5151 iis,
562 5085 807 5163 quaelib.
840 5084 917 5163 de
934 5083 1109 5163 _Tobia
1155 5100 1276 5163 _ca_p.
1305 5085 1362 5154 2,
1385 5083 1461 5142 ‘n.
1498 5087 1553 5155 8,
1584 5102 1706 5163 cap.
1740 5087 1832 5159 14,
1860 5105 1914 5144 ιι.
1934 5088 2029 5159 49,

437 5165 493 5211 et
519 5154 640 5226 cap.
676 5155 765 5223 16,
799 5170 855 5211 n.
884 5154 978 5225 54,
1005 5157 1418 5227 praecipiuntur.

514 5227 541 5300 f_
572 5229 782 5300 (Eodem
831 5241 997 5300 sensu
1044 5227 1141 5284 lib.
1187 5228 1255 5283 de
1284 5229 1455 5287 Tobia
1488 5245 1608 5300 cap.
1636 5230 1702 5297 4,
1736 5247 1885 5286 num.
1922 5232 2028 5287 13:

440 5297 580 5364 Quid
610 5300 750 5354 vobis
770 5298 1022 5368 iniquius,
1045 5306 1155 5355 etc.
1185 5299 1314 5355 Item
1337 5315 1457 5369 cap.
1485 5303 1539 5364 5.
1559 5297 1711 5357 num.
1736 5303 1799 5356 11
1824 5301 2031 5358 :Minus

440 5369 576 5443 datis
601 5380 647 5425 et
671 5372 789 5441 plus
808 5371 1039 5440 exigitis,
1070 5379 1175 5427 etc.
1201 5370 1445 5443 Denique
1465 5386 1585 5442 cap.
1615 5373 1706 5440 14,
1741 5388 1891 5428 num.
1920 5376 2026 5433 48:

442 5438 648 5495 Durum
672 5438 754 5497 est
783 5438 1031 5510 repetere,
1060 5452 1168 5497 etc.

514 5513 756 5595 K_Citato
785 5512 879 5568 lib.
918 5512 999 5595 de
1026 5511 1197 5569 Tobia
1229 5527 1348 5583 cap.
1392 5516 1446 5579 2,
1473 5529 1625 5572 ιιιιιιι.
1655 5514 1728 5569 6:
1756 5512 1882 5569 Non
1927 5523 2033 5569 tam

442 5583 650 5644 cupiens
678 5583 1091 5637 commendatum
1117 5600 1409 5655 reposcere,
1437 5596 1548 5642 etc.

456 5728 489 5734 γ’
514 5649 541 5687 ιι
581 5651 749 5734 Loqg.
779 5654 927 5734 co_d_.,
962 5652 1157 5726 Populi
1184 5656 1653 5734 sibicondiderunt
1690 5660 1873 5727 fenore
1899 5656 2031 5734 :_a_lii

439 5728 604 5800 atque
633 5721 763 5800 edit.
795 5732 854 5777 ut
884 5721 1152 5800 intuitu,
1184 5728 1297 5795 nisi
1326 5729 1469 5800 quod
1502 5721 2029 5800 proscripecoucides

2141 4659 2407 4717 Rebecca:
2453 4661 2845 4729 imitationem,
2898 4676 3021 4730 qua:
3065 4659 3362 4732 conspecto
3408 4662 3720 4727 marito,ad

2140 4747 2302 4806 quem
2329 4732 2693 4806 contendebat
2711 4774 2741 4806 ,_
2753 4732 3031 4806 extemplo
3062 4733 3266 4789 velavit
3292 4748 3439 4806 sese,
3469 4733 3718 4806 quemad-

2139 4804 2359 4859 modum
2388 4802 2684 4873 Scripturze
2710 4803 2910 4860 divina:
2937 4802 3263 4861 memorant.
3294 4805 3407 4863 Hac
3432 4802 3611 4863 autem
3637 4819 3719 4860 ve-

2139 4876 2343 4950 latione
2371 4876 2735 4950 signiﬁcatum
2770 4876 2932 4950 docet
2959 4875 3279 4950 Ambrosius
3308 4879 3514 4950 nuptiis
3541 4874 3720 4950 ιιι-εἰη

2137 4945 2338 5003 debere
2367 4945 2773 5003 verecundiam.
2798 4946 3038 5003 Isidorus
3058 4959 3242 5004 autem
3264 4949 3360 5005 lib.
3387 4945 3423 5006 it
3447 4952 3518 5007 de
3541 4945 3717 5005 Eccle-

2136 5020 2295 5093 siast.
2320 5017 2504 5093 Ol‘ﬁc.,
2529 5033 2651 5089 cap.
2683 5018 2773 5093 19,
2801 5019 3197 5093 subiectionem
3237 5021 3427 5079 uxoris
3454 5036 3582 5093 erga
3611 5034 3712 5093 ma-

2139 5089 2307 5162 ritum
2338 5090 2603 5161 signatam
2629 5090 2812 5147 tradit.
2845 5090 3017 5147 Porro
3047 5090 3192 5162 quod
3218 5089 3545 5149 Ambrosius
3564 5090 3717 5162 utitur

2141 5160 2225 5216 his
2246 5160 2427 5219 verbis
2450 5162 2704 5216 velamine
2728 5160 3303 5227 sacerdotali,‘videtur
3330 5165 3573 5223 indicare
3598 5161 3716 5218 illud

2139 5233 2385 5309 velamen
2415 5231 2758 5309 a_sacerdote
2785 5233 2904 5305 ipso
2935 5235 3137 5309 imponi
3163 5235 3414 5309 solitum,
3442 5235 3585 5309 quod
3618 5251 3713 5309 non

2138 5303 2305 5377 facile
2327 5304 2467 5375 apud
2510 5306 2679 5360 alium
2708 5303 2987 5377 auc—torem
3018 5305 3285 5363 invenias.
3312 5303 3478 5377 Quod
3498 5323 3626 5367 vero
3650 5307 3714 5362 ad

2137 5374 2570 5449 benedictionem
2604 5391 2710 5431 non
2742 5376 3079 5449 moduillius
3108 5391 3266 5433 usum
3298 5374 3360 5449 (in
3403 5384 3574 5449 prima
3620 5379 3710 5435 Ec-

2135 5447 2303 5521 clesia
2330 5446 2569 5521 viguisse
2598 5447 2891 5521 ostendunt
2918 5448 3267 5521 Innocentius
3293 5448 3315 5504 l
3340 5446 3502 5521 epist.
3534 5454 3598 5508 ad
3633 5450 3715 5506 Vi.

2135 5519 2314 5590 ctric.,
2346 5518 2585 5590 synodus
2613 5534 2668 5574 tv
2693 5519 2950 5589 Cartliag.
2991 5535 3113 5574 can.
3161 5519 3251 5587 13,
3282 5518 3522 5580 Isidorus
3558 5523 3650 5580 lib.
3677 5538 3712 5579 ιι

2134 5589 2204 5644 de
2244 5589 2454 5645 Eccles.
2486 5589 2644 5653 Olﬁc,
2674 5605 2725 5645 c.
2760 5590 2829 5646 19
2850 5632 2866 5657 ,
2890 5600 2945 5647 et
2970 5591 3091 5656 alii;
3123 5591 3221 5646 sed
3258 5594 3426 5649 etiam
3456 5607 3583 5653 ante
3620 5597 3713 5651 hos

2132 5659 2503 5739 Tertullianus
2531 5662 2623 5716 lib.
2647 5677 2686 5716 ιι
2711 5662 2784 5739 ad_
2807 5661 3039 5739 Uxorem
3067 5678 3117 5739 c_.
3142 5662 3197 5727 9,
3224 5663 3687 5739 Syricinsepism

2129 5733 2201 5786 ad
2232 5732 2551 5800 llimerium,
2596 5748 2718 5803 cap.
2756 5732 2824 5798 4,
2854 5733 2953 5795 ubi:
2971 5733 3052 5803 sic
3083 5732 3331 5803 loquitur
3374 5749 3394 5792 ι
3432 5732 3710 5794 lambens-5

435 5790 577 5859 runt,
604 5790 755 5858 pauci
777 5808 909 5848 mss.
930 5792 1130 5850 habent
1150 5790 1203 5852 se
1226 5790 1576 5857 conciderunt.
1605 5797 1720 5858 Non
1746 5798 1834 5855 alii
1863 5800 2026 5870 porro
2128 5802 2306 5875 dictis,
2340 5813 2494 5871 quam
2522 5790 2757 5876 nuptura:
2798 5790 3039 5860 interitu
3080 5790 3333 5875 imponit,
3362 5790 3710 5879 apudﬁﬁdrles
