3996 6292
297 288 397 347 985

1509 277 1998 337 EPISTOLARUM
2037 275 2318 334 CLASSIS
2357 276 2398 330 I.

3497 273 3607 333 986

294 414 374 462 est
399 400 520 460 fidei
560 401 895 457 concordia?
922 400 1066 456 Cum
1087 398 1265 455 oratio
1311 397 1620 454 communis
1646 411 1770 453 esse
1797 397 1883 452 de-
1908 399 1959 460 Α
1986 411 2138 466 spem
2180 395 2495 472 parentibus
2536 394 2990 461 annuntiaretur,
3022 393 3050 434 ι»
3079 394 3322 451 futurum
3357 397 3604 468 regimen

297 497 435 560 beat,
459 493 738 565 quomodo
785 494 925 549 inter
966 491 1214 563 dispares
1242 489 1530 546 devotione
1567 497 1746 559 potest
1770 503 1891 544 esse

294 586 526 658 conjugii
575 584 882 641 communis
926 583 1200 640 charitas?
1246 580 1407 652 Saepe
1456 580 1702 651 plerique
1747 579 1890 651 capti

293 693 473 734 amore
513 676 839 734 feminarum
891 677 1053 734 fidem
1103 691 1254 732 suam
1297 673 1683 745 prodiderunt;
1713 683 1772 729 ut
1798 689 1892 743 pa-

294 782 430 830 trum
459 771 693 842 populus
729 773 780 827 in
812 771 1174 841 Beelphegor.
1203 768 1361 827 Unde
1386 768 1642 832 Phinees,
1671 775 1892 837 arrepto

291 864 492 936 gladio,
527 863 802 919 interfecit
853 863 1138 919 Hebraeum
1179 871 1234 918 et
1271 861 1597 916 Madianiten
1632 859 1889 916 feminam

291 957 482 1031 (Num.
512 973 639 1026 xxv,
673 957 755 1030 8),
786 965 841 1014 et
869 957 1136 1028 mitigavit
1161 955 1586 1028 indignationem
1617 953 1887 1024 divinam,

287 1067 358 1108 ne
386 1060 532 1107 totus
557 1051 788 1122 populus
813 1050 1276 1120 exstingueretur.

365 1145 419 1200 8.
464 1143 604 1212 Quid
635 1141 705 1199 de
733 1143 978 1214 pluribus
1023 1141 1290 1213 exemplis
1337 1141 1562 1212 loquar?
1597 1141 1675 1197 Ex
1705 1139 1892 1196 multis

285 1252 457 1294 unum
500 1235 812 1307 proferam,
843 1243 899 1290 et
940 1235 1060 1304 ejus
1101 1234 1625 1290 commemoratione
1658 1234 1888 1305 liqueat,

282 1346 447 1404 quam
483 1329 850 1402 perniciosum
874 1330 946 1384 sit
969 1329 1294 1400 alienigenae
1321 1327 1569 1384 mulieris
1599 1327 1893 1383 adscivisse

279 1426 565 1497 copulam.
600 1424 736 1492 Quis
765 1423 975 1487 fortior,
1000 1433 1056 1478 et
1085 1424 1154 1477 ab
1184 1421 1526 1478 incunabulis
1549 1422 1661 1478 suis
1691 1430 1748 1476 et
1775 1436 1892 1486 mu-

281 1520 456 1574 nitior
489 1517 586 1573 Dei
612 1517 829 1589 spiritu,
861 1532 1022 1588 quam
1054 1516 1348 1572 Nazaraeus
1372 1515 1651 1572 Samson?
1680 1516 1744 1570 Et
1775 1515 1892 1585 ipse

277 1615 541 1685 proditus
566 1622 650 1668 est
677 1653 692 1678 ,
723 1623 778 1668 et
805 1613 921 1680 ipse
952 1627 1049 1681 per
1086 1611 1369 1666 mulierem
1397 1625 1504 1664 non
1533 1609 1707 1680 potuit
1737 1623 1890 1664 suam

278 1717 478 1763 tenere
503 1706 734 1776 gratiam
767 1703 970 1778 (Judic.
999 1719 1090 1758 xvt
1113 1745 1126 1768 ,
1159 1702 1229 1758 18
1257 1713 1306 1758 et
1335 1719 1439 1774 seq.
1459 1701 1499 1776 ).
1527 1701 1694 1773 Cujus
1724 1715 1892 1772 gene-

1994 498 2050 545 et
2080 489 2392 560 praesidium
2418 489 2565 555 suis;
2596 504 2720 544 nam
2753 488 3011 559 gravibus
3044 487 3256 560 jamdiu
3285 487 3608 546 Palaestino-

1994 599 2116 638 rum
2149 582 2392 655 imperiis
2417 582 2842 639 afﬂictabantur.

2070 677 2156 732 11.
2199 677 2362 733 Pater
2387 677 2463 732 illi
2491 687 2608 735 erat
2635 677 2704 735 de
2733 677 2876 733 tribu
2907 677 3019 733 Dan
3047 677 3248 734 timens
3279 677 3448 734 Deum
3476 676 3628 751 (Ju-'

1996 769 2100 823 dic.
2128 785 2246 836 xm,
2276 770 2311 823 2
2339 781 2386 824 et
2416 769 2570 842 αφ),
2605 770 2756 854 1131111,
2778 770 3003 842 ignobili
3044 771 3262 842 genitus
3286 770 3432 839 loco,
3467 786 3609 843 prae-

1993 869 2146 919 stans
2174 864 2394 918 caeteris
2423 879 2436 917 :
2463 872 2638 918 mater
2667 871 2824 918 utero
2850 861 3081 928 sterilis,
3109 861 3204 918 sed
3236 863 3405 918 animi
3427 863 3606 918 virtu-

1994 953 2141 1008 tibus
2182 952 2324 1009 haud
2361 952 2680 1019 infecunda;
2707 969 2830 1025 qua:
2871 954 3105 1024 propria:
3144 954 3382 1026 hospitio
3406 955 3606 1011 mentis

1995 1047 2240 1117 recipere
2267 1047 2467 1103 meruit
2492 1048 2757 1103 visionem
2800 1047 3021 1120 angeli,
3049 1048 3362 1104 mandatum
3405 1049 3599 1116 tenuit,

1993 1141 2276 1197 oraculum
2307 1141 2572 1211 implevit.
2609 1140 2721 1196 Nec
2767 1150 2949 1195 tamen
2984 1154 3141 1210 passa
3171 1141 3289 1196 sine
3315 1142 3432 1196 viro
3457 1142 3599 1197 scire

1994 1233 2079 1289 vel
2107 1233 2407 1289 divinitatis
2433 1243 2730 1301 secretum,
2751 1231 3048 1288 insinuavit
3070 1234 3265 1289 marito
3287 1236 3460 1290 visum
3490 1233 3595 1290 sibi

1993 1327 2271 1383 hominem
2303 1328 2420 1394 Dei,
2449 1328 2713 1399 praeclara
2739 1329 2946 1400 specie,
2968 1328 3162 1384 futurae
3185 1327 3392 1384 sobolis
3419 1327 3602 1383 feren-

1995 1432 2104 1480 tem
2149 1423 2368 1479 oracula
2395 1440 2407 1476 :
2433 1438 2539 1494 qua
2568 1423 2962 1494 pollicitatione
3009 1437 3134 1479 sese
3181 1421 3440 1478 fidentem
3471 1437 3598 1478 cum

1995 1517 2227 1588 conjuge
2276 1516 2436 1572 fidem
2483 1517 2878 1588 promissorum
2916 1516 3221 1573 ctelestium
3250 1517 3601 1588 participare.

1995 1609 2151 1679 Quod
2183 1609 2272 1665 ubi
2301 1609 2609 1680 comperit,
2644 1610 2733 1680 pie
2777 1609 2948 1665 Deum
2994 1617 3248 1679 precatus
3295 1609 3514 1677 oravit;
3547 1619 3604 1667 ut

1995 1703 2101 1759 sibi
2128 1718 2345 1774 quoque
2383 1703 2614 1759 visionis
2641 1703 2760 1774 ejus
2788 1703 2961 1774 gratia
2992 1703 3345 1771 tribueretur,
3375 1702 3600 1761 dicens:

275 1802 524 1859 rationis
575 1811 631 1858 et
679 1802 804 1856 vita:
850 1800 1017 1856 totius
1071 1799 1268 1855 seriem
1318 1797 1584 1854 historico
1634 1796 1896 1868 digestam
1927 1801 1978 1862 B
2003 1796 2085 1852 Ad
2113 1814 2211 1864 me,
2246 1796 2490 1860 Domine,
2516 1798 2730 1868 angelus
2759 1797 2930 1852 veniat
2956 1805 3098 1852 tuus.

274 1896 431 1968 stylo
473 1894 857 1949 cnarrabimus
901 1892 1206 1949 secundum
1253 1892 1395 1948 sacri
1440 1891 1563 1946 libri
1610 1891 1898 1946 continen-

277 1989 443 2055 tiam,
477 2004 602 2060 qua:
631 1988 684 2044 in
709 1987 856 2044 hunc
883 1997 968 2044 est
995 1988 1235 2056 modum,
1267 2001 1374 2043 non
1407 1986 1697 2042 verborum
1729 1988 1892 2050 serie,

271 2081 374 2136 sed
402 2096 601 2138 sensu.

347 2174 406 2230 9.
456 2174 662 2228 Multos
691 2189 788 2244 per
813 2189 987 2230 annos
1033 2173 1386 2231 Hebraeorum
1417 2173 1672 2244 populum
1713 2172 1900 2228 subdi-

270 2275 390 2321 tum
421 2265 704 2320 Palaestini
731 2281 796 2322 ac
817 2267 1122 2336 subjectum
1153 2265 1454 2331 habebant;
1483 2267 1738 2336 quoniam
1773 2264 1896 2320 fidei

269 2360 705 2433 przcrogativam
738 2360 1033 2426 amiserat,
1059 2376 1161 2432 qua
1194 2360 1474 2415 victoriam
1510 2369 1689 2430 patres
1716 2358 1897 2428 adepti

269 2454 454 2510 fuere.
519 2452 640 2508 Non
670 2453 890 2524 penitus
934 2461 1112 2508 tamen
1163 2452 1518 2508 interciderat
1547 2453 1759 2523 insigne
1781 2451 1897 2507 ele-

266 2549 480 2603 ctionis
493 2546 646 2616 apud
666 2555 944 2603 auctorem
960 2561 1138 2610 suum.
1155 2556 1209 2602 et
1233 2546 1505 2601 funiculus
1523 2544 1891 2600 bzereditatis:

266 2643 369 2698 sed
401 2643 538 2714 quia
576 2655 760 2696 rerum
785 2641 1146 2696 secundarum
1178 2639 1464 2695 insolentia
1494 2653 1640 2708 saepe
1665 2637 1892 2693 extolle—

265 2734 499 2802 bantur,
528 2732 702 2789 dabat
730 2747 827 2788 eos
854 2733 1172 2803 plerumque
1200 2733 1254 2787 in
1280 2740 1603 2804 potestatem
1632 2731 1891 2797 hostium,

262 2836 328 2882 ut
353 2841 525 2882 more
557 2825 766 2896 ingenii
798 2826 1018 2880 humani
1045 2825 1346 2881 remedium
1371 2826 1638 2882 malorum
1661 2825 1729 2881 de
1754 2825 1895 2882 ctelo

258 2921 373 2978 sibi
409 2929 757 2991 quaererent.
789 2920 941 2975 'l‘unc
976 2923 1122 2976 enim
1151 2922 1265 2977 Deo
1292 2922 1491 2977 subditi
1531 2936 1740 2989 sumus,
1769 2936 1892 2977 cum

258 3015 528 3072 adversis
563 3014 845 3086 aliquibus
883 3030 1142 3086 urgemur
1182 3033 1195 3070 :
1232 3016 1485 3072 secunda:
1522 3031 1612 3072 res
1652 3023 1892 3072 mentem

258 3111 569 3167 extollunt.
627 3109 784 3177 Quod
830 3125 952 3166 cum
993 3111 1130 3166 alias
1175 3125 1276 3166 usu
1321 3111 1610 3182 probatum
1655 3114 1744 3177 sit,
1781 3120 1892 3167 tum

256 3205 517 3261 maxime
562 3206 622 3261 in
672 3221 738 3262 ea
785 3221 970 3262 rerum
1011 3208 1406 3272 conversione,
1433 3221 1540 3277 qua
1588 3221 1780 3262 rursus
1824 3206 1889 3262 ad
1921 3183 1966 3246 (ἶ

256 3297 544 3356 Hebraeos
574 3317 606 3356 a
641 3302 944 3358 Palazstinis
980 3317 1134 3358 versa
1166 3303 1285 3358 vice
1308 3317 1403 3358 res
1429 3311 1670 3357 mutatae.

282 3434 304 3442 .-
331 3395 431 3450 10.
479 3393 738 3465 Namque
775 3410 897 3450 cum
943 3395 1198 3451 diuturna
1242 3395 1436 3467 injuria
1491 3396 1668 3466 longa:
1713 3396 1895 3467 subje-

249 3486 468 3542 ctionis
496 3487 577 3542 ita
611 3497 801 3543 essent
822 3489 1080 3558 depressa
1097 3488 1452 3544 Hebraiorum
1469 3487 1634 3560 845
1648 3497 1891 3560 pectora,

247 3587 312 3634 ut
360 3581 562 3636 nullus
594 3579 744 3636 virili
775 3581 993 3651 ingenio
1023 3581 1089 3636 ad
1119 3582 1425 3637 libertatem
1456 3582 1668 3636 animos
1699 3581 1896 3637 tollere

247 3672 524 3740 auderet,
559 3682 724 3729 ortus
765 3682 851 3728 est
895 3674 1002 3728 illis
1034 3674 1264 3730 Samson
1289 3674 1476 3730 divino
1505 3674 1730 3730 oraculo
1757 3690 1896 3745 prae-

241 3764 613 3832 destinatus,
643 3779 872 3834 magnus
892 3767 999 3832 vir,
1020 3781 1120 3820 nec
1146 3765 1198 3820 in
1229 3766 1477 3836 pluribus
1503 3763 1890 3836 numerandus,

243 3859 348 3916 sed
400 3861 459 3914 in
517 3859 723 3930 paucis
769 3860 1297 3929 praestantissimus,
1327 3869 1383 3916 et
1426 3859 1570 3930 quod
1619 3861 1739 3915 sine
1787 3860 1894 3916 ulla

239 3952 670 4010 controversia
729 3951 839 4018 sit,
891 3952 1099 4008 viribus
1152 3954 1398 4022 corporis
1446 3953 1691 4008 omnium
1739 3951 1896 4008 facile

239 4049 498 4120 primus.
555 4046 757 4116 quue
797 4045 1002 4116 ingenti
1049 4045 1410 4102 admiratione
1448 4045 1603 4102 nobis
1645 4055 1894 4116 spectan-

234 4142 348 4197 dus
379 4157 412 4195 a
451 4138 770 4213 principio,
803 4153 912 4194 non
938 4139 1027 4193 illa
1055 4154 1178 4210 qua:
1207 4140 1581 4209 temperantiae
1603 4149 1658 4194 et
1687 4139 1896 4194 sobrie-

236 4234 382 4290 tatis
411 4234 544 4305 jam
607 4231 738 4288 inde
769 4240 795 4269 α
826 4246 854 4284 a
888 4231 1119 4302 pueritia
1149 4232 1259 4287 vini
1292 4230 1892 4297 abstentiusprzeclara

229 4329 498 4400 insignia
531 4325 722 4390 dedit,
753 4340 855 4380 nec
886 4325 974 4380 illa
1005 4341 1126 4396 quae
1157 4328 1374 4381 intonso
1400 4327 1576 4396 capite
1606 4325 1894 4380 Nazarzcus

228 4439 408 4481 sacra
468 4422 579 4477 diu
631 4421 876 4475 servavit
927 4419 1172 4475 custodia
1218 4439 1232 4476 :
1274 4420 1369 4475 sed
1400 4421 1472 4476 ab
1501 4419 1892 4486 adolescentia,

2075 1890 2166 1945 12.
2206 1889 2360 1947 Unde
2404 1904 2504 1961 ego
2551 1890 2808 1956 arbitror,
2856 1904 2962 1944 non
3005 1890 3126 1946 zelo
3165 1889 3451 1958 mulieris,
3480 1905 3604 1962 quae

2000 1994 2147 2041 esset
2175 1983 2493 2054 spectabilis
2523 1981 2943 2054 pulchritudinis
2964 2024 2980 2048 ,
3025 1983 3229 2055 aliquid
3261 1998 3384 2039 eum
3415 1998 3608 2054 suspe-

1998 2088 2145 2134 ctum
2179 2078 2456 2143 habuisse,
2490 2088 2512 2116 ο
2546 2085 2605 2132 ιιι
2651 2077 2870 2148 quidam
2908 2076 3241 2132 existimavit
3267 2095 3281 2133 :
3305 2075 3402 2133 sed
3435 2078 3607 2149 magis

2000 2173 2202 2228 divinae
2249 2173 2368 2227 zelo
2415 2172 2607 2243 gratia:
2651 2181 3009 2243 provocatum
3036 2214 3051 2238 ,
3083 2183 3415 2244 conspectus
3463 2174 3608 2230 sacri

1999 2267 2242 2322 voluisse
2301 2266 2619 2336 participari
2682 2281 2930 2321 munere.
2994 2265 3182 2338 Neque
3241 2267 3388 2324 enim
3456 2267 3608 2324 vitiis

1999 2359 2167 2415 animi
2209 2373 2374 2430 prave
2415 2358 2642 2414 alfectus
2666 2401 2681 2425 ,
2715 2367 2917 2414 tantam
2949 2360 3095 2430 apud
3124 2361 3414 2416 Dominum
3446 2363 3605 2418 iuve-

1999 2455 2168 2509 nisset
2194 2454 2426 2525 gratiam
2450 2493 2466 2519 ,
2499 2461 2558 2507 ut
2581 2453 2810 2524 angelus
2843 2453 2896 2508 in
2939 2453 3058 2524 ejus
3097 2453 3320 2510 domum
3352 2467 3596 2513 reverte-

1999 2556 2150 2604 retur
2174 2565 2188 2602 :
2213 2548 2302 2617 qui
2329 2547 2550 2602 monitis
2573 2547 2636 2602 iis
2660 2562 2781 2618 quae
2804 2563 2933 2602 usus
2955 2547 3158 2603 oraculi
3187 2549 3600 2619 postulavisset,

1997 2643 2181 2699 subito
2227 2643 2460 2697 ﬂammae
2516 2641 2860 2697 vehementis
2911 2642 3158 2698 elevatus
3203 2643 3428 2714 specie,
3477 2657 3605 2699 sese

1997 2738 2223 2808 recepit.
2255 2736 2311 2792 Id
2344 2736 2758 2792 formidolosum
2791 2736 2909 2790 viro
2933 2778 2946 2801 ,
2982 2735 3181 2791 mulier
3210 2736 3486 2792 salubrius
3517 2739 3602 2792 in-

1999 2838 2321 2900 terpretata,
2349 2831 2401 2883 in
2434 2827 2688 2899 gaudium
2725 2828 2926 2892 vertit,
2957 2835 3120 2899 atque
3160 2826 3366 2883 ademit
3392 2827 3599 2884 sollici-

1997 2923 2280 2988 tudinem;
2309 2936 2377 2978 eo
2421 2922 2564 2993 quod
2615 2936 2998 2992 prosperorum
3050 2921 3346 2988 indicium,
3371 2935 3480 2977 non
3510 2922 3598 2978 ad-

1997 3018 2328 3074 versantium
2356 3017 2429 3072 sit
2455 3016 2630 3072 visere
2660 3015 2852 3071 Deum.

2072 3113 2159 3168 15.
2199 3109 2428 3166 Talibus
2457 3126 2487 3166 e
2518 3109 2660 3166 cmlo
2705 3108 3123 3165 commendatus
3166 3107 3470 3179 insignibus
3511 3107 3602 3164 ubi

1998 3209 2230 3281 primum
2279 3205 2842 3276 adolevit,conjugio
2885 3213 3126 3260 mentem
3178 3203 3434 3268 intendit,
3484 3203 3601 3258 sive

1996 3301 2141 3373 quod
2173 3315 2364 3371 vagam
2402 3315 2467 3355 ac
2497 3298 2820 3354 familiarem
2865 3295 3291 3352 adolescentulis
3335 3295 3600 3350 abhorre-

1997 3402 2083 3450 ret
2131 3393 2313 3448 animo
2363 3391 2588 3447 lubrica:
2640 3389 2881 3445 libidinis
2927 3381 3379 3444 consuetudinem
3427 3405 3440 3441 :
3485 3388 3600 3443 sive

1997 3488 2121 3559 quia
2148 3487 2260 3557 jam
2309 3500 2471 3541 causa
2502 3483 2851 3555 quaerebatur
2878 3525 2892 3550 ,
2919 3481 3378 3552 quemadmodum
3411 3497 3442 3536 a
3471 3497 3597 3537 cer-

1997 3579 2205 3636 vicibus
2237 3577 2411 3649 plebis
2461 3593 2576 3632 suze
2623 3585 2894 3631 averteret
2939 3576 3354 3631 Palaestinorum
3406 3585 3600 3646 poten-

1998 3673 2150 3740 tiam,
2180 3671 2422 3742 duraque
2451 3670 2698 3741 imperia.
2747 3669 2986 3740 Pergens
3035 3669 3220 3738 itaque
3253 3667 3457 3740 (Judic.
3483 3683 3598 3734 xtv,

2000 3766 2024 3820 1
2061 3775 2109 3821 et
2133 3763 2263 3836 seq.)
2297 3766 2348 3818 in
2380 3762 2736 3816 Thamnatam
2763 3761 2907 3826 (urbi
2937 3761 3040 3815 hoc
3071 3775 3271 3817 nomen
3295 3767 3381 3815 est
3407 3759 3461 3815 in
3493 3759 3600 3814 illis

1999 3860 2188 3926 posita:
2220 3857 2373 3922 locis,
2398 3872 2519 3927 qua:
2546 3865 2673 3910 tunc
2703 3854 2963 3924 temporis
2995 3853 3411 3908 Palaestinorum
3440 3853 3596 3908 inco-

1999 3951 2066 4007 lis
2098 3947 2599 4022 frequentabatur),
2633 3947 2898 4019 virginem
2946 3945 3114 4018 846
3159 3946 3409 4015 aspexit,
3445 3955 3596 4016 grata

1997 4046 2201 4116 specie,
2224 4054 2280 4100 ct
2300 4043 2450 4099 vultu
2473 4042 2694 4104 decoro,
2720 4050 2775 4096 et
2797 4049 3050 4110 parentes
3072 4039 3341 4109 proprios,
3366 4054 3596 4110 quorum

1998 4140 2258 4195 comitatu
2290 4137 2450 4192 lultus
2489 4135 2868 4208 gradiebatur,
2897 4135 3078 4189 oravit
3105 4144 3163 4188 ut
3185 4147 3304 4188 eam
3332 4133 3384 4188 in
3412 4134 3598 4204 conju-

1997 4235 2144 4300 gium
2175 4231 2276 4286 sibi
2309 4237 2622 4300 poscerent.
2657 4226 2856 4282 Verum
2893 4226 2971 4281 illi
3016 4224 3332 4294 ignorantes
3362 4225 3505 4296 quod
3534 4241 3600 4282 eo

2000 4326 2232 4382 intentio
2276 4332 2561 4396 vergeret,
2592 4332 2650 4377 ut
2688 4321 2993 4378 Palaestinis
3032 4329 3130 4376 aut
3163 4321 3484 4392 negantibus
3521 4321 3602 4376 in-

2001 4419 2188 4476 festior
2216 4419 2378 4485 foret,
2406 4425 2501 4472 aut
2529 4415 3024 4487 acquiescentibus,
3053 4413 3278 4470 affectus
3307 4415 3602 4470 inferendae

225 4534 366 4590 qua:
399 4517 460 4573 in
495 4515 642 4572 aliis
665 4523 798 4569 aetas
821 4513 1053 4580 mollior,
1073 4514 1129 4568 in
1156 4513 1260 4570 hoc
1285 4515 1524 4584 egregia,
1547 4523 1708 4585 atque
1729 4513 1890 4585 'supra
1914 4585 1950 4590 ὴ
1970 4566 1977 4588 ,
2000 4515 2052 4569 in
2079 4514 2330 4570 subditos
2355 4511 2569 4582 injuria:
2589 4510 2901 4566 demeretur
2925 4525 2940 4575 ;
2968 4523 3092 4564 cum
3117 4523 3181 4564 ex
3211 4507 3600 4579 conjunctione

228 4585 576 4669 humanum
636 4608 858 4664 modum
901 4608 1156 4678 perfecta:
1185 4608 1397 4663 virtutis
1443 4608 1708 4679 stupenda
1756 4609 1888 4665 faci—
1914 4585 1975 4646 ἶ).
1993 4607 2276 4678 aequalitas
2306 4621 2424 4676 par,
2457 4613 2513 4661 et
2538 4605 2710 4675 gratia
2760 4602 3024 4659 consortii
3066 4602 3190 4672 jure
3235 4611 3596 4669 accresceret,

223 4721 375 4763 nora
407 4701 868 4772 effecitzquibus
890 4701 1062 4756 divini
1083 4701 1286 4756 oraculi
1310 4716 1434 4756 mox
1457 4702 1670 4770 aperuit
1698 4701 1884 4770 fidem,

221 4800 389 4873 quod
437 4814 566 4855 non
615 4795 989 4868 perfunctorie
1031 4805 1178 4850 tanta
1219 4811 1341 4851 eum
1383 4797 1648 4851 anteisset
1675 4798 1882 4867 gratia;

221 4904 286 4952 nt
321 4889 734 4951 descenderet
763 4890 1008 4962 angelus,
1042 4904 1140 4961 per
1165 4903 1326 4961 quem
1359 4897 1510 4944 ortus
1536 4889 1653 4960 ejus
1684 4899 1886 4961 praeter

215 5056 854 5136 cujusdam_sacri.t_egii
895 5057 1060 5111 instar
1096 5064 1194 5136 est,
1237 5055 1282 5109 si
1321 5054 1439 5136 alia
1480 5055 1890 5136 transgressione

213 5125 496 5190 viélemr.
532 5125 922 5183 Tertullianus
949 5136 1130 5182 autem
1164 5125 1527 5181 benedictiuni
1557 5125 1886 5179 oblationem

207 5205 421 5278 jungit
445 5214 620 5278 :_ncc
650 5213 780 5278 sane
808 5199 1173 5278 mirumLcum
1207 5197 1346 5266 apud
1380 5197 1668 5278 plerosque
1694 5197 1885 5250 inlide-

208 5268 308 5336 les
330 5268 707 5342 coniugium
737 5271 856 5326 sine
881 5270 1150 5342 sacrificio
1180 5284 1287 5324 non
1318 5268 1709 5342 celebraretur.

296 5359 329 5387 ⁸
378 5338 572 5403 Εὗίιῖ
609 5353 670 5395 et
711 5356 842 5396 mss.
891 5340 1178 5406 nonnulli,
1226 5358 1258 5394 a
1305 5339 1526 5410 pueritia
1573 5340 1679 5392 uini
1722 5338 1884 5393 absti-

210 5438 386 5477 nens.

294 5492 327 5532 ιι
381 5488 558 5545 Edit.
598 5498 822 5547 omnes,
863 5483 1028 5555 futuri
1056 5485 1281 5554 regimen
1309 5527 1322 5550 ,
1353 5496 1485 5537 mss.
1515 5497 1547 5537 e
1573 5481 1882 5555 contrario,

207 5571 498 5639 futurum
524 5556 812 5639 regimen;
843 5552 886 5610 si
910 5569 1087 5638 tamen
1112 5552 1275 5610 unum
1296 5557 1600 5639 alterumve
1621 5552 1883 5639 excipias,

208 5623 316 5692 ilbi
362 5623 671 5688 habent}.
702 5626 906 5695 futurus
934 5627 1178 5695 regimen,
1214 5628 1308 5681 sed
1356 5627 1671 5690 incongrue.
1717 5623 1888 5678 Porro

255 5706 381 5763 nod
413 5697 776 5766 Palaestinos
804 5696 1062 5766 appellat,
1098 5713 1233 5766 quos
1259 5697 1405 5766 LXX
1433 5707 1487 5751 et
1517 5696 1671 5766 vulg.
1708 5695 1888 5766 versio

255 5727 381 5763 Ιιοα
413 5727 775 5756 I'usw-Mmua
804 5727 1062 5766 appellat,
1098 5727 1233 5766 quva
1259 5727 1402 5753 hAA
1433 5727 1487 5751 cs
1529 5727 1671 5765 γωδ.
1713 5727 1888 5750 γυιδιυ

203 5727 436 5838 {licunt
465 5761 809 5838 Philistiim;
825 5767 878 5822 in
901 5782 966 5824 eo
980 5769 1232 5838 pequituv
1244 5782 1372 5824 non
1384 5765 1680 5838 losepbum
1695 5764 1888 5838 modo,

204 5830 436 5907 Fel-um
496 5830 929 5900 etismrteiwm
980 5830 1316 5904 hetiraicum,
1349 5835 1434 5895 cui
1471 5830 1647 5896 vet-sio
1674 5830 1891 5908 quoque

1993 4713 2086 4759 aut
2123 4703 2168 4756 si
2209 4701 2338 4773 quid
2385 4700 2652 4756 on‘ensum
2689 4707 2866 4764 esset,
2899 4697 3115 4768 longius
3157 4697 3379 4752 ultionis
3417 4696 3595 4752 studia

1996 4797 2396 4868 procederent,
2429 4795 2581 4864 quasi
2614 4793 2979 4863 alienigenam
3031 4789 3412 4846 declinandam
3460 4788 3599 4844 arbi-

1994 4890 2299 4946 trabantur.
2345 4885 2452 4943 Sed
2485 4885 2574 4941 ubi
2623 4884 2844 4941 ﬂectere
2870 4885 3112 4939 animum
3145 4883 3388 4955 pignoris
3415 4879 3597 4950 legiti-

1995 5049 2212 5124 Syriaca
2238 5045 2545 5124 et_‘_\rabi_ca
2573 5045 2942 5124 consentiunt.

2073 5135 2094 5161 ο
2118 5120 2236 5176 Non
2267 5119 2408 5173 alius
2429 5117 2514 5171 his
2541 5117 2722 5170 verbis
2743 5117 3057 5187 designatur
3079 5128 3262 5187 qua_m_
3279 5109 3593 5187 Iosephus;

1995 5194 2042 5248 is
2071 5193 2216 5250 enim
2251 5191 2346 5245 lib.
2382 5206 2411 5242 v
2442 5188 2626 5257 Antiq.
2661 5203 2783 5258 cap.
2820 5184 2910 5252 10,
2953 5186 3043 5241 ubi
3093 5184 3596 5258 eximiani_tnatris

1995 5266 2190 5320 futura:
2217 5262 2500 5317 Samsonis
2527 5253 2758 5314 formant
2785 5259 3122 5330 pra-dicavit,
3145 5270 3248 5330 non
3278 5253 3450 5309 multo
3473 5265 3597 5324 post

1992 5335 2269 5405 subiungit
2297 5351 2309 5388 :
2339 5331 2398 5393 ἧν
2419 5331 2473 5388 δὲ
2493 5332 2580 5405 καὶ
2599 5328 2852 5404 μανιώδὴς
2872 5331 2962 5385 ὑπ’
2984 5328 3172 5405 ἔρωτος
3195 5328 3278 5381 ἐπὶ
3296 5335 3359 5399 τῇ
3396 5329 3594 5405 γυναικὶ

1991 5413 2072 5464 καὶ
2094 5397 2357 5464 διὰἷτοῦτο
2388 5397 2669 5479 ζηλὸτῃτὲος
2700 5406 2952 5479 ἄκρας-ὠς..
2990 5397 3065 5455 Ac
3089 5400 3306 5479 demum
3336 5397 3594 5479 ptis-tufa-

1991 5492 2134 5535 ctam
2185 5478 2374 5546 primre
2398 5467 2580 5544 angeli
2613 5467 2976 5546 apparitionis
3011 5471 3342 5546 mentionem
3371 5467 3545 5546 addit
3578 5486 3590 5521 :

1991 5554 2022 5610 ἡ
2050 5551 2104 5607 δὲ
2129 5537 2309 5624 τᾶνδρὶ
2333 5537 2727 5624 ποφαῆενομέᾗξρ
2750 5546 2814 5599 τὰ
2842 5543 3102 5624 παρὲτοῦ
3125 5540 3340 5624 ἀγγέλῳ)
3363 5537 3592 5624 ἐὶεδιηγοᾴ-

1994 5645 2125 5679 σατο
2145 5664 2158 5683 ,
2191 5611 2708 5692 ἐκθαυμᾶζοῦσὼτοῦ
2731 5635 2786 5692 τε
2816 5615 2874 5692 ῖὸ
2903 5611 3080 5692 adpo;
3099 5653 3112 5676 ,
3152 5611 3210 5692 es
3247 5611 3486 5692 géyeeoc,
3510 5611 3593 5674 ’ὡς

1996 5682 2179 5748 ἐκεῖνόν
2201 5735 2216 5757 ,
2246 5695 2299 5746 ἐκ
2328 5682 2441 5746 issi
2472 5689 2690 5757 irruiva
2715 5687 2784 5757 si;
2813 5682 3044 5757 ἔκπληξιν
3071 5685 3209 5757 *κατὰ
3244 5682 3550 5757 ζηλοτυπίαν
3573 5724 3588 5748 ,

2002 5751 2331 5840 παριστῧναι,
2367 5761 2449 5816 tuti
2484 5753 2726 5813 ὑπόνοιαν
2755 5752 2846 5813 ἁμήν
2872 5754 2922 5807 ἐκ
2944 5751 3181 5810 τοιούτου
3208 5751 3403 5813 πάθους
3425 5756 3591 5808 κατα-νε

1999 5836 2166 5906 mm.
