3996 6292
335 280 442 341 (’89

1552 279 2044 348 EPISTOLABW
2079 279 2367 344 CLASSIS
2403 283 2446 342 1.

3539 288 3646 348 εοο

335 399 482 460 dium
506 439 522 464 ,
554 397 690 467 tradi
737 397 841 466 sibi
873 399 1272 470 designatorem
1302 399 1433 452 tanti
1475 396 1662 468 ﬂagitii
1696 395 1933 466 postula-
1959 399 2005 460 Λ
2035 395 2324 464 iacentem.
2357 397 2625 465 percussit
2655 396 2799 452 mille
2825 397 2995 462 viros,
3032 397 3235 468 fugavit
3266 398 3403 455 alios
3442 403 3642 472 grandi

334 501 546 562 verunt,
578 502 740 562 atque
767 495 838 548 ita
872 493 980 549 illis
1009 494 1148 563 quod
1190 492 1258 548 ab
1297 505 1362 546 eo
1387 493 1761 554 commissum,
1792 487 1933 542 futu-

333 599 453 638 rum
485 584 606 642 sine
635 600 775 638 noxa
806 595 974 642 esset.

402 678 491 732 9.0.
535 678 649 746 Qua
683 681 997 750 prrescripta
1029 677 1134 734 sibi
1161 677 1504 742 conditione,
1545 675 1648 731 viri
1675 675 1746 732 de
1787 675 1927 732 tribu

330 768 465 828 Juda
508 771 605 824 tria
648 770 818 826 millia
860 785 930 824 ex
973 771 1092 826 suis
1137 779 1530 840 congregantes
1565 767 1929 822 ascenderunt

329 863 396 918 ad
428 878 550 918 eum
575 904 590 930 ,
630 871 684 917 et
731 862 957 932 praelato
999 863 1141 933 quod
1172 875 1353 918 essent
1382 861 1646 918 subtlititii
1687 861 1929 916 Palaesti-

329 972 546 1023 norum,
574 955 772 1026 quibus
805 955 905 1010 sibi
936 957 1236 1011 necessitas
1263 954 1548 1010 obediendi
1581 969 1686 1008 non
1725 968 1792 1008 ex
1839 967 1927 1007 ar-

326 1048 526 1112 bitrio,
571 1048 665 1102 sed
713 1063 781 1102 ex
827 1048 1057 1116 periculi
1115 1046 1404 1103 formidine
1449 1056 1734 1111 maneret;
1799 1044 1924 1102 facti

325 1147 409 1202 sui
455 1145 710 1202 invidiam
753 1145 1139 1216 retorquebant
1179 1146 1230 1200 in
1267 1159 1402 1208 eos,
1433 1145 1523 1215 qui
1562 1143 1652 1213 jus
1697 1142 1923 1214 cogendi

327 1239 619 1294 habebant.
658 1239 793 1295 Tum
833 1239 964 1295 ille:
1008 1239 1073 1295 Et
1101 1253 1243 1310 quae,
1270 1237 1460 1307 inquit,
1485 1239 1710 1308 justitia:
1749 1236 1922 1292 forma

325 1342 431 1399 est,
461 1349 631 1402 genus
659 1333 1146 1390 Abrahamidarntn
1171 1373 1186 1397 ,
1216 1341 1273 1386 ut
1297 1331 1722 1400 circumscripta:
1750 1332 1922 1400 primo

323 1426 572 1496 conjugis
593 1467 606 1489 ,
635 1425 834 1482 deinde
863 1425 1108 1482 abducta:
1147 1425 1454 1496 perniciosa
1503 1425 1632 1480 mihi
1684 1423 1922 1480 vindicta

323 1517 427 1584 sit,
462 1529 518 1572 et
562 1518 683 1573 sine
725 1518 968 1586 periculo
1009 1516 1361 1574 domesticam
1410 1517 1658 1588 injuriam
1703 1533 1808 1574 non
1864 1518 1925 1572 Ii-

323 1612 498 1666 cuerit
525 1611 755 1668 ulcisci?
783 1611 1088 1668 Tantumne
1121 1611 1394 1668 inclinatis
1417 1613 1629 1667 animos
1653 1612 1718 1667 ad
1765 1621 1921 1683 turpe

323 1705 671 1760 vernularum
711 1703 1066 1774 obsequium;
1117 1715 1176 1758 ut
1213 1715 1563 1760 exsecutores
1594 1719 1688 1762 vos
1727 1705 1920 1761 aliena:

2041 489 2254 544 virtutis
2293 490 2646 560 spectaculo;
2678 505 2802 546 cum
2835 492 3028 546 inermi
3055 501 3109 546 et
3137 493 3225 547 oni
3257 494 3515 548 cederent
3551 510 3640 547 ar-

2035 591 2300 634 matorum
2329 583 2568 652 agmina.
2605 585 2669 638 Et
2699 586 2786 654 qui
2816 584 3067 640 cominus
3097 587 3211 640 ausi
3259 586 3471 640 fuerant
3507 601 3640 640 con-

2031 672 2206 741 gredi,
2241 674 2383 730 facili
2432 677 2674 746 negotio,
2703 677 2852 734 nullo
2893 678 3080 733 labore
3123 676 3474 742 obtruncati;
3515 679 3637 734 aliis

2031 764 2154 835 fuga
2199 768 2423 822 exitium
2468 770 2726 840 dempsit.
2764 771 2913 826 Unde
2961 768 3279 838 hodiequeb
3308 773 3462 840 Agon
3512 770 3633 826 loco

2026 857 2195 930 “9
2221 875 2417 915 nomen
2446 872 2559 927 est,
2587 862 2730 931 quod
2759 860 2832 916 ibi
2863 861 3087 918 Samson
3129 863 3429 932 gloriosum
3455 871 3630 916 carta-

2030 969 2152 1008 men
2177 964 2197 992 ε
2227 955 2424 1010 virtute
2449 958 2660 1026 egregia
2689 956 3176 1010 consummaverit.

2098 1045 2188 1098 25.
2231 1043 2340 1099 Sed
2382 1044 2582 1102 utinam
2625 1062 2785 1115 quam
2831 1046 2984 1102 fortis
3013 1047 3067 1100 in
3109 1045 3342 1111 hostem,
3373 1055 3484 1101 tam
3514 1061 3629 1102 mo-

2023 1135 2247 1196 deratus
2309 1139 2363 1192 in
2441 1140 2669 1195 victoria
2720 1139 2933 1196 fuisset.
3005 1140 3202 1196 Verum
3254 1139 3398 1208 quod
3468 1140 3626 1195 facile

2026 1244 2125 1286 usu
2169 1231 2331 1297 venit,
2365 1231 2606 1288 insolens
2645 1247 2828 1288 rerum
2851 1231 3209 1287 secundarum
3251 1233 3487 1298 animus,
3531 1233 3624 1299 qni

2025 1320 2214 1378 debuit
2252 1332 2505 1380 eventum
2571 1340 2760 1395 pugna:
2815 1324 2996 1378 divino
3047 1324 3215 1378 favori
3270 1334 3323 1378 et
3371 1323 3624 1394 praesidio

2024 1413 2272 1480 deferre,
2306 1414 2406 1472 sibi
2446 1419 2716 1484 arrogavit
2741 1458 2755 1482 ,
2788 1416 2980 1474 dicens
3009 1435 3043 1496 δε
3086 1415 3152 1469 In
3199 1418 3414 1474 otacilio
3460 1417 3625 1471 asina.-

2023 1510 2181 1568 delevi
2211 1511 2351 1566 mille
2372 1512 2524 1566 viros.
2553 1510 2665 1566 Nec
2687 1527 2836 1566 aram
2887 1513 3071 1566 Statuit
3108 1513 3214 1568 lteo
3256 1527 3354 1568 nec
3393 1512 3622 1566 hostiam

2023 1600 2323 1658 immolavit
2369 1620 2381 1656 :
2432 1603 2525 1658 sed
2561 1603 2844 1674 negligens
2872 1604 3141 1670 sacriﬁcii,
3175 1615 3482 1675 aSSlllltpltH'
3507 1605 3624 1672 glo-

2024 1696 2138 1758 riae,
2174 1705 2229 1750 ttt
2259 1695 2589 1766 triumphum
2631 1713 2786 1752 suum
2833 1708 3094 1767 perpetuo
3123 1705 3469 1752 consecraret
3523 1711 3619 1748 no-

322 1798 616 1872 prtebeatis
658 1797 986 1864 insolentiae,
1013 1807 1174 1866 atque
1206 1800 1256 1852 in
1286 1809 1495 1856 vosmet
1524 1800 1667 1870 ipsos
1694 1799 1917 1856 vertatis
1947 1797 1995 1858 B
2024 1789 2191 1854 ῐηίηθ,
2221 1790 2434 1846 νυειινὶι
2466 1790 2640 1844 locum
2673 1789 2902 1844 “nillil?
2934 1789 3389 1844 ἱιιιρτίοειίοηειη-

321 1891 562 1948 manus?
593 1891 650 1946 Si
680 1891 1014 1961 pereundum
1046 1904 1149 1962 est,
1184 1893 1310 1963 quia
1338 1891 1581 1948 dolorem
1611 1893 1768 1947 habui
1793 1893 1925 1948 lihe-

320 1997 482 2052 rum,
524 1985 675 2054 juvat
722 1984 901 2055 perire
947 1985 1193 2042 manibus
1240 1984 1924 2054 l’alaestinm'nm._Tentata

319 2080 556 2146 domus,
583 2078 873 2134 sollicitata
905 2093 1085 2134 uxor:
1129 2080 1172 2134 si
1222 2095 1329 2135 non
1377 2080 1526 2134 licuit
1571 2079 1703 2134 mihi
1746 2081 1924 2136 vivere

319 2168 438 2224 sine
481 2184 670 2224 eorum
713 2168 925 2232 fraude,
953 2169 1493 2234 saltetnliceatmori
1536 2171 1652 2228 sine
1676 2186 1920 2226 meorum

319 2261 548 2319 scelere.
585 2261 766 2320 Relnli
807 2277 910 2333 ego
953 2271 1230 2334 acceptant
1278 2261 1523 2332 injuriam
1547 2304 1561 2326 ,
1591 2279 1698 2326 non
1733 2264 1923 2317 intuli?

317 2351 427 2408 Vos
489 2355 754 2412 :rstimate
806 2371 875 2410 an
929 2354 1088 2426 digna
1134 2355 1449 2414 vicissitudo
1495 2355 1670 2411 fuerit.
1719 2355 1798 2410 Illi
1856 2356 1922 2412 de

316 2445 514 2504 damno
541 2445 813 2504 fructuum
854 2457 1183 2519 queruntur,
1227 2463 1328 2519 rgo
1366 2449 1432 2506 tie
1469 2449 1720 2520 conjugis
1759 2450 1923 2506 amis-

316 2541 470 2596 sione
505 2559 519 2596 :
566 2541 809 2598 conferte
839 2541 1144 2615 manipulos
1171 2544 1386 2606 messis,
1417 2555 1465 2598 et
1510 2545 1712 2602 sociam
1753 2543 1916 2599 tbori.

318 2633 576 2687 Dolorem
628 2650 808 2688 meum
840 2635 939 2704 ipsi
989 2637 1313 2704 probarunt,
1346 2637 1499 2706 cujus
1531 2638 1758 2705 injurias
1803 2639 1918 2696 vin-

315 2725 656 2798 dicaverunt.
698 2727 892 2786 Videte
933 2744 1039 2800 quo
1082 2744 1182 2785 vos
1242 2731 1542 2788 miniSterio
1587 2731 1780 2803 dignos
1825 2749 1922 2801 pn-

317 2830 450 2878 tant.
490 2819 534 2876 A
581 2821 734 2880 vobis
775 2837 901 2886 eum
945 2823 996 2878 in
1043 2830 1272 2878 mortem
1315 2823 1452 2881 allici
1495 2825 1714 2889 volunt,
1759 2841 1918 2894 quem

315 2917 416 2986 ipsi
446 2917 652 2972 ultione
679 2916 899 2988 dignum
946 2916 1015 2972 de
1060 2917 1152 2985 iis,
1181 2919 1271 2989 qui
1304 2919 1596 2980 laeserant.
1642 2918 1920 2990 judicare-

316 3019 477 3071 runt,
525 3019 580 3064 et
621 3009 711 3077 qui
759 3008 1011 3068 vindicta:
1064 3010 1343 3080 pra-bitere
1385 3011 1765 3066 ministerium.
1812 3012 1917 3068 Sed

314 3105 359 3162 si
409 3103 547 3162 adeo
591 3104 804 3160 subdita
847 3105 1102 3176 superbis
1146 3105 1284 3164 colla
1333 3107 1542 3176 geritis,
1593 3107 1790 3164 tradite
1833 3124 1918 3162 me

2095 1879 2185 1935 24.
2233 1880 2301 1934 Et
2345 1896 2465 1935 mox
2498 1881 2588 1935 siti
2635 1882 2876 1952 graviter
2926 1881 3094 1949 cmpit
3145 1881 3524 1945 inardescere,
3572 1888 3627 1933 et

2028 1984 2188 2052 potus
2227 1976 2450 2041 deerat,
2482 1991 2582 2032 nec
2627 1975 2738 2044 jam
2791 1975 2937 2030 ferre
2980 1991 3042 2030 ac
3107 1975 3340 2030 tolerare
3388 1983 3620 2042 poterat.

2030 2068 2181 2133 [nde
2211 2068 2514 2138 intelligens
2539 2067 2683 2140 quod
2712 2069 2843 2124 nihil
2876 2079 2981 2122 tam
3017 2067 3176 2122 facile
3203 2074 3349 2122 esset
3377 2064 3401 2102 δ
3436 2065 3625 2120 huma-

2027 2181 2109 2220 na:
2139 2167 2257 2238 opis
2277 2206 2290 2232 ,
2320 2164 2461 2236 quod
2513 2166 2633 2220 sine
2685 2165 2873 2228 divino
2903 2165 3218 2234 adjumento
3268 2179 3372 2218 non
3405 2162 3625 2218 difticile

2024 2259 2196 2330 foret,
2251 2263 2576 2328 exclamavit
2615 2273 2775 2333 atque
2821 2263 3164 2326 obsecravit,
3217 2277 3282 2315 ne
3327 2259 3432 2316 sibi
3485 2258 3626 2314 Dens

2023 2341 2371 2426 omnipotens
2402 2357 2454 2410 in
2488 2355 2749 2414 olleitsant
2784 2366 3042 2419 verteret,
3074 2354 3215 2424 quod
3253 2352 3626 2421 imprudenter

2023 2448 2238 2506 incauto
2284 2466 2537 2508 sermone
2582 2452 2684 2506 sibi
2731 2451 2932 2522 aliquid
2986 2451 3396 2520 assignavisset.
3449 2445 3624 2514 Quin-

2022 2544 2184 2600 etiam
2220 2544 2368 2598 illam
2393 2545 2676 2602 victoriam
2711 2544 2822 2600 Deo
2854 2543 3147 2613 deputabat
3175 2541 3399 2596 dicens:
3433 2537 3513 2594 Tu
3537 2538 3627 2592 dc-

2021 2635 2142 2690 disti
2173 2638 2226 2692 in
2272 2654 2429 2706 manu
2456 2639 2584 2712 servi
2609 2639 2684 2694 tui
2711 2639 2928 2693 salutem
2959 2653 3198 2706 magnam
3223 2636 3378 2698 hanc,
3413 2642 3460 2686 et
3491 2648 3625 2686 nunc

2021 2729 2285 2798 subvenit;
2313 2733 2434 2797 quia
2463 2749 2579 2788 ecce
2605 2734 2798 2786 morior
2823 2733 2930 2798 siti,
2961 2742 3006 2788 et
3037 2732 3090 2785 in
3119 2738 3418 2799 potestatem
3445 2742 3626 2781 eorum

2023 2822 2086 2877 de
2108 2824 2290 2894 quibus
2321 2835 2517 2879 tantum
2544 2826 2744 2880 donasti
2773 2823 3092 2892 triumphum
3118 2864 3132 2890 ,
3165 2824 3275 2876 sitis
3318 2821 3620 2875 necessitate

2023 2917 2319 2986 adjudicor.
2355 2920 2640 2984 Quomodo
2690 2919 2783 2972 Dei
2817 2916 3222 2979 misericordia,
3273 2931 3395 2970 cum
3447 2914 3627 2984 proje-

2022 3015 2186 3070 ci8set
2220 3013 2311 3070 ille
2343 3016 2622 3070 maxillam
2644 3056 2656 3079 ,
2687 3015 2901 3083 aperuit
2930 3012 3223 3068 scissuram
3253 3012 3392 3077 ejus.
3423 3020 3475 3062 et
3507 3011 3626 3064 fons

2024 3103 2200 3173 erupit
2245 3119 2310 3162 ex
2337 3120 2398 3160 ea
2424 3146 2440 3172 ,
2470 3116 2524 3160 et
2555 3106 2686 3160 bibit
2733 3106 2993 3169 Samson,
3028 3112 3083 3158 et
3131 3104 3424 3170 resumpsit
3469 3101 3627 3171 spiri-

319 3191 552 3247 hostium
599 3192 876 3256 manibus;
920 3206 1017 3250 vos
1051 3192 1214 3250 nolite
1241 3192 1508 3256 occidere.
1541 3185 1657 3250 Non
1688 3202 1916 3256 mortem
1944 3179 1987 3244 C
2026 3206 2134 3254 tum
2160 3237 2174 3262 ,
2209 3205 2265 3250 et
2311 3200 2526 3254 vocavit
2572 3201 2802 3252 locum"
2853 3197 3254 3251 invocationem
3307 3196 3508 3256 fontis,
3559 3209 3627 3250 eo

318 3288 540 3352 abnuo,
591 3298 614 3324 ⁸
645 3287 738 3344 sed
785 3297 1026 3356 vestrum
1078 3286 1218 3352 fugio
1264 3288 1592 3356 contagium.
1625 3287 1821 3344 Verum
1869 3289 1915 3348 si

316 3380 610 3436 formidine
639 3380 832 3442 ceditis
873 3379 1496 3451 insolentibu3,alligate
1537 3380 1765 3438 vinculis
1807 3395 1917 3436 nta-

317 3492 416 3532 nus‘
445 3493 460 3530 :
490 3477 725 3531 inermes
758 3476 905 3540 licet,
938 3475 1214 3532 invenient
1252 3474 1350 3534 sibi
1388 3490 1534 3530 arma
1579 3473 1732 3530 nodis
1772 3475 1918 3538 soln-

320 3577 409 3623 tze.
444 3567 608 3623 Certe
637 3567 932 3624 conditioni
963 3567 1229 3644 ilnpositte
1255 3567 1386 3624 satis
1414 3564 1650 3627 futurum
1674 3553 1925 3628 arbitrati

315 3671 461 3725 sunt,
490 3662 532 3715 si
565 3662 841 3720 viventem
871 3661 923 3724 in
966 3667 1287 3730 potestatem
1321 3659 1542 3715 daretis.
1807 3715 1822 3732 ι

384 3754 476 3810 21.
518 3753 720 3823 Quibus
749 3753 824 3808 illi
861 3753 1057 3810 auditis
1090 3751 1280 3825 (Ibid.,
1314 3753 1380 3808 15
1405 3763 1449 3807 ει
1480 3758 1639 3822 seq.),
1674 3753 1921 3824 quamvis

318 3847 415 3902 tria
448 3846 615 3902 millia
648 3847 881 3902 virorum
907 3847 1291 3910 ascenderant,
1317 3857 1719 3902 Sacramentum
1749 3847 1919 3904 dedc-

316 3947 442 3992 runt
478 3936 619 4005 quod
661 3952 689 3990 a
745 3951 804 3992 se
861 3937 986 3996 vitae
1049 3938 1169 4005 ejus
1229 3935 1310 3992 vis
1353 3937 1496 3996 nulla
1548 3939 1917 4008 irrogaretttr;

316 4031 687 4090 tantummodo
728 4032 940 4106 patiens
967 4031 1304 4094 vinculorum
1347 4042 1495 4087 esset
1521 4074 1534 4095 ,
1590 4043 1647 4088 ttt
1686 4033 1919 4096 deditio-

317 4139 439 4180 nem
468 4125 588 4194 ejus
625 4133 938 4196 patrarent,
979 4140 1086 4196 quo
1124 4125 1280 4180 vacui
1326 4125 1518 4180 tierent
1573 4126 1722 4196 ejus,
1768 4128 1923 4198 cujus

317 4217 699 4288 arguebantur,
736 4216 1021 4271 facinoris.

385 4311 473 4364 22.
519 4313 753 4380 Accepta
799 4311 981 4382 itaque
1012 4309 1148 4378 fide,
1181 4311 1380 4384 spelreo
1429 4328 1720 4384 egressus,
1768 4313 1926 4372 dese-

317 4404 429 4458 rnit
473 4413 637 4474 petra:
685 4405 1039 4460 munitionem
1092 4422 1104 4460 :
1155 4419 1218 4460 ac
1256 4404 1466 4461 duobus
1506 4405 1739 4484 innexus
1787 4409 1926 4464 funi-

320 4497 437 4563 bus,
468 4495 559 4552 ubi
603 4498 1037 4570 appropinquare
1061 4496 1262 4574 accitos
1285 4497 1350 4553 ad
1381 4501 1784 4572 suscipiendum
1817 4502 1915 4556 Pa-

2021 3289 2163 3359 quod
2189 3290 2427 3350 victorite
2447 3291 2762 3360 jactantiam
2782 3291 3138 3346 invocationis
3167 3290 3416 3357 precibus
3434 3303 3590 3342 einen
3609 3317 3623 3327 ο

2022 3382 2246 3438 dasset:
2282 3386 2352 3440 ita
2395 3385 2606 3440 diversa
2653 3385 2859 3454 judicia
2912 3394 3123 3440 mature
3171 3383 3312 3438 edita
3339 3425 3352 3448 ,
3384 3382 3529 3453 quod
3576 3391 3631 3436 et

2022 3479 2332 3543 arrogantia
2356 3477 2466 3532 cito
2493 3478 2757 3533 oﬂensam
2793 3479 3119 3540 incurreret.
3138 3487 3191 3532 ct
3221 3476 3496 3536 humilitas
3515 3475 3632 3531 sine

2023 3569 2130 3625 ulla
2161 3571 2462 3636 olfensione
2490 3589 2613 3638 sese
2642 3574 3043 3631 reconciliaret.

2103 3668 2194 3726 25.
2240 3667 2440 3724 Verqu
2487 3668 2575 3724 ubi
2623 3667 2850 3732 decursa
2884 3666 3030 3722 serie
3080 3667 3278 3722 bellum
3311 3665 3626 3722 Palatstino-

2025 3781 2146 3822 rum
2194 3763 2537 3832 composuit,
2569 3773 2623 3816 et
2653 3777 2876 3816 suorum
2926 3761 3210 3817 declinans
3239 3761 3506 3831 ignaviam
3531 3802 3545 3825 ,
3577 3770 3632 3824 et

2027 3857 2278 3912 hostilem
2325 3853 2633 3924 despiciens
2665 3869 2918 3918 manum,
2974 3853 3172 3908 Gazam
3205 3869 3330 3910 sese
3369 3853 3622 3906 contulit:

2026 3964 2087 4002 ea
2129 3948 2323 4008 civitas
2353 3957 2470 4004 erat
2504 3947 2554 4001 in
2604 3946 2738 4001 locis
2770 3945 3182 4000 Pola-Stinorum
3209 3986 3222 4009 ,
3254 3954 3307 3998 et
3355 3943 3633 3998 habitabat

2028 4042 2141 4096 illic
2191 4041 2242 4098 in
2293 4039 2619 4096 diversorio.
2659 4039 2814 4106 Quod
2864 4038 3142 4108 cognitum
3194 4035 3358 4091 Gazei
3407 4033 3627 4106 (Judir.

2027 4154 2137 4204 xvt,
2171 4138 2194 4193 l
2229 4146 2274 4192 et
2299 4136 2432 4206 seq.)
2478 4134 2896 4204 haudquaquam
2945 4131 3383 4186 dissimulatione
3434 4139 3631 4200 praete-

2029 4231 2331 4296 terierttnt,
2361 4228 2455 4284 sed
2489 4228 2812 4296 festinantes
2859 4224 3338 4282 circumdederunt
3386 4223 3628 4280 divorso-

2030 4326 2169 4382 rium
2197 4324 2317 4398 ejus
2337 4365 2352 4392 ,
2384 4332 2440 4386 et
2484 4321 2820 4386 obsederunt
2866 4321 3152 4376 universos
3183 4317 3363 4374 aditus
3392 4316 3586 4371 domus
3615 4359 3628 4383 ,

2031 4441 2098 4481 ne
2128 4424 2308 4496 fugam
2355 4423 2406 4492 in
2457 4430 2615 4490 nocte
2647 4428 3024 4491 componeret.
3060 4419 3244 4487 Itaque
3279 4417 3508 4473 Samson
3537 4431 3631 4470 co-

2030 4518 2179 4586 gnito
2209 4515 2334 4585 quid
2393 4525 2674 4583 pararetur
2707 4556 2722 4578 ,
2778 4512 3108 4585 compositas
3165 4511 3390 4566 insidias
3457 4510 3629 4564 noctis

320 4589 652 4644 Itestinorum
683 4589 888 4643 validos
927 4588 1094 4670 videt,
1141 4589 1420 4644 infremuit
1449 4593 1665 4662 spiritu,
1711 4604 1762 4650 et
1797 4595 1914 4650 titti-

2034 4581 2241 4666 ἶιεξίιίοἑ
2281 4581 2648 4678 pt'tevet'tcos,
2679 4581 2962 4662 columnas
2993 4605 3190 4659 domus
3222 4603 3474 4658 manibus
3502 4619 3621 4656 ant-

319 4698 470 4738 versa
500 4682 701 4753 dirupit
721 4683 966 4746 vincula;
999 4693 1157 4754 atque
1181 4685 1447 4754 arripiens
1474 4688 1746 4742 maxillam
1774 4691 1910 4745 asini

390 4817 692 4898 {Vestrum
717 4819 861 4891 fugio
902 4819 1216 4890 contagium.
1251 4819 1352 4874 hoc
1381 4820 1502 4878 loco
1533 4822 1602 4876 ita
1642 4824 1914 4898 interpre-

319 4891 562 4968 tandum,
597 4906 764 4968 caveo
796 4906 862 4946 ne
890 4907 983 4952 vos
1017 4907 1083 4948 ex
1117 4901 1290 4946 morte
1316 4907 1430 4946 mea
1456 4899 1762 4965 contagium
1791 4891 1916 4968 hec-

319 4965 424 5019 cati
456 4963 813 5018 contrahatis.

389 5033 416 5073 δ
451 5033 606 5092 Rom.
637 5037 795 5100 edit.,
832 5034 1028 5105 Siagon
1058 5034 1170 5087 loco
1211 5050 1396 5088 nomen
1425 5045 1520 5090 est.
1568 5077 1580 5090 .
1627 5078 1640 5090 .
1688 5077 1701 5092 .
1732 5041 1916 5098 virtute

319 5109 524 5178 egregia
549 5107 681 5160 asini
709 5104 1401 5178 maxillaconsummaverit.
1465 5105 1660 5164 Verum
1695 5115 1913 5172 tametsi

319 5175 374 5233 et
405 5175 458 5231 in
490 5179 659 5232 sacris
691 5178 900 5247 paginis
927 5188 980 5231 et
1009 5177 1148 5243 apud
1183 5175 1476 5245 Josephum
1497 5183 1650 5235 locus
1678 5182 1766 5236 ille
1795 5183 1911 5239 Μα-

317 5249 449 5304 xilla
477 5260 524 5304 et
571 5249 800 5304 Elevatio
848 5249 1074 5302 maxilla:
1117 5250 1416 5314 vocitatur,
1447 5262 1628 5306 tamen
1683 5269 1806 5307 cum
1859 5258 1910 5312 in

318 5322 572 5376 omnibus
602 5335 732 5376 mss.
761 5329 814 5375 et
845 5322 1013 5392 antiq.
1043 5319 1174 5374 edit.
1205 5319 1474 5392 scribatur
1499 5321 1667 5392 Agon,
1691 5335 1744 5380 et
1778 5343 1913 5382 nun-

319 5392 622 5458 cnpationis
651 5406 812 5445 causa
843 5390 1097 5446 reddatur
1118 5401 1397 5446 certamen
1427 5390 1629 5448 iliitletu
1653 5411 1911 5451 consum—

321 5473 548 5528 matum,
570 5462 843 5517 mentione
874 5462 1102 5516 asininzn
1133 5463 1366 5516 maxillae
1395 5467 1776 5531 prmtermissa.
1805 5486 1910 5523 non

321 5535 634 5588 dubitamus
661 5533 787 5601 quin
820 5542 999 5587 nostra
1035 5535 1192 5589 leCtio
1221 5535 1290 5586 sit
1331 5535 1496 5597 etiam
1527 5535 1908 5593 Ambrosiana.

322 5603 638 5699 Verisimile
665 5619 796 5699 ergo
821 5613 904 5694 est
934 5605 983 5658 in
1018 5605 1120 5699 illis
1157 5601 1379 5699 Iosephi
1427 5606 1604 5699 verbis
1627 5649 1640 5672 ,
1660 5609 1698 5699 ,ὁ
1719 5615 1914 5699 sul/5.9

321 5676 553 5753 καλεῖται
581 5681 670 5753 vini
699 5673 784 5753 διᾴ
822 5681 912 5753 τὴς)
955 5674 1224 5753 Σαμψῶνος
1265 5673 1601 5753 ᾁεξδραγαθίαγ
1652 5682 1732 5735 ἐπ’
1777 5673 1911 5740 αὖτῶ

357 5748 582 5817 ενομένην
601 5787 615 5808 ,
646 5741 989 5821 Ambrosium
1018 5741 1233 5821 'iégisse
1259 5741 1286 5806 ὅ
1313 5741 1469 5821 ’Ᾰγᾴἶγ
1509 5751 1736 5814 καλεῖται
1753 5794 1767 5815 ,
1801 5765 1908 5808 etc.

357 5769 615 5817 ενομενην,
646 5769 989 5802 Λιιιυι-υδιυιιι
1037 5769 1233 5816 legisse
1259 5771 1286 5806 ο
1328 5769 1469 5821 Λγῳῃ
1509 5769 1767 5815 καλειται,
1801 5769 1908 5808 etc.

321 5769 496 5873 Ἐστι-0
525 5817 667 5889 quod
699 5817 979 5886 subjicitur
1024 5819 1091 5874 de
1119 5819 1404 5875 Samsonis
1445 5824 1628 5875 animo
1654 5823 1710 5877 in'
1737 5824 1912 5879 victo-

2028 4700 2241 4770 plexus.
2275 4699 2556 4754 materiem
2607 4705 2774 4751 t0tam
2809 4706 2861 4750 et
2889 4697 3149 4750 culminis
3178 4695 3376 4749 molem
3410 4695 3625 4750 cervice

2020 4833 2100 4889 ria
2135 4849 2226 4889 sua
2255 4835 2418 4897 elato,
2454 4849 2552 4889 nec
2584 4849 2692 4889 non
2717 4833 2884 4888 divini
2914 4834 3164 4894 beneficii
3197 4835 3536 4898 immemore,
3570 4835 3621 4890 id

2020 4920 2086 4962 ex
2120 4906 2310 4960 eodem
2339 4905 2598 4960 historico
2629 4905 2856 4972 petitum
2887 4906 3002 4959 fuit.

2095 4989 2115 5015 ο
2145 4976 2302 5031 Rom.
2329 4979 2482 5043 edit.,
2515 4978 2701 5032 virtute
2730 4978 2952 5048 egregia,
2985 4977 3116 5032 asini
3139 4979 3354 5031 maxilla
3381 4991 3619 5030 consum-

2019 5050 2250 5102 moverit.

2089 5116 2115 5154 ιι
2150 5119 2222 5172 Ita
2255 5128 2362 5173 vet.
2394 5119 2522 5173 edit.
2556 5134 2620 5174 ac
2647 5133 2776 5173 mss.
2804 5135 3034 5182 omnes,
3079 5133 3185 5172 uno
3227 5126 3490 5185 excepto,
3529 5119 3618 5172 ttbi

2017 5190 2262 5252 habetur,
2295 5191 2524 5244 humano
2550 5191 2718 5260 operi,
2747 5191 2967 5246 minime
3001 5190 3143 5243 male
3173 5205 3186 5240 :
3223 5204 3271 5242 at
3301 5191 3456 5242 liom.
3483 5189 3612 5243 edit.

2017 5261 2346 5323 emendavit,
2379 5262 2620 5316 humanm
2651 5263 2756 5330 opi.
2792 5263 2987 5314 Verum
3022 5271 3200 5314 tamen
3232 5262 3474 5313 humanm
3505 5264 3618 5330 qpis

2020 5343 2168 5387 recte
2194 5338 2402 5388 servari
2439 5343 2633 5399 potest,
2667 5333 2827 5386 inodo
2857 5333 2932 5385 sit:
2961 5339 3330 5392 construatur,
3363 5331 3496 5385 nihil
3523 5331 3620 5384 1111-

2021 5419 2193 5460 manat
2239 5408 2384 5473 opis,
2420 5407 2469 5459 id
2501 5420 2619 5471 ρει,
2650 5404 3006 5459 humanarum
3047 5404 3273 5465 virium,
3308 5411 3418 5457 tam
3464 5402 3620 5458 facile

2019 5484 2186 5535 esset,
2210 5477 2352 5545 quod
2372 5517 2386 5540 ,
2414 5487 2522 5532 etc.

2095 5555 2116 5582 ε
2152 5543 2308 5600 Rom.
2343 5548 2476 5602 edit.
2505 5548 2644 5609 sola,
2671 5544 3009 5599 invorationis
3039 5543 3252 5612 fontem.
3281 5543 3431 5598 llunc
3459 5559 3620 5612 porro

2020 5632 2125 5668 non
2160 5635 2222 5670 ex
2257 5620 2368 5684 ipsa
2421 5619 2668 5679 maxilla,
2703 5618 2798 5670 sed
2829 5634 2858 5670 c
2887 5617 3055 5668 vicina
3093 5626 3239 5684 petra
3268 5618 3619 5672 scaturivissc

2021 5698 2210 5758 narrat
2239 5689 2528 5758 .losephns.

2099 5757 2116 5796 ί
2150 5760 2349 5816 Eadem
2377 5761 2509 5814 edit.
2544 5759 2727 5820 Rom.,
2762 5767 3090 5826 prrcvertms,
3123 5759 3262 5824 {ores
3294 5768 3458 5825 porta:
3488 5760 3629 5818 urbis

2025 5839 2070 5884 et
2099 5840 2338 5898 utrosque
2371 5839 2540 5899 postea
2571 5830 2807 5884 manibus
2837 5830 3108 5898 amplexus
3130 5873 3144 5895 ,
3177 5831 3436 5886 materiem
3467 5841 3626 5887 totum
