3996 6292
445 263 544 323 991

1791 262 2038 323 SANC'I‘I
2068 263 2391 325 AMBROSII

3605 272 3694 331 99?.

444 377 627 435 valida
649 376 987 443 sustentans,
1006 373 1063 431 in
1082 374 1347 432 verticem
1375 374 1580 431 montis
1593 375 1850 433 altissimi
1875 385 2050 434 trans-
2076 380 2128 442 Α
2154 379 2350 437 mulier
2397 379 2820 453 deploravisset,
2848 336 3124 456 indignam
3154 398 3217 441 se
3244 382 3479 443 habitam
3503 386 3693 461 dolens,

450 471 712 544 portavit,
741 471 833 542 qui
863 469 1186 527 imminebat
1218 469 1339 527 urbi
1368 467 1648 539 Chebron,
1679 484 1801 542 qua:
1830 471 2049 544 pupulis

453 568 699 625 Hebraeis
726 566 1089 624 incolebatur.

523 661 615 717 26.
655 658 766 717 Sed
789 675 915 717 eum
943 659 1121 717 libero
1149 668 1205 716 et
1229 673 1366 731 vago
1396 669 1547 716 motu
1580 658 2052 732 transgrederetur

452 770 563 812 non
611 756 789 812 solum
839 753 1076 826 regionis
1120 762 1385 825 paternm~
1412 753 1675 810 terminos
1702 795 1718 821 ,
1749 752 1847 810 sed
1886 753 2050 810 etiam

454 866 666 908 morum
700 849 937 914 limites.
984 859 1037 906 et
1069 850 1338 921 majorum
1371 849 1753 906 observatione
1802 847 2051 921 praescri-

347 976 351 981 ·
453 955 580 1020 ptos
603 988 619 1014 ,
649 960 771 1003 eam
802 944 908 1001 sibi
940 943 1134 1001 futura:
1184 959 1309 1000 mox
1357 942 1532 1000 cladis
1580 952 1789 1015 pestem
1822 944 2049 1002 invenit.

458 1039 705 1111 Namque
749 1053 942 1111 parum
994 1037 1099 1094 fida
1148 1045 1415 1108 expertus
1485 1037 1807 1109 alienigenas
1864 1038 2055 1093 uxoris

457 1134 631 1206 prima
661 1131 933 1188 connubia
958 1172 974 1197 ,
1003 1131 1096 1202 qui
1142 1129 1422 1188 debuisset
1466 1144 1661 1188 cavere
1708 1131 1793 1187 vel
1824 1138 2012 1202 postea
2036 1172 2053 1199 ,

458 1240 654 1284 rursus
701 1225 890 1282 Dalilae
919 1226 1164 1282 mulieris
1191 1224 1500 1282 fornicarize
1529 1225 1782 1297 copulam
1825 1238 1932 1280 non
1958 1223 2056 1282 de-

456 1320 711 1387 clinavit;
740 1327 945 1376 etcum
976 1334 1099 1375 eam
1127 1318 1384 1392 diligeret
1411 1320 1678 1391 impense,
1707 1318 1949 1374 tentandi
1996 1333 2059 1375 se

455 1427 682 1470 causam
706 1412 847 1469 dolis
875 1411 1166 1468 hostilibus
1196 1411 1467 1485 praestitit.
1502 1409 1877 1468 Ascendentes
1912 1410 2063 1467 enim

459 1505 739 1577 Palaestini
764 1505 936 1580 85o
962 1504 1031 1562 ad
1058 1519 1180 1562 eam
1199 1547 1215 1573 ,
1247 1504 1478 1577 polliciti
1506 1513 1636 1560 sunt
1661 1503 1949 1575 pecuniam
1977 1502 2062 1559 vi-

2149 473 2236 529 cui
2263 474 2640 532 comitteretur
2660 491 2919 534 arcanum
2945 477 3163 544 dilecti;
3192 488 3247 535 et
3272 477 3323 535 id
3348 480 3487 552 quod
3513 496 3601 554 pro
3620 500 3697 542 re-

2150 564 2393 623 rcmedio
2415 578 2707 639 quaereret,
2724 569 2791 626 ad
2815 569 3179 642 proditionem
3197 572 3486 642 suspectari
3502 573 3699 646 videret,

2151 658 2406 730 lacrymis
2453 660 2615 718 fidem
2659 663 2839 734 coegit
2870 678 2885 718 :
2912 662 3078 719 simul
3125 663 3252 734 quia
3281 664 3566 722 debebatur
3586 668 3702 724 invi-

2150 760 2254 806 ct:e
2279 750 2347 807 ad
2377 751 2429 807 id
2457 762 2671 825 tempus
2698 754 3031 811 fortitudinis
3056 756 3209 822 viro,
3239 764 3296 811 ut
3325 771 3603 815 aerumnam
3635 759 3704 817 in-

2151 842 2360 900 cideret
2379 886 2395 911 ,
2420 846 2638 903 saucius
2666 847 2838 903 animi
2868 856 3137 904 secretum
3168 848 3341 920 aperit
3365 867 3379 902 :
3406 851 3706 921 pretendere

2155 936 2209 991 in
2239 950 2300 992 se
2350 937 2602 994 virtutem
2631 938 2756 1007 Dei,
2786 947 2841 996 et
2870 954 2995 997 esse
3027 940 3258 996 Domino
3309 941 3703 1016 sanctificatum,

2153 1028 2451 1085 secundum
2481 1030 2603 1102 ejus
2645 1041 2977 1103 praeceptum
3006 1047 3219 1088 comam
3269 1047 3489 1104 pascere
3508 1077 3522 1101 ,
3545 1050 3652 1107 qua:
3669 1037 3707 1093 si

2155 1123 2553 1193 attonderetur,
2596 1124 2874 1183 desineret
2900 1126 3190 1183 Nazarzeus
3233 1141 3387 1197 esse,
3418 1137 3475 1185 et
3509 1130 3709 1202 propria:

2157 1215 2377 1272 virtutis
2427 1232 2584 1273 usum
2630 1219 2931 1276 amitteret.
2984 1219 3263 1276 Palaestini
3320 1234 3420 1292 per
3464 1222 3710 1281 mulierem

2158 1318 2439 1381 comperta
2486 1312 2797 1368 infirmitate
2825 1313 2962 1380 viri,
2991 1313 3219 1371 sceleris
3261 1316 3564 1373 mercedem
3607 1317 3711 1375 ade-

2160 1414 2321 1472 runt,
2349 1414 2411 1461 ut
2439 1406 2612 1477 pretio
2638 1407 2897 1475 obnoxia,
2927 1408 3115 1465 dolum
3145 1419 3407 1482 patraret.

2234 1500 2326 1556 30.
2366 1498 2439 1555 At
2466 1499 2557 1555 illa
2587 1500 2909 1557 meretriciis
2956 1501 3339 1561 delinimentis
3368 1504 3561 1561 fessum
3596 1520 3717 1563 amo-

457 1598 609 1656 ritim
638 1598 864 1655 daturos
909 1599 1059 1656 mille
1107 1609 1162 1656 et
1190 1609 1413 1657 centum
1461 1598 1753 1663 denarios,
1785 1597 1834 1655 si
1863 1598 2062 1670 prode-
2165 1592 2243 1649 ris
2270 1592 2327 1649 in
2372 1607 2625 1665 soporem
2670 1595 2966 1666 compulit,
2995 1605 3049 1652 et
3077 1604 3305 1655 tonsore
3328 1597 3593 1666 adhibito,
3619 1615 3717 1672 sep-

459 1701 547 1750 ret
588 1692 669 1749 eis
699 1697 754 1749 in
797 1706 907 1764 quo
946 1692 1041 1749 ille
1088 1691 1343 1749 fiduciam
1386 1692 1605 1749 virtutis
1651 1707 1766 1749 suae
1788 1692 2060 1749 constitu-
2166 1695 2275 1744 tem
2326 1688 2507 1744 crines
2548 1689 2742 1761 capitis
2786 1689 2907 1761 ejus
2950 1690 3167 1747 admota
3196 1692 3462 1750 novacula
3492 1694 3717 1761 abscidit,

460 1796 571 1844 tam
622 1786 849 1844 haberet
894 1805 908 1843 :
954 1801 1063 1860 quo
1107 1789 1357 1861 cognito,
1404 1785 1790 1844 circumveniri
1839 1796 1895 1843 et
1938 1785 2058 1858 capi
2089 1783 2531 1855 Beontinuoque
2562 1784 2835 1841 interdicti
2868 1785 3323 1857 praevaricatione
3351 1787 3493 1845 vires
3515 1790 3716 1845 minute.

462 1887 670 1951 posset.

534 1975 625 2030 27.
667 1975 737 2032 At
764 1974 854 2032 illa
877 1991 999 2047 quae
1048 1976 1219 2033 semel
1270 1990 1331 2033 se
1381 1975 1627 2048 pecuniae
1666 1977 2059 2047 prostituerat',

466 2065 658 2139 (Ibid.,
689 2067 723 2123 6
750 2075 799 2123 et
825 2066 989 2140 seq.),
1018 2076 1199 2125 astute
1244 2068 1380 2125 satis
1403 2076 1431 2106 ι
1459 2081 1516 2126 et
1537 2067 1735 2126 callide
1779 2069 1925 2125 inter
1961 2058 2062 2140 po-~

463 2160 585 2217 cula
615 2170 669 2217 et
699 2160 986 2218 illecebras
1016 2161 1220 2218 amoris
1240 2162 1397 2233 quasi
1422 2162 1702 2219 admirans
1727 2160 2064 2219 fortitudinis

462 2253 586 2322 ejus
616 2254 968 2310 eminentiam
991 2295 1007 2322 ,
1038 2270 1283 2326 quterere
1312 2255 1419 2311 hoc
1457 2257 1645 2329 capit,
1679 2270 1790 2328 quo
1844 2256 2063 2313 tandem

466 2363 669 2421 genere
718 2359 924 2405 tantum
976 2357 1262 2421 praestaret
1330 2350 1667 2422 reliquorum
1734 2350 2061 2416 virtutibus;

467 2442 629 2498 simul
656 2453 712 2498 et
738 2443 893 2515 quasi
925 2443 1120 2514 pavida
1150 2452 1315 2514 atque
1341 2442 1576 2499 sollicita
1606 2458 1772 2500 orare
1794 2484 1810 2510 ,
1843 2451 1903 2499 ut
1928 2442 2067 2499 dile-

465 2544 567 2592 cta:
610 2550 724 2592 suae
765 2538 1170 2607 committeret,
1199 2539 1290 2609 qui
1336 2552 1517 2595 nexus
1562 2539 1847 2595 astrictum
1872 2539 2067 2596 alienae

469 2631 723 2702 potestati
769 2631 1164 2689 substerneret.
1197 2632 1295 2688 llle
1338 2641 1520 2689 autem
1559 2631 1739 2690 adhuc
1765 2633 1983 2690 sobrius
2012 2641 2068 2690 et

472 2723 633 2780 fortis
658 2724 827 2779 animi
853 2724 1117 2782 adversus
1155 2725 1512 2782 delinimenta
1543 2727 1855 2784 meretricia
1880 2726 2066 2783 dolum

470 2815 599 2872 dolo
629 2817 847 2887 retulit,
881 2818 1070 2875 dicens
1102 2821 1224 2891 quia
1254 2821 1300 2876 si
1333 2821 1535 2878 vitibus
1562 2821 1864 2880 virentibus
1888 2822 2069 2880 adhuc

470 2918 526 2964 et
550 2925 656 2966 non
688 2910 857 2967 aridis
886 2910 1234 2984 alligaretur,
1269 2912 1588 2971 infirmitate
1613 2917 1881 2986 {corporis
1906 2915 2070 2973 adae-

470 3014 667 3076 quaret
712 3004 946 3062 aliorum
995 3006 1431 3063 similitudinem.
1477 3007 1596 3077 Quo
1645 3008 1921 3065 Palaestini
1970 3024 2070 3081 per

473 3098 702 3154 Dalilam
732 3099 837 3156 sibi
868 3110 1172 3171 comperto,
1201 3116 1325 3157 cum
1356 3101 1503 3158 vitea
1527 3102 1807 3173 soporanti
1838 3103 2071 3159 circum-

2164 1876 2408 1950 Denique
2435 1894 2501 1934 ex
2524 1893 2720 1935 somno
2742 1879 3057 1952 expergitus
3090 1897 3105 1935 :
3138 1879 3383 1949 Faciant,
3410 1882 3590 1955 inquit,
3618 1884 3719 1938 sicut

2164 1970 2327 2026 solea:
2342 1980 2392 2026 et
2419 1972 2675 2028 excutiam
2698 1988 2780 2028 me
2803 1989 2957 2047 super
2975 1974 3333 2042 adversarios;
3352 1974 3454 2032 sed
3478 1989 3574 2033 nec
3590 1976 3719 2032 animi

2165 2063 2250 2118 sui
2297 2064 2632 2123 alacritatem
2656 2109 2671 2134 ,
2704 2081 2806 2123 nec
2849 2068 3107 2124 virtutem
3156 2069 3429 2139 agnovit:
3460 2084 3557 2126 nec
3595 2069 3719 2141 vigor

2165 2166 2313 2226 erat,
2343 2160 2506 2235 851
2534 2176 2636 2218 nec
2665 2160 2839 2234 gratia
2869 2161 3143 2218 manebat.
3174 2163 3366 2233 itaque
3394 2172 3633 2234 reputans
3653 2178 3719 2219 se-

2166 2266 2292 2307 cum
2315 2249 2343 2290 d
2365 2253 2509 2324 quod
2537 2253 2837 2325 improvide
2874 2269 2934 2311 se
2960 2255 3289 2312 mulieribus
3325 2254 3653 2322 credidisset,
3676 2264 3719 2311 et

2167 2348 2305 2405 calvi
2332 2359 2485 2404 ratus
2525 2360 2737 2406 tentare
2764 2350 2995 2406 ulterius
3032 2349 3239 2423 aliquid
3272 2350 3575 2407 damnatum
3599 2349 3720 2406 infir-

2168 2444 2377 2501 mitatis
2403 2444 2634 2502 cteeitati
2677 2446 2889 2513 oculos,
2915 2445 3150 2501 vinculis
3178 2461 3379 2502 manus
3422 2444 3655 2517 prabuit,
3678 2452 3721 2500 et

2168 2537 2526 2609 compedibus
2567 2537 2800 2595 innexus
2848 2553 3127 2595 carcerem
3175 2537 3409 2596 intravit
3453 2539 3617 2596 multis
3637 2537 3719 2594 sibi

2169 2631 2502 2702 incognitum
2535 2631 2965 2703 tempestatibus.

2193 2718 2200 2725 ’
2241 2726 2331 2782 5i.
2373 2724 2443 2781 Et
2465 2725 2575 2797 jam
2607 2740 2866 2796 processu
2901 2727 3163 2796 temporis
3197 2726 3434 2799 (ludia,
3468 2741 3579 2794 xvi,
3604 2723 3664 2779 εξ
3687 2733 3724 2780 τι

2170 2822 2301 2891 seq.)
2329 2835 2580 2877 crescere
2606 2821 2658 2877 ei
2694 2836 2849 2878 coma
2877 2831 3118 2893 coeperat
3144 2822 3336 2896 itaque
3358 2837 3479 2879 cum
3503 2829 3630 2878 esset
3650 2834 3721 2875 ce-

2172 2914 2321 2971 lebre
2343 2914 2647 2970 convivium
2664 2958 2678 2981 ,
2703 2915 3111 2971 Palmstinornm
3134 2918 3437 2972 conventui
3460 2912 3724 2987 producitur

2171 3007 2241 3065 de
2266 3022 2486 3064 carcere
2509 3006 2738 3065 Samson
2756 3050 2772 3076 ,
2800 3023 2865 3064 ac
2884 3008 3142 3065 statuitur
3162 3009 3216 3064 in
3237 3007 3435 3080 populi
3454 3011 3722 3075 conspectu.

2175 3103 2339 3158 Erant
2367 3103 2470 3159 tria
2498 3103 2663 3159 millia
2692 3101 2863 3159 ferme
2888 3102 3169 3158 hominum
3197 3103 3379 3159 virilis
3411 3116 3473 3158 ac
3497 3098 3726 3169 muliebris

472 3190 754 3248 dedissent
780 3193 1016 3262 vincula,
1042 3194 1196 3265 quasi
1223 3193 1293 3249 de
1319 3194 1618 3265 improviso
1642 3196 1901 3261 excitum,
1928 3196 2070 3252 baud
2100 3191 2147 3255 C
2176 3211 2371 3261 sexus;
2412 3207 2465 3252 et
2497 3196 2750 3268 gravibus
2787 3211 2915 3253 eum
2956 3196 3291 3252 insultabant
3340 3194 3615 3260 conviciis,
3646 3190 3728 3246 cir-

473 3284 803 3357 degenerem
849 3286 1131 3343 offendere
1187 3296 1330 3343 notze
1376 3298 1430 3344 et
1471 3288 1649 3344 solitas
1698 3288 2067 3355 fortitudinis;

474 3395 596 3434 cum
627 3379 819 3435 solutis
844 3380 1110 3446 nexibus,
1140 3380 1310 3436 virtus
1343 3380 1512 3437 libera
1544 3381 1728 3438 multis
1754 3381 1901 3449 licet,
1931 3382 2072 3440 resi-

474 3484 649 3531 steret
675 3490 739 3531 ac
766 3484 1117 3547 repugnaret.

546 3570 639 3627 28.
680 3568 907 3641 Sedjubi
934 3584 1120 3639 parum
1145 3569 1429 3641 processit,
1460 3585 1647 3628 rursus
1679 3569 1897 3627 Dalilab
1918 3573 2074 3643 quasi

475 3662 656 3718 derisa
687 3672 745 3718 et
774 3677 1115 3735 conquerens
1164 3673 1418 3735 repetere
1447 3675 1597 3721 artes
1623 3681 1752 3722 suas
1772 3707 1789 3734 ,
1820 3676 1876 3723 et
1910 3667 2073 3723 lldem

481 3756 684 3810 amoris
713 3768 938 3825 poscere
964 3770 1069 3811 non
1095 3756 1571 3828 praetermittebat.
1595 3757 1695 3813 Cui
1725 3758 1957 3815 Samson
1985 3774 2077 3814 va-

481 3849 622 3905 lidus
648 3850 827 3906 adhuc
855 3850 1087 3917 consilii,
1123 3852 1310 3908 dolum
1340 3852 1526 3909 ridens
1546 3895 1561 3919 ,
1590 3851 1920 3924 significavit
1943 3853 2077 3924 liga-

480 3956 591 4003 tum
620 3961 680 4003 se
725 3956 934 4018 septem
962 3946 1210 4015 funibus,
1239 3948 1328 4020 qui
1360 3945 1538 4002 adhuc
1582 3946 1704 4004 sine
1733 3961 1831 4003 usu
1858 3946 2074 4016 forent,

478 4051 771 4097 venturum
821 4040 877 4095 in
925 4048 1247 4111 potestatem
1277 4039 1516 4095 hostium
1552 4058 1564 4094 :
1594 4039 1690 4096 sed
1720 4048 1775 4097 et
1824 4039 1928 4097 hoc
1965 4042 2077 4096 fru-

478 4144 593 4191 stra
644 4135 766 4193 fuit.
797 4134 983 4191 Tertio
1028 4150 1243 4206 quoque
1274 4147 1551 4207 tamquam
1601 4134 1672 4193 de
1700 4136 1963 4209 mysterio
1991 4135 2081 4192 de-

477 4228 781 4300 prompsit,
827 4238 885 4284 et
927 4229 1044 4298 jam
1074 4239 1096 4267 c
1146 4228 1368 4300 lapsuro
1415 4228 1675 4300 propior,
1724 4228 1775 4285 si
1827 4224 2077 4286 dissoluti

480 4331 667 4379 essent
690 4310 872 4379 crines
892 4332 1099 4394 septem
1128 4321 1325 4394 capitis
1346 4323 1456 4389 sui,
1484 4330 1542 4379 et
1567 4323 1725 4394 quasi
1754 4322 1808 4379 in
1834 4324 2077 4380 cubitum

482 4414 673 4470 intexti
700 4456 716 4482 ,
745 4415 1056 4471 discederet
1091 4416 1160 4471 ab
1189 4430 1257 4472 eo
1287 4416 1457 4473 virtus
1486 4429 1606 4472 sua.
1637 4414 1708 4472 Et
1738 4415 1843 4473 hoc
1863 4430 2080 4489 quoque

482 4508 611 4564 lusit
638 4508 959 4566 insidiarum
987 4509 1363 4567 fabricatores.

2174 3290 2533 3363 cumagebant
2574 3290 2857 3357 ludibriis,
2901 3289 3046 3360 quod
3089 3288 3280 3345 durius
3325 3296 3383 3344 et
3426 3286 3556 3343 ultra
3591 3284 3729 3356 ipsam

2174 3384 2503 3456 captivitatis
2528 3383 2765 3455 speciem
2792 3383 2908 3439 viro
2932 3380 3183 3454 ingenitas
3210 3381 3432 3437 virtutis
3456 3377 3651 3435 conscio
3671 3383 3730 3429 to-

2175 3475 2470 3533 lerabatur.
2506 3476 2641 3533 Nam
2679 3477 2864 3532 vivere
2889 3486 2945 3532 et
2969 3475 3108 3531 mori
3133 3484 3353 3530 naturae
3381 3472 3601 3539 functio,
3623 3466 3731 3526 lodi-

2176 3568 2297 3624 brio
2321 3583 2443 3625 esse
2471 3570 2670 3639 probro
2693 3568 2929 3625 ducitur.
2957 3567 3196 3640 Cupiens
3221 3568 3395 3639 igitur
3419 3575 3609 3623 tantam
3630 3576 3731 3618 con-

2179 3666 2459 3721 tumeliam
2486 3665 2569 3721 vel
2599 3665 2807 3721 ultione
2848 3664 3047 3732 solari,
3086 3663 3172 3720 vel
3207 3671 3395 3719 morte
3430 3661 3482 3719 in
3513 3659 3732 3729 reliquum

2180 3766 2511 3829 praevertere
2528 3798 2543 3823 ,
2570 3757 2822 3813 simulato
2844 3756 2988 3829 quod
3016 3764 3240 3828 propter
3265 3755 3623 3812 infirmitatem
3643 3764 3731 3805 cor-

2180 3850 2328 3921 poris
2353 3859 2409 3905 et
2435 3849 2609 3905 nodos
2630 3849 2953 3921 compednm
2985 3858 3299 3906 sustentare
3332 3864 3456 3906 sese
3492 3845 3731 3917 nequiret;

2181 3943 2425 4015 peposcit
2450 3959 2478 3997 a
2509 3958 2708 4015 puero,
2738 3944 2828 4015 qui
2851 3942 3120 4016 dirigebat
3147 3943 3271 3999 vias
3293 3942 3451 4014 ejus,
3505 3949 3559 3995 ut
3582 3937 3733 3993 admo-

2179 4048 2331 4096 veret
2380 4054 2503 4095 eum
2549 4038 2618 4094 ad
2664 4039 2946 4094 columnas
2990 4037 3296 4110 proximas,
3342 4036 3539 4110 quibus
3581 4033 3736 4090 domus

2182 4135 2359 4191 omnis
2403 4132 2832 4190 suﬁ‘nlciebatur.
2882 4133 2951 4189 Et
2995 4133 3289 4200 admotus,
3347 4143 3570 4203 utraque
3608 4138 3735 4183 manu

2181 4229 2354 4286 fulcra
2398 4231 2562 4286 totius
2596 4229 3013 4302 comprehendit
3058 4229 3312 4296 aedificii,
3355 4237 3518 4300 atque
3558 4220 3739 4281 intentis

2181 4327 2248 4383 ad
2285 4327 2420 4383 festa
2446 4328 2696 4385 sacrificii
2737 4328 3071 4395 Palaestinis,
3112 4327 3259 4399 quod
3299 4326 3505 4399 Dagoni
3541 4323 3634 4380 deo
3662 4331 3739 4375 suo

2181 4422 2527 4491 deferebant,
2565 4438 2663 4496 per
2696 4438 2859 4496 quem
2887 4423 2991 4480 sibi
3016 4423 3390 4480 adversarium
3416 4433 3569 4477 suum
3591 4415 3740 4473 datum

2184 4519 2238 4574 in
2262 4526 2587 4590 potestatem
2610 4518 3041 4583 arbitrabantur,
3065 4516 3349 4574 muliebris
3369 4511 3603 4588 perfidia:
3617 4502 3741 4563 dolos

551 4598 642 4657 29.
682 4601 752 4659 At
783 4609 1125 4674 postremum
1144 4617 1267 4660 cum
1301 4602 1519 4659 illusum
1548 4601 1656 4660 sibi
1687 4603 1854 4662 toties
1879 4618 2081 4676 procax
2107 4596 2164 4657 D
2188 4611 2467 4669 beneﬁciis
2511 4621 2936 4690 annumerantes
2970 4611 3320 4682 coelestibus,
3358 4603 3664 4667 exclamavit
3689 4595 3742 4654 ad

477 4831 526 4877 et
548 4833 713 4873 seram
741 4814 955 4878 ceruice.
985 4822 1116 4880 ete.;
1148 4823 1256 4871 vet.
1291 4813 1426 4870 edit.
1459 4828 1584 4870 cum
1611 4827 1743 4869 mss.
1776 4812 2031 4870 omnibus
2054 4854 2070 4879 ,

480 4903 541 4948 ut
566 4892 618 4947 in
649 4896 929 4951 contextu,
962 4886 1063 4957 nisi
1094 4885 1238 4956 quod
1266 4901 1364 4957 pro
1389 4886 1650 4941 materiem
1682 4900 1822 4941 unus
1846 4899 1949 4941 ms.
1973 4900 2073 4941 ex-

480 4963 629 5019 hibet
657 4960 948 5027 macericm.
979 4956 1096 5014 Non
1141 4956 1275 5013 satis
1298 4966 1447 5012 recte
1472 4998 1487 5022 ,
1510 4970 1636 5027 nam
1666 4971 1762 5027 per
1804 4956 2074 5027 materiem

480 5046 636 5090 totum
665 5031 972 5107 redduntur
1000 5029 1087 5107 illa
1120 5027 1347 5099 Iosephi
1371 5029 1565 5095 verba,
1594 5025 1692 5087 ὄσὴ
1714 5050 1770 5085 τε
1793 5026 1915 5089 ἄλλη
1953 5032 2075 5107 περὶ

477 5108 652 5168 αὐταῖς
678 5101 738 5165 ἦν
765 5104 996 5169 ξὺλωσις.
1027 5100 1298 5155 leerttm
1339 5108 1400 5155 ut
1436 5108 1623 5155 vectes
1657 5109 1827 5168 portae
1873 5100 2077 5156 omitlit

478 5175 826 5240 Ambrosius,
850 5175 920 5229 ita
944 5172 1109 5228 etiam
1134 5171 1376 5225 culminis
1398 5172 1585 5226 molem
1604 5170 1756 5226 solus
1784 5182 2072 5228 memorat.

553 5258 579 5286 α
613 5247 770 5303 llom.
800 5245 961 5309 edit.,
987 5243 1137 5315 quasi
1166 5243 1750 5315 derisamcouquerens.
1769 5312 1796 5315 _
2088 5248 2095 5255 ’

550 5318 578 5359 ιι
607 5318 727 5373 Vet.
755 5316 889 5373 edit.
921 5312 1061 5370 inter
1089 5314 1280 5385 epulas
1308 5322 1364 5368 et
1391 5312 1682 5385 illecebras
1708 5329 1747 5385 ;7
1768 5312 1927 5368 Rom.
1953 5329 2075 5370 eum

479 5407 614 5449 mss.
645 5390 817 5446 multo
838 5386 1110 5458 pluribus,
1128 5383 1262 5458 inter
1289 5385 1480 5458 pocula
1504 5393 1551 5436 et
1577 5383 1848 5458 illecebras
1872 5401 1891 5451 ;
1919 5387 2078 5456 quin-

478 5478 586 5534 que
603 5476 760 5525 mss.,
774 5453 1055 5534 iaie‘rpolat
1071 5468 1117 5513 et
1138 5453 1438 5534 illecebras;
1458 5469 1596 5525 quos
1622 5453 1842 5534 quidem
1868 5453 1975 5511 non
1997 5471 2086 5534 re-

480 5515 784 5606 pugnantes
815 5515 1306 5601 bt‘c'sequeremur,
1337 5515 1439 5583 nisi
1468 5515 1592 5582 cum
1626 5515 1867 5597 Josepbo
1910 5527 2085 5599 magis

481 5605 574 5659 alii
607 5609 995 5672 congruerent.

559 5685 580 5711 ε
619 5666 771 5742 Belv.
802 5669 954 5742 cod“
1000 5671 1171 5741 lapsui
1220 5670 1452 5742 propior.
1495 5666 1652 5742 Quod
1719 5676 1904 5724 autem
1947 5667 2087 5742 infra

564 5743 711 5797 nitur
755 5741 811 5794 in
839 5738 1095 5806 cubitum,
1124 5738 1343 5802 videtur
1392 5741 1536 5797 idem
1580 5738 1687 5795 boc
1710 5753 1835 5799 esse
1880 5740 2091 5805 aclicio

503 5805 620 5871 sive
645 5809 698 5867 in
726 5808 938 5877 ficium;
969 5816 1027 5865 nt
1054 5805 1112 5866 in
1136 5807 1413 5882 Scriptura
1440 5810 1664 5882 legitur;
1697 5813 1934 5868 attamen
1971 5819 2095 5869 erat

2178 4814 2342 4871 etiam
2374 4813 2574 4870 vinculi
2598 4828 2772 4886 genus
2791 4855 2807 4881 ,
2834 4810 2979 4886 quod
3008 4809 3307 4886 vocabatur
3348 4802 3741 4882 διγκωνόδεσμοςν

2181 4883 2796 4959 αυογθερίςθτθξροῑιιὶι
2828 4883 3173 4939 Ambrosius.

2252 4956 2280 4994 (Ῑ
2319 4958 2522 5007 Omnes
2547 4957 2706 5007 edit.-
2733 4973 2891 5007 altam
2910 4953 3197 5007 improvide
3222 4969 3276 5007 se
3301 4950 3515 5005 mulieri
3540 4947 3743 5000 adversa-

2202 4957 2210 4959 *
2252 4957 2280 4994 ιι
2319 4957 2522 5013 Omnes
2547 4957 2707 5024 edit.,
2733 4973 2891 5028 quam
2910 4957 3197 5021 improvide
3222 4969 3276 5007 se
3301 4957 3514 5005 mulieri
3540 4957 3743 5027 adversq-

2180 5030 2380 5085 riorum
2406 5029 2735 5089 credidisset,
2770 5038 2819 5082 et
2855 5026 3087 5082 calcatus
3117 5033 3313 5080 tentare
3341 5022 3555 5076 ulterius
3582 5011 3745 5089 aliquid

2183 5101 2426 5155 demotus
2449 5087 2768 5171 inﬁrmitatis
2797 5100 3061 5170 nequiret.
3108 5094 3327 5171 uocitati
3373 5094 3580 5158 oculos;
3615 5087 3738 5171 liras:

2185 5184 2242 5229 et
2282 5172 2441 5238 Gil|.,
2483 5167 2704 5226 emeatus
2746 5167 2954 5236 oculos,
3003 5167 3254 5233 vinculis,
3298 5172 3601 5221 etc.:mss.
3636 5168 3744 5239 vero

2181 5245 2470 5318 lectionem
2509 5253 2751 5318 nostram
2791 5242 3055 5318 exhibent
3091 5253 3284 5311 magno
3312 5249 3621 5318 consensu,
3661 5241 3742 5318 of!

2182 5300 2327 5388 quod
2364 5330 2528 5371 voces
2556 5314 2695 5388 calari~
2715 5312 3127 5388 ratusplerique
3152 5300 3582 5388 compipgnntjn
3614 5300 3743 5388 calci-

2182 5375 2362 5453 πειιιιιε,
2406 5402 2529 5458 quae
2564 5386 2737 5441 dictio
2768 5375 3197 5458 nullaestfapud
3227 5375 3475 5458 Latinos.
3506 5375 3574 5434 Ut
3595 5382 3740 5458 autem

2187 5444 2440 5515 ultimam.
2482 5459 2625 5514 hanc
2669 5466 2877 5528 partem
2926 5444 3105 5529 facile'
3132 5452 3474 5529 assequeris,
3514 5444 3743 5529 caminos

2188 5533 2353 5587 modo
2396 5519 2763 5601 interpretare
2803 5545 2817 5601 ς
2864 5527 2998 5601 calvi
3036 5535 3183 5601 ratus
3200 5567 3229 5601 ,_
3254 5519 3305 5578 id
3344 5531 3467 5589 est,
3498 5519 3743 5601 decipife

2190 5612 2343 5660 ratus
2375 5620 2387 5655 :
2421 5591 2617 5675 tentare
2648 5599 2879 5675 alterius
2924 5597 3167 5675 aliquid,
3217 5596 3487 5675 hoc.cs_t,‘
3514 5591 3572 5675 si.
3597 5592 3742 5675 tenta:

2192 5682 2309 5740 ret,
2352 5683 2488 5740 etc.,
2537 5672 2772 5743 denique
2815 5659 3120 5737 damnatum
3146 5659 3493 5741 inﬁrmitatis;
3525 5661 3648 5720 idem
3676 5659 3743 5708 εει

2196 5752 2387 5817 atque;
2425 5759 2550 5802 cum
2578 5743 2869 5801 damnatus
2898 5748 3080 5810 esset,
3111 5749 3215 5795 etc.
