3996 6292
273 277 380 334 993

1485 273 1974 335 ΕιηετοιΑιιυιι
2013 273 2299 335 CLASSIS
2336 273 2378 331 l.

3457 273 3563 330 994

272 391 558 447 Dominum
577 391 799 449 dicens:
821 392 1077 462 Domine,
1097 393 1274 451 adhuc
1293 395 1461 452 semel
1483 412 1693 454 memor
1713 398 1861 468 pueri
1891 400 1940 460 Α
2039 398 2127 453 5t.
2172 397 2285 453 lloc
2309 409 2440 468 ergo
2465 394 2717 466 exemplo
2741 393 2913 466 liquet
2935 405 2957 433 ε
2985 393 3410 464 alienigenarum
3435 410 3569 450 con-

273 487 347 541 tui
376 495 528 554 esto,
554 496 616 543 ut
638 503 736 558 pro
754 488 968 546 duobus
985 489 1160 546 octtlis
1182 491 1319 548 meis
1339 491 1630 549 vindictam
1657 492 1864 550 tribuas
1965 492 2134 547 sortia
2161 491 2506 562 refugienda;
2537 507 2604 548 ne
2631 505 2728 561 pro
2753 488 3016 545 charitatc
3041 487 3277 560 conjugii
3307 488 3568 558 proditio-

273 581 340 638 de
368 583 704 654 nationibus;
748 599 814 640 ne
849 584 976 641 dent
1013 585 1236 655 gloriam
1263 586 1379 643 suis
1403 586 1532 652 diis,
1561 587 1704 660 quod
1732 588 1865 660 ipsis
1968 586 2052 641 nis
2078 584 2286 640 insidiae
2309 584 2624 641 succedant.
2651 583 2814 652 Vale,
2854 593 2908 638 et
2935 596 3036 638 nos
3062 581 3256 653 dilige,
3302 582 3424 652 quia
3465 597 3566 636 nos

268 675 616 748 iuvantibus,
649 692 735 734 me
762 677 816 733 in
847 686 1167 749 potestatem
1193 681 1503 751 acceperint
1532 699 1545 735 :
1575 695 1676 737 nec
1700 681 1865 737 vitam
1969 687 2023 735 te
2050 678 2344 751 diligimus.

275 785 450 828 meam
479 771 647 842 pluris
693 772 854 829 iacio.
898 772 1161 829 Moriatur
1189 776 1363 830 anima
1397 792 1508 831 mea
1540 791 1658 831 eum
1686 773 1868 831 Palat-

275 864 442 930 stinis,
459 872 518 920 ut
537 865 946 934 agnoscantsibi
968 867 1336 924 inﬁrmitatem
1357 884 1534 926 meam
1558 885 1666 927 non
1687 869 1870 928 minus

277 971 436 1026 quam
458 956 717 1014 virtutem
742 957 1017 1014 exitialem
1045 958 1230 1015 fuisse.

349 1051 440 1107 52.
480 1051 767 1109 Concussit
795 1054 976 1125 itaque
999 1053 1285 1110 columnas
1309 1069 1502 1127 magna
1531 1055 1613 1121 vi,
1650 1070 1714 1112 ac
1752 1054 1869 1111 dis-

277 1144 441 1200 solvit
483 1153 540 1201 et
587 1145 908 1202 comminuit
942 1162 1036 1202 eas
1064 1165 1079 1202 :
1107 1163 1245 1220 quas
1287 1160 1472 1205 secuta
1513 1147 1669 1204 ruina
1710 1162 1873 1219 supe-

278 1237 440 1294 rioris
463 1237 748 1302 culminis,
779 1248 836 1294 et
861 1240 1038 1312 ipsum
1063 1240 1320 1308 involvit,
1351 1249 1407 1297 et
1431 1242 1716 1298 universos
1736 1282 1750 1307 ,
1781 1240 1872 1312 qui

277 1333 513 1405 desuper
555 1333 948 1406 aspectabant,
998 1334 1375 1406 praecipitavit.
1427 1335 1504 1391 lbi
1554 1350 1749 1406 magna
1792 1334 1874 1390 vis

278 1426 510 1482 marium
551 1425 986 1498 feminarumque
1023 1427 1330 1499 promiscue
1364 1427 1701 1495 exanimata,
1760 1437 1786 1465 ⁸
1820 1435 1876 1484 et

279 1521 588 1593 triumphus
614 1523 881 1590 quaesitus
908 1532 1196 1594 perempto
1221 1531 1276 1578 et
1304 1537 1466 1592 supra
1503 1536 1694 1577 omnes
1717 1535 1878 1592 supe-

274 1616 455 1671 riores
477 1615 735 1672 victorias
764 1616 904 1672 haud
944 1631 1209 1687 quaquam
1245 1615 1518 1688 degenere
1543 1623 1598 1671 et
1623 1616 1877 1671 decoloro

274 1714 447 1768 exitu.
476 1711 610 1768 Nam
650 1712 755 1768 etsi
795 1711 1122 1768 inviolabilis
1155 1711 1222 1767 ad
1259 1712 1312 1768 id
1356 1711 1598 1768 locorum
1634 1719 1690 1767 et
1721 1710 1876 1767 dein-

274 1819 414 1876 ceps
435 1847 452 1874 ,
480 1815 645 1877 atque
674 1805 1112 1878 incomparabilis
1140 1805 1192 1861 in
1221 1805 1324 1863 hac
1347 1806 1454 1862 vita
1483 1806 1724 1878 expertis
1755 1805 1883 1863 belli
1911 1806 1963 1874 Β

272 1898 448 1956 fuerit
471 1899 606 1955 viris
626 1943 641 1968 ,
675 1908 854 1956 tamen
883 1899 936 1956 in
965 1908 1139 1956 morte
1165 1913 1225 1956 se
1251 1900 1427 1971 ipsum
1455 1899 1619 1965 vicit,
1648 1908 1703 1956 et
1732 1899 1882 1955 insu-

272 1992 582 2062 perabilem
608 1993 780 2064 gessit
806 1993 1044 2048 animum
1062 2035 1077 2060 ,
1109 2002 1168 2048 ut
1190 2000 1600 2060 contemneret,
1627 2001 1685 2049 et
1715 1993 1880 2066 852

268 2085 436 2156 quasi
472 2100 571 2154 pro
595 2085 770 2142 nihilo
804 2085 1030 2143 haberet
1064 2085 1187 2142 vitae
1221 2085 1386 2142 ﬁnem
1415 2084 1666 2141 omnibus
1694 2084 1883 2141 formi-

269 2178 556 2234 dolosum.

353 2271 450 2327 53.
496 2269 728 2327 Virtutis
766 2271 930 2343 igitur
967 2271 1069 2326 fuit
1095 2270 1239 2342 quod
1277 2270 1626 2328 victoriarum
1657 2285 1884 2327 numero

271 2364 430 2421 diem
459 2363 690 2430 clausit,
724 2379 826 2420 nec
866 2367 1137 2435 captivum
1166 2365 1405 2430 exitum,
1449 2364 1545 2421 sed
1585 2364 1884 2434 triumpha-

274 2459 396 2516 lem
421 2458 650 2515 invenit.
670 2457 1154 2531 Circumscriptum
1176 2469 1355 2515 autem
1380 2458 1548 2516 fuisse
1567 2473 1598 2514 a
1623 2459 1851 2514 muliere
1866 2499 1880 2525 ,
1968 2462 1974 2468 ’

273 2563 500 2610 naturae
524 2553 706 2625 potius
727 2569 888 2626 quam
917 2569 1167 2625 personae
1191 2553 1601 2621 ascribendum;
1632 2555 1758 2627 quia
1787 2555 1888 2610 hu-

274 2660 448 2702 mana
470 2644 498 2683 ι’
520 2644 761 2702 conditio
778 2688 794 2714 ,
815 2659 975 2717 quam
993 2645 1152 2717 culpa
1177 2646 1434 2714 inferior;
1462 2648 1724 2718 premitur
1740 2646 1885 2703 enim

272 2748 338 2795 ct
368 2739 517 2796 cedit
543 2739 817 2797 illecebris
841 2739 1189 2813 ﬂagitiorum.
1226 2740 1413 2813 Itaque
1448 2755 1573 2797 cum
1607 2741 1889 2812 Scriptura

2487 771 2514 810 ἀ
2553 771 2882 831 EPISTOLA
2922 773 3081 830 XX.‘

1973 864 2170 922 Narrat
2201 867 2368 922 sorori
2399 883 2514 939 qua:
2540 866 2826 922 Mediolani
2857 884 2948 940 per
2980 869 3090 923 dies
3127 867 3322 936 aliquot
3361 877 3568 940 propter

2044 961 2330 1028 basilicam,
2361 978 2516 1032 quant
2538 961 2719 1017 Ariani
2741 961 2975 1034 petebant
3003 977 3230 1028 evenere,
3264 965 3517 1033 quomodo
3541 980 3574 1017 rt

2055 1053 2403 1110 Valentiniani
2423 1055 2672 1110 ministris
2692 1055 2801 1124 ipse
2823 1055 2979 1127 fuerit
3001 1055 3340 1124 compellatus
3360 1097 3375 1123 ,
3408 1072 3575 1128 papu-

2045 1148 2128 1202 lns
2159 1159 2332 1202 autem
2359 1147 2715 1203 reclamaverit
2738 1166 2759 1204 :
2785 1147 2967 1202 deinde
2994 1147 3252 1218 quomodo
3281 1147 3451 1203 missis
3478 1148 3573 1204 de-

2047 1243 2188 1296 canis
2207 1241 2276 1295 ad
2298 1241 2566 1297 basilicam
2599 1241 2976 1308 invadendam,
3005 1251 3187 1312 raptus
3213 1241 3371 1310 fuerit
3403 1260 3435 1297 a
3474 1259 3572 1313 po-

2047 1335 2171 1407 pulo
2214 1331 2456 1390 Castulus
2485 1335 2738 1403 Arianus,
2784 1337 2935 1407 cujus
2975 1336 3283 1402 occasione,
3325 1335 3439 1390 licet
3485 1351 3578 1391 sua

2045 1428 2210 1497 ipsius
2240 1444 2370 1482 cura
2392 1427 2594 1484 liberati
2629 1429 2786 1483 varite
2813 1428 3154 1484 secutw'sunt
3195 1428 3578 1484 condemnatio-

2049 1538 2169 1588 nes;
2200 1531 2314 1593 post
2355 1539 2472 1593 qua:
2511 1523 2697 1578 iterum
2740 1522 3098 1593 interpellatus
3132 1523 3459 1594 imperatoris
3487 1539 3582 1577 no-

2049 1615 2187 1669 mine
2229 1624 2442 1670 sanctus
2478 1617 2671 1688 praesul
2713 1633 2902 1688 magna
2949 1616 3242 1671 constantia
3286 1617 3581 1688 respondet.

2052 1707 2210 1762 Addit
2238 1709 2482 1780 postridie
2523 1719 2774 1781 occupata
2811 1709 3054 1777 basilica,
3085 1709 3274 1764 milites
3303 1726 3358 1764 se
3393 1711 3462 1764 ad
3497 1726 3584 1764 ca-

2062 1803 2278 1860 tholicos
2313 1805 2617 1861 transituros
2641 1807 2970 1880 promisisse,
2995 1805 3359 1877 nec‘populum
3387 1804 3451 1859 de
3477 1805 3587 1874 {or-

2057 1896 2275 1950 titudine
2307 1896 2607 1968 quidquam
2662 1898 2924 1953 remisisse
2971 1913 2990 1951 :
3038 1897 3341 1952 tentationes
3383 1894 3484 1952 Job
3538 1905 3587 1951 et

2058 1992 2280 2047 maxime
2303 2008 2434 2062 quas
2455 2010 2487 2046 a
2515 1993 2731 2048 muliere
2760 2009 2946 2063 passus
2976 1992 3185 2064 legitur,
3217 1992 3340 2048 huic
3371 1992 3590 2064 tempori

2057 2085 2474 2140 accommodatas
2502 2102 2520 2139 :
2546 2086 2752 2140 interim
2775 2085 3046 2142 liberatam
3067 2087 3354 2154 basilicam,
3384 2085 3474 2141 sed
3496 2103 3590 2141 no-

2059 2179 2248 2233 tarium
2271 2177 2370 2232 sibi
2399 2178 2532 2232 dura
2559 2179 2853 2248 nuntiasse,
2881 2178 3068 2248 quibus
3091 2181 3390 2248 neutiquam
3420 2189 3590 2235 motus

2061 2273 2216 2342 fuerit
2244 2288 2263 2326 :
2293 2281 2552 2343 postremo
2596 2271 2882 2343 prophetia:
2906 2271 3059 2327 Iona:
3087 2273 3157 2327 ad
3191 2290 3272 2328 res
3316 2283 3590 2344 prwsentes

2059 2367 2486 2438 adaptationem,
2536 2367 2718 2439 papuli
2764 2366 2826 2420 ob
2873 2367 3141 2434 liberatam
3185 2367 3490 2432 basilicam,
3541 2374 3594 2421 et

2057 2461 2276 2516 multam
2305 2460 2676 2516 mercatoribus
2705 2461 2970 2516 remissam
2999 2461 3286 2534 gaudium,
3307 2462 3458 2517 verba
3485 2459 3592 2514 Va-

2063 2554 2333 2610 lentiniani
2370 2554 2439 2608 ad
2479 2555 2725 2621 comites,
2764 2564 2812 2613 et
2847 2572 2998 2610 suum
3033 2555 3104 2611 ad
3141 2555 3402 2628 Calligoni
3424 2557 3593 2612 minas

2063 2666 2363 2721 responsum
2387 2649 2578 2705 subdit.

2066 2743 2119 2798 l.
2164 2753 2188 2779 θ
2218 2743 2484 2811 Quoniam
2529 2743 2581 2799 in
2625 2744 2880 2802 omnibus
2917 2744 3034 2802 fere
3074 2746 3323 2817 epistolis
3362 2747 3599 2804 sollicite

273 2835 332 2891 ei
369 2833 697 2891 testiﬁcetur
723 2834 867 2906 quod
894 2835 1078 2906 plures
1105 2837 1158 2892 in
1189 2844 1396 2903 morte,
1426 2851 1586 2907 quam
1611 2835 1663 2890 in
1688 2834 1892 2891 lumine
1994 2835 2194 2906 quaeris
2239 2831 2308 2890 de
2348 2833 2626 2904 Ecclesia,
2665 2837 2853 2908 accipe
2896 2837 3027 2908 quid
3067 2848 3280 2909 agatur.
3327 2837 3598 2894 Postridie

275 2929 418 2985 vita:
447 2928 603 2985 istius
631 2928 842 3000 positus
866 2929 1164 2998 occiderit,
1194 2929 1407 2986 videtur
1446 2929 1513 2985 ad
1555 2928 1893 2986 adversario-

1995 2943 2156 3000 quam
2182 2929 2368 3000 accepi
2393 2929 2608 2986 litteras
2635 2927 2778 2998 tuas,
2803 2932 3005 3002 quibus
3023 2931 3430 3002 signiﬁcaveras
3451 2930 3597 3004 quod

275 3039 414 3082 rum
446 3025 619 3097 magis
649 3025 873 3082 exitium
910 3037 1102 3096 captus
1121 3067 1136 3093 ,
1166 3041 1324 3096 quam
1351 3039 1458 3096 quo
1492 3024 1607 3096 ipse
1632 3024 1895 3095 dejcctior
1999 3033 2053 3080 te
2074 3023 2413 3095 exagitarent
2433 3025 2644 3079 somnia
2675 3033 2760 3079 tua
2780 3066 2795 3092 ,
2825 3025 2995 3081 moles
3018 3023 3448 3096 inquietudinum
3471 3040 3596 3096 gra-

279 3117 487 3183 ﬁeret,
516 3127 612 3174 aut
640 3118 819 3173 minor
851 3127 997 3174 esset
1033 3136 1046 3171 :
1083 3133 1190 3174 non
1233 3127 1317 3174 est
1349 3119 1490 3173 enim
1537 3133 1598 3174 se
1639 3126 1895 3189 expertus
1998 3116 2144 3171 vium
2188 3115 2352 3188 cmpit
2388 3116 2619 3171 moveri.
2653 3115 2764 3172 Nec
2799 3115 2911 3186 jam
2955 3114 2974 3153 ί
3006 3115 3293 3184 Portiana,
3336 3116 3440 3172 hoc
3485 3124 3598 3186 est,

278 3211 615 3268 inferiorem
636 3253 652 3280 ,
683 3210 842 3282 cujus
867 3211 1142 3282 sepultura
1174 3209 1551 3281 praestantior,
1596 3227 1756 3279 quant
1795 3226 1894 3282 po-
1921 3225 1968 3290 ο
1997 3216 2382 3264 extramurana
2412 3207 2576 3280 853
2605 3207 2828 3264 basilica
2867 3209 3189 3280 petebatur,
3237 3208 3333 3266 sed
3376 3209 3603 3266 basilica

281 3307 471 3364 tentia
501 3305 616 3362 luit.
681 3305 924 3375 Denique
947 3321 1055 3362 non
1085 3305 1237 3373 telis,
1279 3305 1374 3363 sed
1410 3305 1765 3363 cadaveribus
1805 3305 1899 3362 ho-

279 3398 468 3455 stium
497 3411 722 3471 pressus
747 3405 804 3454 et
831 3396 1090 3454 humatus
1115 3407 1224 3466 est,
1254 3398 1476 3469 proprio
1513 3407 1686 3454 tectus
1713 3398 1904 3454 trium-

281 3490 452 3563 pho,
495 3489 700 3546 clarum
739 3490 949 3562 insigne
988 3489 1300 3562 relinquens
1338 3490 1608 3562 posteris;
1649 3505 1715 3547 co
1758 3491 1901 3562 quod

279 3582 570 3656 populum
612 3597 804 3648 suum,
847 3597 1006 3654 quem
1035 3582 1318 3654 ‘captivum
1357 3585 1672 3650 invenerat,
1710 3583 1898 3656 viginti

280 3674 468 3732 annis
493 3674 546 3730 in
578 3674 830 3732 libertate
865 3675 1070 3747 judicio
1112 3690 1212 3732 suo
1251 3677 1421 3742 rexit,
1471 3685 1528 3733 et
1563 3677 1807 3749 sepultus
1843 3679 1898 3734 in

282 3771 491 3844 patrio
516 3769 634 3828 solo
657 3771 922 3828 libertatis
947 3771 1218 3829 haeredem
1243 3771 1471 3829 dimisit.

2005 3316 2178 3370 nova,
2207 3301 2312 3358 hoc
2341 3312 2458 3370 est,
2493 3304 2865 3359 intramurana
2885 3345 2901 3372 ,
2932 3319 3051 3376 quae
3081 3304 3258 3375 major
3287 3315 3394 3362 est.

2075 3395 2130 3450 2.
2172 3395 2560 3452 Convenerunt
2608 3411 2696 3453 me
2743 3407 2769 3445 κ
2807 3398 2982 3468 primo
3022 3398 3299 3470 principes
3343 3397 3605 3455 virtutum

2006 3489 2130 3557 viri,
2154 3491 2384 3547 comites
2406 3491 2788 3548 consistoriani
2809 3535 2823 3560 ,
2848 3501 2907 3548 ut
2927 3503 2983 3550 et
3001 3493 3282 3550 basilicam
3308 3493 3604 3564 traderem,

2005 3596 2060 3643 et
2091 3602 2474 3658 procurarem,
2508 3602 2577 3644 ne
2605 3588 2736 3660 quid
2767 3588 2998 3659 populus
3027 3587 3307 3645 turbarum
3338 3598 3605 3646 moveret.

2006 3679 2282 3751 Respondi
2313 3682 2456 3752 quod
2490 3690 2609 3738 erat
2644 3682 2882 3751 ordinis,
2920 3683 3178 3756 templum
3217 3683 3319 3742 Dei
3359 3699 3389 3740 a
3431 3698 3613 3741 sacer-
3675 3744 3686 3752 _

2007 3773 2134 3830 dote
2161 3773 2304 3830 tradi
2329 3788 2438 3830 non
2467 3789 2650 3846 posse.

373 3922 406 3950 ⁸
449 3911 582 3986 Mss.
609 3911 719 3969 duo
742 3953 757 3979 ,
785 3921 833 3968 et
855 3913 1145 3986 triumphus
1173 3914 1413 3985 quietus;
1441 3912 1534 3970 alii
1577 3912 1798 3969 totidem
1821 3955 1836 3981 ,
1865 3922 1914 3968 et

282 3983 610 4053 triumphus
646 4001 888 4056 magnus.

371 4059 411 4131 ιτ
452 4057 662 4131 Omnes
707 4056 878 4123 edit.,
928 4057 1156 4131 conditio
1199 4060 1396 4130 major,
1439 4074 1593 4130 quant
1638 4057 1914 4131 culpagin-

280 4129 511 4201 ferior;
554 4129 706 4186 nullo
746 4131 1042 4202 sensuvel
1080 4129 1312 4185 absurde
1351 4129 1636 4186 enuntiato
1665 4148 1678 4183 :
1707 4129 1913 4202 optime

277 4205 482 4275 igitur
508 4217 699 4259 omnes
727 4216 862 4257 mss.
897 4201 1194 4258 dictionem
1232 4204 1399 4274 major
1432 4203 1821 4275 excluserunt,
1856 4211 1914 4258 ut

279 4274 556 4334 humana
590 4276 832 4334 conditio
868 4277 1078 4333 dicatur
1104 4278 1284 4346 culpae
1321 4276 1576 4332 obnoxia.
1605 4274 1912 4346 Suﬁ‘ragan-

280 4293 556 4334 numana
590 4293 832 4334 contnuo
868 4293 1078 4333 dicatur
1104 4293 1192 4335 cut
1237 4294 1284 4334 ac
1321 4293 1576 4332 ounoxia.
1605 4293 1912 4346 auuragan-

274 4362 396 4409 tur
427 4350 760 4407 correctioni
785 4357 984 4405 nostrae
1005 4350 1170 4406 etiam
1192 4293 1412 4422 fosephi
1443 4349 1604 4406 verba
1623 4392 1637 4416 ,
1681 4350 1735 4404 in
1763 4348 1913 4422 calce

277 4423 610 4482 memorati
636 4423 746 4492 jam
768 4436 914 4491 sape
937 4422 1040 4479 loci
1072 4423 1145 4478 ita
1176 4421 1450 4494 loquentis
1471 4441 1484 4477 :
1503 4426 1597 4478 ιιαὶ
1618 4424 1676 4480 τὸ
1692 4425 1784 4494 μέν
1809 4421 1914 4476 ὑπὸ

275 4496 558 4573 γυναικὸς
588 4496 805 4573 ἆλῷναι,
851 4495 931 4553 δεῖ
948 4498 1023 4573 ξτῇ
1063 4498 1211 4573 priest
1239 4503 1338 4552 τῶν
1367 4497 1646 4572 ἀνθρώπων
1675 4496 1916 4570 προσάπ-

273 4569 414 4630 ‘t'uv
446 4571 620 4648 ἥττονι
648 4569 1184 4648 ἂμαρτημὰτωῦ-οὔσςῃ
1202 4610 1217 4635 ,
1248 4577 1354 4648 εἰς.

376 4653 405 4680 ε
459 4640 579 4698 Non
605 4637 705 4698 hac
728 4637 935 4698 tantum
964 4637 1190 4712 epistola
1211 4640 1457 4712 conjugis
1490 4637 1912 4712 christianorum

271 4729 438 4774 cum
472 4713 698 4770 alterius
738 4723 903 4770 sectae
940 4708 1188 4785 personis
1226 4708 1639 4785 proscribuntur
1669 4709 1760 4785 ab
1786 4708 1916 4785 Am-
1944 4708 1960 4710 ⁷
2090 4712 2116 4750 d
2150 4711 2366 4785 §cripta
2388 4725 2534 4785 anno
2558 4711 2684 4785 585.

271 4785 542 4852 brosio,
579 4800 769 4842 verum
800 4780 962 4842 etiam
995 4783 1160 4840 variis
1196 4780 1390 4852 prioris
1422 4781 1714 4855 voluminis
1749 4781 1882 4855 locis
1901 4822 1916 4846 ,
2094 4795 2117 4821 ο
2157 4780 2317 4839 Rom.
2345 4782 2480 4840 edit.
2505 4782 2650 4851 sola,
2676 4782 2976 4839 Ambrosius
2998 4782 3271 4855 episcopus
3296 4780 3621 4838 Marcellinw

267 4857 581 4932 nimirum
627 4855 728 4932 lib.
780 4871 839 4932 n_
872 4856 943 4915 de
985 4856 1259 4913 Abraham
1304 4870 1435 4932 cap1
1481 4853 1556 4918 9,
1602 4867 1781 4932 ηυηι;Δ
1805 4852 1914 4917 84»
2017 4857 2208 4932 sorori;
2425 4926 2438 4932 _
2746 4925 2808 4932 ,,
2914 4926 2926 4932 _
3177 4852 3186 4855 ’
3289 4925 3348 4932 __
3447 4925 3478 4932 η
3590 4919 3618 4932 ,.

268 4929 585 5002 Exposit._
625 4929 678 5002 in
729 4929 864 5000 psal.
915 4945 1116 5002 cxvnt,
1150 4942 1318 4984 serm.
1368 4923 1473 4992 20,
1519 4940 1671 4980 num.
1713 4923 1821 5002 48_,
1863 4933 1917 4979 et
2030 4929 2117 5002 __f
2162 4925 2509 5002 blabillonius
2533 4932 2722 4982 noster
2742 4925 3104 5002 itinerisgltal.
3131 4942 3254 4998 pag.
3283 4925 3393 4980 l7:
3437 4923 3618 4980 Sancti

267 4996 410 5061 lib:
438 5015 542 5056 vm
571 4999 627 5055 in
647 4996 780 5056 Luc.
812 5000 1041 5056 num.'2.
1069 5001 1262 5068 Magna
1285 5013 1418 5054 vero
1441 4996 1813 5054 controversia
1835 5005 1918 5061 est
2029 4998 2253 5055 Victoris
2283 4997 2513 5054 Basilica
2535 5039 2550 5063 ,
2583 5013 2690 5052 levo
2717 4998 2976 5054 Ambrosii
3023 4996 3411 5064 extremumue,
3443 5013 3475 5050 a
3496 5012 3622 5050 con-

263 5078 469 5142 inter
492 5081 706 5128 veteres
726 5087 1002 5143 novosque
1022 5071 1401 5134 scholasticos,
1426 5079 1606 5124 utrum
1628 5070 1915 5143 ea_cultus,
2021 5073 2196 5143 ditare;
2220 5069 2474 5143 Portiana
2500 5071 2796 5143 uocabatur.

264 5136 347 5206 tit
381 5154 628 5207 vocant,
660 5136 980 5214 disparita'te
1009 5143 1418 5214 matrimonium
1446 5155 1555 5214 non
1594 5139 1754 5214 modo
1788 5155 1919 5214 con-
2101 5153 2125 5191 ε
2167 5141 2437 5214 Principes
2460 5142 2707 5196 uirtutum
2735 5141 3079 5199 desideratur
3103 5142 3157 5198 in
3184 5139 3526 5214 multis_mss.
3567 5136 3624 5192 in

263 5216 655 5279 trahendum
703 5209 985 5285 impediri,
1036 5215 1130 5271 sed
1177 5216 1340 5270 etiam
1380 5212 1560 5268 dirimi
1591 5210 1918 5285 dissolvique
2027 5209 2515 5285 nonnullistamen
2543 5223 2599 5269 et
2621 5215 2831 5269 cunctis
2869 5214 3002 5271 edit.
3035 5213 3325 5285 reperitur.
3372 5209 3622 5285 Forsitan

261 5298 670 5351 contractum
697 5281 918 5344 censeat
948 5287 1150 5342 Doctor
1180 5295 1388 5342 noster.
1420 5285 1794 5341 Alﬁrmantem
1827 5282 1921 5337 de-
2027 5297 2208 5342 autem
2251 5284 2511 5355 principes
2551 5285 2798 5340 virtutum
2841 5302 2949 5342 non
2991 5281 3372 5355 alii’dicuntur
3399 5281 3468 5337 ab
3493 5281 3624 5336 Am-

260 5360 557 5422 fendunt
595 5357 905 5429 opinionem
937 5357 1224 5414 Gratianus
1251 5357 1310 5412 P.
1343 5356 1719 5429 Lombardus,
1759 5364 1922 5425 atque

263 5435 393 5492 alii
434 5448 455 5485 :
496 5446 526 5485 a
557 5428 791 5502 negante
819 5438 1000 5502 autem
1032 5438 1140 5484 stat
1165 5429 1572 5502 illellarminus,
1609 5428 1923 5502 Estius,_et

262 5514 533 5566 extera
562 5497 717 5557 turba
741 5500 1126 5557 recentiorum.
1161 5501 1223 5556 Hi
1265 5516 1427 5568 porro
1453 5501 1795 5569 potissimum
1820 5497 1923 5569 du-

262 5583 532 5637 cuntur
552 5587 616 5630 ea
637 5573 870 5638 ratione,
890 5571 1032 5644 quod
1054 5573 1337 5644 II:B_rel_i('98
1359 5568 1573 5643 queque
1599 5572 1652 5627 in
1675 5568 1922 5644 eamdem

263 5651 570 5710 classem
608 5659 733 5700 cum
759 5641 995 5700 ethnicis
1023 5659 1086 5700 ac
1123 5641 1327 5699 Iudaeis
1369 5641 1527 5714 cogat
1565 5641 1922 5714 Ambrosius:

264 5732 505 5792 atque
532 5715 672 5772 adeo
705 5714 1308 5792 impedimentumillud
1340 5713 1648 5792 usupotius
1676 5723 1731 5769 et
1762 5713 1928 5792 tacito

263 5784 614 5852 coﬁsensu
640 5784 798 5856 quam
830 5787 940 5842 ulla
973 5789 1090 5856 lege
1111 5785 1372 5840 dirimens
1396 5784 1595 5842 factum
1619 5799 1741 5840 esse
1766 5784 1929 5856 iidem

266 5854 704 5931 contendunt.
735 5857 991 5916 Fatemur
1014 5854 1236 5929 quidem
1261 5870 1368 5912 non
1397 5865 1504 5912 tam
1534 5857 1821 5928 perspicue
1850 5854 1931 5912 lo-

2016 3917 2356 3990 cutumihac
2403 3917 2474 3974 de
2517 3933 2576 3973 re
2615 3919 2998 3988 Ambrosium,
3048 3929 3106 3976 ut
3149 3919 3328 3976 nullus
3371 3918 3610 3990 supersit

2017 3989 2169 4047 dubii
2216 3989 2367 4045 locus
2398 4007 2411 4062 ξ
2444 3998 2683 4046 attamen
2715 3993 2760 4047 si
2792 3993 3096 4047 testimonia
3133 3991 3301 4062 ipsius
3329 3989 3452 4062 jam
3476 3992 3614 4046 indi-

2014 4072 2138 4120 cata
2163 4063 2376 4132 penitus
2401 4061 2782 4134 introspicias,
2820 4063 3000 4118 omnia
3025 4061 3290 4133 ejusmodi
3314 4061 3615 4119 connubio-

2017 4151 2136 4191 rum
2164 4148 2364 4205 genera
2393 4133 2462 4205 ab
2487 4148 2556 4188 eo
2585 4133 2672 4191 sic
2709 4135 2982 4205 prohiberi
3025 4135 3328 4205 comperics
3351 4175 3366 4198 ,
3412 4145 3468 4190 ut
3514 4149 3614 4205 pro

2017 4203 2188 4263 nullis
2228 4203 2477 4262 habenda
2513 4219 2634 4261 esse
2673 4203 2808 4264 satis
2847 4203 3528 4278 signiﬁcethuodivero'
3546 4205 3612 4262 ad
3683 4263 3690 4268 ,

2017 4278 2770 4352 principuniconstitutiones
2787 4321 2802 4344 ,
2826 4277 3124 4352 Theodosii
3155 4280 3328 4352 legem
3353 4277 3618 4352 habemus

2020 4348 2110 4409 an.
2161 4351 2268 4408 “588
2313 4348 2492 4404 datam
2519 4389 2534 4414 ,
2569 4365 2690 4420 quae
2719 4350 3035 4406 christianis
3065 4367 3128 4406 ac
3154 4348 3357 4407 .Iu’dacis
3388 4351 3529 4406 inter
3557 4366 3619 4406 sc

2021 4421 2732 4494 matrimoniorcoeuntibus
2771 4423 3022 4479 adulterii
3056 4438 3308 4494 pmnam,
3352 4421 3456 4478 hoc
3499 4431 3618 4488 est,

2022 4496 2344 4566 capitalem,
2387 4493 2604 4566 indixit.
2648 4493 2921 4551 Cteterum
2969 4493 3097 4551 ante
3139 4494 3230 4550 illa
3274 4503 3519 4563 temmra
3563 4495 3615 4566 in

2025 4565 2214 4626 eadem
2246 4582 2305 4623 re
2335 4565 2515 4622 varias
2539 4567 2705 4622 variis
2727 4567 2864 4625 locis
2887 4566 3312 4624 consuetudines
3338 4565 3618 4623 observari

1939 4648 1992 4710 ι)
2018 4641 2367 4701 consuevisse
2390 4636 2658 4694 credibile
2683 4649 2786 4696 est.

2027 5357 2216 5441 brosio
2238 5354 2258 5422 ,'
2284 5371 2445 5425 quam
2475 5355 2720 5428 magistri
2752 5356 3023 5438 militum,
3061 5363 3118 5411 et
3162 5354 3436 5480 principes
3462 5367 3628 5423 agen-

2030 5438 2162 5480 tium
2190 5445 2243 5480 ιιι
2266 5429 2465 5480 rebus:
2491 5427 2560 5480 de
2589 5443 2823 5480 auorum
2859 5427 3057 5480 uilicus
3083 5425 3314 5480 consule
3376 5464 3390 5477 .
3423 5421 3485 5480 C.
3521 5424 3627 5479 Bu-

2030 5429 2162 5484 tium
2190 5421 2246 5482 in
2266 5421 2465 5484 rebus:
2491 5421 2823 5498 de'quorum
2859 5427 3057 5483 ofﬁciis
3083 5421 3314 5498 consule
3338 5421 3390 5480 J.
3423 5421 3485 5498 β,
3504 5421 3627 5479 ’Βιι-

2030 5499 2432 5571 lengerumjib.
2457 5514 2515 5554 ιιι
2540 5495 2618 5554 de'
2634 5499 2879 5571 Imperio
2895 5498 3055 5571 Rom.
3078 5512 3199 5571 cap.
3236 5495 3326 5558 l2,
3350 5506 3404 5552 et
3427 5495 3522 5571 ιιι).
3547 5510 3628 5571 vt,

2029 5565 2152 5642 cap'.
2184 5570 2277 5626 44.
2308 5568 2549 5626 Comites
2578 5565 3120 5642 vero'consistoriani
3151 5565 3415 5642 vocantur
3447 5567 3504 5632 ii,
3526 5565 3631 5642 qui

2029 5638 2290 5712 principis
2319 5642 2653 5712 consistorio
2677 5640 2980 5712 interera_nt
3003 5658 3014 5691 :
3039 5639 3108 5695 de
3137 5638 3333 5712 quibus
3355 5639 3506 5712 idem,
3525 5639 3632 5693 Bu-

2029 5710 2272 5785 lingerus
2305 5713 2397 5768 lib.
2431 5729 2486 5767 ιιι
2517 5711 2587 5766 de
2611 5711 2865 5785 irruperat.
2899 5710 3060 5785 Rom.
3103 5725 3229 5785 cap.
3265 5710 3338 5785 2,
3364 5718 3427 5785 et
3455 5710 3550 5785 lib.
3593 5725 3629 5764 ιι

2031 5781 2369 5855 ιΙοἸιιιρθι-ἰυ
2403 5785 2561 5855 Rom.
2599 5781 2718 5855 cup.
2744 5784 2805 5855 gi.
2833 5782 3042 5849 Quibus
3070 5781 3238 5855 etiam
3274 5781 3478 5840 addere
3505 5781 3634 5844 licet

2031 5852 2392 5916 Godelridum
2419 5854 2476 5909 in
2500 5853 2606 5924 leg.
2638 5852 2706 5911 de
2733 5853 2934 5912 Comit.
2959 5854 3202 5914 Consist.
