3996 6292
480 284 590 342 099

1876 279 2123 340 SANCTI
2161 281 2484 341 AMBROSII

3651 282 3777 339 1000

479 398 662 454 solum
693 396 780 454 dic
811 397 1108 455 adversum
1135 397 1337 465 Deum,
1371 396 1469 453 sed
1494 395 1662 453 etiam
1694 397 1778 453 fac
1822 395 2088 453 adversus
2113 404 2168 467 Α
2194 398 2391 455 lterum
2436 398 2637 455 dicitur
2684 382 2974 455 mandasse
3019 399 3406 470 imperatorem
3455 414 3470 452 :
3520 397 3697 456 Debeo
3729 410 3774 454 et

484 489 681 546 Deum.
715 491 1000 546 Mandatur
1031 509 1045 546 :
1072 489 1252 546 Trade
1278 490 1474 546 altaria
1505 488 1621 545 Dei.

561 581 652 635 17.
685 580 959 654 Urgemur
990 582 1156 654 igitur
1185 581 1473 653 prteceptis
1504 580 1800 652 regalibus,
1824 581 1924 638 sed
1959 597 2091 638 con-

482 677 770 732 ﬁrmamur
818 676 1116 748 Scripturae
1159 675 1532 741 sermonibus,
1564 689 1688 746 qua:
1735 673 2024 746 respondit
2071 691 2087 730 :

484 769 779 840 Tamquam
819 787 921 825 una
951 786 1014 826 ea:
1055 769 1420 838 insipientibus
1451 769 1629 824 locuta
1669 785 1722 824 es
1751 767 1941 841 (Ibid.,
1976 766 2088 839 10).

484 864 606 920 Non
639 865 930 922 mediocris
958 865 1124 938 igitur
1151 864 1254 920 ista
1286 864 1550 931 tentatio;
1580 880 1816 934 namque
1842 863 2092 934 asperio-

481 972 573 1014 res
604 959 936 1015 tentationes
971 958 1068 1013 has
1098 971 1221 1014 esse
1251 957 1633 1028 cognovimus,
1665 973 1788 1028 quae
1827 958 1964 1012 fiunt
1993 971 2092 1028 per

481 1049 764 1108 mulieres.
791 1049 1036 1121 Denique
1059 1064 1156 1120 per
1183 1049 1352 1105 Evam
1374 1049 1542 1105 etiam
1567 1049 1741 1106 Adam
1766 1049 2092 1122 supplanta-

483 1149 572 1198 tus
601 1150 687 1198 est
712 1140 867 1212 (Gen.
912 1156 996 1208 ιιι,
1037 1140 1126 1212 6);
1174 1156 1351 1214 eoque
1397 1142 1620 1209 factum,
1656 1151 1713 1197 ut
1755 1142 1784 1196 a
1819 1141 2092 1198 mandatis

482 1236 798 1294 cmlestibus
824 1235 1089 1293 deviaret.
1123 1237 1244 1306 Quo
1273 1251 1464 1294 errore
1491 1238 1736 1309 cognito,
1764 1237 2094 1307 praevarica-

482 1330 636 1386 tricis
675 1330 1029 1386 conscientiae
1073 1345 1198 1386 reus
1244 1331 1417 1386 latere
1461 1331 1742 1402 cupiebat,
1776 1327 1874 1385 sed
1917 1328 2092 1385 latere

483 1440 594 1480 non
618 1434 867 1498 poterat;
888 1434 944 1483 et
970 1424 1094 1481 ideo
1115 1425 1194 1480 ait
1214 1423 1268 1480 ei
1291 1425 1436 1482 Deus
1461 1441 1476 1480 :
1502 1423 1692 1491 Adam,
1713 1425 1799 1478 ubi
1827 1439 1878 1479 es
1896 1421 2088 1495 (Ibid.,

483 1519 584 1588 9)?
617 1520 723 1576 hoc
748 1528 855 1586 est,
879 1520 1008 1591 quid
1030 1535 1154 1576 eras
1185 1519 1352 1576 ante?
1380 1519 1469 1575 ubi
1499 1533 1643 1574 nunc
1671 1532 1798 1573 esse
1827 1515 2091 1587 coepisti?

483 1613 576 1670 ubi
626 1622 682 1670 te
727 1614 1166 1671 constitueram?
1223 1628 1331 1684 quo
1389 1612 1507 1683 ipse
1567 1621 1943 1683 transgressus
1975 1609 2091 1666 es?

484 1710 751 1782 Agnoscis
777 1725 902 1767 esse
927 1719 980 1766 te
1012 1709 1240 1777 nudum,
1263 1709 1392 1782 quia
1426 1711 1583 1766 bona:
1609 1708 1929 1765 indumenta
1959 1707 2090 1764 fidei

2195 507 2296 564 ego
2329 508 2492 548 unam
2541 491 2820 548 basilicam
2852 491 3074 549 habere.
3110 503 3132 531 ο
3179 489 3462 562 Respondi
3493 507 3509 546 :
3547 489 3664 546 Non
3692 491 3777 546 tibi

2195 584 2324 640 licet
2351 584 2496 640 illam
2526 583 2751 641 habere.
2774 583 2914 652 Quid
2944 583 3043 640 tibi
3067 599 3189 640 cum
3212 583 3462 639 adultera
3483 582 3509 637 τ
3529 581 3776 639 Adultera

2191 688 2275 734 cst
2294 679 2460 746 enim,
2491 695 2614 750 qua:
2641 695 2748 735 nou
2787 687 2873 736 est
2899 677 3142 749 legitimo
3179 677 3383 735 Christi
3414 676 3669 748 conjugio
3692 690 3774 732 co-

2193 772 2395 842 palata.

2263 863 2352 919 20.
2384 863 2518 918 Dum
2544 864 2660 920 haec
2679 872 2874 930 tracto,
2894 873 3207 936 suggestum
3233 871 3320 921 est
3339 861 3473 919 mihi
3494 859 3522 900 ά
3551 862 3777 918 cortinas

2195 960 2371 1030 regias
2401 974 2522 1016 esse
2553 959 2836 1025 collectas,
2869 957 3130 1015 refertam
3157 968 3338 1014 autem
3370 956 3578 1030 populo
3603 955 3775 1013 basilio

2193 1065 2333 1118 eam,
2383 1052 2731 1122 praesentiam
2779 1053 2884 1108 mei
2937 1066 3199 1122 poscere;
3234 1051 3532 1122 statimque
3565 1065 3632 1106 eo
3660 1064 3778 1104 con-

2194 1143 2332 1200 verti
2357 1157 2672 1201 sermonem
2703 1159 2908 1213 meum,
2953 1143 3139 1201 dicens
3168 1161 3182 1200 :
3215 1143 3389 1213 Quam
3426 1143 3539 1198 alta
3577 1152 3633 1197 et
3662 1158 3774 1213 pro-

2191 1239 2356 1295 funda
2386 1240 2606 1296 oracula
2651 1251 2779 1296 sunt
2821 1240 3063 1311 Spiritus
3095 1241 3300 1296 sancti!
3335 1239 3613 1295 Matutinis
3641 1238 3775 1294 horis

2193 1332 2394 1390 lectum
2431 1343 2536 1401 est,
2565 1344 2622 1390 ut
2648 1335 2979 1392 meministis
3007 1334 3229 1402 fratres,
3262 1334 3406 1406 quod
3436 1349 3653 1390 summo
3675 1335 3777 1388 ani-

2193 1429 2264 1483 mi
2298 1428 2487 1484 dolore
2530 1429 2922 1500 respondemus
2973 1448 2986 1483 :
3035 1428 3202 1498 Deus,
3245 1440 3496 1486 venerunt
3521 1440 3690 1502 gentes
3729 1430 3776 1482 in

2193 1521 2543 1577 lmreditatem
2574 1533 2713 1577 tuam
2748 1521 2922 1595 (Psal.
2956 1538 3192 1588 Lxxvnt,
3221 1522 3300 1592 1).
3347 1523 3415 1578 Et
3449 1538 3511 1579 re
3540 1537 3667 1578 vera
3695 1537 3776 1578 ve-

2192 1628 2390 1672 nerunt
2419 1627 2632 1688 gentes,
2661 1626 2716 1674 et
2743 1618 2864 1689 plus
2887 1619 3050 1674 etiam
3079 1633 3240 1690 quam
3268 1628 3462 1690 gentes
3490 1627 3773 1680 venerunt;

2193 1722 2458 1768 venerunt
2483 1714 2630 1769 enim
2661 1713 2845 1781 Gothi,
2875 1722 2932 1770 et
2961 1713 3298 1771 diversarum
3331 1714 3614 1771 nationum
3644 1713 3774 1769 viri:

485 1803 794 1877 perdidisti.
842 1804 995 1862 Folia
1040 1815 1168 1862 sunt
1213 1805 1338 1873 ista,
1372 1804 1574 1876 quibus
1614 1819 1758 1860 nunc
1803 1803 1986 1859 velare
2033 1812 2086 1859 te
2113 1800 2162 1861 B
2191 1816 2459 1862 venerunt
2505 1822 2626 1864 cum
2665 1808 2858 1874 armis,
2906 1816 2961 1864 et
3013 1809 3327 1864 circumfusi
3383 1815 3779 1882 occupaverunt

485 1899 711 1970 quaeris.
749 1898 1070 1971 Repudiasti
1113 1897 1370 1964 fructum,
1403 1897 1506 1954 sub
1535 1897 1680 1954 foliis
1719 1895 1875 1969 Legis
1917 1897 2088 1953 latere

484 1991 663 2062 cupis,
696 1992 794 2048 sed
845 1992 1118 2064 proderis.
1169 1990 1455 2049 Recedere
1501 2007 1530 2047 a
1561 1991 1795 2047 Domino
1841 1991 1953 2047 Deo
1995 2000 2087 2046 tuo

486 2094 714 2156 propter
740 2087 1222 2158 unamzmulierem
1246 2087 1592 2156 desiderasti,
1629 2097 1919 2158 propterea
1949 2086 2088 2160 fugis

480 2195 644 2252 quem
673 2179 862 2238 videre
889 2180 1194 2252 quaerebas.
1218 2179 1354 2236 Cum
1387 2194 1491 2236 una
1519 2179 1750 2236 muliere
1781 2188 1834 2234 te
1855 2180 2088 2235 abscon-

482 2274 616 2332 dere
635 2274 898 2344 maluisti,
918 2275 1231 2344 relinquere
1253 2275 1536 2346 speculum
1560 2272 1770 2357 mundi,
1789 2272 2085 2328 incolatum

483 2369 744 2442 paradisi,
771 2369 1000 2441 gratiam
1039 2367 1263 2426 Christi.

559 2463 648 2520 18.
669 2463 812 2532 Quid
838 2463 1015 2520 dicam
1037 2462 1184 2534 quod
1211 2462 1374 2518 etiam
1403 2461 1583 2516 Ellam
1612 2459 1830 2517 Jezabel
1860 2469 2088 2516 eruente

485 2567 780 2630 persecuta
802 2564 890 2615 est
914 2557 1005 2628 (lll
1033 2556 1161 2629 Reg.
1187 2571 1307 2624 xix,
1333 2557 1356 2610 1
1387 2565 1434 2610 et
1457 2554 1626 2627 seq.)?
1648 2554 1794 2626 quod
1819 2554 2086 2611 Joannem

483 2651 784 2722 Baptistam
831 2649 1103 2707 Herodias
1144 2648 1274 2706 fecit
1318 2647 1494 2704 occidi
1536 2646 1776 2720 (Matth.
1821 2663 1932 2714 xtv,
1966 2648 2000 2702 3
2041 2657 2089 2702 et

483 2745 662 2816 seq.)l
711 2743 956 2817 Singula:
1000 2754 1178 2800 tamen
1229 2743 1494 2815 singulos,
1543 2741 1674 2798 mihi
1719 2757 1828 2813 quo
1875 2742 2086 2805 minora

485 2839 649 2911 longe
695 2839 913 2906 merita,
947 2853 1015 2895 eo
1044 2844 1375 2894 tentamenta
1414 2837 1684 2908 graviora.
1714 2837 1906 2893 Virtus
1940 2836 2088 2892 inlir-

486 2934 654 3002 mior,
687 2932 786 2990 sed
838 2932 965 3005 plus
1013 2933 1259 3005 periculi.
1301 2931 1616 2988 Succedunt
1661 2931 1766 2987 sibi
1798 2931 2087 2988 mulierum

484 3028 660 3096 vices,
691 3027 1036 3084 alternantur
1058 3027 1206 3092 odia,
1228 3034 1536 3082 commenta
1567 3023 1873 3092 variantur,
1901 3022 2088 3079 senio-

482 3139 574 3181 res
617 3123 1039 3190 conveniuntur,
1089 3121 1253 3195 857
1304 3117 1622 3192 praetexitur
1666 3119 1814 3189 regis
1861 3116 2084 3188 injuria.

2193 1899 2496 1956 basilicam.
2523 1901 2636 1957 Hoc
2659 1915 2759 1957 nos
2788 1901 2961 1972 ignari
2986 1911 3091 1958 tua:
3113 1901 3414 1958 altitudinis
3438 1902 3776 1969 dolebamus,

2195 2001 2218 2029 ε
2252 1991 2348 2049 sed
2376 2003 2561 2048 nostra
2593 1993 2960 2065 imprudentia
2992 1994 3141 2051 aliud
3181 1995 3532 2068 opinabatur.

2259 2086 2644 2144 21.Venerunt
2661 2096 2876 2160 gentes,
2893 2089 2988 2145 sed
3012 2105 3142 2146 vere
3165 2091 3217 2146 in
3243 2091 3618 2148 haereditatem
3643 2100 3777 2150 tuam

2191 2187 2496 2246 venerunt;
2520 2181 2611 2251 qui
2633 2182 2777 2237 enim
2799 2191 2988 2252 gentes
3011 2193 3303 2252 venerunt,
3336 2184 3468 2241 facti
3489 2195 3616 2242 sunt
3645 2186 3781 2242 chri-

2192 2273 2376 2329 stiani.
2411 2273 2514 2343 Qui
2561 2273 2630 2330 ad
2681 2276 3041 2334 invadendam
3071 2278 3444 2337 [nereditatem
3499 2291 3778 2349 venerunt,

2191 2364 2316 2422 facti
2367 2376 2496 2422 sunt
2525 2367 2843 2426 cobmredes
2887 2371 3005 2426 Dei.
3051 2371 3381 2430 Defensores
3413 2372 3615 2441 habeo,
3653 2390 3782 2446 quos

2191 2458 2672 2532 bostesfputabam
2723 2479 2735 2514 :
2787 2462 2971 2519 socios
3019 2471 3217 2531 teneo,
3256 2480 3395 2536 quos
3435 2465 3781 2522 adversarios

2191 2552 2548 2608 aestimabam.
2563 2552 2903 2625 Completum
2920 2557 3147 2613 estillud
3161 2559 3307 2629 quod
3327 2559 3397 2615 de
3416 2560 3781 2617 DominoJesu

2193 2645 2363 2702 David
2395 2647 2660 2720 propheta
2695 2649 2916 2718 cecinit,
2947 2652 3074 2722 quia
3097 2653 3268 2721 factus
3289 2663 3365 2708 est
3394 2655 3448 2708 in
3490 2671 3620 2724 pace
3648 2655 3783 2709 locus

2191 2744 2324 2813 ejus,
2359 2751 2413 2795 ct
2445 2759 2459 2794 :
2501 2740 2589 2796 Ibi
2629 2745 2884 2817 confregit
2928 2761 3124 2800 cornua
3150 2763 3390 2813 arcuum,
3421 2759 3651 2814 scutum,
3679 2749 3782 2820 gla-

2193 2834 2339 2887 dium
2367 2843 2416 2888 et
2467 2835 2657 2890 bellum
2680 2834 2856 2907 (Psal.
2889 2853 3054 2907 Lxxv,
3098 2839 3154 2905 5,
3195 2839 3276 2910 4).
3317 2840 3484 2912 Cujus
3509 2843 3654 2897 enim
3686 2843 3783 2898 hoc

2193 2942 2411 2994 munus,
2433 2930 2588 2999 cujus
2609 2944 2770 3000 opus,
2796 2931 2899 2986 nisi
2923 2943 3097 3000 tuum,
3121 2933 3352 2991 Domine
3371 2934 3500 2992 Jesu
3519 2936 3542 2990 ?
3559 2935 3782 2994 Videbas

2193 3017 2260 3072 ad
2285 3019 2548 3090 templum
2582 3032 2734 3078 tuum
2761 3032 3003 3081 armatos
3033 3026 3221 3082 venire
3250 3043 3264 3081 :
3292 3026 3422 3084 hinc
3441 3042 3653 3099 gemere
3682 3044 3780 3100 po-

2195 3112 2405 3183 pulum,
2437 3123 2493 3169 et
2534 3113 2878 3184 frequentem
2925 3117 3139 3187 adesse,
3197 3118 3216 3158 τ
3267 3137 3336 3178 ne
3367 3123 3642 3180 basilicam
3688 3123 3780 3178 Dei

483 3221 620 3287 Qua:
668 3219 811 3275 ratio
865 3216 1031 3290 igitur
1091 3225 1178 3272 est
1230 3214 1495 3272 adversus
1543 3213 1688 3269 hunc
1731 3211 2086 3269 vermiculum
2117 3200 2162 3264 C
2195 3205 2411 3264 tradere
2436 3207 2904 3268 videreturzinde
2924 3213 3031 3267 vim
3056 3213 3324 3272 militibus
3345 3216 3624 3289 imperari.
3645 3217 3783 3274 Mors

484 3310 798 3383 ||gravioris
826 3307 1171 3374 tentationis,
1205 3307 1310 3363 nisi
1347 3307 1472 3378 quia
1504 3320 1613 3362 non
1641 3319 1752 3372 me,
1774 3303 1870 3360 sed
1897 3301 2090 3359 Eccle-

487 3403 627 3461 siam
658 3405 1103 3477 persequuntur?

556 3499 648 3556 19.
673 3499 967 3555 Maudatur
989 3497 1224 3568 denique
1255 3514 1269 3553 :
1299 3495 1478 3554 Trade
1508 3494 1813 3551 basilicam.
1840 3492 2089 3564 Respon-

482 3592 590 3648 deo
616 3609 630 3646 :
654 3591 769 3648 Nec
789 3591 924 3647 mihi
953 3590 1032 3646 fas
1053 3599 1136 3646 est
1163 3589 1380 3645 tradere
1401 3631 1416 3656 ,
1442 3603 1546 3645 nec
1565 3587 1664 3643 tibi
1687 3588 1956 3658 accipere,
1983 3584 2089 3640 lm-

485 3693 728 3754 perator,
782 3682 1024 3755 expedit.
1062 3683 1289 3739 Domum
1323 3681 1516 3754 privati
1563 3681 1716 3736 nullo
1760 3689 1919 3752 potes
1959 3679 2085 3750 jure

485 3789 781 3848 temerare,
809 3778 1034 3836 domum
1065 3777 1163 3835 Dei
1195 3777 1482 3835 existimas
1511 3774 1908 3832 auferendam‘t
1935 3772 2087 3830 Alle-

481 3885 642 3948 gatur
671 3875 989 3946 imperatori
1021 3873 1191 3930 licere
1220 3871 1425 3940 omnia,
1451 3870 1620 3944 ipsius
1647 3885 1772 3927 esse
1802 3872 2079 3926 universa.

484 3968 816 4042 Respondeo
849 3967 1008 4025 :Noli
1040 3976 1092 4024 te
1119 3982 1369 4040 gravare,
1403 3965 1727 4036 Imperator,
1761 3973 1819 4018 ut
1845 3973 2004 4034 putes
2033 3971 2087 4018 te

485 4066 543 4121 in
575 4080 661 4133 ea,
702 4062 731 4103 ι)
761 4078 884 4136 qua:
909 4062 1091 4119 divina
1123 4069 1269 4129 sunt,
1304 4057 1570 4130 imperiali
1613 4055 1833 4127 aliquod
1869 4056 1960 4125 jus
1989 4054 2086 4110 ba-

484 4159 637 4216 bere.
669 4157 793 4214 Noli
837 4167 889 4214 te
916 4156 1203 4222 extollere,
1247 4154 1344 4211 sed
1371 4154 1417 4211 si
1446 4153 1529 4210 vis
1554 4152 1763 4209 diutius
1791 4152 2083 4222 imperare,

487 4261 606 4310 esto
629 4252 742 4308 Deo
769 4249 1042 4306 subditus.
1065 4247 1342 4319 Scriptum
1366 4255 1452 4304 est
1483 4265 1496 4301 :
1523 4247 1656 4315 Quae
1683 4246 1781 4303 Dei
1811 4246 1945 4313 Deo,
1968 4261 2088 4315 qua:

485 4345 719 4400 Caesaris
746 4342 950 4398 Caesari
981 4341 1202 4413 (Matth.
1245 4355 1377 4406 xxu,
1411 4340 1533 4412 21).
1565 4338 1648 4394 Ad
1697 4339 2082 4408 imperatorem

487 4437 690 4510 palatia
731 4434 1027 4507 pertinent,
1056 4434 1122 4489 ad
1151 4433 1494 4489 sacerdotem
1524 4431 1804 4488 Ecclesiae.
1836 4430 2087 4487 Publico-

486 4545 608 4589 rum
631 4529 726 4588 tibi
749 4528 1006 4585 mmnium
1025 4526 1115 4599 jus
1137 4526 1493 4582 commissum
1517 4532 1623 4592 est,
1645 4539 1752 4580 non
1777 4539 2079 4581 sacrorum.

2191 3311 2315 3358 ante
2344 3302 2533 3359 oculos
2569 3303 2735 3370 mihi;
2768 3321 2838 3362 ne
2865 3305 2994 3378 quid
3028 3309 3168 3364 inter
3199 3310 3318 3366 lucc
3358 3311 3526 3367 furori
3552 3312 3738 3368 liceret
3765 3328 3779 3371 :

2190 3395 2471 3453 inseruisti
2517 3409 2588 3465 te,
2626 3398 2875 3466 Domine,
2923 3400 3189 3468 medium,
3238 3411 3294 3459 et
3341 3403 3524 3461 fecisti
3568 3414 3780 3477 utraque

2190 3504 2358 3545 unum
2393 3489 2614 3565 (Ephes.
2646 3507 2706 3558 ιι,
2741 3490 2855 3566 14).
2877 3491 3278 3565 Compescuisti
3311 3507 3579 3566 armatos,
3607 3498 3779 3554 dicens

2189 3583 2440 3654 profecto
2467 3603 2479 3637 :
2503 3585 2560 3641 Si
2589 3585 2658 3641 ad
2686 3600 2840 3643 arma
2879 3589 3248 3658 concurritur,
3278 3590 3448 3665 858
3479 3592 3527 3647 si
3573 3592 3627 3648 in
3658 3601 3777 3648 tem-

2191 3676 2283 3749 plo
2313 3693 2439 3735 meo
2470 3687 2495 3727 ε
2525 3678 2698 3736 clausi
2726 3693 3169 3750 commoventur,
3205 3699 3322 3754 qua
3356 3685 3562 3741 utilitas
3586 3686 3639 3740 in
3664 3702 3775 3740 san-

2193 3771 2351 3842 guine
2381 3789 2491 3829 meo
2540 3771 2722 3846 (Deut.
2770 3789 2942 3844 xxxii,
2997 3774 3129 3849 56)?
3175 3776 3391 3834 Gratias
3435 3779 3624 3850 itaque
3667 3778 3772 3845 tibi,

2193 3864 2430 3922 Christe.
2449 3865 2569 3922 Non
2601 3869 2831 3940 legatus,
2851 3885 3029 3940 neque
3055 3870 3299 3937 nuntius,
3324 3871 3420 3928 sed
3445 3883 3524 3940 tu,
3547 3872 3771 3936 Domine,

2193 3961 2390 4014 salvum
2437 3961 2606 4030 fecisti
2661 3964 2912 4036 pupulum
2957 3978 3098 4020 tuum
3151 3981 3170 4020 :
3234 3967 3539 4022 conscidisti
3585 3981 3773 4021 saccum

2192 4069 2386 4121 meum,
2414 4063 2460 4110 et
2491 4055 2814 4126 praecinxisti
2845 4073 2926 4112 me
2950 4057 3130 4112 laetitia
3159 4057 3337 4131 (Psal.
3373 4076 3526 4123 xxix,
3558 4059 3643 4126 10,
3676 4057 3771 4129 12).

2262 4148 2352 4203 22.
2382 4149 2510 4206 Haec
2539 4165 2640 4224 ego
2681 4149 2956 4217 dicebam,
3003 4151 3234 4208 miratus
3278 4152 3630 4224 imperatoris
3665 4153 3770 4207 ani-

2192 4259 2338 4299 mum
2380 4244 2563 4300 studio
2611 4245 2872 4312 militum,
2905 4247 3296 4303 obsecratione
3325 4247 3617 4314 comitum,
3658 4260 3766 4316 pre-

2189 4345 2312 4392 catu
2344 4336 2530 4407 populi
2566 4351 2731 4407 posse
2759 4338 3072 4394 mitescere.
3104 4337 3318 4396 Interea
3347 4341 3630 4396 nuntiatur
3654 4336 3770 4394 mihi

2187 4430 2414 4485 missum
2446 4427 2474 4467 ιι
2495 4431 2790 4498 notarium,
2825 4430 2916 4502 qui
2945 4431 3200 4487 mandata
3231 4431 3502 4491 deferret.
3527 4433 3768 4490 COIICCrSl

2188 4523 2490 4595 paululum,
2519 4523 2836 4580 mandatum
2882 4523 3113 4580 iutimat.
3147 4525 3290 4592 Quid
3323 4525 3422 4581 tibi
3466 4529 3637 4582 visum
3677 4533 3763 4586 est,

556 4681 582 4708 ιι
610 4671 686 4726 lta
716 4684 847 4726 mss.
880 4668 1087 4740 plures,
1111 4650 1166 4723 et
1183 4665 1426 4738 potiores
1459 4683 1472 4719 :
1501 4665 1594 4740 alii
1619 4679 1770 4740 vero,
1806 4663 2074 4740 grauiores
2100 4665 2155 4727 Ι)
2179 4675 2369 4740 parum
2390 4660 2937 4740 necessaria,etextu
2950 4661 3306 4740 expungenda
3325 4679 3435 4720 non
3458 4666 3760 4740 putavimus.

482 4743 787 4801 lentationes
817 4757 836 4796 :
865 4734 1007 4812 quod
1050 4749 1111 4795 ut
1158 4734 1456 4812 congruum
1498 4738 1639 4793 ellici
1689 4734 1892 4807 posset,
1939 4734 2073 4791 edit.

481 4817 864 4890 praemiserunt
884 4811 1123 4890 verbum
1143 4811 1360 4890 moueri.
1717 4877 1750 4890 η
1800 4877 1812 4890 _

550 4888 579 4929 δ
607 4885 1029 4957 lmpcratoribus
1060 4885 1112 4939 in
1142 4883 1442 4957 Ecclesiam
1475 4894 1673 4951 resque
1699 4877 1921 4957 divinas
1951 4879 2075 4934 nul-

479 4961 592 5017 lum
625 4949 715 5031 jus
745 4973 868 5016 esse
899 4961 1014 5028 jam
1054 4970 1241 5031 sup_ra_
1260 4955 1474 5031 dixerat
1502 4949 1726 5031 sanctus
1755 4949 1979 5031 Doctor,
2023 4961 2076 5005 et

477 5021 867 5104 infmiquqque
897 5021 948 5084 in
975 5042 1076 5104 suo
1099 5021 1166 5081 ad
1197 5022 1637 5104 Valentinianum
1668 5022 1857 5104 libello
1887 5021 2072 5104 denuo

479 5093 698 5174 repetit.
732 5093 880 5158 Hanc
909 5101 1196 5174 veritatem
1237 5097 1453 5174 plurimi
1497 5111 1560 5151 ac
1597 5093 1927 5174 sanctissimi
1968 5093 2068 5174 viri

481 5165 760 5232 laboribus
791 5171 1113 5236 innumeris,
1143 5179 1198 5224 et
1235 5165 1562 5239 quandoque
1597 5166 1767 5239 etiam
1798 5165 2071 5239 sanguine

479 5248 700 5318 proprio
723 5244 880 5300 tutati
902 5251 1051 5299 sunt.
1077 5240 1184 5318 A_lii
1205 5236 1337 5318 vero
1358 5253 1485 5318 eam_
1505 5237 1660 5292 libris
1682 5236 1847 5318 editis
1871 5237 2070 5318 invicte

481 5307 1080 5388 propugnarunt,quns
1107 5313 1246 5388 inter
1271 5309 1556 5388 Facundos
1578 5316 1767 5362 contra
1792 5307 2068 5388 libr._.lus-

481 5377 836 5443 iiquésaris
863 5377 1106 5440 adversus
1133 5383 1232 5438 tria
1257 5380 1488 5452 capitula
1509 5379 1578 5452 de
1601 5377 2064 5452 magnanimitate,

481 5473 585 5528 qua
614 5459 874 5516 Ecclesiae
898 5457 1024 5527 jura
1045 5455 1114 5510 ab
1139 5450 1411 5528 episcopis
1441 5450 1787 5528 defendenda
1813 5455 1956 5528 sunt,
1981 5463 2069 5504 va-

483 5520 760 5584 lidissimis
787 5520 1027 5600 disp'utat
1050 5520 1406 5599 argumentis,
1431 5521 1526 5578 sed
1554 5521 1827 5592 praecipue
1848 5520 1940 5575 lib.
1973 5535 2068 5586 xu,

487 5613 646 5665 quem
676 5601 921 5655 consule.

560 5678 585 5705 ο
607 5666 871 5739 Respondi
900 5684 919 5722 :
955 5668 1074 5744 Non
1108 5670 1199 5744 tibi
1240 5669 1355 5724 licet
1383 5668 1527 5722 illaut
1554 5663 1762 5744 habere,
1791 5661 1989 5744 desunt
2017 5661 2070 5716 iu

489 5749 622 5807 mss.
643 5734 814 5807 prope
833 5739 1104 5795 omnibus.
1154 5740 1355 5794 Verum
1375 5755 1496 5794 cum
1519 5752 1627 5792 nou
1651 5734 1828 5790 solum
1856 5734 2038 5807 in_cun
2055 5762 2073 5778 ο

490 5804 592 5863 etis
620 5804 762 5863 edit.‘
785 5807 1112 5878 habeantur,
1140 5811 1238 5867 sed
1266 5809 1723 5868 etiamvideantur
1745 5805 1933 5863 sensui
1965 5818 2070 5860 non

2255 4731 2283 4769 ά
2310 4733 2554 4808 Cortina:
2581 4735 2747 4804 regia:
2776 4734 2892 4808 vela
2928 4731 3176 4808 quaedam
3215 4747 3396 4802 erant,
3431 4731 3555 4808 quae
3583 4737 3764 4794 alicubi

2180 4804 2680 4930 (SiuSpenldebantur,
2711 4811 2769 4859 ut
2801 4805 2953 4860 locus
2985 4805 3038 4860 in
3070 4806 3201 4864 fisco
3246 4804 3513 4881 principis
3549 4825 3663 4866 esse
3693 4811 3766 4862 in-

2222 4891 2368 4930 icare
2397 4891 2479 4930 ur.

2222 4879 2301 4931 ica
2311 4885 2479 4931 retur.

2256 4957 2279 4985 ε
2308 4947 2438 5002 Mss.
2483 4947 2712 5018 aliquot,
2753 4951 2844 5005 sed
2886 4958 3065 5004 nostra
3103 4949 3445 5022 impudentia.
3490 4951 3608 5017 Non
3642 4950 3762 5006 satis

2181 5028 2351 5074 recte.

2256 5088 2275 5129 ί
2305 5088 2510 5145 Omnes
2537 5090 2699 5158 edit.,
2723 5108 2786 5147 ne
2815 5091 3032 5146 basilica
3059 5090 3155 5147 Dei
3182 5093 3497 5151 traderetur.
3526 5095 3648 5150 Inde
3671 5095 3763 5150 vim

2178 5162 2449 5225 militibus,
2478 5161 2782 5232 imperatori
2808 5180 2827 5217 :
2855 5174 3072 5220 mortem
3102 5169 3221 5220 ante
3247 5167 3450 5221 oculos.
3478 5165 3605 5223 Mss.
3631 5178 3690 5223 ut
3715 5167 3762 5220 in

2179 5242 2460 5306 contextu,
2492 5232 2597 5306 nisi
2634 5234 2778 5306 quod
2812 5249 2914 5304 pro
2935 5237 3330 5306 oimrmilitibsts,
3355 5246 3494 5306 etc.,
3526 5238 3632 5294 duo
3673 5239 3765 5294 ba-

2179 5249 2460 5297 conteXtu,
2492 5249 2596 5288 utsr
2634 5249 2778 5358 (inoo
2812 5249 2914 5304 pro
2935 5251 3035 5289 otm
3058 5249 3330 5302 militibus,
3355 5249 3494 5306 etc.,
3526 5249 3632 5294 duo
3673 5249 3765 5294 ha-

2178 5304 2330 5371 bent,
2354 5314 2410 5358 ut
2435 5322 2466 5358 a
2489 5303 2638 5359 militi
2678 5321 2737 5359 us
2760 5305 3085 5375 imperatoris
3106 5324 3242 5362 mors
3269 5317 3388 5362 ante
3406 5312 3603 5365 oculos.
3626 5310 3766 5366 Unus

2179 5390 2308 5443 ms.,
2341 5375 2988 5450 Compescuistiarmatos,
3021 5379 3176 5434 duces
3201 5389 3250 5434 et
3280 5383 3571 5450 praefectos.
3602 5381 3662 5438 Si
3686 5396 3766 5434 ar-

2178 5464 2262 5501 ma
2278 5456 2613 5514 concurrunt,
2637 5448 2682 5502 si
2707 5449 2760 5502 in
2792 5450 2982 5517 templo
3004 5466 3114 5504 meo
3139 5448 3326 5516 clausi,
3355 5460 3467 5507 etc.

2252 5529 2276 5565 8
2301 5519 2378 5574 lta
2409 5533 2578 5584 mss.;
2607 5519 2742 5575 edit.
2770 5535 2921 5587 vero,
2957 5521 3021 5575 lis
3051 5533 3413 5577 commovetur.
3443 5523 3614 5580 Minus
3641 5540 3768 5580 cou-

2181 5590 2360 5663 ciune.
2389 5589 2646 5646 Nonnulli
2673 5606 2832 5663 mss,
2855 5591 3018 5663 gladii
3047 5605 3450 5650 commoventur.
3480 5595 3620 5652 Infra
3644 5611 3768 5652 vero

2181 5662 2272 5736 ubi
2293 5676 2486 5736 omnes
2518 5676 2650 5736 mss.
2673 5661 2880 5734 legunt,
2908 5664 3132 5736 miratus
3154 5666 3523 5736 imperatoris;
3545 5667 3770 5724 habetur

2181 5731 2235 5787 in
2252 5733 2518 5804 omnibus
2547 5732 2708 5799 edit.,
2730 5731 2874 5789 ratus
2899 5731 3245 5804 imperatoris.

2252 5800 2279 5839 ¹ι
2309 5803 2434 5858 Tria
2480 5813 2635 5862 erant
2687 5800 2991 5862 olhciorum
3037 5823 3260 5879 genera,
3305 5810 3467 5881 queis
3494 5809 3562 5867 ad
3598 5810 3772 5883 perfe~
