3996 6292
175 297 304 354 1001

1394 304 1823 364 EPIS'I'OLARU
1833 305 1882 362 Μ
1917 306 2191 364 CLASSIS
2231 307 2266 361 1.

3330 315 3469 374 1002

177 409 372 478 inquit,
399 418 458 466 ut
483 419 673 468 contra
697 414 951 483 placitum
983 415 1229 471 faceres?
1256 416 1533 486 Respondi
1565 436 1580 473 :
1609 419 1765 488 Quod
1793 420 1841 480 Α
1867 418 2049 488 justus
2078 420 2242 475 etiam
2275 419 2540 476 offensam
2575 420 2902 478 contrahere
2945 425 3232 493 voluisset,
3274 442 3344 484 ne
3383 430 3468 484 vel

177 503 433 573 placitum
465 505 536 560 sit
577 505 791 576 ignoro,
830 505 1031 578 quidve
1063 518 1268 565 temere
1299 509 1500 566 factum
1534 511 1765 579 dicatur,

180 596 447 653 incertum
475 598 670 656 habeo.
703 601 796 656 Ait
826 618 839 654 :
870 599 981 656 Cur
1009 602 1358 674 presbyteros
1383 603 1450 658 ad
1490 604 1771 660 basilicam

177 689 496 746 destinasti?
513 692 570 750 Si
597 704 863 766 tyrannus
885 709 964 761 es,
981 694 1123 751 scire
1145 694 1297 760 volo;
1318 703 1375 751 ut
1396 697 1563 752 sciam
1586 713 1774 768 quem-

179 781 472 839 admodum
501 799 592 841 me
621 785 911 843 adversum
943 796 996 844 te
1019 802 1340 859 prteparem.
1365 787 1547 844 Retuli
1587 790 1775 847 dicens

182 889 271 930 me
300 874 440 930 nihil
479 876 533 932 in
564 877 936 948 pra'judicium
965 878 1161 937 iecisse
1198 881 1459 938 Ecclesiae
1494 899 1507 936 :
1541 897 1608 939 eo
1639 893 1775 940 tem—

178 982 312 1038 pore
333 983 441 1040 quo
461 969 744 1030 audieram
778 981 1103 1044 occupatam
1126 989 1249 1030 esse
1274 988 1304 1028 a
1331 973 1599 1031 militibus
1621 974 1775 1032 basi-

181 1059 341 1117 licam
367 1104 382 1129 ,
425 1063 688 1134 gemitum
734 1066 1109 1122 tantummodo
1145 1067 1458 1123 liberiorem
1488 1065 1773 1134 habuisse,

180 1157 474 1228 multisque
507 1158 923 1216 adhortantibus
966 1170 1027 1216 ut
1071 1175 1137 1218 eo
1179 1175 1487 1233 pergerem,
1519 1160 1730 1218 dixisse
1761 1178 1774 1213 :

179 1247 421 1306 Tradere
442 1250 722 1307 basilicam
752 1267 860 1308 non
890 1267 1136 1324 possum,
1169 1253 1265 1308 sed
1289 1268 1532 1324 pugnare
1556 1269 1662 1310 non
1685 1253 1776 1309 de-

180 1340 303 1397 beo.
333 1342 522 1399 Postea
550 1358 681 1399 vero
722 1359 884 1416 quam
913 1346 1274 1416 cognoverim
1311 1346 1558 1402 cortinas
1598 1346 1781 1417 regias

183 1433 309 1490 inde
333 1449 456 1492 esse
487 1437 764 1502 sublatas,
815 1453 941 1496 cum
974 1453 1063 1494 me
1103 1437 1339 1508 populus
1375 1453 1444 1494 eo
1485 1437 1566 1494 ire
1601 1437 1777 1508 depo-

182 1537 383 1596 sceret,
401 1528 673 1586 direxisse
696 1532 1082 1604 presbyteros;
1108 1546 1196 1586 me
1215 1538 1396 1586 tamen
1413 1531 1658 1587 noluisse
1679 1531 1780 1598 ire,

181 1621 278 1678 sed
307 1622 515 1679 dixisse
548 1641 564 1680 :
605 1623 785 1680 Credo
828 1624 884 1680 in
924 1623 1148 1680 Christo
1178 1623 1324 1696 quod
1353 1623 1471 1695 ipse
1501 1624 1782 1681 nobiscum

182 1714 346 1772 faciet
373 1717 694 1787 imperator.

1875 520 2166 580 spectaret,
2191 512 2275 567 vel
2297 511 2648 570 denuntiaret
2669 515 2945 571 excidium
2971 517 3200 573 civitati.
3229 518 3301 575 Et
3321 523 3466 591 quod

1873 603 2104 675 lugubre
2129 613 2276 661 esset
2315 605 2446 661 illud
2488 605 2716 673 dictum,
2746 607 3107 665 contristatus
3133 626 3350 682 quoque
3376 613 3470 675 sit,

1875 697 2021 768 quod
2065 698 2298 754 arnisset
2337 699 2640 756 cucurbita.
2688 700 2862 757 Deum
2892 716 3112 772 quoque
3156 702 3359 760 dixisse
3405 705 3473 760 ad

1875 788 2198 860 prophetam
2225 807 2242 845 :
2271 791 2334 847 Si
2363 793 2526 847 tristis
2555 809 2608 848 es
2638 810 2734 864 pro
2762 794 3068 849 cucurbita?
3104 795 3476 866 Respondisse

1876 878 2074 935 Jonam
2104 898 2118 934 :
2154 879 2362 936 Tristis.
2406 882 2622 939 Dixisse
2643 883 2955 952 Dominum,
2988 885 3031 940 si
3079 885 3212 941 illud
3259 887 3475 943 doleret

1879 971 2024 1042 quod
2046 982 2240 1029 exusta
2261 982 2412 1030 esset
2437 975 2747 1042 cucurbita,
2771 977 2978 1047 quanto
3007 979 3179 1048 magis
3201 979 3306 1036 sibi
3331 995 3478 1037 cura:

1877 1078 2002 1120 esse
2043 1073 2299 1136 oportere
2345 1074 2512 1122 tanta:
2543 1066 2720 1138 plebis
2759 1067 3034 1124 salutem!
3069 1068 3139 1124 Et
3167 1069 3292 1127 ideo
3325 1073 3472 1127 exci-

1879 1155 2054 1222 dium,
2083 1156 2226 1224 quod
2260 1167 2508 1228 paratum
2539 1159 2635 1214 toti
2671 1157 2791 1214 urbi
2817 1157 3014 1226 fuerat,
3047 1162 3366 1218 removisse.

1951 1248 2043 1304 26.
2087 1248 2198 1305 Nec
2226 1265 2401 1319 mora,
2426 1251 2706 1307 nuntiatur
2732 1253 3118 1323 imperatorem
3145 1253 3394 1323 jussisse,
3424 1267 3483 1310 nt

1882 1342 2202 1398 recederent
2231 1343 2435 1400 milites
2459 1344 2530 1400 de
2576 1344 2840 1400 basilica:
2889 1345 3320 1416 negotiatoribus
3349 1364 3486 1416 quo—

1881 1450 2011 1505 que,
2064 1446 2085 1473 ο
2119 1434 2265 1507 quod
2293 1437 2470 1492 exacti
2497 1436 2566 1492 de
2594 1437 3052 1495 condemnatione
3092 1439 3325 1506 fuerant,
3358 1441 3487 1498 red-

1883 1529 2126 1586 deretur.
2159 1529 2293 1598 Quae
2317 1539 2447 1587 tunc
2472 1531 2647 1602 plebis
2679 1533 2847 1588 totius
2873 1533 3056 1588 laetitia
3083 1534 3220 1591 fuit!
3273 1536 3365 1606 qui
3397 1545 3485 1592 to-

1885 1624 1994 1678 tius
2040 1624 2228 1694 populi
2255 1624 2665 1696 plaususlquae
2713 1626 2936 1694 gratiae!
2981 1625 3114 1682 Erat
3143 1637 3324 1684 autem
3368 1629 3486 1685 dies

1885 1731 1996 1788 quo
2026 1731 2150 1774 sese
2177 1716 2443 1774 Dominus
2457 1732 2554 1788 pro
2579 1718 2738 1773 nobis
2755 1718 2976 1774 tradidit
2993 1761 3008 1785 ,
3033 1721 3209 1790 quoin
3243 1720 3489 1777 Ecclesia

253 1807 349 1862 ‘23.
372 1808 432 1864 Si
465 1807 581 1864 haec
609 1808 913 1880 tyrannidis
953 1809 1229 1876 videntur,
1264 1809 1443 1866 habeo
1472 1825 1645 1876 arma,
1688 1809 1783 1866 sed
1816 1843 1866 1903 Β
1889 1809 2210 1880 paenitentia
2242 1809 2541 1866 relaxatur.
2569 1809 2830 1865 Certatim
2857 1810 2961 1866 hoc
2987 1813 3238 1868 nuntiare
3264 1813 3485 1879 milites,

181 1898 238 1956 in
264 1897 474 1956 Christi
502 1902 721 1957 nomine
746 1919 761 1956 :
786 1900 964 1958 habeo
993 1901 1255 1958 oﬂ'erendi
1282 1903 1387 1959 mei
1417 1901 1669 1974 corporis
1692 1916 1789 1972 po-
1816 1897 1859 1903 ”
1895 1903 2170 1958 irruentes
2195 1902 2248 1957 in
2279 1902 2492 1965 altaria,
2517 1901 2717 1958 osculis
2748 1903 3056 1974 significare
3084 1905 3233 1975 pacis
3259 1905 3490 1974 insigne.

182 2003 468 2052 testatem.
495 1994 636 2064 Quid
660 2005 972 2052 moraretur
999 1996 1188 2063 ferire,
1217 1996 1264 2051 si
1305 2004 1595 2070 tyrannum
1629 2005 1788 2066 puta-

181 2089 307 2143 ret?
340 2095 365 2124 α
404 2086 582 2142 Veteri
618 2086 746 2158 jure
783 2103 814 2142 a
865 2087 1242 2144 sacerdotibus
1287 2087 1487 2144 donata
1536 2088 1784 2159 imperia,

183 2195 296 2237 non
329 2189 587 2251 usurpata
628 2197 644 2235 :
685 2189 741 2236 et
772 2181 937 2252 vulgo
975 2180 1079 2237 dici
1120 2181 1267 2252 quod
1315 2181 1678 2251 imperatores
1707 2197 1794 2236 sa-

183 2272 496 2331 cerdotium
536 2273 708 2344 magis
736 2273 1068 2344 optaverint,
1098 2289 1261 2344 quam
1290 2273 1584 2344 imperium
1611 2288 1795 2330 sacer-

185 2366 369 2424 dotes.
412 2365 669 2424 Christus
705 2366 866 2438 fugit,
907 2382 976 2423 ne
1009 2381 1106 2424 rex
1153 2367 1310 2424 fleret
1346 2365 1529 2428 (Joan.
1564 2383 1640 2434 vr,
1676 2367 1794 2439 l5).

187 2460 473 2516 Habemus
502 2459 850 2532 tyrannidem
881 2467 1146 2516 nostram.
1177 2459 1450 2530 Tyrannis
1467 2457 1793 2524 sacerdotis,

188 2552 482 2609 inﬁrmitas
511 2560 597 2608 est
627 2569 642 2606 :
672 2551 802 2606 Cum
828 2551 1302 2620 inﬁrmor,inquit,
1332 2561 1453 2606 tunc
1475 2560 1656 2621 potens
1683 2567 1798 2605 sum

187 2644 262 2715 (ll
292 2641 414 2699 Cor.
448 2659 545 2710 xn,
571 2643 686 2713 l0).
710 2641 917 2699 Cavere
938 2651 1124 2713 tamen.
1147 2656 1216 2698 ne
1243 2640 1362 2712 ipse
1383 2641 1486 2697 sibi
1507 2649 1796 2713 tyrannum

187 2736 426 2801 faceret,
456 2735 543 2792 cui
576 2735 724 2790 Deus
764 2732 1144 2791 adversarium
1173 2747 1280 2790 non
1309 2732 1592 2788 excitavit.
1624 2731 1652 2771 δ
1679 2731 1800 2788 Non

192 2831 305 2886 hoc
330 2828 627 2885 maximum
654 2827 864 2894 dicere,
888 2826 1032 2898 quod
1060 2836 1323 2898 tyrannus
1347 2840 1449 2898 ego
1478 2825 1581 2881 sim
1603 2823 1802 2881 Valen-

192 2921 416 2988 tiniani,
461 2921 554 2994 qui
593 2935 654 2977 se
696 2935 835 2976 meae
878 2920 1168 2992 legationis
1207 2919 1426 2992 objectu
1455 2919 1706 2990 queritur
1735 2917 1803 2974 ad

191 3015 409 3072 Italiam
439 3029 546 3070 non
573 3011 818 3084 potuisse
843 3011 1104 3068 transire.
1128 3009 1326 3066 Addidi
1352 3010 1478 3080 quia
1505 3023 1802 3080 numquam

191 3109 516 3168 sacerdotes
547 3107 766 3180 tyranni
792 3106 1037 3176 fuerunt,
1069 3105 1168 3164 sed
1193 3113 1462 3177 tyrannos
1497 3117 1647 3174 saepe
1677 3110 1808 3158 sunt

192 3206 371 3278 passi.

268 3295 368 3351 24.
402 3294 638 3351 Exactus
668 3303 754 3352 est
781 3303 931 3350 totus
955 3292 1049 3370 ille
1075 3292 1195 3349 dies
1215 3292 1270 3348 in
1299 3306 1540 3349 maerore
1568 3300 1758 3348 nostro
1790 3309 1801 3344 :

191 3389 396 3445 scissa:
423 3394 602 3442 tamen
635 3385 704 3441 ab
735 3385 1091 3442 illudentibus
1131 3384 1316 3455 pueris
1347 3384 1574 3441 cortinae
1616 3385 1802 3455 regiae.

194 3477 316 3550 Ego
347 3477 576 3534 domum
606 3475 789 3533 redire
811 3491 920 3532 non
949 3477 1134 3548 potui;
1161 3477 1286 3546 quia
1308 3476 1626 3532 circumfusi
1649 3488 1808 3533 erant

190 3569 432 3636 milites,
465 3568 558 3639 qui
599 3567 884 3624 basilicam
921 3565 1325 3622 custodiebant.
1365 3564 1503 3622 Cum
1544 3565 1808 3625 fratribus

191 3659 448 3731 psalmos
480 3658 533 3714 in
563 3658 813 3715 ecclesiae
833 3656 1058 3713 basilica
1081 3657 1293 3712 minore
1313 3656 1577 3719 diximus.

267 3752 365 3807 25.
410 3751 676 3822 Sequenti
705 3749 795 3806 die
823 3751 997 3805 lectus
1026 3757 1112 3806 est
1151 3750 1222 3806 de
1250 3765 1404 3807 more
1449 3751 1592 3808 liber
1632 3753 1806 3820 Jonas,

192 3860 312 3916 quo
337 3842 646 3914 completo,
678 3842 822 3898 hunc
849 3855 1160 3898 sermonem
1191 3840 1426 3898 adorsus
1453 3857 1574 3898 sum
1604 3861 1618 3898 :
1649 3842 1811 3900 Liber

192 3940 382 3997 lectus
411 3947 518 4004 est,
545 3939 763 4002 fratres,
793 3951 903 4009 quo
928 3936 1288 4007 prophetatur
1308 3936 1455 4007 quod
1490 3945 1811 4008 peccatores

191 4031 251 4088 in
285 4029 679 4102 ptenitentiam
701 4036 1073 4084 revertantur.
1097 4027 1395 4098 Acceptum
1419 4037 1503 4085 est
1528 4029 1622 4094 ita,
1644 4029 1813 4104 859

191 4111 260 4180 ut
288 4130 619 4196 speraretur
645 4120 700 4176 in
732 4119 996 4192 prasenti
1026 4117 1289 4174 futurum.
1333 4118 1533 4175 Addidi
1559 4121 1706 4191 quod
1732 4123 1817 4178 vir

193 4327 376 4388 renda
403 4331 619 4382 secreta
649 4320 904 4377 mandata
933 4321 1226 4377 utebantur
1253 4321 1635 4392 imperatores,
1663 4320 1809 4376 scili-

191 4411 287 4458 cet
331 4395 572 4462 notarii,
605 4393 809 4448 tribuni
839 4403 896 4449 et
943 4393 1194 4448 comites.
1235 4392 1438 4448 Verum
1483 4399 1666 4449 tamen
1702 4391 1812 4446 illa:

191 4473 515 4543 dignitates
536 4479 942 4543 nonnumquam
965 4465 1019 4519 in
1032 4479 1148 4543 _uno
1161 4464 1383 4543 homine
1393 4463 1809 4543 coalescebantg

191 4532 364 4616 cujus
423 4538 780 4616 rci__plurima
799 4532 811 4535 ⁷
827 4536 1074 4616 suggerit
1099 4535 1351 4616 exempla
1366 4533 1720 4616 .Gpdefridus
1745 4532 1812 4616 ad

193 4605 313 4688 leg.
347 4630 366 4670 ι
401 4605 772 4688 deﬂendatis
799 4605 1126 4688 principum,
1154 4614 1339 4688 canos
1365 4607 1505 4688 intra
1545 4621 1718 4688 unum
1760 4605 1816 4660 in

195 4677 497 4744 Ambrosii
527 4680 715 4737 libello
748 4679 1106 4742 reperiemus.
1139 4678 1264 4750 Agit
1289 4678 1360 4734 de
1383 4678 1598 4734 notario
1619 4677 1822 4733 Bulen—

195 4755 513 4832 gerus'lib.
547 4769 622 4832 vt,
652 4766 772 4832 cap:
805 4750 860 4832 5.

279 4842 305 4867 α
342 4829 406 4884 In
465 4825 694 4894 antiquo
749 4822 954 4879 findere
1005 4837 1037 4877 a

1083 4821 1337 4878 Samuelc
1384 4783 1516 4876 Saul
1556 4828 1612 4875 et
1648 4819 1822 4874 David

1891 1993 2046 2049 Tunc
2073 1994 2266 2065 agnovi
2300 1993 2445 2064 quod
2475 1993 2620 2049 Deus
2644 2007 2887 2049 vermem
2939 1995 3323 2052 antelucanum
3361 2011 3492 2066 per-

1890 2094 2162 2151 cusserat,
2191 2092 2250 2140 ut
2279 2093 2389 2140 tota
2418 2084 2610 2140 civitas
2649 2094 2983 2141 servaretur.

1965 2178 2057 2232 27.
2109 2175 2232 2232 Haec
2288 2184 2437 2246 gesta
2491 2186 2641 2243 sunt,
2690 2187 2854 2247 atque
2897 2179 3102 2233 utinam
3151 2178 3263 2249 jam
3297 2179 3489 2235 ﬁnita!

1895 2270 1990 2326 sed
2017 2269 2304 2341 graviores
2331 2279 2512 2325 motus
2536 2268 2749 2325 futuros
2777 2271 2935 2340 plena
2966 2271 3353 2326 commotionis
3397 2273 3500 2326 im-

1898 2360 2122 2432 perialia
2150 2360 2317 2416 verba
2343 2359 2606 2416 indicant.
2659 2361 2772 2432 Ego
2821 2371 3086 2431 tyrannus
3132 2363 3401 2432 appellor,
3447 2374 3503 2419 et

1899 2453 2022 2524 plus
2053 2452 2218 2508 etiam
2258 2467 2421 2523 quam
2454 2461 2740 2524 tyrannus.
2769 2451 2903 2508 Nam
2954 2469 3076 2509 cum
3110 2454 3498 2523 imperatorem

1899 2547 2128 2603 comites
2177 2546 2532 2602 obsecrarent
2580 2547 2658 2601 uti
2723 2546 2968 2616 prodiret
3031 2546 3096 2601 ad
3151 2546 3500 2611 Ecclesiam;

1901 2641 2064 2712 idque
2091 2641 2261 2712 petitu
2304 2640 2536 2696 militum
2569 2641 2750 2697 facere
2779 2656 2840 2697 se
2868 2642 3136 2710 dicerent,
3168 2645 3454 2715 respondit
3484 2664 3498 2700 :

1901 2733 1960 2791 Si
1989 2734 2147 2791 vobis
2163 2733 2393 2804 jusserit
2431 2731 2777 2800 Ambrosius,
2819 2735 3061 2791 vinctum
3111 2752 3199 2792 me
3249 2737 3501 2795 tradetis.

1905 2827 2046 2896 Quid
2078 2836 2202 2899 post
2229 2827 2367 2883 hanc
2418 2840 2611 2884 vocem
2659 2827 2925 2898 supersit,
2971 2829 3282 2886 considera.
3331 2831 3505 2898 Quam

1901 2935 2094 2977 vocem
2149 2935 2338 2976 omnes
2386 2919 2812 2978 cohorruerunt.
2867 2919 2962 2975 sed
3028 2920 3191 2977 habet
3232 2938 3262 2976 a
3301 2923 3497 2993 quibus

1907 3022 2285 3082 exasperetur.

1979 3103 2073 3161 28.
2115 3103 2359 3173 Denique
2400 3104 2566 3160 etiam
2607 3103 2828 3174 speciali
2875 3106 3230 3175 expressione
3275 3105 3302 3142 ἀ
3345 3106 3510 3163 Calli-

1829 3219 1877 3283 ρ
1908 3211 2103 3268 gonus,
2130 3195 2454 3267 prazpositus
2473 3193 2730 3262 cubiculi,
2755 3195 3016 3252 mandare
3043 3197 3176 3252 mihi
3195 3211 3358 3254 ausus
3379 3208 3498 3256 est:

1910 3290 1996 3346 Me
2022 3289 2166 3356 vivo,
2230 3296 2284 3342 tu
2330 3287 2639 3342 contemnis
2666 3286 3153 3343 Valentinianum?
3182 3289 3357 3360 Caput
3407 3292 3500 3348 tibi

1915 3381 2065 3438 tollo.
2122 3378 2435 3450 Respondi:
2482 3377 2626 3435 Deus
2674 3379 2956 3449 permittat
2999 3379 3120 3448 tibi,
3178 3391 3237 3437 ut
3280 3382 3507 3454 impleas

1913 3473 2058 3547 quod
2085 3472 2351 3536 minaris;
2395 3485 2498 3543 ego
2543 3471 2688 3527 enim
2738 3472 2916 3542 patiar
2967 3473 3110 3542 quod
3157 3473 3423 3545 episcopi,
3454 3486 3509 3532 tu

1913 3565 2082 3622 facies
2118 3577 2140 3604 ε
2172 3563 2317 3636 quod
2365 3563 2660 3636 spadones.
2682 3565 2862 3636 Atque
2901 3565 3106 3621 utinam
3136 3566 3280 3622 Deus
3307 3577 3517 3624 avertat

1917 3673 2014 3715 eos
2039 3658 2108 3715 ab
2132 3655 2397 3722 Ecclesia,
2438 3656 2493 3712 in
2523 3671 2612 3712 me
2657 3655 2840 3711 omnia
2889 3671 2987 3712 sua
3025 3657 3129 3714 tela
3168 3668 3512 3721 convertant,

1919 3767 2042 3808 meo
2068 3751 2332 3821 sanguine
2361 3747 2506 3806 sitim
2547 3762 2701 3804 suam
2738 3745 2758 3786 π
2791 3749 3078 3819 expleant!

2307 3841 2475 3914 εθο
2511 3850 2536 3888 ε
2585 3838 2924 3896 EPISTOLA
2973 3840 3118 3896 xxr.

1914 3937 2147 3994 Excusat
2178 3935 2482 3991 Ambrosius
2511 3933 2653 4004 quod
2673 3943 2884 3989 uocatus
2913 3951 3018 3990 non
3046 3938 3237 3991 uenerit
3284 3940 3355 3992 ad
3385 3956 3513 3994 con-

1989 4031 2276 4096 sistorium,
2309 4037 2548 4083 asserens
2591 4027 2647 4081 in
2691 4043 2851 4081 causa
2898 4027 3022 4097 ﬁdei
3069 4030 3146 4083 vel
3173 4031 3521 4088 ecclesiastica

1982 4123 2225 4196 judicare
2253 4121 2352 4177 nisi
2372 4120 2662 4177 sacerdotes
2691 4120 2944 4174 neminem
2966 4120 3188 4190 debere;
3218 4139 3310 4179 nec
3359 4141 3413 4179 se
3465 4127 3521 4181 in

1917 4320 1973 4378 id
2001 4329 2182 4376 tamen
2224 4329 2372 4376 tanta
2399 4334 2521 4376 cum
2545 4317 2816 4375 modestia
2848 4319 3010 4386 facit,
3045 4329 3104 4376 ut
3133 4321 3269 4376 nihil
3311 4323 3380 4380 ab
3430 4323 3512 4378 in-

1918 4391 2341 4477 sultandimodo
2371 4391 2880 4477 magisabborreat.
2912 4391 3001 4477 De.
3020 4392 3292 4474 supplicio
3309 4403 3512 4477 .autem

1921 4467 2043 4592 Iejlps
2073 4463 2206 4591 mle
2245 4480 2367 4535 quae
2411 4461 2481 4519 ex
2532 4461 2838 4534 Augustino
2893 4461 3139 4520 diximus
3175 4464 3228 4519 in
3273 4464 3518 4536 ejusdem

1944 4553 1958 4590 ι
2000 4552 2045 4591 l'l
2159 4551 2306 4591 mon.

2000 4606 2132 4681 {Ita
2179 4615 2292 4681 vet.
2340 4606 2480 4681 edit.
2514 4605 2623 4681 ubi
2659 4615 2783 4681 post
2827 4619 3019 4662 vocem
3057 4609 3288 4681 episcopi
3333 4609 3520 4665 subin-

1846 4646 1900 4708 Ι)
1924 4646 3019 4753 ιειιίέῖρᾶἰΐέοίὲξὲῖεἴξεινῗὶἱῖὼῆῧὲζ
3049 4646 3522 4753 ξὸὲέὤνὲριῖὲἕῖἱὲε

1927 4758 2114 4804 mente
2141 4748 2545 4818 'supplendum,
2572 4751 2742 4818 facere
2765 4748 2950 4804 solent.
2972 4749 3088 4817 Qua
3113 4748 3364 4808 oratione
3389 4752 3524 4806 allu-

1928 4820 2061 4892 dere
2111 4817 2284 4888 potuit
2331 4818 2400 4892 a_d
2457 4817 2927 4892 Achillam__il_lum
2981 4819 3326 4892 @gyptium,
3359 4836 3523 4892 aquo

198 4902 365 4960 uncti
411 4888 696 4963 fuere,'ac
733 4894 991 4949 Salomon
1017 4908 1049 4947 a
1080 4890 1616 4963 prophetaNathan.
1648 4891 1825 4960 Reges
1930 4891 2320 4963 interemptum
2347 4888 2672 4963 Pompeium
2703 4888 2888 4963 libello
2916 4890 2969 4944 in
2997 4888 3340 4963 Relationem
3367 4888 3526 4963 Sym-

200 4989 348 5032 vero
402 4968 542 5027 Saul
581 4977 638 5022 et
679 4965 856 5034 Ozias,
908 4979 1032 5020 cum
1065 4962 1420 5034 sacerdotale,
1439 4977 1636 5018 munus
1665 4976 1826 5017 usur-

200 5052 475 5118 passent,
512 5040 571 5118 _in
605 5053 821 5118 gravem
854 5037 952 5118 Dei
981 5033 1249 5118 oﬂ'ensatn
1278 5033 1608 5118 inciderunt.

281 5117 312 5155 ι)
333 5103 465 5171 Hoc
491 5109 564 5164 de
593 5103 758 5178 priori
783 5109 1054 5178 legatione
1075 5105 1510 5176 intelligendum,
1534 5114 1647 5160 uta
1675 5103 1834 5160 nobis

201 5188 435 5246 dictum
473 5188 568 5237 est
597 5182 650 5235 in
681 5178 1092 5235 Admonitione.

287 5272 311 5299 ο
359 5256 533 5313 Edit.
580 5251 782 5330 Rom.,

203 5335 423 5407 fuerat.

287 5404 316 5441 ά
365 5402 647 5469 Quaenam
685 5393 963 5469 praepositi
1011 5392 1246 5469 cubiculi
1275 5391 1512 5469 dignitas
1537 5399 1708 5453 esset,
1739 5404 1838 5469 ex-

206 5460 417 5548 plicat.w
436 5460 919 5548 ΔΒριεξξιεεέικιξεᾞῲ.
952 5480 1010 5519 ιιι
1039 5460 1375 5548 denlmperio
1403 5463 1716 5548 Rern._cap.

207 5533 287 5606 'Et
319 5539 572 5602 Godefr.
593 5533 712 5610 lege
737 5537 806 5593 de
828 5534 1152 5610 Praepos._S.
1174 5533 1300 5590 cub.
1321 5533 1482 5610 Quod
1499 5541 1682 5610 autem
1714 5546 1837 5604 per-

205 5605 363 5676 tinet
404 5613 481 5668 ad
516 5605 973 5665 insolentissimas
1003 5605 1228 5676 hujusce
1251 5605 1486 5661 eunuchi
1513 5605 1710 5670 minas,
1737 5616 1838 5658 nec

1933 4961 2113 5018 macbi
2137 4957 2390 5032 designat
2418 4957 2759 5032 Ambrosius.
2777 4957 2951 5015 Porro
2967 4962 3099 5016 edit.
3122 4961 3293 5032 Rom.
3314 4957 3525 5030 hic'pro

1934 5033 2192 5103 spadones
2211 5030 2364 5100 ponit
2380 5030 2626 5103 spadonis
2645 5039 2702 5085 et
2717 5031 3064 5086 continenter
3085 5033 3196 5086 sola
3216 5031 3524 5103 subjungit:

2008 5105 2123 5159 inas
2153 5113 2270 5158 tuas
2293 5117 2398 5156 non
2444 5101 2598 5156 timeo
2622 5118 2640 5166 ;
2670 5116 2879 5171 carnem
2914 5106 3050 5156 enim
3079 5101 3311 5156 occidere
3360 5101 3528 5171 potes,

1946 5176 2175 5229 animam
2215 5184 2387 5228 autem
2411 5188 2515 5226 non
2545 5182 2706 5242 potes.
2747 5169 2922 5226 Vitam
2950 5174 3099 5227 istam
3123 5169 3368 5243 corporis
3385 5182 3529 5243 potes

839 5251 977 5320 quod
1026 5259 1265 5304 exactum
1309 5249 1374 5304 de
1413 5248 1843 5303 condemnatione
1945 5246 2422 5320 eripetie,meri_tu_m
2437 5260 2541 5298 non
2572 5254 2714 5320 potes
2730 5244 3073 5314 exstinguere.
3104 5242 3292 5320 Anima
3312 5242 3532 5320 namque

1943 5313 2060 5386 quis
2086 5315 2199 5371 Deo
2237 5314 2446 5371 subdita
2484 5325 2582 5380 est,
2631 5315 2872 5386 humana:
2902 5313 3151 5383 potestati
3179 5322 3378 5386 nonest
3407 5313 3528 5368 sub-

1935 5381 2098 5460 jecta.
2129 5389 2211 5442 An
2255 5402 2436 5441 nocere
2459 5393 2683 5460 {epulas
2705 5381 2931 5460 ?__lm_mo
2958 5398 3204 5460 magnum
3232 5382 3361 5436 mihi
3388 5399 3532 5438 com-

1943 5452 2156 5514 modum
2185 5467 2422 5528 prwstas.
2459 5452 2634 5510 Vitam
2685 5452 2873 5508 adimis
2909 5452 3268 5525 temporalem,
3314 5463 3371 5508 ut
3409 5471 3530 5508 suc-

1943 5529 2090 5585 cedat
2127 5539 2391 5597 perpetua.

2023 5599 2043 5639 ί
2086 5592 2268 5657 Verbo
2315 5598 2556 5669 expleant
2581 5593 2766 5664 adjicit
2792 5592 2925 5652 edit.
2960 5595 3164 5654 Rom.:
3197 5593 3346 5664 Vale,
3392 5610 3540 5651 soror

210 5671 335 5749 iis};
369 5685 446 5743 ad
492 5680 730 5738 liberam
759 5693 822 5734 ac
847 5671 1169 5749 generosam
1201 5676 1478 5749 Ambrosii
1502 5689 1721 5749 vocem,
1747 5689 1843 5729 eas
1948 5674 2005 5728 in
2045 5671 2290 5749 D_omino.

209 5747 458 5834 quidem
479 5747 943 5834 libzdelosephq
961 5763 1080 5818 cap.
1103 5748 1160 5834 β,
1181 5748 1448 5834 ηυῃιτβὸ,
1463 5747 1846 5834 idemsapctus

211 5817 401 5891 facite
433 5821 649 5895 tangit,
671 5817 897 5881 sicut'et
932 5817 1221 5876 cruentum
1262 5819 1424 5878 istius
1471 5817 1794 5892 supplicium
1828 5832 1844 5881 ;

781 5917 1060 5979 Panos.
1126 5913 1300 5978 XVI.

2026 5753 2052 5792 Β
2077 5743 2292 5814 Scripta
2319 5753 2463 5798 anno
2489 5737 2614 5797 386.

2874 5900 2955 5966 ϐῆ
