3996 6292
468 259 612 321 1007

1821 245 2067 305 SANCTI
2105 244 2427 307 AIBROSII

3662 249 3788 307 1008

464 381 553 433 lus
583 375 861 434 molestus
908 377 1011 433 sit!
1053 378 1193 447 Opto
1230 382 1291 429 ut
1333 371 1403 429 de
1447 366 1776 439 numquam
1821 364 2075 433 videtur,
2105 366 2479 429 Aahduceret
2530 365 2603 420 ab
2651 363 2933 431 Ecclesia,
2980 378 3210 422 Carnem
3267 379 3459 421 tuea-
3514 364 3788 421 exturbari

473 471 755 528 sententia
780 471 1114 542 proferatur.

544 565 643 621 20.
685 566 990 634 Dignanter
1018 565 1179 636 igitur
1200 603 1215 627 ,
1244 561 1543 631 Imperator
1561 597 1578 624 ,
1608 556 1795 626 accipe
1837 552 1987 624 quod
2016 551 2084 607 ad

473 658 870 715 consistorium
900 658 1088 715 venire
1116 671 1223 711 non
1265 652 1436 729 potui.
1467 660 1493 688 ³
1521 650 1637 721 Ego
1662 650 1716 704 in
1755 645 2086 704 consistorio

474 750 583 808 nisi
613 766 715 821 pro
755 760 811 808 te
838 762 985 807 stare
1012 764 1120 804 non
1156 745 1320 803 didici
1351 763 1365 797 :
1396 753 1453 799 et
1479 743 1625 799 intra
1652 740 1913 812 palatium
1961 753 2082 794 cer-

477 856 601 902 tare
627 861 739 902 non
767 860 1029 917 possum,
1054 842 1148 914 qui
1170 840 1355 913 palatii
1376 847 1588 895 secreta
1616 851 1717 894 nec
1738 850 1930 909 qucro
1947 876 1963 900 ,
1985 848 2087 891 nec

482 951 610 994 ιιονι
619 976 635 992 .

551 1030 645 1086 21.
674 1030 791 1103 Ego
816 1028 1142 1086 Ambrosius
1162 1028 1456 1098 episcopus
1475 1024 1622 1080 hunc
1648 1022 1891 1080 libellum
1914 1021 2087 1079 obtuli

478 1123 906 1183 clementissimo
924 1120 1245 1193 imperatori
1261 1161 1279 1189 ,
1300 1128 1359 1177 et
1378 1118 1701 1177 beatissimo
1723 1125 1957 1189 augusto
1982 1115 2089 1170 Va-

478 1214 801 1272 lentiniano.

557 1372 565 1380 _
679 1373 686 1379 ,
779 1305 1018 1363 SERIIO
1051 1304 1337 1362 CONTRA
1372 1301 1791 1361 Auxeurtuu

933 1417 1002 1457 »ιι
1038 1415 1296 1457 ιιειιιειε
1331 1413 1655 1455 τυνειιυιδ.

477 1496 675 1572 Populi
698 1498 761 1553 ob
789 1495 1109 1569 imperialem
1362 1492 1768 1549 sollicitudinem
1794 1492 2055 1546 leuaturus
2072 1529 2087 1553 ,

548 1604 853 1664 responsum
899 1604 1053 1643 suum
1072 1587 1287 1658 exponit
1306 1627 1322 1652 ,
1348 1585 1594 1656 additque
1620 1583 1691 1637 ad
1730 1582 2091 1637 consistorium

541 1701 599 1741 se
618 1699 723 1738 non
744 1682 896 1737 inisse
912 1722 928 1747 ,
951 1680 1089 1751 quod
1108 1678 1339 1734 basilica:
1363 1676 1698 1731 traditionem
1721 1683 1851 1730 esset
1876 1673 2088 1729 ueritus.

2187 473 2386 530 posse,
2414 469 2827 514 nonmentetn:
2856 468 3106 528 paratum
3136 459 3584 523 meesse,utsi
3615 457 3790 512 diela-

2186 562 2378 620 ceret,
2407 551 2552 623 quod
2596 551 2740 609 solet
2765 566 2890 608 esse
2934 552 3100 623 regia:
3138 552 3472 622 potestatis;
3518 566 3625 622 ego
3649 550 3788 607 subi-

2188 662 2305 703 rem
2321 690 2337 713 ,
2369 646 2515 719 quod
2542 645 2846 703 sacerdotis
2868 660 2993 702 use
3018 647 3338 703 consuevit.

2258 739 2315 794 2.
2332 738 2472 807 Quid
2491 754 2622 811 ergo
2638 738 2965 794 turbamini?
2980 738 3189 795 Valens
3210 753 3517 811 numquam
3530 751 3629 794 vos
3646 737 3791 795 dese.

2188 849 2327 898 ram.
2344 842 2884 905 coactusrepugnare
2903 834 3171 891 nonnovi.
3193 834 3635 904 Dolerepotero.
3650 842 3790 905 pote-

2190 943 2256 985 ro
2279 928 2432 996 ﬂere,
2454 938 2650 1000 potero
2672 943 2891 999 gemere
2913 945 2929 984 :
2954 928 3229 986 adversus
3246 942 3427 994 arma,
3453 928 3681 993 milites,
3695 927 3791 985 Go-

2191 1020 2316 1078 thos
2352 1035 2572 1093 quoque
2607 1020 2865 1094 lacryma:
2907 1036 3047 1078 mea:
3083 1036 3241 1078 arma
3289 1030 3454 1086 sunt;
3485 1021 3618 1076 talia
3658 1020 3789 1077 enim

2189 1116 2526 1173 munimenta
2563 1126 2691 1171 sunt
2718 1114 3047 1172 sacerdotis.
3094 1116 3277 1172 Aliter
3313 1130 3423 1172 uec
3447 1114 3661 1182 debeo,
3701 1129 3792 1171 uec

2192 1222 2415 1281 possum
2441 1209 2699 1265 resistere
2722 1225 2738 1261 :
2761 1207 2951 1279 fugere
2975 1220 3161 1265 autem
3180 1218 3241 1266 et
3259 1209 3587 1281 relinquere
3608 1206 3789 1263 Eccle.

2193 1302 2329 1357 siam
2359 1316 2468 1358 non
2494 1301 2668 1367 soleo;
2688 1316 2757 1357 ne
2780 1303 2905 1373 quis
2926 1302 3199 1374 gravioris
3220 1316 3406 1373 pana
3420 1311 3577 1358 netu
3606 1301 3791 1357 factum

2193 1393 2605 1465 interpretetur.
2635 1392 2803 1450 Scitis
2837 1403 2895 1450 et
2930 1409 3029 1450 vos
3057 1394 3163 1465 ipsi
3190 1394 3340 1465 quod
3382 1393 3793 1464 imperatoriis

2194 1486 2400 1543 soleam
2430 1485 2680 1554 deferre,
2706 1502 2816 1544 non
2856 1486 3053 1544 cedere
3081 1504 3097 1541 :
3124 1487 3417 1559 suppliciis
3454 1503 3547 1545 me
3572 1485 3793 1543 libenter

2194 1577 2424 1645 oll‘erre,
2455 1592 2557 1635 nec
2591 1587 2833 1635 metuere
2858 1593 2983 1651 qua:
3006 1588 3296 1651 parantur.
3589 1629 3602 1637 .

2268 1672 2323 1727 5.
2364 1669 2580 1727 Utinam
2609 1686 2789 1728 essem
2816 1685 3043 1728 securus
3069 1671 3217 1744 quod
3248 1671 3503 1729 Ecclesia
3538 1671 3793 1728 hareticis

543 1775 681 1830 Tum
699 1772 1014 1829 aduersariis
1039 1771 1108 1824 ad
1134 1769 1533 1839 disceptandum
1558 1768 1614 1822 in
1639 1765 1875 1820 Ecclesia
1900 1781 2091 1837 prouo-
2122 1774 2173 1834 Β
2198 1762 2425 1819 minime
2464 1762 2805 1820 traderetur?
2841 1763 2925 1820 Ad
2972 1764 3235 1836 palatium
3277 1764 3640 1836 imperatoris
3670 1764 3792 1821 ire!

544 1869 676 1923 catis
703 1908 721 1933 ,
746 1875 897 1938 negat
920 1881 976 1920 se
998 1863 1160 1920 armis
1184 1863 1434 1918 exterreri
1460 1877 1481 1916 :
1513 1875 1707 1931 suoque
1731 1860 1795 1914 de
1814 1858 1981 1914 sacris
2006 1875 2096 1912 ua—

549 1961 625 2015 sis
651 1974 901 2029 responso
921 1964 1227 2023 memorato,
1244 1963 1487 2027 paratum
1509 1969 1566 2007 se
1591 1954 1660 2006 ad
1687 1952 1973 2007 certamina
1989 1966 2096 2005 esse

547 2060 784 2109 testatur.
818 2049 982 2106 Eludi
1020 2066 1125 2105 non
1157 2065 1307 2121 posse
1333 2046 1432 2101 Dei
1455 2046 1750 2112 decretum,
1781 2060 1876 2101 nec
1906 2043 2093 2116 prasi-

547 2145 697 2200 diuut
716 2144 885 2215 ipsius
909 2142 1150 2213 superari
1166 2182 1184 2209 ,
1209 2141 1300 2196 sed
1325 2141 1381 2195 in
1409 2140 1574 2195 servis
1592 2140 1701 2195 suis
1720 2140 1831 2211 pati
1860 2137 2096 2194 eumdem

466 2254 475 2265 '
543 2238 698 2293 uelle.
746 2234 879 2290 Cum
924 2235 1036 2306 ipse
1077 2242 1231 2289 antea
1277 2249 1382 2287 non
1429 2232 1587 2303 fuerit
1636 2238 1855 2301 captus,
1903 2230 2100 2301 liquere

493 2390 501 2400 ,
542 2344 703 2400 quam
752 2327 980 2382 inaniter
1034 2325 1265 2381 heretici
1318 2325 1717 2378 tumultuentur.
1761 2321 1967 2376 Deinde
2009 2322 2098 2375 ubi

551 2421 822 2478 Nabuthc
845 2420 1123 2476 historiam
1141 2460 1158 2486 ,
1186 2428 1234 2474 et
1261 2416 1455 2474 Christi
1483 2418 1774 2488 ingressum
1802 2417 1859 2470 in
1877 2415 2098 2471 Jerusa-

552 2516 658 2570 lem
695 2514 769 2569 rei
812 2513 1057 2585 prtesenti
1084 2510 1471 2575 accomodauit,
1516 2508 1766 2564 Auxentii
1795 2508 2098 2579 perstringit

550 2609 817 2664 crudelem
840 2608 1029 2681 legem,
1050 2605 1334 2675 solutisque
1357 2603 1672 2658 Arianorum
1693 2600 2095 2674 objectionibus,

546 2702 763 2757 libenter
812 2716 868 2755 se
892 2715 1065 2754 coram
1103 2696 1302 2768 populo
1343 2697 1735 2765 disputaturum
1790 2693 2045 2765 pradicet
2078 2710 2096 2747 :

550 2793 861 2849 Auxentium
887 2807 1009 2847 vero
1031 2793 1147 2863 jam
1186 2806 1218 2843 a
1245 2791 1464 2862 paganis
1483 2828 1502 2856 ,
1531 2804 1663 2859 quos
1684 2788 1741 2841 in
1759 2787 1968 2859 judices
1995 2787 2099 2842 ele-

488 2869 497 2881 ’
546 2897 735 2961 gerat,
760 2888 1101 2953 damnatum,
1130 2885 1264 2939 sicut
1290 2891 1341 2938 et
1365 2900 1400 2937 a
1426 2881 1602 2936 Paulo
1628 2892 1678 2936 et
1721 2879 1929 2935 Christo
1956 2880 2095 2951 ipso.

551 2980 707 3047 Quod
754 2979 895 3035 idem
923 2979 1199 3034 hereticus
1226 2977 1297 3031 ad
1319 2974 1579 3032 Casarem
1616 2983 1954 3045 prouocaret,
1981 2989 2099 3028 eum

551 3073 772 3128 oblitum
818 3072 946 3127 anni
993 3070 1275 3143 superioris
1306 3085 1325 3123 :
1374 3078 1421 3123 et
1464 3068 1717 3133 Arianos,
1768 3068 1893 3121 dum
1940 3066 2099 3121 seruis

2195 1858 2466 1924 libenter,
2495 1858 2544 1913 si
2575 1857 2681 1914 hoc
2705 1868 3033 1930 congrueret
3072 1858 3381 1916 sacerdotis
3406 1859 3624 1925 olido;
3655 1869 3714 1915 ut
3747 1858 3791 1913 iu

2197 1950 2398 2022 palatio
2427 1951 2603 2023 magis
2637 1959 2943 2019 certarem,
2971 1966 3136 2022 quam
3166 1951 3223 2007 in
3269 1952 3545 2008 Ecclesia.
3596 1950 3706 2008 Sed
3747 1949 3795 2005 in

2194 2045 2524 2102 consistorio
2553 2060 2662 2101 non
2688 2060 2818 2101 reus
2845 2045 2987 2102 solet
3018 2043 3275 2103 Christus
3302 2060 3432 2103 esse
3452 2089 3468 2113 ,
3499 2047 3599 2102 sed
3619 2045 3795 2117 judes.

2194 2136 2426 2193 Causam
2459 2136 2586 2193 ﬁdei
2612 2139 2667 2192 in
2710 2136 2961 2193 Ecclesia
2990 2138 3258 2208 agendam
3303 2139 3433 2208 quis
3455 2139 3707 2194 abnuat?
3746 2136 3799 2194 Si

2194 2230 2318 2302 quis
2344 2229 2570 2286 conlidit
2591 2272 2610 2299 ,
2639 2228 2745 2286 huc
2772 2229 2957 2286 veniat
2986 2247 3002 2284 :
3026 2230 3353 2286 inclinatum
3378 2231 3495 2301 jam
3523 2232 3613 2287 vel
3640 2232 3802 2302 impe-

2196 2324 2397 2381 ratoris
2434 2322 2725 2394 judicium,
2760 2334 2781 2362 c
2822 2322 2969 2393 quod
3009 2323 3123 2379 lata
3164 2324 3288 2394 lege
3336 2323 3639 2394 patelecit,
3668 2324 3800 2394 quod

2196 2419 2479 2490 impugnat
2526 2416 2687 2473 ﬁdem
2713 2433 2729 2471 :
2758 2416 2849 2472 vel
2882 2425 3104 2488 sperata
3144 2416 3509 2473 ambientium
3552 2432 3799 2489 quorum-

2197 2510 2322 2567 dam
2338 2511 2517 2566 studia
2538 2525 2647 2566 nou
2670 2511 2935 2583 requirat.
2954 2509 3075 2567 Non
3099 2512 3409 2582 committo,
3441 2521 3505 2568 ut
3520 2514 3796 2586 quicquam

2197 2602 2402 2658 vendat
2426 2602 2683 2673 injuriam
2715 2602 2943 2659 Christi.

2272 2704 2325 2754 4.
2356 2694 2685 2753 Circumfusi
2707 2696 2933 2765 milites,
2958 2694 2984 2734 δ
3011 2712 3296 2755 armorum
3317 2700 3595 2772 crepitus,
3617 2701 3803 2773 quibus

2198 2791 2396 2846 vallata
2426 2800 2510 2847 est
2539 2790 2789 2847 Ecclesia
2814 2836 2831 2860 ,
2878 2790 3041 2848 ﬁdem
3069 2806 3179 2846 non
3212 2802 3427 2849 terrent
3450 2809 3632 2850 mean
3656 2814 3674 2848 :
3715 2794 3803 2851 sed

2199 2894 2436 2939 mentem
2447 2882 2750 2953 exagitant,
2768 2898 2836 2939 ne
2849 2884 2976 2939 dum
2990 2900 3078 2940 me
3095 2886 3316 2951 tenetis,
3332 2888 3701 2957 perniciosum
3711 2888 3805 2944 ali-

2199 2976 2330 3047 quid
2352 2985 2551 3032 vestra:
2567 2976 2851 3032 oboriatur
2875 2976 3059 3033 saluti.
3083 2977 3201 3050 Ego
3212 2980 3361 3035 enim
3380 2980 3494 3051 jam
3515 2981 3676 3037 didici
3699 2996 3802 3039 non

2202 3068 2396 3124 timere
2422 3086 2436 3122 :
2468 3067 2565 3124 sed
2586 3067 2744 3123 vobis
2772 3068 2966 3125 timere
2995 3071 3119 3140 plus
3148 3073 3315 3140 cepi.
3345 3072 3514 3130 Sinite
3533 3115 3550 3139 ,
3576 3089 3764 3145 quaso
3785 3117 3802 3144 ,

553 3163 753 3221 Christi
773 3165 1008 3234 conﬂant
1033 3162 1304 3228 inuidiam,
1324 3160 1486 3215 multo
1506 3162 1711 3233 pejores
1731 3174 1840 3214 esse
1855 3157 2064 3213 luditis
2080 3174 2100 3212 :
2127 3153 2175 3218 C
2203 3167 2447 3216 vestrum
2470 3159 2813 3216 sacerdotem
2835 3162 3127 3233 congredi:
3147 3163 3419 3220 habemus
3437 3166 3802 3222 adversarium

552 3256 848 3313 Eeclesiarn
898 3258 1037 3312 enim
1074 3271 1177 3311 non
1198 3255 1451 3322 Ctesaris,
1498 3254 1592 3310 sed
1618 3253 1811 3310 Christi
1851 3256 2102 3325 prteferre

557 3350 855 3421 imaginem.
901 3348 1012 3404 Sub
1040 3362 1159 3418 qua:
1185 3348 1275 3402 ubi
1323 3362 1491 3417 pauca
1536 3346 1601 3401 de
1628 3362 1722 3401 suo
1760 3361 2009 3417 responso
2049 3353 2100 3400 et

549 3442 757 3513 hymnis
790 3440 1018 3511 adjecit,
1046 3456 1101 3495 se
1120 3456 1225 3495 non
1245 3439 1639 3507 inobedientem,
1660 3449 1713 3494 at
1738 3440 2101 3508 imperatorem

553 3531 828 3611 Ecclesite_
848 3533 1055 3611 ﬁlium,
1086 3542 1135 3588 et
1176 3534 1492 3588 Auxentium
1536 3533 1811 3603 plusquam
1852 3529 2101 3587 Judteum

553 3643 666 3682 esse
686 3610 937 3681 declarat.
1004 3610 1011 3615 ’

559 3721 613 3775 1.
650 3718 823 3776 Video
847 3735 946 3777 vos
974 3729 1176 3792 praeter
1200 3722 1426 3778 solitum
1457 3722 1641 3779 subito
1666 3736 1792 3779 esse
1817 3723 2065 3780 turbatos
2082 3762 2098 3791 ,

488 3821 657 3884 atque
694 3823 1044 3871 asservantes
1072 3814 1201 3870 mei.
1234 3812 1261 3852 ιι
1294 3812 1459 3869 Miror
1493 3812 1663 3886 864
1688 3814 1819 3885 quid
1851 3815 1958 3870 hoc
1990 3815 2099 3882 sit,

486 3905 593 3962 nisi
625 3906 765 3963 forte
800 3907 926 3978 quia
957 3922 1056 3978 per
1084 3906 1334 3964 tribunos
1361 3922 1451 3962 me
1492 3906 1706 3962 vidistis
1735 3915 1831 3962 aut
1872 3906 2105 3963 audistis

488 4000 755 4070 imperiali
787 3999 1045 4057 mandato
1089 4014 1213 4055 esse
1248 4009 1615 4064 conventum;
1643 4007 1705 4053 ut
1728 4012 1839 4070 quo
1878 3998 2099 4067 vellem,

486 4090 697 4149 abirem
721 4091 848 4147 hinc
879 4107 895 4144 :
928 4100 986 4148 et
1008 4092 1054 4147 si
1086 4091 1181 4163 qui
1212 4090 1452 4155 vellent,
1481 4089 1747 4162 sequendi
1776 4098 2101 4161 potestatem

488 4184 780 4240 haberent.
815 4183 1084 4240 Metuistis
1119 4198 1252 4254 ergo
1298 4199 1367 4239 ne
1406 4182 1711 4240 Ecclesiam
1750 4182 2098 4252 desererem,

489 4284 545 4330 et
586 4275 715 4331 dum
764 4274 926 4331 saluti
972 4291 1109 4331 mea:
1158 4276 1364 4345 timeo,
1415 4290 1514 4331 vos
1555 4275 1962 4347 relinquerem?
1992 4276 2101 4335 Sed

489 4368 619 4437 quid
650 4376 707 4423 et
744 4370 862 4438 ipse
901 4368 1277 4424 mandaverim
1298 4410 1313 4435 ,
1347 4368 1601 4440 potuistis
1627 4368 1919 4426 advertere
1952 4386 1965 4423 :
2006 4369 2102 4427 de-

2199 3251 2294 3322 qui
2324 3250 2580 3317 lacessit;
2601 3250 2953 3309 adversarius
2984 3253 3133 3309 enim
3174 3265 3367 3311 noster
3406 3257 3679 3325 diabolus,
3706 3259 3801 3313 sic-

2202 3353 2258 3398 ut
2309 3344 2391 3399 leo
2449 3345 2660 3416 rugiens
2698 3345 2918 3414 circuit,
2967 3362 3205 3415 qumens
3245 3364 3400 3418 quem
3461 3352 3672 3405 deuoret
3691 3393 3709 3418 ,
3750 3359 3800 3404 ut

2199 3439 2480 3507 apostolus
2511 3438 2650 3494 dixit
2697 3438 2753 3513 (Ι
2802 3438 2923 3494 Pet.
2965 3456 3029 3509 v,
3066 3439 3154 3513 8).
3187 3442 3418 3515 Accepit
3451 3444 3578 3501 sine
3611 3444 3795 3508 dubio,

2200 3531 2411 3602 accepit
2459 3532 2606 3603 (non
2657 3530 2934 3600 fallimur,
2985 3533 3083 3589 sed
3123 3533 3525 3609 admonemur)
3569 3536 3794 3593 tentandi

2202 3622 2514 3695 hujusmodi
2547 3632 2907 3696 potestatem;
2939 3642 3008 3683 ne
3032 3626 3176 3685 forte
3203 3631 3455 3699 corporis
3484 3633 3599 3688 mei
3625 3632 3796 3688 vulne-

2202 3716 2354 3771 ribus
2383 3716 2587 3788 possim
2616 3732 2649 3772 a
2676 3717 2801 3773 ﬁdei
2833 3717 3136 3776 intentione
3172 3722 3451 3779 revocari.
3478 3722 3713 3795 Legistis
3745 3732 3795 3780 et

2202 3824 2302 3866 vos
2326 3811 2452 3881 quia
2484 3820 2508 3847 ο
2537 3811 2724 3866 multis
2752 3811 2839 3867 his
2867 3813 3094 3868 tentavit
3116 3823 3366 3869 sanctum
3389 3813 3497 3871 Joh
3520 3815 3791 3873 diabolus:

2201 3903 2269 3959 ad
2299 3913 2637 3975 postremum
2664 3912 2993 3976 potestatem
3023 3905 3335 3977 hujusmodi
3357 3908 3517 3978 petiit
3536 3951 3552 3976 ,
3576 3920 3635 3966 et
3653 3924 3793 3965 acce—

2204 3996 2312 4067 pit,
2337 4006 2397 4051 ut
2420 4006 2658 4055 tentaret
2677 4013 2879 4070 corpus
2899 3996 3050 4069 ejus.
3073 3999 3220 4071 quod
3248 3999 3486 4071 perfudit
3511 4002 3789 4059 ulceribus.

2271 4090 2437 4164 865
2466 4092 2523 4148 5.
2552 4091 2690 4147 Cum
2719 4103 2864 4149 esset
2885 4094 3225 4165 propositum
3263 4092 3283 4131 ί
3316 4102 3377 4149 ιιι
3402 4095 3660 4152 Ecclesia
3678 4109 3791 4151 vasa

2197 4184 2311 4256 jam
2355 4183 2735 4252 traderemus,
2784 4185 2891 4243 hoc
2938 4186 3187 4258 responsi
3222 4185 3477 4244 reddidi:
3511 4205 3629 4255 me,
3652 4190 3697 4245 si
3731 4188 3790 4243 de

2202 4278 2341 4334 meis
2381 4277 2588 4349 aliquid
2635 4288 2986 4350 posceretur,
3027 4290 3124 4337 aut
3168 4279 3401 4351 fundus,
3431 4286 3546 4352 :aut
3581 4283 3789 4349 domus,

2202 4379 2297 4426 aut
2320 4378 2514 4426 aurum
2540 4413 2557 4440 ,
2581 4379 2675 4427 aut
2710 4382 2993 4445 argentum
3015 4414 3032 4439 ,
3056 4373 3111 4429 id
3131 4374 3275 4447 quod
3306 4381 3416 4432 mei
3440 4376 3585 4447 juris
3623 4384 3787 4441 esset.

488 4459 741 4518 serenda:
790 4460 1051 4517 Ecclesiae
1107 4460 1241 4516 mihi
1311 4458 1651 4518 voluntatem
1714 4462 1941 4520 subesse
1990 4480 2100 4520 non
2130 4538 2150 4540 ᾗ
2203 4462 2438 4521 libenter
2463 4464 2699 4522 oﬂ'erre:
2731 4465 2936 4537 templo
2955 4466 3051 4523 Dei
3102 4467 3238 4523 nihil
3282 4483 3449 4540 posse
3476 4469 3786 4540 decerpere,

487 4566 687 4622 posse;
732 4550 859 4622 quia
916 4551 1041 4623 plus
1088 4551 1378 4608 Dominum
1432 4552 1652 4619 mundi,
1705 4568 1869 4625 quam
1912 4538 2310 4614 saeculiDnec
2332 4556 2552 4614 tradere
2581 4557 2749 4623 illud,
2778 4558 2924 4628 quod
2952 4538 3410 4628 custodiendum,
3439 4576 3549 4618 non
3594 4538 3788 4617 traden-

488 4644 653 4716 liujus
679 4645 1063 4716 imperatorem
1098 4646 1348 4703 timerem
1377 4662 1391 4700 :
1419 4659 1565 4718 sane
1605 4645 1650 4702 si
1680 4660 1767 4702 me
1807 4646 1891 4703 vis
1919 4647 2098 4720 aliqua

563 4813 586 4840 η
623 4803 705 4876 Ad
742 4803 897 4876 hunc
937 4803 1115 4876 locum
1177 4803 1263 4876 ita
1290 4801 1538 4876 ﬁannius
1568 4820 1597 4876 :7
1637 4802 1848 4869 Tacite,
1881 4804 2131 4876 {inquit,~

483 4875 569 4934 illi
592 4874 803 4949 objicit,
822 4874 971 4949 quod
990 4891 1085 4949 pro
1110 4891 1168 4929 eo
1194 4874 1264 4949 ad
1280 4873 1568 4949 Maximum
1581 4875 1778 4949 legatus
1806 4876 1882 4930 bis
1899 4873 2106 4932 coactus

482 4949 552 5002 sit
575 4944 757 5001 contra
796 4944 953 5005 decus
981 4944 1276 5017 episcOpale
1311 4946 1367 4999 in
1395 4944 1701 5002 consistorio
1733 4956 1871 5001 stare
1899 4965 1913 5001 :
1945 4950 2107 5005 semel

484 5034 547 5073 eo
590 5020 879 5073 destinatus
906 5032 1188 5088 progpace,
1215 5017 1373 5071 semel
1398 5027 1453 5070 ut
1496 5017 1736 5072 Gratiani
1766 5020 1942 5082 fratris
1979 5021 2105 5075 reli-

484 5086 952 5164 quius‘reportaret.
981 5086 1076 5164 list
1098 5097 1266 5164 autem
1282 5089 1655 5164 consistorium
1676 5089 1909 5164 tribunal
1935 5091 2099 5164 impe-

485 5160 676 5213 ratoris
692 5158 715 5224 ,⁷
731 5160 818 5213 ubi
840 5161 930 5228 jus
955 5160 1099 5212 dicit.
1126 5159 1254 5212 Haec
1280 5159 1402 5223 ille;
1424 5174 1611 5213 verum
1641 5160 1693 5213 in
1721 5175 1790 5213 eo
1819 5158 1988 5216 falsus
2007 5158 2099 5219 est

482 5229 568 5282 vir
586 5230 809 5293 ductus,
833 5228 978 5300 quod
1003 5240 1291 5300 utramque
1320 5228 1596 5300 Ambrosii
1632 5230 1958 5300 legationem
1982 5234 2096 5288 exi-

2205 4649 2334 4707 dum
2366 4648 2695 4739 acceperim.
2722 4649 2932 4707 Deinde
2958 4652 3248 4710 consulere
3270 4668 3362 4711 me
3387 4655 3552 4710 etiam
3580 4655 3789 4725 impera-

2288 4822 2309 4890 f
2340 4809 2419 4890 Pe
2442 4811 2544 4865 hac
2557 4810 2675 4890 lege
2701 4810 2919 4890 abunde
2942 4812 3221 4890 dictumin
3245 4816 3533 4887 superiore
3553 4817 3782 4890 epistola.

2280 4877 2307 4918 ά
2337 4880 2498 4957 lium.
2532 4877 2686 4957 edit”
2720 4885 2983 4939 armorum
3010 4887 3274 4957 strepitus.

2283 4962 2306 4989 ε’
2328 4952 2530 5025 Omnes
2557 4953 2714 5020 cdit.,
2743 4957 2923 5010 multis
2947 4957 3065 5012 aliis
3092 4952 3341 5024 tentavit;
3368 4973 3499 5016 mss.
3530 4961 3785 5025 nonnulli,

2207 5023 2383 5098 multis
2411 5025 2652 5098 tentavit;
2680 5025 2769 5098 alii
2799 5027 2971 5082 multo
3009 5028 3218 5098 plures,
3245 5023 3326 5085 ac
3348 5039 3496 5087 nota
3542 5023 3784 5098 potioris,

2204 5094 2381 5172 multis
2430 5094 2510 5172 Itis
2560 5097 2801 5172 tentavit,
2852 5094 3106 5172 nimirum
3161 5094 3407 5172 curporis
3462 5094 3782 5160 vulneribus.

2202 5164 2338 5243 Nam
2367 5164 2511 5234 quod
2551 5165 2829 5243 subjungit
2856 5171 2926 5243 ad
2957 5164 3274 5241 postremum
3292 5182 3619 5243 potestatem,
3665 5184 3783 5238 etc.,

2203 5235 2363 5318 hujus
2400 5235 2719 5294 tentatiouis
2754 5235 3013 5310 probatio
3051 5250 3174 5311 est,
3217 5235 3328 5300 non
3370 5235 3787 5317 alterius'espli-l

482 5300 724 5353 stimavit
748 5298 1077 5370 anteriorem
1127 5299 1259 5370 huic
1296 5299 1575 5370 epistolae,
1622 5298 1745 5355 cuin
1796 5310 1975 5358 tamen
2025 5303 2095 5360 de
2199 5298 2365 5362 calio.

483 5372 656 5433 prima
703 5369 817 5422 sola
864 5370 917 5424 id
957 5370 1067 5427 dici
1116 5369 1412 5441 possit,’ut
1452 5369 1508 5423 in
1559 5371 1950 5428 Admonitione
1999 5374 2094 5429 de-

483 5449 845 5493 monstratum
871 5449 977 5494 98L

2279 5375 2298 5414 τ
2334 5377 2507 5433 Erant
2621 5379 2886 5437 Ecclesiis
2912 5382 3031 5459 duo
3048 5399 3307 5459 vasorum,
3324 5401 3548 5456 genera,
3578 5390 3787 5459 inaugu-

2198 5457 2441 5529 ratorum
2470 5449 2713 5518 scilicet,
2741 5468 2863 5520 qua:
2892 5456 3062 5529 sacris
3090 5449 3362 5529 mysteriis
3394 5449 3783 5525 inserviebam,

541 5504 582 5596 εξ
628 5506 1037 5596 δξιιξλιιοιιῃιιηί
1061 5552 1076 5577 ,
1107 5513 1267 5596 miror
1305 5511 1444 5580 quod
1484 5511 1593 5596 hic.
1615 5512 2092 5596 Iit...ime.vidis_tis
2196 5526 2253 5574 et
2281 5534 2473 5574 eorum
2496 5504 2874 5596 qua!

481 5573 573 5660 ulli
590 5615 609 5660 ,_
623 5577 851 5660 fudistis
875 5582 1005 5648 alii;
1026 5573 1145 5660 qua:
1165 5573 1357 5638 ultima
1383 5583 1550 5660 verba
1581 5573 1636 5643 iu
1665 5595 1796 5660 mss.
1823 5584 2089 5660 plusculis
2193 5573 3137 5660 qqnamema'iimﬁéiisiildifséﬁ

484 5643 918 5741 faenerantur:
947 5643 1131 5709 caeteri
1161 5661 1345 5711 autem
1373 5667 1440 5710 ac
1463 5651 1597 5710 edit.
1627 5653 1800 5723 magis
1819 5643 2089 5715 concinne
2193 5643 3281 5741 oruc.’ésbi'ssjiiﬁi'isa'eiiiiai;
3303 5643 3452 5729 iiii“.

487 5717 547 5765 ut
573 5710 626 5765 in
659 5722 828 5770 textu.

1102 5895 1135 5906 ο.
1253 5894 1261 5903 ρ
