3996 6292
198 329 340 387 1009

1386 328 1878 390 ΕΡιετοιΑιιυΜ
1914 329 2195 389 CLASSIS
2233 330 2278 387 l.

3359 329 3503 390 1010

194 451 332 506 toris
375 449 572 516 saluti;
601 450 728 521 quia
772 463 871 505 nec
912 448 1043 505 mihi
1072 447 1359 520 expediret
1401 449 1644 514 tradere,
1699 464 1800 506 nec
1825 449 1881 511 Α
1904 464 2039 502 mam
2067 464 2213 502 suam
2237 457 2444 520 prapter
2494 464 2596 515 me,
2628 447 2848 503 inveniet
2894 464 3006 503 eam
3033 449 3052 520 (
3081 447 3271 503 Matth.
3302 464 3354 515 ι,
3387 448 3506 519 '59).

197 544 274 600 illi
306 545 595 616 accipere;
628 543 858 614 accipiat
886 544 1031 599 enim
1062 557 1250 598 vocem
1284 541 1437 597 liberi
1468 542 1802 610 sacerdotis,

195 639 243 694 si
288 638 408 693 vult
453 637 558 694 sibi
606 652 730 694 esse
768 636 1120 703 consultum,
1165 635 1384 691 recedat
1424 649 1453 689 a
1491 632 1692 690 Christi
1723 635 1806 690 in-

194 732 362 803 juria.

271 825 326 882 6.
377 825 502 881 Hzec
558 825 721 896 plena
765 824 1089 882 humilitatis
1131 831 1280 890 sunt,
1323 831 1400 884 et,
1453 830 1510 876 ut
1537 820 1802 888 arbitror,

200 919 359 992 plena
385 917 611 974 affectus
633 918 755 990 ejus
792 933 952 988 quem
977 914 1294 986 imperatori
1327 913 1489 968 debet
1521 911 1802 967 sacerdos.

203 1013 309 1068 Sed
336 1014 460 1084 quia
498 1013 638 1068 lucta
666 1012 812 1067 nobis
837 1022 912 1067 est
936 1027 1038 1065 non
1059 1009 1230 1064 solum
1260 1009 1505 1062 adversus
1530 1022 1737 1060 carnem
1760 1014 1808 1061 et

201 1109 548 1178 sanguinem;
590 1105 681 1161 sed
726 1105 918 1170 etiam,
955 1103 1102 1176 quod
1139 1103 1360 1174 gravius
1401 1110 1525 1167 est,
1565 1101 1811 1154 adversus

200 1200 458 1273 spiritalia
485 1199 756 1270 nequitite,
792 1213 906 1266 qua:
933 1207 1051 1250 sunt
1082 1197 1135 1250 in
1159 1191 1486 1266 cwlestibus(
1508 1190 1703 1262 Ephes.
1732 1206 1808 1257 Vl,

205 1292 316 1365 η),
350 1300 586 1348 tentator
616 1291 708 1346 ille
736 1289 985 1345 diabolus
1010 1299 1125 1358 'per
1156 1287 1436 1342 ministros
1463 1299 1591 1340 suos
1627 1292 1810 1339 certa-

208 1400 330 1441 men
379 1393 567 1454 auget,
609 1381 932 1439 vulneribus
983 1382 1232 1452 corporis
1275 1379 1380 1435 mei
1421 1376 1814 1450 experiendum

203 1480 518 1535 arbitratur.
565 1477 724 1544 Scio,
776 1477 1007 1541 fratres,
1058 1475 1284 1531 vulnera
1337 1473 1495 1540 hac,
1547 1487 1668 1544 quae
1717 1485 1816 1542 pro

204 1569 421 1626 Christo
449 1569 786 1641 excipimus,
817 1583 925 1624 non
955 1581 1079 1624 esse
1106 1566 1334 1622 vulnera
1357 1608 1372 1634 ,
1407 1574 1434 1602 ει
1465 1564 1664 1635 quibus
1703 1563 1815 1618 vita

206 1676 315 1718 non
349 1660 638 1730 amittitur,
671 1660 766 1716 sed
814 1667 1164 1731 propagatur.
1194 1656 1404 1724 Sinite,
1445 1670 1661 1728 quaeso,
1693 1669 1818 1710 esse

206 1767 482 1812 certamen
517 1773 530 1808 :
578 1762 918 1824 spectatores
949 1766 1046 1807 vos
1085 1765 1209 1805 esse
1233 1749 1413 1804 decet.
1459 1745 1818 1803 Considerate

1977 542 2031 598 9.
2062 541 2207 611 Ergo
2237 542 2283 596 si
2313 541 2426 596 vult
2470 541 2728 597 Dominus
2750 582 2765 607 ,
2796 550 3004 597 certum
3045 549 3132 597 est
3156 542 3300 612 quod
3333 539 3517 596 nullus

1905 635 2156 691 obsistat.
2181 634 2336 704 Quod
2363 636 2407 690 si
2426 634 2804 690 adhucnostra
2829 633 3012 690 differt
3037 635 3359 700 certamina,
3384 632 3517 703 quid

1907 728 2201 784 veremini?
2241 728 2466 784 Servum
2506 726 2718 783 ChriSIi
2748 743 2854 782 non
2887 727 3132 782 custodia
3172 725 3514 798 corporalis,

1907 822 2003 879 sed
2031 821 2243 878 Domini
2277 820 2610 892 providentia
2636 822 2820 891 sepire
2845 820 3154 876 consuevit.

1982 917 2070 970 lO.
2112 915 2336 971 Turbati
2374 915 2507 971 estis
2542 917 2666 985 quia
2707 925 2921 985 apertas
2962 914 3242 985 reperistis
3271 912 3521 984 geminas

1910 1006 2090 1074 fores,
2125 1024 2258 1077 quas
2306 1017 2496 1078 captus
2538 1007 2714 1062 oculis
2757 1006 3014 1078 quidam,
3046 1007 3175 1061 dum
3223 1005 3522 1076 hospitium

1911 1100 2189 1171 proprium
2210 1100 2436 1171 repetit,
2464 1099 2789 1170 patefecisse
2817 1107 3174 1154 memoratur.
3203 1096 3260 1152 lu
3289 1113 3399 1168 quo
3425 1111 3524 1153 co-

1911 1195 2161 1264 gnoscite
2203 1193 2347 1264 quod
2397 1192 2533 1248 nihil
2585 1192 2916 1264 suffragetur
2968 1191 3208 1248 humana
3251 1191 3520 1248 custodia.

1913 1289 2052 1344 Ecce
2083 1305 2223 1344 unus
2268 1288 2357 1359 qui
2386 1287 2603 1343 videndi
2645 1301 2843 1342 munus
2872 1286 3098 1355 amisit,
3133 1286 3299 1342 solvit
3344 1295 3527 1342 vestra

1915 1381 2170 1436 universa
2221 1380 2555 1445 munimina,
2602 1388 2658 1435 et
2703 1379 2987 1435 custodias
3031 1379 3161 1433 lusit
3195 1371 3222 1432 τ’
3264 1378 3530 1432 Dominus

1915 1481 2099 1528 autem
2121 1487 2232 1527 sua:
2254 1472 2640 1530 misericordia:
2663 1471 2966 1527 custodiam
2983 1486 3092 1526 non
3112 1471 3320 1526 amisit.
3337 1470 3530 1526 Nonne

1916 1576 2043 1622 ante
2083 1565 2303 1622 biduum
2332 1609 2345 1632 ,
2375 1575 2435 1622 ut
2467 1567 2825 1634 meministis,
2856 1568 3022 1622 etiam
3074 1566 3205 1620 illud
3250 1575 3529 1635 repertum

1918 1671 2039 1728 est,
2080 1661 2224 1733 quod
2269 1677 2298 1715 a
2341 1671 2496 1731 parte
2538 1660 2672 1714 lznva
2719 1660 2962 1716 basilica:
2991 1660 3270 1729 ingressus
3313 1657 3533 1729 quidam

1923 1754 2142 1824 pervius
2167 1753 2266 1807 fuit
2292 1795 2306 1819 ,
2331 1769 2490 1823 quem
2521 1752 2790 1822 putabatis
2812 1751 3056 1806 clausum
3084 1765 3206 1806 esse
3228 1758 3388 1820 atque
3415 1763 3535 1804 mu-

206 1852 334 1923 quia
365 1851 409 1906 si
434 1848 653 1921 quidem
668 1847 829 1902 habet
852 1847 1045 1902 civitas
1069 1845 1156 1900 vel
1179 1843 1463 1908 athletam,
1486 1841 1574 1896 vel
1595 1838 1818 1895 alterius
1848 1837 1894 1898 B
1925 1845 2132 1901 nitum?
2156 1845 2458 1915 Sepserunt
2481 1858 2681 1913 nempe
2702 1843 2896 1898 armati
2926 1842 3205 1898 basilicam
3227 1886 3242 1910 ,
3272 1842 3535 1912 explora-

209 1946 408 2002 nobilis
431 1943 566 2000 artis
591 1945 822 2014 peritum
839 1983 855 2006 ,
883 1949 1034 2011 optat
1063 1937 1260 1995 offerre
1283 1935 1597 1994 certamini.
1628 1934 1738 1990 Cur
1762 1933 1816 1988 in

209 2037 516 2108 majoribus
546 2035 710 2092 rebus
756 2033 1084 2104 repudiatis,
1118 2035 1263 2102 quod
1300 2030 1386 2086 vel
1424 2027 1479 2084 in
1516 2027 1820 2082 minoribus

210 2131 354 2187 velle
395 2126 737 2186 consuestis?
773 2125 892 2182 Non
922 2125 1114 2181 metuit
1156 2138 1306 2179 arma
1328 2163 1343 2189 ,
1374 2137 1486 2177 non
1526 2119 1818 2185 barbaros,

211 2224 306 2295 qui
354 2231 584 2278 mortem
628 2234 738 2276 nou
772 2220 963 2287 timet,
991 2218 1082 2290 qui
1127 2217 1272 2272 nulla
1312 2215 1494 2271 carnis
1541 2213 1824 2284 voluptate

214 2316 507 2372 retinetur.

291 2411 343 2465 7.
385 2407 549 2465 Certe
572 2408 617 2464 si
646 2407 910 2463 Dominus
934 2404 1061 2459 huic
1085 2418 1184 2458 nos
1211 2401 1495 2458 certamini
1519 2397 1822 2469 deputavit,

218 2505 421 2561 frustra
466 2503 757 2576 pervigiles
803 2508 888 2555 tot
931 2497 1183 2554 noctibus
1220 2503 1278 2551 et
1319 2493 1512 2550 diebus
1551 2489 1827 2545 custodias

221 2597 546 2654 exhibuistis
573 2606 630 2652 et
654 2593 950 2651 excubias:
979 2589 1294 2662 implebitur
1315 2585 1518 2642 Christi
1551 2582 1825 2636 voluntas.

223 2688 584 2760 Omnipotens
607 2688 751 2744 enim
774 2693 961 2741 noster
981 2694 1064 2739 est
1091 2680 1356 2738 Dominus
1381 2678 1540 2735 Iesus
1564 2719 1579 2742 ,
1609 2675 1724 2728 hinc
1746 2679 1831 2727 est

225 2785 362 2841 fides
391 2794 610 2850 nostra;
634 2794 687 2839 et
717 2782 842 2838 ideo
871 2777 1013 2852 quod
1041 2776 1158 2832 fieri
1189 2771 1439 2838 mandat,
1471 2765 1826 2838 implebitur:

229 2877 256 2917 δ
291 2878 672 2935 necconvenit
699 2890 799 2933 nos
828 2873 1033 2929 divina-
1059 2868 1282 2925 obviare
1309 2863 1621 2922 sententiae.

303 2975 356 3030 8.
400 2970 643 3027 Audistis
669 2967 826 3041 quod-
858 2977 879 3006 ο
914 2963 1077 3021 hodie
1118 2962 1316 3017 lectum
1343 2959 1451 3013 sit:
1486 2954 1699 3010 Pullum
1731 2951 1834 3006 sibi

231 3072 397 3128 asina!
422 3067 674 3124 Salvator
688 3078 785 3135 per
809 3058 1087 3130 aposmlos
1105 3055 1267 3127 jussit
1287 3051 1506 3117 adduci,
1532 3045 1836 3104 mandavit-

232 3178 340 3235 que
364 3170 420 3217 ut
446 3161 490 3215 si
512 3159 635 3228 quis
662 3157 979 3219 resisteret,
1008 3150 1283 3204 diceretur
1315 3163 1328 3198 :
1357 3142 1608 3196 Dominus
1629 3153 1838 3208 aperam

1923 1939 2053 1993 bant
2095 1937 2194 1992 hos
2221 1946 2381 2007 atque
2408 1936 2534 1990 illos
2581 1935 2760 1989 aditus
2795 1952 2809 1988 :
2847 1935 3094 1989 eiecitate
3124 1931 3329 2004 perfusi
3373 1941 3536 1997 sunt,

1923 2040 1980 2086 ut
2029 2029 2172 2102 quod
2215 2038 2463 2100 apertum
2497 2039 2614 2084 erat
2644 2027 2831 2082 videre
2879 2043 2984 2082 non
3018 2033 3245 2097 possent
3289 2043 3302 2080 :
3357 2025 3541 2094 itaque

1925 2138 2022 2194 per
2051 2123 2316 2193 plurimas
2345 2130 2534 2178 noctes
2561 2119 2704 2192 quod
2735 2127 2981 2191 apertum
3021 2117 3211 2185 fuerit,
3247 2133 3356 2173 non
3389 2119 3545 2187 igno-

1926 2216 2077 2271 ratis.
2123 2216 2370 2272 Desinite
2408 2231 2538 2287 ergo
2574 2214 2888 2278 sollicitari;
2917 2213 3044 2284 quia
3087 2212 3193 2268 hoc
3231 2211 3368 2279 erit,
3397 2209 3544 2282 quod

1925 2307 2178 2365 Christus
2202 2308 2392 2378 jubet,
2424 2315 2481 2361 et
2507 2305 2651 2378 quod
2679 2321 2802 2360 esse
2828 2305 3070 2374 expedit.

2001 2404 2091 2457 11.
2121 2396 2366 2471 Denique
2408 2399 2660 2475 exempla
2699 2398 2855 2452 vobis
2901 2397 3064 2467 Legis
3102 2395 3404 2466 proferam.
3437 2393 3546 2448 Eli-

1929 2509 2073 2549 sinus
2099 2493 2445 2563 quaerebatur
2466 2506 2495 2544 a
2525 2505 2650 2560 rege
2671 2490 2872 2560 Syriae,
2898 2489 3098 2543 missus
3123 2498 3244 2544 erat
3265 2487 3547 2542 exercitus

1929 2587 2020 2658 qui
2048 2602 2171 2642 eum
2195 2593 2439 2654 caperet,
2470 2581 2915 2638 circumvallatus
2938 2589 3055 2634 erat
3084 2579 3356 2650 undique:
3384 2577 3550 2649 coepit

1933 2680 2127 2734 timere
2154 2677 2274 2747 ejus
2318 2677 2603 2738 servulus;
2637 2675 2764 2745 quia
2809 2673 3058 2728 servulus
3089 2680 3242 2738 erat,
3275 2671 3378 2725 hoc
3421 2675 3548 2736 est,

1933 2787 2041 2828 non
2069 2779 2186 2826 erat
2213 2769 2400 2826 libera;
2429 2769 2631 2824 mentis
2673 2776 2729 2822 et
2771 2767 2958 2822 libera:
2996 2765 3302 2836 petestatis.
3349 2762 3552 2820 Petivit

1935 2862 2137 2935 aperiri
2185 2861 2304 2932 ejus
2346 2861 2538 2915 oculos
2581 2868 2804 2913 sanctus
2853 2857 3148 2926 propheta,
3180 2864 3236 2910 et
3291 2854 3406 2908 ait:
3442 2852 3552 2908 Re-

1937 2955 2096 3027 spice,
2117 2963 2164 3009 et
2185 2953 2300 3008 vide
2320 2960 2512 3022 quanto
2538 2950 2711 3022 plures
2738 2950 2840 3002 sint
2871 2963 2964 3016 pro
2993 2948 3140 3001 nobis
3158 2988 3172 3012 ,
3199 2962 3352 3016 quam
3372 2953 3555 2998 contra

1940 3066 2054 3103 nos.
2087 3048 2154 3102 Et
2183 3047 2458 3116 respexit,
2490 3053 2545 3098 et
2572 3043 2707 3097 vidit
2735 3041 3056 3112 angelorum
3089 3038 3260 3093 millia
3286 3035 3386 3107 (IV
3416 3035 3550 3108 Reg.

1941 3155 2032 3207 vt,
2089 3137 2155 3192 M
2209 3148 2257 3191 et
2287 3134 2452 3206 seq.).
2510 3132 2836 3189 Advertistis
2891 3129 3056 3201 igitur
3111 3129 3256 3198 quod
3306 3128 3558 3182 servulos

235 3221 349 3330 ejus
398 3221 652 3308 desiderat
682 3246 838 3320 (Luc.
870 3260 992 3310 χιι,
1023 3240 1139 3313 ⁸55).
1186 3236 1327 3307 Quid
1453 3243 1508 3289 et
1539 3244 1682 3330 nunc
1725 3227 1839 3299 pul-

1956 3232 2151 3288 [lhristi
2181 3232 2214 3286 ii
2248 3231 2419 3301 magis
2451 3227 2794 3292 custodiant,
2821 3225 2910 3295 qui
2942 3238 3051 3279 non
3080 3221 3333 3278 videntur
3354 3263 3369 3286 ,
3392 3235 3557 3291 quam

235 3321 353 3404 lum
379 3347 548 3402 istum
575 3343 762 3405 asinae,
785 3340 889 3394 hoc
913 3343 1019 3402 est,
1047 3333 1164 3403 ejus
1190 3326 1443 3384 animalis
1464 3321 1606 3395 quod
1625 3333 1842 3392 gravem

238 3441 507 3496 sarcinam
538 3444 762 3506 portare
800 3428 1115 3492 consuevit,
1148 3424 1290 3478 sicut
1333 3428 1418 3474 est
1451 3417 1686 3471 humana
1715 3425 1846 3466 con-

241 3533 398 3596 ditio,
424 3531 510 3587 cui
539 3503 738 3585 dicitur
765 3543 776 3578 :
815 3521 996 3578 Vertite
1021 3518 1089 3572 ad
1118 3532 1220 3580 me,
1247 3527 1422 3567 omnes
1453 3508 1540 3578 qui
1561 3503 1803 3560 laboratis
1826 3543 1841 3567 ,

242 3615 298 3684 et.
338 3627 536 3680 onerati
568 3623 690 3677 estis
715 3659 731 3686 ,
780 3627 828 3680 et
866 3631 960 3686 ego
999 3629 1089 3668 vos
1139 3609 1371 3679 reﬁciam
1399 3623 1417 3660 :
1463 3602 1626 3659 tollite
1647 3599 1848 3671 fjugum

245 3737 444 3788 meum,
466 3719 588 3790 quia
614 3717 720 3771 leve
758 3722 831 3769 est
861 3709 1076 3782 (Matth.
1103 3722 1178 3771 χι,
1205 3703 1332 3773 ‘28);
1356 3699 1486 3772 quid
1516 3701 1558 3752 si
1590 3697 1808 3765 inquam
1831 3731 1846 3758 ,

249 3815 457 3886 pullum
480 3789 663 3865 istum
692 3805 760 3861 ad
792 3819 852 3860 se
882 3801 1044 3858 modo
1068 3797 1231 3869 jussit
1260 3791 1487 3856 adduci,
1517 3789 1698 3844 missis
1720 3799 1856 3855 apo-

250 3878 408 3962 stolis
425 3903 554 3969 illis,
569 3900 660 3970 qui
683 3901 794 3968 jam
815 3894 962 3950 exuti
988 3904 1221 3960 corpore
1243 3878 1853 3953 incomprehensibilem

251 3998 425 4054 oculis
455 3969 660 4051 nostris
704 3987 1024 4058 angelorum
1056 3981 1291 4052 speciem
1320 3973 1550 4047 gerunt?
1590 3971 1782 4027 Nonne
1809 3969 1855 4023 si

254 4094 323 4150 ab
363 4093 544 4162 aliquo
583 4086 872 4143 resistatur
896 4122 911 4146 ,
954 4079 1137 4134 dicent
1166 4091 1179 4127 :
1216 4071 1472 4126 Dominus
1508 4082 1718 4138 operam
1747 4067 1858 4137 ejus

256 4159 555 4242 desiderat?
582 4180 639 4237 Si
667 4177 889 4235 resistat
913 4171 999 4227 vel
1025 4170 1151 4224 vita:
1177 4164 1338 4235 hujus
1360 4161 1630 4232 cupiditas
1650 4201 1664 4224 ,
1690 4159 1735 4213 si
1769 4172 1858 4212 re-

257 4283 416 4337 sistat
443 4292 569 4333 cavo
597 4283 650 4329 et
680 4269 900 4340 sanguis
919 4308 934 4332 ,
967 4264 1013 4319 si
1043 4261 1262 4318 resiSIat
1293 4255 1641 4313 conversatio
1669 4267 1864 4321 corpo-

259 4373 434 4436 ralis;
491 4368 614 4439 quia
663 4361 934 4433 aliquibus
979 4355 1204 4410 forsitan
1252 4349 1388 4422 grati
1439 4347 1706 4402 videmur.
1757 4341 1865 4398 Sed

257 4467 353 4538 qui
383 4478 481 4518 nos
512 4437 610 4514 ilic
641 4453 850 4525 diligit,
883 4449 1052 4506 multo
1091 4445 1330 4516 amplius
1369 4441 1602 4512 diliget,
1631 4439 1676 4493 si
1724 4437 1869 4493 sinat

261 4529 381 4618 fieri
429 4554 660 4611 hostiam
701 4545 938 4610 Christi;
973 4542 1094 4612 quia
1144 4537 1385 4602 dissolvi,
1411 4543 1474 4612 ⁸ει
1511 4547 1627 4588 cum
1664 4529 1868 4585 Christo

1946 3325 2038 3397 qui
2067 3323 2340 3379 videntur.
2373 3320 2487 3376 Sed
2515 3330 2570 3374 et
2599 3319 2676 3375 illi
2704 3319 2751 3373 si
2779 3316 3123 3382 custodiunt,
3154 3313 3352 3369 vestris
3374 3324 3559 3368 custo-

1947 3416 2106 3470 diunt
2127 3411 2468 3468 orationibus
2489 3410 2742 3465 advocati
2768 3426 2780 3462 :
2810 3407 3020 3478 legistis
3047 3419 3244 3476 nempe
3266 3417 3364 3459 eos
3383 3404 3560 3474 ipsos,

1949 3513 2038 3582 qui
2069 3510 2326 3566 Elisaeum
2355 3507 2704 3579 quaerebant,
2753 3505 3032 3576 ingressos
3088 3517 3214 3559 esse
3255 3500 3560 3557 Samariam

1952 3601 1978 3640 ιι
2006 3601 2072 3657 ad
2105 3617 2232 3658 eum
2261 3600 2439 3671 ipsum
2459 3640 2474 3665 ,
2517 3613 2675 3668 quem
2705 3612 2902 3668 capere
2949 3595 3254 3666 gestiebant
3279 3611 3293 3646 :
3335 3592 3422 3648 cui
3451 3604 3563 3646 non

1953 3697 2128 3752 solum
2175 3711 2282 3751 non
2335 3703 2632 3765 potuerunt
2674 3706 2903 3756 nocere;
2947 3689 3044 3745 sed
3086 3689 3260 3760 ipsius
3301 3686 3565 3742 adversus

1954 3806 2113 3862 quem
2144 3794 2439 3851 venerant,
2473 3785 2869 3840 intercessione
2893 3781 3097 3838 servati
3127 3790 3275 3836 sunt.

2030 3884 2119 3939 12.
2150 3883 2342 3937 Petrus
2370 3896 2586 3951 quoque
2613 3878 2895 3949 apostolus
2923 3875 3211 3944 utriusque
3237 3873 3318 3928 rei
3353 3883 3376 3908 θ
3409 3871 3566 3926 vobis

1958 3983 2085 4038 edat
2113 3979 2420 4050 exemplum
2448 3978 2599 4047 (Act.
2643 3993 2752 4042 xu,
2801 3978 2836 4030 4
2871 3985 2919 4029 et
2946 3974 3101 4043 seq.).
3132 3970 3268 4026 Nam
3309 3968 3402 4024 ubi
3442 3981 3568 4023 eum

1961 4073 2206 4131 Herodes
2249 4069 2496 4142 quzesivit
2541 4078 2596 4124 et
2643 4068 2807 4138 cepit,
2843 4065 2863 4104 ί
2911 4063 3119 4134 recepit
3163 4063 3218 4117 in
3259 4072 3569 4121 carcerem;

1963 4183 2068 4222 non
2101 4166 2246 4222 enim
2273 4170 2575 4219 recesserat
2606 4160 2702 4215 Dei
2727 4159 3009 4225 servulus,
3039 4154 3134 4210 sed
3156 4160 3380 4209 steterat
3409 4150 3572 4206 timo-

1962 4259 2041 4315 ris
2064 4260 2302 4330 iguarus.
2332 4257 2534 4311 Orabat
2562 4270 2662 4326 pro
2683 4268 2750 4308 eo
2777 4250 3020 4307 Ecclesia
3038 4291 3053 4315 ,
3083 4246 3180 4303 sed
3208 4243 3489 4316 apostolus
3515 4241 3572 4298 in

1965 4367 2190 4408 carcere
2215 4350 2559 4422 quiescebat,
2589 4347 2734 4418 quod
2761 4355 2848 4401 est
2877 4343 3136 4400 indicium
3167 4356 3274 4397 non
3304 4338 3571 4394 timentis.

1970 4448 2166 4502 Missus
2197 4455 2281 4500 est
2327 4442 2555 4514 angelus
2587 4441 2677 4512 qui
2725 4439 3088 4494 dormientem
3133 4434 3432 4498 excitaret,
3479 4445 3580 4502 per

1969 4555 2130 4612 quem
2160 4538 2355 4594 Petrus
2385 4534 2678 4608 productus
2705 4547 2735 4588 e
2758 4544 2999 4598 carcere,
3033 4538 3057 4576 ε
3087 4536 3319 4584 mortem
3345 4523 3413 4581 ad
3436 4532 3574 4582 tem-

262 4670 371 4710 csse
404 4649 562 4704 multo
590 4643 772 4699 melius
793 4656 811 4694 :
835 4639 929 4694 etsi
954 4647 1157 4689 manere
1192 4632 1245 4684 in
1275 4645 1427 4683 carne
1449 4627 1611 4696 magis
1638 4639 1871 4678 necessa-
1898 4615 1949 4675 D
1977 4647 2078 4703 pus
2106 4631 2300 4687 evasit.

263 4751 400 4805 rium
425 4751 632 4816 prapter
659 4753 744 4792 vos
765 4737 784 4803 (
805 4731 1006 4799 Philip.
1032 4743 1082 4794 ι,
1109 4723 1180 4782 ‘25
1199 4721 1240 4794 ).
1265 4721 1409 4816 Nihil
1448 4728 1530 4816 est
1562 4733 1695 4816 ergo
1725 4715 1869 4816 quod

267 4806 589 4900 vereamini,
614 4830 808 4886 fratres
837 4816 1181 4878 dilectissimi
1205 4831 1220 4879 ;
1244 4813 1357 4869 scio
1384 4811 1530 4867 enim
1562 4809 1686 4880 quia
1713 4806 1874 4878 quid-

267 4932 398 5006 quid
431 4941 620 5000 passus
664 4921 818 4978 fuero
837 4957 855 4986 ,
886 4929 984 4986 pro
1021 4909 1238 4969 Christo
1261 4907 1456 4977 patiar.
1481 4904 1550 4958 Et
1575 4902 1744 4975 866
1765 4902 1872 4972 legi

268 5001 416 5101 quod
446 5037 542 5081 eos
583 5020 780 5076 timere
818 5026 924 5067 non
969 5007 1230 5070 debeam,
1257 5001 1351 5072 qui
1391 5009 1617 5070 possunt
1652 5012 1874 5054 carnem

271 5091 549 5178 occidere.
600 5112 669 5168 Et
715 5104 905 5164 audivi
942 5101 1215 5158 dicentem
1249 5112 1262 5149 :
1298 5093 1403 5162 Qui
1441 5091 1722 5161 perdiderit
1755 5094 1874 5145 ani-

354 5294 378 5322 α
410 5281 556 5338 Edit.
604 5281 795 5327 omnes
822 5307 836 5330 ,
868 5261 1049 5338 quibus
1076 5257 1179 5338 vitet
1205 5252 1496 5338 amittitur;
1527 5263 1657 5332 mss.
1684 5261 1878 5338 econ-

278 5320 591 5415 "$5313..
608 5320 892 5398 amittitur:
899 5332 1108 5415 ‘Melips
1123 5370 1153 5415 ,ι
1168 5326 1254 5380 hic
1279 5323 1426 5380 enim
1467 5320 1880 5391 conjunctiones

280 5401 597 5484 Fui-“evel
627 5419 814 5482 utpote
835 5401 1244 5460 subaudiuntur.
1386 5465 1397 5477 .
1437 5466 1448 5477 θ

294 5448 314 5552 ,Ι
355 5442 557 5552 bpxlss.
581 5486 817 5552 aliquot,
848 5491 940 5552 nec
969 5469 1198 5552 convenit
1228 5482 1324 5552 vos
1342 5464 1562 5552 divinae,
1591 5469 1699 5518 etc.

293 5549 300 5553 ’
361 5536 382 5610 ξ
413 5536 782 5630 Euripidem
803 5536 964 5630 lectio
986 5539 1265 5630 dominica
1271 5536 1592 5630 Palmart‘tm
1615 5541 1884 5630 ειεξιξέςο-

327 5603 965 5699 ι-ξαιξζξιίνὲιῖἧίθρᾲεηι
1003 5627 1130 5699 ρίιδιι
1177 5608 1398 5662 recitata
1429 5605 1591 5699 .infra
1646 5603 1880 5667 dicatur,

432 5663 974 5772 233°ii'iei‘5'éia'iiii's's'é
1003 5663 1130 5765 hinc
1156 5694 1262 5733 non
1293 5677 1558 5772 seqpitur.

363 5746 788 5835 “Simalio:
809 5802 823 5825 ,
848 5758 975 5835 duce
998 5755 1116 5835 ipsa
1128 5791 1144 5817 ,
1170 5764 1343 5835 quem;
1369 5747 1591 5802 Minime
1621 5746 1777 5800 male;

281 5863 291 5870 -
369 5818 394 5880 ξ
812 5818 949 5884 vobis
981 5818 1117 5875 dedit
1142 5818 1447 5888 exemplum.

2047 4726 2138 4781 1⁸5.
2171 4723 2318 4778 Idem
2351 4721 2543 4776 Petrus
2573 4727 2790 4790 postea,
2822 4717 2965 4772 victo
2993 4714 3252 4779 Simone,
3285 4725 3409 4768 cum
3440 4723 3581 4780 prae-

1975 4825 2132 4886 cepta
2170 4815 2264 4870 Dei
2297 4813 2495 4884 populo
2523 4812 2859 4876 seminaret,
2901 4809 3124 4864 doceret
3161 4803 3536 4862 castimoniam
3562 4843 3576 4864 ,

1974 4906 2236 4963 excitavit
2255 4906 2470 4959 animos
2491 4902 2774 4972 gentilium
2799 4919 2814 4955 :
2834 4900 3032 4971 quibus
3046 4912 3170 4954 eum
3184 4890 3582 4966 quaarentibus,

1980 4999 2294 5055 christianae
2335 4995 2532 5050 anima:
2562 4995 2867 5072 deprecata:
2889 4999 3054 5056 sunt,
3085 4998 3144 5044 ut
3168 4985 3448 5057 paulisper
3495 4993 3587 5034 ce-

1983 5093 2160 5149 deret.
2194 5091 2262 5146 Et
2305 5088 2563 5161 quamvis
2601 5095 2748 5143 esset
2791 5085 3021 5156 cupidus
3063 5076 3370 5152 passionis,
3401 5082 3587 5128 tamen

2061 5250 2078 5287 ῐ
2109 5248 2340 5305 Dubium
2371 5261 2492 5302 esse
2515 5245 2668 5315 putat
2685 5243 2932 5300 Nannius
2953 5257 3020 5295 an
3046 5239 3290 5315 recipere
3315 5235 3369 5315 in
3387 5246 3584 5315 carce-

1983 5335 2097 5377 rem
2123 5319 2266 5376 idem
2295 5319 2364 5373 sit
2387 5307 2532 5387 quod
2557 5315 2857 5387 recondere
2879 5329 2976 5387 seu
2996 5307 3586 5387 mandere-suamet;

1982 5373 2319 5447 solemnisin
2352 5375 2454 5443 hac
2483 5404 2542 5442 re
2568 5387 2706 5454 juris
2745 5383 2980 5439 formula
3016 5390 3131 5454 est:
3183 5375 3447 5454 siquidem
3490 5373 3587 5430 Ul-

1985 5465 2175 5532 pianus
2201 5462 2262 5516 D.
2287 5461 2395 5529 leg.
2422 5459 2527 5532 ide
2545 5447 2768 5532 Custod.
2795 5468 2984 5532 reorL:
3017 5449 3203 5532 illrum
3226 5447 3289 5532 in‘
3306 5461 3583 5532 career‘em,

1985 5518 2189 5603 inquit,
2215 5518 2520 5603 recipiendis
2541 5529 2604 5581 sit
2649 5540 2886 5603 persopa.
2923 5523 2999 5603 Et
3019 5518 3362 5603 Callistratus
3391 5518 3585 5603 eodem

1991 5592 2076 5659 tit:
2108 5592 2211 5671 leg.
2238 5603 2304 5655 In
2324 5592 2452 5671 eos:
2481 5597 2606 5653 Cum
2631 5592 2817 5662 recepti
2837 5601 3002 5671 essent
3027 5592 3082 5644 in
3107 5603 3391 5671 carcerem,
3425 5599 3532 5670 etc:

2066 5685 2091 5721 8
2139 5659 2294 5727 li'om.
2343 5670 2504 5733 edit.,
2537 5682 2660 5721 cum
2706 5659 2891 5734 paucis
2935 5676 3092 5729 mss.,
3139 5669 3352 5734 mortem
3395 5659 3589 5723 evasit;

1999 5745 2120 5798 aliae
2145 5758 2266 5797 cum
2298 5729 2508 5797 caeteris
2534 5737 2656 5792 cod.
2683 5729 3032 5800 interponunt
3055 5746 3214 5788 voces
3243 5729 3309 5784 ad
3332 5739 3549 5801 tempus.
