3996 6292
302 290 442 348 "HS

1505 287 1996 348 ιιριετοωηυιί
2033 287 2318 350 αιιιειιιιε
2357 292 2395 348 Ι.

3457 297 3596 355 1014

299 411 704 480 episcoporum.
740 408 1016 480 Respondi
1063 423 1196 478 ego,
1243 406 1387 478 quod
1435 406 1736 464 sacerdotis
1778 415 1894 462 est:
1924 408 1979 472 Α
2003 417 2426 476 cognosceretur
2453 411 2575 480 quis
2604 419 2780 476 esset,
2809 412 3043 467 mutavit
3088 411 3194 468 sibi
3243 412 3600 479 vocabulum;

300 501 442 572 quod
477 501 824 570 imperatoris
853 510 966 560 est,
1003 499 1162 554 faciat
1194 500 1509 567 imperator.
1545 496 1704 552 Prius
1729 505 1814 553 est
1843 506 1902 552 ut

301 595 536 648 animam
569 593 698 652 mihi
721 635 737 660 ,
765 610 926 664 quam
957 592 1116 648 ﬁdem
1148 591 1380 652 auferat.
1637 665 1642 668 _

369 687 459 743 I9.
504 687 575 743 At
603 688 687 742 cui
721 688 974 742 tradam?
1015 687 1266 742 Praesens
1293 685 1454 740 lectio
1480 684 1762 754 Evangelii
1799 685 1897 741 do—

298 796 423 836 cere
455 795 555 834 nos
583 780 778 845 debet,
809 779 937 849 quid
975 788 1210 848 petatur,
1234 794 1261 832 a
1291 777 1490 848 quibus
1520 787 1755 846 petatur.
1784 778 1895 834 Au-

297 872 454 928 dislis
497 887 690 940 nempe
713 871 847 941 legi,
873 871 1014 940 quod
1055 887 1180 926 cum
1214 869 1465 926 Christus
1496 885 1663 940 super
1691 870 1894 940 pullum

299 967 464 1020 asinae
510 964 757 1030 sederet,
787 964 1099 1020 clamabant
1138 965 1388 1034 pueruli,
1419 972 1471 1018 et
1504 963 1734 1020 moleste
1759 963 1899 1019 fere-

296 1058 426 1113 bant
446 1055 618 1111 Judari
646 1055 815 1123 (Luc.
846 1072 954 1122 xix,
983 1057 1054 1111 55
1073 1058 1112 1125 ).
1142 1056 1384 1125 Denique
1411 1055 1896 1126 interpellaverunt

299 1149 584 1204 Dominum
612 1148 798 1206 Jesom
815 1191 828 1214 ,
863 1149 1110 1204 dicentes
1132 1158 1188 1202 ut
1217 1146 1428 1204 faceret
1453 1163 1548 1202 eos
1572 1155 1784 1213 tacere;
1809 1162 1894 1204 re—

295 1241 541 1312 spondit:
566 1241 626 1296 Si
653 1242 706 1295 Iri
728 1241 1001 1305 tacuerint,
1024 1240 1228 1310 lapides
1248 1240 1545 1296 clamabunt
1564 1240 1754 1311 (lbid.,
1774 1241 1892 1314 40).

295 1336 497 1390 Deinde
527 1337 808 1406 ingressus
837 1334 1130 1404 templum,
1164 1333 1329 1403 ejecit
1372 1334 1793 1399 nummularius,
1838 1344 1893 1389 et

290 1427 612 1492 cathedras,
657 1435 711 1481 et
761 1427 1042 1482 columbas
1086 1427 1388 1480 vendentes
1435 1427 1490 1480 in
1536 1427 1733 1497 templo
1773 1423 1888 1481 Dei.

288 1520 478 1576 Lectio
520 1534 715 1589 nempe
763 1521 863 1576 ista
907 1519 1052 1573 nulla
1101 1518 1269 1594 869
1309 1527 1493 1574 nostra
1535 1517 1892 1588 dispositione

288 1617 508 1672 recitata
536 1627 652 1680 est,
683 1615 778 1670 sed
817 1630 977 1670 casu:
1009 1631 1132 1686 quae
1173 1616 1538 1684 prmsentibus
1571 1616 1706 1669 bene
1733 1622 1887 1683 apta-

290 1719 377 1763 tur
408 1708 767 1778 temporibus.
799 1708 1028 1776 Semper
1056 1723 1184 1777 crgo
1211 1707 1414 1764 Christi
1448 1707 1633 1762 laudes
1664 1706 1890 1762 verbera

2002 508 2061 553 ut
2090 501 2213 568 quia
2248 501 2334 556 hlc
2362 503 2534 557 fuerat
2568 504 2871 559 Auxentius
2909 507 3200 574 episcopus
3229 505 3494 572 Arianus,
3527 507 3594 561 ad

1997 590 2377 661 decipiendam
2410 594 2623 662 plebem
2647 637 2660 659 ,
2693 611 2855 664 quam
2905 595 2996 654 ille
3027 605 3307 664 tenuerat,
3337 595 3365 635 δ
3395 612 3453 652 se
3500 613 3597 653 vo-

1997 691 2147 737 caret
2178 684 2526 740 Auxentium.
2561 687 2788 742 Mutavit
2813 703 2944 756 ergo
2969 687 3298 742 vocabulum
3318 730 3333 754 ,
3358 689 3452 744 sed
3480 705 3599 759 per-

1999 774 2183 830 ﬁdiam
2213 792 2319 831 non
2345 778 2603 832 mutavit:
2633 780 2783 836 exuit
2808 779 2994 848 lupum
3017 821 3030 843 ,
3060 779 3154 835 sed
3186 779 3363 834 induit
3391 781 3597 850 lupum.

1997 867 2140 923 Nihil
2173 871 2394 938 prodest
2431 873 2575 941 quod
2603 872 2831 926 mutavit
2865 889 3102 927 nomen:
3135 874 3262 943 qttid
3308 874 3377 927 sit
3404 889 3602 944 agnos-

1996 963 2156 1019 citur.
2188 965 2346 1019 Alius
2377 964 2430 1020 in
2460 966 2701 1038 Scythiae
2733 968 2974 1038 partibus
3005 969 3309 1033 dicebatur,
3337 969 3475 1024 alius
3515 970 3601 1024 hic

1999 1064 2255 1110 vocatur:
2290 1058 2510 1114 nomina
2560 1073 2657 1126 pro
2689 1058 3001 1127 regionibus
3048 1058 3228 1113 habet.
3264 1058 3436 1114 llabet
3467 1075 3601 1129 ergo

1991 1148 2101 1218 jam
2134 1149 2244 1203 duo
2272 1149 2526 1215 nomina;
2555 1160 2611 1205 et
2635 1151 2681 1206 si
2708 1152 2835 1207 hinc
2875 1151 2982 1206 alio
3011 1153 3344 1220 perrexerit,
3379 1153 3601 1209 habebit

1995 1247 2051 1293 et
2089 1241 2330 1294 tertium.
2375 1241 2660 1308 Quomodo
2702 1243 2848 1297 enim
2894 1241 3132 1311 patietur
3181 1252 3238 1296 ut
3281 1255 3499 1298 maneat
3545 1246 3596 1299 ri

1995 1331 2315 1386 vocabulum
2347 1333 2414 1387 ad
2462 1333 2596 1388 tanti
2638 1335 2867 1389 sceleris
2900 1334 3189 1388 indicium:
3225 1335 3433 1390 Minora
3472 1336 3599 1390 fecit

1995 1424 2048 1478 in
2078 1423 2331 1496 Scythia;
2364 1436 2421 1482 et
2457 1428 2527 1482 ita
2572 1427 2821 1490 erubuit,
2855 1437 2914 1482 ut
2960 1437 3198 1482 mutaret
3230 1429 3551 1484 vocabulum
3582 1450 3590 1482 :

1993 1518 2345 1574 sceleratiora
2378 1520 2464 1574 hic
2493 1535 2657 1575 ausus
2686 1530 2798 1586 est;
2825 1531 2879 1574 et
2905 1521 3076 1582 volet,
3106 1536 3446 1590 quocumque
3474 1536 3596 1592 per-

1994 1611 2231 1673 rexerit,
2285 1611 2507 1667 nomine
2550 1626 2649 1665 suo
2699 1612 2893 1682 prodi?
2923 1612 3228 1666 Tantorum
3271 1613 3591 1682 pepulerunt

1995 1702 2313 1771 sanguinem
2355 1719 2516 1760 manu
2558 1718 2654 1759 sua
2705 1705 2935 1768 scribet,
2967 1712 3022 1760 et
3068 1704 3266 1774 poterit
3293 1707 3596 1761 consistere

289 1801 626 1872 perfidorum
679 1809 827 1856 sunt.
879 1800 946 1854 Et
994 1814 1134 1854 nunc
1164 1814 1286 1856 cum
1331 1800 1578 1856 laudatur
1608 1799 1885 1862 Christus,
1919 1783 1964 1852 Β
1993 1791 2212 1846 animo?

285 1895 480 1949 dicunt
535 1893 778 1948 lueretici
828 1894 950 1963 quia
993 1892 1190 1950 seditio
1241 1903 1650 1949 commovetur:
1705 1892 1889 1948 dicunt

285 1987 529 2043 haeretici
571 1990 694 2057 quia
727 1986 810 2040 bis
855 2000 1003 2041 mors
1035 1986 1355 2054 parabatur;
1389 1995 1444 2041 et
1495 2000 1621 2041 vere
1654 1995 1886 2041 mortem

283 2081 489 2135 habent
539 2081 590 2134 in
636 2078 888 2134 laudibus
930 2077 1153 2134 Christi.
1193 2078 1479 2146 Quomodo
1515 2079 1659 2133 enim
1701 2077 1887 2132 laudes

282 2171 402 2238 ejus
441 2171 584 2225 ferre
626 2178 894 2240 possunt,
934 2171 1093 2239 cujus
1131 2171 1503 2232 inﬁrmitatem
1555 2170 1887 2238 praedicant?

282 2261 470 2332 Itaque
500 2270 556 2318 et
585 2261 748 2320 hodie
776 2275 900 2320 cum
950 2261 1200 2318 laudatur
1236 2260 1520 2326 Christus,
1557 2261 1882 2318 Arianorum

283 2355 519 2409 amentia
551 2355 887 2411 verberatur.
1125 2353 1130 2358 ’

353 2446 444 2500 20.
487 2445 750 2502 Geraseni
787 2446 1133 2515 praesentiam
1165 2445 1367 2500 Christi
1410 2447 1550 2501 ferre
1581 2461 1688 2500 non
1727 2456 1880 2514 pote-

282 2546 404 2592 rant
433 2535 601 2608 (Luc.
634 2553 750 2603 vui,
783 2539 914 2608 37).
952 2538 1036 2592 isti
1080 2539 1291 2608 pejores
1316 2537 1610 2596 Cerasenis
1637 2553 1739 2594 nec
1768 2539 1883 2594 lau-

281 2631 556 2685 dationem
603 2630 802 2684 Christi
851 2631 1121 2686 sustinere
1155 2640 1402 2700 possunt.
1441 2630 1633 2686 Vident
1683 2646 1882 2700 pueros

279 2723 480 2776 Christi
496 2723 722 2792 gloriam
738 2724 1088 2778 concinentes
1107 2739 1123 2787 ;
1141 2723 1264 2791 quia
1285 2724 1546 2792 scriptum
1567 2732 1678 2778 est:
1699 2722 1781 2780 Ea;
1797 2739 1883 2776 ore

279 2815 558 2886 infantium
583 2823 627 2869 et
650 2817 946 2870 faetentium
962 2817 1221 2886 ρει-[θεειιὶ
1243 2817 1448 2872 laudem
1474 2814 1645 2886 (Ptol.
1664 2831 1776 2882 vtu,
1799 2815 1876 2887 5).

279 2906 513 2962 lrrident
555 2907 711 2962 istam
757 2909 1032 2962 mtatulam
1062 2907 1186 2962 fidei
1216 2908 1429 2979 plenam
1457 2950 1472 2975 ,
1501 2923 1626 2966 cum
1655 2909 1874 2964 dicunt:

280 2996 415 3051 Ecce
443 2997 570 3069 quid
601 2999 865 3054 clamant?
889 2999 996 3056 Sed
1025 3001 1307 3069 respondit
1331 3002 1396 3056 iis
1423 3000 1675 3060 Christus
1701 3018 1714 3055 :
1744 3001 1805 3056 Si
1826 3002 1880 3056 lii

282 3089 520 3148 tacebunt
542 3132 555 3152 .
581 3091 781 3162 lapides
803 3091 1100 3156 clamabunt
1123 3091 1289 3164 (Luc.
1326 3109 1438 3159 xtx,
1467 3094 1570 3164 55)
1590 3135 1606 3159 ,
1636 3093 1739 3154 hoc
1769 3102 1873 3158 est,

2063 1888 2152 1942 25.
2198 1888 2406 1946 Paucos
2443 1890 2767 1946 excludebat
2797 1890 3060 1946 Dominus
3096 1890 3254 1946 Iesus
3291 1890 3359 1946 de
3388 1895 3591 1962 templo

1991 1994 2110 2041 suo,
2137 1979 2442 2036 Auxentius
2472 1982 2678 2037 nullum
2713 1982 2957 2052 reliquit.
2979 1982 3056 2038 De
3080 1984 3284 2051 templo
3311 1999 3410 2038 suo
3431 1983 3592 2038 Jesus

1989 2069 2204 2140 ﬂagello
2254 2072 2430 2142 cjicit.
2491 2074 2791 2130 Auxentius
2834 2073 3015 2144 gladio
3071 2075 3281 2130 :Jesus
3340 2074 3587 2144 ﬂagello,

1991 2161 2328 2221 Mercurinus
2378 2165 2578 2219 securi.
2642 2165 2768 2220 Pius
2831 2165 3091 2221 Dominus
3154 2165 3374 2237 ﬂagello
3422 2167 3588 2238 81o

1987 2255 2240 2308 exturbat
2271 2256 2598 2326 sacrilegos;
2629 2272 2860 2324 nequam
2893 2258 3238 2329 persequitur
3277 2261 3396 2328 pios
3419 2261 3586 2313 ferro.

1989 2344 2065 2399 De
2113 2361 2222 2415 quo
2283 2347 2419 2402 bene
2471 2347 2684 2404 dixistis
2744 2348 2953 2404 hodie:
3005 2349 3179 2420 Leges
3219 2363 3346 2404 suas
3400 2365 3585 2405 secum

1987 2435 2142 2492 ferat.
2174 2436 2358 2502 Feret,
2387 2440 2601 2494 etiamsi
2631 2440 2802 2495 nolit:
2829 2441 2968 2496 feret
2987 2443 3380 2498 conscientiam
3408 2459 3581 2507 suam,

1986 2527 2089 2582 etsi
2137 2543 2245 2584 non
2279 2530 2381 2584 fert
2410 2529 2750 2587 chartulam:
2782 2533 2918 2588 feret
2956 2535 3221 2603 sanguine
3266 2533 3584 2604 inscriptam

1984 2621 2219 2676 animam
2251 2635 2404 2677 suam
2427 2663 2441 2688 ,
2473 2622 2580 2678 etsi
2612 2634 2918 2680 atramento
2951 2625 3266 2695 inscriptam
3299 2626 3586 2696 epistolam

1984 2728 2095 2770 non
2127 2713 2283 2769 feret.
2315 2714 2527 2784 Scripta
2555 2723 2669 2781 est,
2701 2714 2838 2772 Juda
2860 2757 2877 2781 ,
2906 2717 3062 2786 culpa
3104 2728 3192 2772 tua
3216 2719 3446 2788 graphio
3478 2718 3585 2772 fer-

1984 2820 2080 2864 reo
2125 2815 2180 2860 et
2209 2821 2388 2876 ungue
2413 2809 2796 2872 adamantina,
2822 2817 2876 2862 et
2914 2810 3117 2877 scripta
3151 2810 3201 2864 in
3234 2820 3452 2876 pectore
3493 2820 3584 2864 tuo

1985 2898 2214 2967 (Jerem.
2247 2915 2343 2966 vn,
2379 2900 2465 2970 I),
2494 2899 2596 2955 hoc
2623 2911 2732 2966 est,
2764 2902 2834 2956 ibi
2859 2903 3096 2974 scripta,
3123 2903 3268 2958 unde
3296 2904 3578 2972 processit.

2053 2991 2145 3046 24.
2191 2992 2239 3047 Is
2272 2993 2400 3050 mihi
2427 2995 2590 3048 etiam
2617 2995 2783 3049 audet
2813 2996 3141 3050 mentionem
3175 3004 3196 3034 ε
3246 2994 3428 3050 facere
3476 3005 3588 3048 tra-

1983 3086 2163 3140 ctandi
2186 3127 2199 3152 ,
2249 3087 2440 3155 plenus
2467 3088 2777 3156 sanguinis,
2812 3089 3004 3158 plenus
3036 3088 3282 3143 cruoris?
3312 3088 3412 3154 Qui
3443 3103 3581 3158 quos

280 3181 534 3236 fortiores
589 3155 1293 3252 clamabunt,clamabunt
1349 3155 1435 3240 eti
1447 3155 1712 3254 juvenes,
1744 3155 1876 3240 ‘cla;
1902 3155 1946 3218 Ο
1983 3193 2090 3232 non
2140 3181 2376 3248 potuerit
2429 3195 2684 3236 sermone
2735 3182 3027 3250 decipere,
3068 3195 3164 3236 eos
3206 3181 3384 3250 gladio
3427 3191 3581 3252 putat

279 3275 506 3331 mabunt
553 3284 608 3340 et
657 3278 1012 3346 maturiores,
1055 3279 1369 3334 clamabunt
1400 3288 1423 3315 α
1465 3288 1520 3336 et
1559 3294 1755 3334 senes:
1788 3280 1876 3336 isti

277 3365 489 3434 lapides
515 3366 582 3420 ad
610 3365 763 3422 illum
792 3367 903 3438 jam
936 3369 1152 3424 solidati
1181 3369 1450 3442 lapidem,
1502 3370 1570 3430 de
1609 3387 1716 3441 quo
1744 3372 1877 3428 scri-

278 3468 428 3526 ptum
449 3467 568 3512 est:
601 3457 846 3530 Lapidem
895 3477 1046 3526 quem
1095 3462 1493 3529 reprobaverunt
1520 3464 1870 3532 wdiﬁcanter,

275 3546 361 3602 hic
386 3550 554 3620 [actus
593 3563 665 3610 est
696 3554 749 3606 in
777 3560 934 3622 caput
972 3555 1149 3624 anguli
1179 3554 1362 3626 (Psat.
1392 3569 1567 3622 cxvn,
1600 3555 1729 3627 22).

345 3641 437 3697 Ἣ.
482 3642 578 3704 His
632 3645 793 3716 igitur
844 3647 1244 3702 laudationibus
1301 3649 1560 3708 invitatus
1609 3653 1869 3721 templum

275 3747 433 3789 suum
463 3735 719 3792 Christus
758 3739 1083 3808 ingreditur,
1126 3751 1181 3795 et
1230 3742 1504 3810 ﬂagellum
1553 3743 1867 3812 prehendit,

273 3835 329 3880 et
359 3827 510 3896 ejicit
541 3829 608 3883 de
641 3831 843 3900 templo
873 3833 1268 3888 nummularius
1298 3833 1492 3904 (Joan.
1526 3851 1583 3902 ιι,
1611 3835 1728 3905 15).
1754 3837 1868 3894 Non

269 3922 475 3992 patitur
499 3927 642 3980 enim
676 3923 728 3978 in
751 3939 847 3978 suo
877 3925 1082 3996 templo
1106 3929 1352 3995 pecunia:
1374 3941 1496 3983 esse
1523 3930 1866 3997 vernaculos,

274 4029 382 4068 non
424 4015 624 4084 patitur
662 4018 713 4072 in
764 4032 864 4074 suo
911 4021 1114 4090 templo
1159 4035 1282 4076 esse
1329 4035 1458 4086 eos,
1503 4022 1593 4092 qui
1638 4024 1869 4079 vendant

270 4107 581 4166 cathedras.
615 4108 751 4178 Quid
784 4119 910 4164 sunt
951 4111 1258 4180 cathedrae,
1293 4113 1398 4168 nisi
1427 4113 1700 4170 honores?
1729 4117 1866 4184 Quid

272 4201 403 4255 sunt
445 4202 738 4269 columbae,
785 4204 886 4259 nisi
931 4204 1216 4276 simplices
1260 4217 1498 4276 mentes,
1545 4211 1628 4264 vel
1670 4214 1867 4268 animae

268 4294 434 4350 ﬁdem
477 4295 763 4361 candidam
795 4308 848 4354 et
887 4314 1074 4368 puram
1123 4303 1449 4370 sequentes?
1478 4303 1593 4374 Ego
1615 4321 1747 4377 ergo
1786 4308 1868 4360 in-

267 4388 464 4443 ducam
499 4390 550 4446 in
587 4390 875 4460 templum,
908 4406 1068 4462 quem
1115 4391 1367 4450 Christus
1398 4397 1674 4456 excludit?
1699 4398 1866 4456 Juba-

267 4491 359 4536 tur
402 4482 546 4546 enim
578 4484 733 4538 exire
751 4502 772 4550 ,·
805 4486 894 4554 qui
940 4483 1231 4555 dignitates
1271 4488 1456 4544 vendit
1496 4499 1551 4544 et
1591 4489 1860 4548 honores:

1981 3287 2101 3328 esse
2148 3272 2453 3338 feriendus,
2506 3283 2759 3330 cruentas
2797 3275 2941 3344 leges
2992 3287 3088 3328 ore
3135 3275 3381 3337 dictans.
3413 3290 3574 3329 manu

1979 3365 2224 3422 scribens
2247 3405 2260 3428 ,
2288 3373 2343 3418 et
2372 3373 2565 3434 putans
2589 3365 2733 3435 quod
2760 3366 2843 3420 lex
2869 3365 3028 3420 ﬁdem
3062 3367 3234 3435 possit
3266 3365 3578 3422 hominibus

1980 3456 2270 3526 imperare.
2304 3456 2420 3512 Non
2447 3457 2655 3514 audivit
2678 3465 2730 3512 et
2761 3457 2814 3512 id
2851 3461 2993 3526 quod
3025 3456 3185 3511 hodie
3211 3458 3413 3512 dictum
3453 3469 3570 3514 est:

1981 3549 2240 3616 Quoniam
2289 3565 2391 3606 non
2427 3551 2750 3622 justi/iretur
2796 3551 2946 3604 homo
2999 3568 3062 3606 ea:
3106 3551 3346 3622 aperibtts
3388 3550 3572 3625 Legit;

1979 3644 2187 3716 (Galat.
2211 3661 2270 3710 ιι,
2297 3645 2366 3702 16
2381 3642 2421 3714 ),
2442 3656 2536 3700 aut
2561 3663 2574 3699 :
2604 3645 2709 3700 Per
2740 3645 2925 3718 Legem
2946 3646 3072 3719 Legi
3099 3660 3333 3702 mortuus
3350 3666 3462 3702 sum
3479 3690 3492 3711 ,
3517 3658 3574 3702 ut

1976 3735 2088 3790 Deo
2118 3738 2283 3792 vivam
2325 3737 2526 3810 (lbid.,
2558 3737 2687 3808 I9),
2715 3738 2766 3792 id
2796 3749 2913 3804 est,
2949 3755 3043 3808 per
3065 3741 3237 3809 legem
3270 3741 3567 3810 Spiritalem

1977 3830 2411 3899 interpretationi
2445 3832 2604 3905 Legis
2641 3840 2727 3886 est
2777 3842 3023 3886 mortuus
3050 3835 3341 3903 corporali.
3377 3833 3444 3888 Et
3469 3851 3568 3890 nos

1977 3937 2073 3992 per
2105 3922 2278 3992 legem
2305 3922 2516 3978 Domini
2549 3924 2722 3978 nostri
2747 3923 2878 3978 Jesu
2903 3925 3100 3978 Christi
3121 3927 3417 3979 moriamur
3445 3926 3569 3980 huic

1975 4014 2113 4084 legi,
2147 4030 2267 4083 qua:
2307 4017 2482 4072 sancit
2531 4015 2747 4069 decreta
2781 4015 3044 4084 perﬁdim.
3081 4015 3200 4072 Non
3241 4017 3323 4070 lex
3378 4017 3565 4071 Eccle-

1973 4109 2108 4162 siam
2159 4123 2341 4178 COllgrt
2361 4109 2537 4178 gavit,
2567 4109 2662 4163 sed
2704 4108 2837 4163 ﬁdes
2867 4107 3090 4162 Christi.
3143 4108 3253 4161 Lex
3283 4109 3425 4162 enim
3457 4125 3566 4164 non

1973 4212 2054 4258 est
2084 4218 2152 4258 ex
2187 4202 2316 4258 ﬁde:
2347 4202 2530 4258 Justus
2558 4213 2726 4258 autem
2752 4218 2816 4255 ea;
2844 4202 2944 4269 ﬁds
2964 4202 3087 4256 uiuit
3110 4200 3316 4270 (Galat.
3348 4217 3428 4265 ιιι,
3459 4200 3568 4272 Η).

1971 4296 2182 4352 Jusmm
2215 4310 2348 4365 ergo
2394 4295 2558 4361 ﬁdes,
2595 4312 2702 4350 non
2736 4295 2819 4349 lex
2854 4295 3012 4360 facit;
3049 4295 3173 4363 quia
3208 4308 3315 4347 non
3345 4303 3428 4348 est
3474 4309 3568 4362 per

1969 4391 2144 4460 legem
2181 4387 2389 4457 justitia
2417 4429 2432 4454 ,
2467 4388 2561 4444 sed
2614 4402 2707 4457 per
2757 4386 2918 4441 ﬁdem
2964 4384 3189 4440 Christi.
3233 4385 3334 4453 Qui
3383 4397 3564 4442 autem

1973 4490 2131 4548 fidem
2185 4484 2465 4556 repudiat,
2519 4490 2576 4538 et
2613 4481 2749 4550 legis
2782 4481 2906 4548 jura
2943 4479 3297 4548 praescribit,
3344 4481 3457 4550 ipse
3510 4496 3568 4536 se

261 4573 487 4645 juhelur
515 4575 694 4642 exire,
739 4577 831 4645 qui
872 4577 1107 4634 vendere
1161 4580 1276 4634 vult
1323 4581 1603 4650 simplices
1652 4597 1862 4640 ruentes
1891 4585 1944 4644 D
1973 4591 2200 4638 testatur
2241 4577 2500 4646 injuStum
2524 4614 2538 4638 ,
2571 4573 2695 4642 quia
2733 4571 2920 4626 Justus
2944 4587 3006 4626 ea;
3032 4571 3136 4634 ﬁde
3163 4571 3304 4628 virit.

267 4666 527 4721 ﬁdelium.

339 4758 428 4812 22.
478 4757 617 4829 Ergo
655 4760 954 4818 Auxentius
982 4760 1219 4830 ejicitur.
1253 4763 1592 4820 Mercurinus
1620 4767 1863 4824 excludi-

266 4863 376 4907 tur.
411 4852 588 4909 Unum
631 4862 938 4926 portentum
967 4863 1052 4910 est
1076 4897 1090 4918 ,
1119 4856 1228 4918 duo
1260 4860 1500 4916 nomina.
1547 4860 1762 4924 Etenim
1795 4878 1862 4918 ne

264 5023 398 5063 vero
427 5022 719 5075 sequamur
762 5008 1191 5062 vetustissimum
1225 5010 1524 5080 catalogum
1577 5013 1628 5066 in
1661 5014 1864 5072 Musam

263 5081 454 5136 Italico
483 5095 602 5148 pag.
655 5079 758 5134 HD
791 5081 911 5150 vulg
939 5096 1094 5139 turn,
1140 5079 1458 5150 septimusa
1501 5094 1688 5136 sancto
1736 5087 1862 5140 Bar-

264 5153 438 5225 naha,
485 5154 588 5225 qui
624 5149 995 5225 recentissima
1043 5167 1214 5225 manu
1249 5149 1544 5225 exemplari
1594 5158 1864 5225 ascriptus

263 5223 518 5277 traditur.
554 5222 873 5292 Eusmrgius
899 5231 953 5276 et
983 5223 1123 5285 apud
1176 5221 1458 5292 Ughellutn
1492 5232 1548 5277 et
1583 5228 1722 5292 apud
1745 5221 1866 5282 Ma-

264 5293 550 5348 bilionitnn
601 5291 843 5364 decimus
895 5291 1238 5364 numeratur.
1264 5292 1331 5346 At
1362 5309 1491 5347 vero
1541 5291 1863 5364 Ιὶίρξιημίηδ,

262 5366 355 5431 qui
385 5371 591 5416 tantum
618 5362 1013 5416 tertiodecimo
1037 5363 1154 5417 Ιορυ
1176 5363 1229 5416 in
1258 5365 1402 5417 Italia
1430 5367 1593 5419 Sacra
1625 5362 1859 5432 pdnLtur,

265 5434 620 5503 Eustorgium
653 5434 703 5486 in
737 5435 900 5504 citato
931 5433 1130 5486 Musam
1161 5449 1299 5504 pone
1320 5435 1586 5499 sequitur.
1619 5437 1769 5493 Hunc
1799 5457 1865 5496 eo

267 5505 412 5574 quod
454 5505 808 5575 Athanasium
865 5503 916 5556 in
965 5504 1175 5575 synodo
1219 5506 1440 5559 Mediol.
1475 5508 1736 5563 damnare
1771 5511 1867 5563 de-

267 5573 586 5635 trectasset,
623 5589 650 5625 a
683 5573 1006 5644 Constantio
1027 5574 1258 5641 ejectum
1291 5579 1340 5629 in
1371 5578 1656 5644 exsilium,
1694 5580 1744 5636 in
1775 5582 1868 5635 illo

267 5651 417 5703 diem
459 5645 661 5718 aluisse
693 5643 1112 5718 tradirlluﬁnus
1141 5647 1236 5718 lib.
1269 5663 1280 5698 ι
1311 5647 1446 5703 Hist.
1483 5663 1603 5718 Cap.
1642 5643 1737 5718 l9,
1769 5653 1870 5708 So-

279 5726 459 5773 cralrs
484 5715 575 5769 lib.
607 5730 664 5775 ll,
696 5730 813 5783 cap.
840 5716 932 5780 '56,
969 5725 1130 5782 atque
1162 5717 1276 5770 alii.

353 5800 376 5825 ει
420 5787 546 5840 Mss.
575 5799 680 5839 non
705 5786 890 5854 pauci,
917 5796 962 5838 et
983 5801 1129 5839 senes
1150 5787 1232 5840 isti
1260 5787 1458 5861 laudes,
1479 5790 1547 5842 ad
1569 5791 1736 5861 illum,
1761 5803 1870 5850 etc.

2041 4677 2130 4730 25.
2174 4674 2324 4730 Hanc
2353 4687 2485 4740 ergo
2509 4669 2680 4739 legem
2709 4668 2994 4740 quisquam
3027 4676 3308 4737 sequatur,
3341 4684 3446 4739 qua
3477 4671 3565 4724 me.

1972 4780 2152 4825 matur
2177 4767 2522 4822 Ariminense
2549 4761 2842 4818 concilium
2861 4801 2876 4824 ,
2901 4759 2953 4814 in
2981 4775 3089 4828 quo
3114 4771 3360 4816 creatura
3392 4763 3568 4816 dictus

1971 4871 2053 4917 est
2078 4857 2362 4913 Christus?
2416 4853 2524 4909 Sed
2569 4854 2751 4907 aiunt:
2790 4851 2933 4905 Misit
2975 4851 3117 4908 Deus
3169 4850 3366 4908 Filium
3411 4869 3562 4906 suum

2040 5017 2067 5055 ι’
2108 5015 2309 5070 Omnes
2323 5010 2481 5072 edit.,
2497 5025 2549 5062 se
2571 5017 2772 5061 vocaret
2797 5007 3172 5072 Morem-iitum;
3190 5021 3381 5062 omnes
3401 5024 3558 5074 mss.,

1971 5087 2301 5142 Auxentium.
2331 5081 2398 5135 Et
2425 5091 2573 5133 certe
2613 5082 3004 5131 correctionem
3055 5079 3190 5130 hanc
3221 5092 3413 5130 sensus
3446 5080 3557 5131 exi-

1972 5163 2070 5228 git.
2103 5157 2156 5210 Id
2199 5162 2342 5228 enim
2377 5153 2480 5228 hoc
2513 5150 2614 5228 loci
2663 5148 2863 5228 indit-al
2905 5149 3224 5228 Ambrosius
3270 5148 3427 5228 istum
3471 5151 3561 5228 qui

1971 5219 2073 5285 sub
2102 5225 2386 5282 Mercurini
2424 5222 2642 5276 nomine
2671 5220 2889 5278 odiosus
2913 5225 3198 5278 evaserat,
3229 5227 3287 5272 ut
3318 5219 3370 5272 in
3406 5219 3558 5273 Aria.

1973 5316 2164 5356 norum
2221 5289 2731 5356 Mediolanensinm,
2790 5305 3018 5360 quorum
3063 5288 3296 5360 ultimus
3326 5290 3557 5360 pseudo.

1972 5373 2260 5441 episcopus
2291 5364 2593 5441 Auxentith
2621 5356 2822 5441 fuerat,
2858 5360 3065 5441 animos
3100 5356 3332 5409 nominis
3356 5359 3565 5441 simili-

1972 5427 2174 5496 tudine.
2210 5439 2422 5491 facilius
2458 5437 2749 5502 irreperet,
2791 5427 3045 5484 Auxentii
3098 5428 3556 5498 nuncupationem

1971 5515 2280 5580 adoptasse.
2354 5576 2386 5580 __
2529 5575 2538 5580 _
2642 5578 2653 5580 _
2880 5575 2889 5580 _
2985 5515 3002 5580 ξ
3103 5568 3133 5580 ..

2049 5567 2091 5622 ς’
2113 5582 2271 5636 Rom.
2304 5576 2435 5632 edit.
2462 5575 2571 5632 sola
2591 5615 2603 5636 ,
2627 5578 2794 5644 [accire
2815 5568 3159 5644 retractandi.
3178 5567 3342 5624 Forte
3369 5582 3433 5622 an
3465 5585 3561 5640 pro

1975 5655 2168 5710 iterum
2205 5646 2500 5712 tractandi,
2529 5639 2650 5713 quia
2674 5642 2782 5709 jam
2811 5654 2954 5719 anno
2984 5639 3263 5719 superiore
3296 5639 3563 5696 tractare.

1974 5707 2113 5780 rant.
2145 5721 2250 5779 Sed
2279 5736 2383 5773 non
2410 5707 2522 5777 est,
2546 5707 2643 5768 cur
2667 5707 2953 5782 propterea
2982 5707 3271 5779 quidquam
3299 5720 3558 5770 mutetur.
