3996 6292
444 254 583 328 tots
1706 243 1953 303 SANCTI
1993 242 2321 301 AMBROSII
3601 247 3726 302 tota

441 373 639 444 factum
677 385 740 426 ea:
767 369 1010 436 muliere,
1057 372 1253 441 factum
1291 367 1383 423 sub
1431 365 1566 439 Lege
1591 363 1808 437 (Galat.
1840 377 1916 431 tv,
1944 363 2038 434 4).
2069 366 2117 424 Α
2147 363 2233 420 lex
2259 378 2365 420 non
2392 372 2698 420 atramento
2715 364 2949 435 scripta,
2977 363 3070 420 sed
3099 363 3296 434 spiritu
3331 362 3425 419 Dei
3449 363 3553 419 vivi
3589 381 3602 419 :
3631 379 3727 420 non

443 464 620 536 Ergo,
644 462 875 533 factum,
904 462 1124 532 legunt,
1151 461 1258 515 hoc
1277 466 1394 526 est,
1422 465 1689 513 creatum.
1719 455 1911 511 Nonne
1941 454 2045 510 hoc
2149 456 2202 512 in
2239 455 2428 512 charta
2458 464 2705 522 exarata,
2732 455 2828 511 sed
2861 457 2916 512 in
2944 455 3346 526 corde‘signata
3377 475 3392 510 :
3425 455 3512 511 lex
3533 457 3725 527 gratize,

447 558 628 628 ipsum
659 553 1046 617 considerant,
1076 551 1219 623 quod
1251 557 1683 621 proposuerunt,
1717 549 1843 619 quia
1874 548 2048 603 factus
2150 563 2257 604 non
2278 549 2493 605 cruoris
2520 547 2726 620 (IlCor.
2757 563 2838 614 tu,
2861 549 2939 618 '5).
2959 547 3093 615 Quis
3113 549 3280 619 igitur
3304 545 3461 603 vobis
3490 547 3730 616 injuriam

448 647 651 703 dicitur
675 645 962 711 Christus,
992 645 1084 699 sed
1116 660 1181 698 ex
1202 643 1446 708 muliere,
1481 641 1586 697 hoc.
1612 649 1727 708 est,
1751 639 2048 697 secundum
2153 641 2284 698 facit
2315 684 2332 710 ,
2371 642 2462 713 qui
2503 650 2720 698 recusat
2760 651 2995 698 vestram
3030 683 3044 708 ,
3082 657 3151 696 an
3194 642 3286 713 qui
3329 640 3484 711 eligit
3524 640 3730 696 audien-

448 749 660 811 partum
692 738 931 809 Virginis
962 737 1133 792 factus
1178 745 1294 802 est,
1327 735 1416 807 qui
1455 735 1760 791 secundum
1803 733 2049 789 divinam
2155 737 2322 791 tiam?

449 831 861 904 generationem
887 846 958 885 ex
982 829 1144 884 Patre
1170 838 1326 884 natus
1347 828 1466 884 est?
1490 827 1767 898 Legerunt
1795 836 1850 883 et
1867 825 2046 892 hodie,

451 926 579 996 quia
610 925 848 980 Christus
880 939 970 978 nos
1015 921 1232 976 redemit
1269 922 1334 975 de
1360 921 1637 975 maledicto
1668 920 1818 992 Legis
1840 961 1856 986 ,
1889 920 2054 988 factus

453 1035 548 1091 pro
581 1019 727 1072 nobis
759 1015 1093 1071 maledictum
1127 1013 1341 1085 (Galat.
1375 1031 1455 1079 ιιι,
1485 1013 1607 1086 15).
1639 1014 1913 1084 Numquid
1945 1029 2055 1068 ma-

2224 827 2318 884 29.
2351 827 2652 883 Conclusus
2676 828 2936 898 undique,
2956 827 3024 882 ad
3051 827 3347 883 versutiam
3380 835 3592 896 patrum
3622 841 3735 882 suo-

2158 937 2275 977 rum
2317 921 2578 992 confugit.
2606 921 2680 976 De
2711 922 3041 992 imperatore
3070 921 3183 975 vult
3213 919 3473 975 invidiam
3511 934 3738 974 commo-

2158 1030 2285 1070 vere
2306 1057 2321 1082 ,
2353 1015 2542 1070 dicens
2565 1014 2812 1084 judicare
2833 1013 3035 1069 debere
3061 1012 3468 1068 adolescentem
3500 1011 3739 1067 catechu-

455 1113 712 1168 ledictutn
763 1109 1012 1165 Christus
1055 1108 1352 1164 secundum
1401 1109 1748 1164 divinitatem
1794 1107 1920 1162 est?
1950 1107 2058 1164 Sed

452 1218 624 1273 quare
652 1201 1001 1256 maledictum
1053 1200 1286 1267 dicatur,
1333 1199 1630 1270 Apostolus
1671 1208 1724 1254 te
1750 1199 1942 1265 docet,
1979 1198 2061 1252 di-

2159 1123 2376 1163 menum
2400 1149 2414 1173 ,
2447 1121 2620 1162 sacrm
2642 1107 2892 1162 lectionis
2922 1107 3169 1176 ignarum
3197 1146 3212 1172 ,
3247 1114 3302 1160 et
3340 1104 3393 1159 in
3425 1103 3741 1159 consistorio

2157 1201 2426 1273 judicare.
2459 1201 2626 1270 Quasi
2655 1215 2786 1256 vero
2824 1200 3112 1270 superiore
3135 1213 3281 1253 anno
3311 1197 3533 1269 quando
3562 1198 3625 1251 ad
3663 1213 3745 1267 pa-

453 1308 584 1350 cens
607 1293 731 1364 quia
764 1293 1030 1362 scriptum
1059 1303 1176 1348 est:
1211 1293 1524 1347 Maledictus
1555 1293 1742 1358 omnis,
1766 1292 1854 1361 qui
1875 1292 2062 1364 pendet
2165 1296 2354 1350 latium
2404 1310 2524 1349 sum
2576 1295 2807 1364 petitus,
2851 1308 2973 1348 cum
3025 1293 3391 1363 praesentibus
3435 1291 3744 1362 primatibus

453 1389 505 1439 in
533 1385 674 1456 ligno
705 1383 880 1454 (Ibid.
901 1384 940 1454 ),
973 1385 1075 1440 hoc
1111 1392 1228 1451 est,
1267 1385 1358 1455 qui
1395 1384 1449 1440 in
1496 1400 1660 1441 carne
1686 1399 1783 1440 sua
1819 1392 2062 1440 nostram
2165 1395 2292 1443 ante
2312 1387 2694 1442 consistorium
2728 1394 3082 1452 tractaretur,
3111 1399 3233 1440 cum
3264 1384 3576 1454 imperator
3613 1383 3746 1438 basi-

455 1493 697 1544 carnem,
725 1479 778 1532 in
809 1495 912 1534 suo
938 1493 1169 1549 corpore
1200 1489 1419 1535 nostras
1439 1480 1786 1536 infirmitates
1804 1489 1858 1535 et
1881 1489 2063 1535 nostra
2167 1485 2324 1540 licam
2347 1483 2516 1540 vellet
2546 1483 2798 1554 eripere;
2831 1496 2934 1553 ego
2969 1493 3098 1536 tunc
3128 1480 3268 1536 aulae
3293 1479 3747 1549 contemplatione

459 1571 749 1626 maledicta
794 1574 1072 1642 suscepit,
1123 1581 1181 1627 ut
1221 1572 1594 1643 crucifigeret;
1630 1589 1738 1628 non
1775 1575 1925 1628 enim
1974 1573 2067 1628 ille
2169 1578 2370 1648 regalis
2409 1576 2672 1631 infractus
2719 1577 2822 1630 sim
2855 1617 2869 1640 ,
2923 1573 3290 1629 constantiam
3335 1587 3447 1627 non
3497 1572 3750 1628 teuuerim

461 1666 824 1732 tnalcdictus,
860 1666 959 1722 sed
1012 1667 1064 1722 in
1118 1676 1171 1721 te
1218 1667 1569 1722 tnaledictus.
1606 1667 1852 1738 Denique
1901 1667 2070 1722 habes
2171 1668 2470 1725 sacerdotis
2497 1710 2512 1733 ,
2538 1678 2633 1722 aut
2663 1667 2952 1722 imminuto
2978 1666 3106 1735 jure
3145 1663 3550 1719 discesserim?
3576 1662 3755 1717 Nonne

461 1760 594 1815 alibi
627 1778 640 1814 :
675 1759 780 1826 Qui
809 1771 1077 1830 peccatum
1108 1777 1209 1814 non
1231 1761 1469 1832 cognouit
1491 1802 1505 1826 ,
1537 1761 1626 1814 sed
1652 1777 1746 1831 pro
1777 1761 1921 1815 nobis
1949 1776 2064 1830 pee-
2098 1751 2147 1812 Β
2176 1763 2540 1817 meminerunt
2585 1758 2729 1830 qttod
2775 1758 2865 1813 ubi
2907 1772 2993 1812 me
3041 1755 3301 1825 cognovit
3347 1755 3580 1825 populus
3625 1753 3759 1823 pala-

461 1862 634 1906 catum
661 1852 827 1921 fartus
855 1862 967 1917 est;
997 1853 1121 1917 quia
1158 1863 1336 1906 nostra
1374 1862 1584 1921 peccata
1611 1855 1870 1920 suscepit,
1900 1862 1957 1906 ut
1989 1869 2074 1906 sa-

464 1956 722 2002 cramento
749 1963 857 2000 sua:
903 1947 1159 2017 passionis
1189 1947 1417 2002 aboleret
1448 1945 1524 2018 (ll
1558 1945 1680 2000 Cor.
1714 1962 1767 2010 ν,
1797 1945 1926 2015 21).

536 2039 626 2095 26.
668 2038 799 2094 Hmc
841 2055 977 2110 ego,
1011 2041 1210 2096 fratres
1238 2083 1252 2105 ,
1284 2055 1471 2096 coram
1510 2041 1629 2111 ipso
1659 2039 1801 2110 apud
1833 2055 1931 2095 vos
1961 2040 2076 2110 ple-

470 2131 592 2184 nius
617 2129 955 2199 disputarem
993 2148 1008 2185 :
1055 2131 1151 2186 sed
1182 2140 1370 2188 certus
1399 2145 1507 2186 non
1559 2131 1783 2202 ignaros
1813 2145 1912 2186 vos
1955 2146 2080 2187 esse

473 2220 594 2277 fidei
618 2264 632 2288 ,
673 2230 915 2278 vestrum
947 2225 1146 2294 refugit
1173 2239 1404 2280 examen
1431 2265 1447 2292 ,
1477 2233 1532 2280 et
1556 2225 1789 2294 gentiles
1817 2225 2091 2295 quosdam.

469 2321 704 2383 quatuor
734 2321 831 2367 aut
859 2314 1099 2384 quinque
1143 2314 1318 2370 ferme
1350 2314 1602 2370 homines
1632 2315 1801 2384 elegit
1837 2324 1860 2351 ε·
1894 2314 2080 2386 cogni-

471 2416 620 2463 tores
667 2409 803 2474 sibi,
850 2408 895 2463 si
949 2414 1128 2461 tamen
1179 2407 1393 2476 aliquos
1440 2406 1652 2476 elegit:
1693 2423 1833 2475 quos
1883 2408 2080 2463 vellem

475 2497 668 2554 adesse
713 2498 770 2554 in
821 2506 971 2554 ctetu
1015 2496 1298 2560 omnium,
1329 2511 1436 2550 non
1480 2504 1536 2550 ut
1579 2497 1646 2552 de
1673 2495 1894 2552 Christo
1936 2497 2085 2568 judi-

476 2599 634 2655 cent,
670 2590 766 2646 sed
798 2599 854 2644 ut
883 2588 1226 2660 majestatem
1269 2587 1492 2643 audiant
1519 2585 1743 2644 Christi.
1773 2588 1978 2644 Tamen
2005 2589 2083 2646 illi

476 2682 591 2749 jam
615 2680 684 2736 de
710 2682 987 2737 Auxentio
1011 2681 1534 2751 pronuntiaverunt,
1557 2682 1644 2736 cui
1672 2683 1924 2738 tractanti
1951 2698 2085 2754 quo-

479 2774 608 2830 tidie
636 2789 742 2830 non
773 2774 1149 2831 crediderunt.
1181 2773 1316 2842 Quae
1338 2774 1512 2844 major
1537 2775 1657 2846 ejus
1677 2776 2082 2845 condemnatio,

478 2881 640 2937 quam
662 2866 808 2938 quod
833 2866 998 2938 871
1029 2866 1150 2922 sine
1187 2866 1509 2921 adversario
1540 2867 1683 2936 apud
1709 2867 1923 2938 judices
1953 2884 2084 2924 suos

481 2959 659 3014 victus
699 2959 826 3014 est?
856 2960 997 3030 Ergo
1037 2966 1092 3014 et
1116 2959 1361 3028 ipsorum
1390 2957 1720 3015 sententiam
1750 2968 1944 3016 contra
1972 2959 2084 3016 Au-

482 3053 724 3108 xentium
748 3053 863 3123 jam
905 3061 1177 3109 tenemus.

2177 1856 2309 1908 tium
2336 1855 2558 1923 petisse,
2594 1852 2665 1905 ita
2697 1850 2873 1916 irruit,
2907 1859 2965 1903 ut
2992 1848 3100 1903 vim
3140 1847 3260 1918 ejus
3285 1845 3315 1884 δ
3349 1846 3494 1902 ferre
3515 1862 3622 1900 non
3647 1859 3761 1915 pos-

2178 1953 2338 2010 sent;
2371 1943 2590 2015 quando
2627 1942 2814 1998 comiti
2849 1941 3072 1996 militari
3094 1955 3218 1995 cum
3261 1937 3537 2008 expeditis
3584 1938 3651 1992 ad
3688 1938 3762 1990 fu-

2178 2038 2408 2109 gandam
2436 2035 2839 2092 multitudinem
2885 2047 3112 2106 egresso
3139 2033 3462 2089 obtulerunt
3493 2043 3684 2085 omnes
3711 2043 3765 2084 se

2180 2132 2298 2188 neci
2327 2146 2423 2202 pro
2453 2129 2558 2186 fide
2585 2127 2834 2186 Christi?
2874 2125 3070 2182 Nonne
3102 2135 3231 2180 tunc
3260 2134 3488 2194 rogatus
3518 2137 3641 2176 sum
3667 2164 3681 2188 ,
3713 2130 3765 2176 ut

2182 2223 2439 2294 populum
2471 2232 2493 2260 ο
2525 2220 2698 2276 multo
2721 2234 2977 2276 sermone
2996 2217 3333 2273 mulcerem?
3361 2214 3688 2286 sponderem
3709 2216 3765 2268 li-

2182 2317 2329 2383 dem,
2353 2315 2500 2387 quod
2537 2313 2826 2370 Basilicam
2850 2312 3111 2369 Ecclesia:
3138 2311 3320 2366 nullus
3347 2307 3662 2365 invaderet?
3706 2307 3769 2363 Et

2183 2427 2306 2469 cum
2354 2426 2451 2482 pro
2489 2409 2762 2466 beneﬂcio
2796 2423 2979 2464 meum
3024 2407 3096 2461 sit
3141 2405 3383 2461 officium
3419 2405 3766 2474 postulatum;

2185 2513 2366 2560 tamen
2393 2501 2537 2574 quod
2563 2502 2798 2573 populus
2824 2499 2891 2554 ad
2917 2499 3179 2570 palatium
3222 2497 3502 2562 venisset,
3542 2495 3672 2551 mihi
3701 2496 3772 2548 in-

2187 2597 2334 2653 vidia
2383 2605 2654 2652 commota
2706 2602 2812 2651 est.
2859 2593 2918 2648 In
2968 2592 3110 2648 hanc
3166 2591 3334 2661 igitur
3381 2589 3642 2646 invidiam
3696 2603 3773 2643 me

2185 2689 2368 2746 redire
2404 2687 2746 2745 desiderant.

2256 2781 2348 2837 50.
2386 2779 2656 2836 Revocavi
2697 2779 3002 2851 populum,
3045 2785 3101 2833 et
3142 2786 3325 2832 tamen
3368 2774 3633 2831 invidiam
3677 2787 3774 2828 non

2186 2874 2336 2932 evasi
2373 2890 2388 2931 :
2439 2889 2604 2946 quam
2649 2873 2874 2944 quidem
2912 2871 3171 2928 invidiam
3227 2885 3333 2942 ego
3377 2867 3774 2939 temperandam

2184 2968 2350 3040 872
2378 2967 2762 3032 arbritor,non
2793 2963 3111 3021 timendam.
3151 2963 3294 3031 Quid
3325 2963 3470 3019 enim
3505 2961 3778 3016 timeamus

2189 3077 2289 3132 pro
2316 3061 2524 3118 Christi
2561 3059 2829 3117 nomine?
2864 3059 2975 3114 Nisi
2999 3058 3138 3114 forte
3163 3057 3299 3113 illud
3329 3070 3548 3113 movere
3575 3069 3660 3109 me
3687 3054 3782 3108 de-

550 3145 640 3199 27.
677 3145 742 3199 Et
770 3144 912 3215 quod
940 3154 1132 3216 gentes
1168 3144 1370 3215 elegit,
1414 3146 1537 3214 jure
1568 3145 1908 3203 damnandus
1939 3159 2029 3204 est
2058 3165 2074 3215 ;
2113 3128 2160 3192 Ο
2194 3128 2288 3210 bet
2311 3197 2326 3221 ,
2358 3153 2501 3225 quod
2539 3154 2699 3209 aiunt
2729 3171 2742 3208 :
2797 3155 2938 3224 Ergo
2969 3166 3077 3207 non
3108 3151 3274 3207 debet
3305 3151 3600 3221 imperator
3628 3163 3780 3203 unam

481 3237 607 3307 quia
646 3238 892 3308 Apostoli
941 3245 1212 3307 praecepta
1243 3237 1492 3303 dimisit,
1525 3253 1650 3294 cum
1683 3240 1980 3309 Apostolus
2009 3241 2092 3296 di-

485 3337 571 3382 cat
603 3347 616 3384 :
655 3327 823 3384 Audet
857 3329 1048 3399 aliquis
1077 3337 1304 3383 vestrum
1349 3329 1595 3385 adversus
1631 3332 1856 3386 alterum
1900 3332 2092 3387 habens

487 3424 772 3493 negotium,
793 3423 1030 3495 judicari
1049 3423 1196 3492 apud
1219 3423 1452 3493 iniquos,
1474 3434 1526 3479 et
1554 3441 1657 3479 non
1683 3425 1824 3498 apud
1846 3427 2093 3480 sanctos?

492 3515 594 3569 Aut
623 3515 836 3570 nescitis
860 3517 1108 3584 quoniam
1132 3517 1299 3570 sancti
1335 3518 1398 3570 de
1426 3517 1523 3572 hoc
1560 3517 1757 3572 mundo
1778 3519 2093 3590 judicabant

491 3607 547 3679 (Ι
572 3605 694 3663 Cor.
724 3623 810 3674 v1,
845 3609 905 3672 1,
929 3607 1025 3678 2)?
1053 3608 1120 3663 Et
1159 3607 1301 3664 infra
1329 3609 1407 3664 ait
1440 3627 1452 3663 :
1488 3611 1583 3666 Sic
1607 3626 1711 3665 non
1743 3620 1820 3664 est
1848 3613 1982 3666 inter
2007 3627 2094 3666 vos

493 3699 700 3768 sapiens
721 3700 1012 3769 quisquam,
1044 3701 1130 3771 qui
1159 3701 1322 3770 possit
1333 3702 1575 3772 judicare
1605 3705 1736 3757 inter
1762 3707 1981 3774 fratres:
2006 3705 2095 3758 sed

492 3789 657 3860 frater
683 3806 799 3845 cum
823 3794 988 3860 fratre
1006 3793 1214 3865 judicio
1241 3794 1503 3848 contendit
1527 3803 1576 3848 et
1603 3797 1697 3849 hoc
1734 3796 1878 3864 apud
1907 3796 2096 3865 inﬁde-

498 3888 570 3942 les
595 3885 788 3958 (lbid.,
821 3887 878 3956 5,
909 3887 1006 3957 6)?
1034 3888 1199 3945 Vides
1227 3889 1352 3960 quia
1384 3890 1530 3960 quod
1563 3891 1655 3946 ille
1679 3891 1878 3947 obtulit
1904 3902 2096 3947 contra

495 3982 879 4038 auctoritatem
909 3983 1163 4053 Apostoli
1191 3983 1285 4038 sit.
1314 3981 1421 4038 Vos
1447 3983 1634 4054 eligite
1665 3993 1842 4040 utrum
1877 3985 2099 4041 Auxen-

495 4073 627 4128 tium
652 4089 720 4128 an
739 4074 963 4129 Paulum
997 4074 1155 4145 sequi
1177 4074 1476 4131 debeamus
1498 4076 1847 4147 magistrum.

565 4167 660 4222 ‘28.
695 4167 804 4222 Sed
834 4167 963 4237 quid
991 4168 1168 4222 dicam
1199 4168 1269 4222 de
1301 4167 1585 4237 Apostolo,
1615 4183 1740 4224 cum
1765 4169 1880 4240 ipse
1910 4170 2098 4225 Domi-

501 4272 602 4313 nus
651 4257 854 4312 clamet
901 4271 999 4327 per
1055 4256 1380 4326 prophetam
1426 4277 1440 4312 :
1499 4259 1689 4314 Audite
1731 4275 1832 4326 me,
1875 4261 2100 4331 populus

502 4369 668 4408 meus.
711 4352 813 4418 Qui
849 4354 993 4407 scitis
1010 4354 1275 4424 judicium
1299 4397 1313 4420 ,
1347 4372 1568 4423 quorum
1605 4359 1660 4412 in
1688 4360 1846 4415 corde
1874 4360 1961 4415 lea:
1988 4377 2100 4416 mea

2196 3246 2478 3302 basilicam
2506 3245 2757 3316 accipere
2775 3287 2788 3310 ,
2819 3244 2888 3299 ad
2926 3258 3088 3314 quam
3115 3243 3378 3314 procedat
3408 3260 3421 3296 :
3453 3249 3510 3297 et
3533 3241 3655 3312 plus
3680 3240 3784 3295 vult

2195 3340 2518 3396 Ambrosius
2559 3354 2741 3410 posse,
2785 3354 2949 3409 quam
2991 3339 3337 3408 imperator;
3368 3347 3427 3392 ut
3475 3337 3781 3406 imperatori

2195 3431 2500 3504 prodeundi
2533 3433 2846 3487 facultatem
2877 3430 3086 3502 neget?
3114 3431 3268 3499 Quod
3292 3445 3417 3486 cum
3443 3428 3637 3484 dicunt
3664 3470 3680 3494 ,
3703 3443 3782 3497 ap-

2198 3525 2535 3597 prehendere
2565 3539 2848 3582 sermones
2878 3531 3096 3578 nostros
3129 3521 3371 3593 gestiunt
3398 3563 3413 3585 ,
3453 3521 3604 3577 sicut
3628 3519 3778 3575 ιυᾰεί

2195 3621 2287 3689 qui
2326 3617 2606 3674 Christum
2642 3625 2864 3673 versuto
2900 3629 3156 3671 sermone
3182 3612 3472 3668 tentabant
3501 3613 3780 3668 dicentes:

2202 3709 2474 3784 Magister,
2505 3710 2623 3764 licet
2651 3710 2901 3764 tributum
2923 3709 3052 3762 dare
3073 3707 3292 3773 Ctesari,
3323 3716 3414 3760 aut
3445 3723 3553 3760 non
3583 3704 3779 3779 (Matth.

2198 3819 2332 3870 xxu,
2367 3803 2456 3873 17)
2481 3802 2504 3856 ‘l
2532 3801 2835 3871 Semperne
2865 3801 2932 3856 de
2958 3799 3178 3856 Caesare
3206 3799 3442 3856 servulis
3475 3798 3573 3854 Dei
3601 3796 3782 3853 invidi:

2197 3895 2623 3954 commovetur?
2667 3896 2735 3950 Et
2781 3895 2887 3950 hoc
2931 3894 2999 3949 ad
3040 3893 3371 3950 calumniam
3417 3893 3526 3947 sibi
3577 3892 3786 3948 arcessit

2200 3993 2485 4063 impietas,
2515 3999 2575 4046 ut
2604 3989 2890 4061 imperiale
2910 4004 3110 4046 nomen
3140 3988 3447 4045 obtendat?
3478 3987 3550 4044 Et
3569 3988 3653 4042 isti
3675 4000 3784 4058 pos—

2201 4092 2329 4138 sunt
2357 4082 2543 4139 dicere
2582 4083 2727 4154 quod
2754 4096 2948 4138 eorum
2999 4095 3108 4137 non
3141 4081 3380 4137 habeant
3415 4080 3779 4151 sacrilegium.

2202 4189 2432 4246 quorum
2468 4175 2750 4230 imitantur
2775 4174 3188 4246 magisterium?

2274 4269 2364 4323 51.
2394 4267 2462 4322 Et
2483 4277 2664 4322 tamen
2695 4265 2877 4324 videte
2906 4275 3117 4336 quanto
3163 4265 3382 4336 pejores
3427 4265 3615 4320 Ariani
3645 4266 3742 4319 sint
3768 4307 3782 4329 ,

2203 4375 2366 4431 quam
2395 4359 2593 4416 Judaei.
2635 4359 2716 4415 llli
2739 4360 3064 4430 qumrebant
3090 4369 3270 4415 utrum
3295 4359 3622 4415 solvendum
3651 4371 3786 4430 puta-

504 4455 580 4499 est
631 4444 800 4517 (Esai.
836 4461 886 4500 LI
908 4487 923 4512 ,
962 4446 1039 4517 7).
1085 4447 1229 4502 Deus
1257 4448 1392 4504 dicit
1425 4466 1440 4503 :
1471 4451 1660 4506 Audite
1714 4470 1817 4522 me,
1874 4457 2101 4526 populus
2133 4507 2179 4526 ,ε
2206 4464 2292 4510 ret
2311 4452 2620 4524 Caesarijus
2651 4454 2874 4520 tributi;
2907 4455 3024 4520 isti,
3049 4453 3373 4524 imperatori
3405 4451 3433 4490 τι
3468 4451 3786 4509 roluntdare

503 4553 669 4592 meus.
702 4539 805 4604 Qui
832 4538 972 4592 scitis
993 4539 1299 4613 judicium;
1326 4540 1632 4598 Auxentius
1659 4544 1829 4602 dicit:
1871 4548 2102 4605 Nescitis

497 4631 790 4700 judicium.
823 4631 1032 4688 Videtis
1049 4634 1175 4704 quia
1197 4633 1310 4705 jam
1339 4635 1508 4692 Deum
1531 4643 1834 4697 contemnit
1851 4643 1904 4698 in
1923 4646 2098 4709 vobis,

501 4727 595 4797 qui
626 4727 952 4782 sententiam
983 4727 1229 4784 cmlestis
1258 4730 1456 4788 refutat
1486 4735 1731 4790 oraculi?
1769 4737 1960 4792 Audite
1983 4757 2098 4806 me,

504 4819 699 4888 inquit,
731 4818 954 4889 papulas
982 4836 1144 4886 meus,
1177 4821 1312 4878 dicit
1333 4823 1617 4881 Dominus.
1643 4827 1761 4884 Non
1789 4829 1952 4885 dicit:
1985 4834 2099 4888 Att-

503 4910 637 4976 dite,
682 4920 895 4980 gentes.
922 4909 1039 4965 Non
1066 4910 1244 4967 dicit:
1292 4914 1515 4983 Audite,
1548 4917 1746 4976 Judari.
1787 4921 1910 4976 .lam
1955 4925 2098 4980 enim

508 5003 743 5074 populus
774 5003 869 5058 Dei
901 5004 993 5074 qui
1027 5004 1205 5060 fuerat
1231 5047 1245 5072 ,
1273 5009 1507 5078 populus
1533 5013 1742 5068 erroris
1770 5023 1856 5070 est
1886 5015 2060 5074 factus
2087 5037 2098 5071 :

506 5103 562 5150 et
588 5095 681 5166 qui
712 5096 949 5167 p0pulus
985 5098 1194 5153 erroris
1220 5109 1362 5164 erat,
1394 5105 1629 5172 populus
1643 5105 1878 5164 Deiesse
1904 5111 2105 5180 coepit,

509 5191 636 5260 quia
688 5191 741 5245 in
772 5191 1054 5246 Christum
1093 5193 1349 5248 credidit.
1381 5195 1488 5252 Iste
1519 5212 1653 5268 ergo
1691 5203 1928 5272 populus
1960 5205 2109 5274 judi-

512 5289 598 5334 cat
623 5321 637 5344 ,
677 5281 834 5350 cujus
872 5281 930 5337 in
979 5282 1149 5339 corde
1187 5284 1276 5339 lex
1302 5284 1486 5340 divina
1517 5297 1602 5344 est
1629 5331 1643 5354 ,
1686 5306 1793 5347 non
1837 5295 2108 5354 humana:

542 5489 555 5502 υ
566 5431 610 5502 Δι
647 5417 903 5489 Cognitor
917 5437 1064 5493 saepe
1080 5424 1196 5502 ipse
1208 5425 1389 5502 _judex_
1401 5435 1514 5494 est,
1531 5431 1622 5502 qui
1639 5445 1858 5486 causam
1871 5446 2102 5502 cognos-

511 5495 616 5574 cit:
641 5503 1125 5574 saepeiproeurator
1143 5495 1252 5549 litis
1267 5538 1284 5562 ,
1305 5498 1390 5552 cui
1415 5495 1566 5574 apud
1581 5500 1817 5574 judicem
1845 5495 2100 5573 praesenti

514 5571 557 5642 aA
577 5573 842 5642 prasente
861 5561 1130 5642 litigatore
1151 5561 1312 5622 causa
1341 5561 1731 5642 committitur:
1765 5561 1909 5642 saepe
1934 5577 2100 5632 etiam

517 5631 569 5715 is
584 5631 979 5715 cit-Lquialios
1004 5634 1073 5690 de
1099 5645 1242 5715 statu
1269 5653 1369 5695 suo
1403 5640 1768 5715 disceptantes
1805 5631 2105 5715 agnoscere

513 5703 573 5745 se
593 5694 754 5761 dicit;
785 5710 1048 5758 eteorum
1071 5707 1273 5764 natalia
1289 5751 1304 5778 ,
1332 5694 2100 5784 patriamque—doceK‘CiJin

2133 4507 2181 4568 Ι)

2204 4547 2293 4618 jus
2325 4547 2606 4602 Ecclesiae.
2641 4545 2748 4602 Sed
2776 4555 2837 4600 ut
2864 4545 3059 4616 perfidi
3084 4559 3242 4600 suum
3274 4556 3582 4616 sequuntur
3619 4553 3786 4600 aucto-

2210 4657 2323 4696 rem
2347 4657 2361 4707 ;
2411 4642 2482 4694 ita
2511 4650 2565 4694 ct
2602 4655 2702 4695 nos
2730 4654 2854 4710 qua:
2883 4653 2984 4694 nos
3010 4639 3279 4695 Dominus
3315 4647 3370 4694 et
3395 4650 3590 4694 auctor
3622 4645 3788 4693 noster

2205 4735 2416 4802 docuit,
2446 4734 2898 4804 respondeamus.
2935 4732 3309 4789 Considerans
3337 4733 3487 4790 enim
3527 4732 3680 4788 Jesus
3703 4730 3787 4785 do-

2211 4831 2320 4884 lum
2361 4829 2675 4885 .ludaeorum
2729 4827 2920 4900 (Ibid.,
2970 4829 3035 4883 18
3080 4837 3128 4882 et
3167 4826 3336 4899 seq.),
3381 4827 3522 4882 dixit
3565 4827 3630 4881 ad
3670 4838 3784 4881 eos:

2211 4921 2351 4987 Quid
2382 4930 2461 4975 me
2489 4923 2695 4976 tentatis
2721 4919 2746 4973 ?
2788 4919 3053 4976 Ostendite
3077 4921 3206 4974 mihi
3245 4920 3542 4976 denarium.
3581 4919 3649 4974 Et
3679 4931 3787 4974 cum

2204 4989 2527 5082 dedissent,
2549 5015 2689 5106 digit
2713 5033 2728 5069 :
2771 5013 2934 5088 Cujus
2957 5015 3233 5085 imaginem
3259 5013 3414 5069 habet
3441 5024 3487 5068 et
3517 5012 3788 5082 inscriptio-

2210 5125 2326 5162 nem
2347 5109 2374 5162 ?
2412 5103 2826 5178 Respondentes
2873 5108 3130 5162 dixerunt
3159 5125 3174 5161 :
3221 5103 3470 5160 Ctesaris.
3504 5105 3573 5161 Et
3596 5104 3669 5159 ait
3696 5103 3790 5158 illis

2209 5202 2368 5256 .lesus
2415 5220 2427 5254 :
2482 5201 2705 5256 Reddite
2740 5217 2856 5271 qua!
2900 5209 3024 5255 sunt
3055 5202 3277 5255 Ctesaris
3315 5199 3517 5254 Caesari
3539 5241 3555 5265 ,
3609 5209 3657 5252 et
3691 5213 3790 5266 qua

2211 5308 2335 5354 sunt
2359 5293 2456 5350 Dei
2480 5335 2496 5362 ,
2521 5293 2656 5349 Deo.
2684 5293 2828 5364 Ergo
2855 5303 2910 5349 et
2933 5308 3036 5365 ego
3066 5293 3191 5349 dico
3221 5291 3366 5359 illis,
3398 5293 3491 5364 qui
3515 5290 3644 5347 mihi
3668 5289 3788 5358 obji-

2207 5436 2454 5492 Verrem:
2473 5433 2661 5490 Civem
2683 5431 2982 5486 Romanum
3000 5433 3091 5501 qui
3112 5433 3428 5502 cognitores
3446 5433 3690 5488 homines
3709 5431 3791 5484 ho-

2207 5517 2392 5564 nestos
2421 5505 2596 5570 daret,
2617 5503 2891 5557 sublatum
2922 5518 3044 5557 esse
3076 5504 3126 5556 in
3158 5519 3404 5560 crucem.
3440 5504 3517 5560 lla
3551 5503 3790 5560 Nannius.

2276 5577 2304 5616 ι’
2339 5578 2469 5632 Mss.
2499 5575 2896 5646 aliquotyferre
2923 5590 3026 5646 non
3050 5591 3275 5646 possem.

2280 5659 2301 5687 ο
2335 5647 2495 5702 Rom.
2525 5644 2662 5702 edit.
2693 5644 2998 5708 sola,molli
3024 5644 3283 5708 sermone,

2277 5718 2305 5755 ά
2337 5717 2465 5773 Mss.
2492 5717 2724 5786 aliquot.
2755 5717 2937 5772 nolunt
2961 5715 3106 5770 dare.
3137 5715 3438 5776 Contraria
3463 5732 3650 5778 sensu.
