3996 6292
252 299 392 355 1017

1426 295 1914 357 EPISTOLARUM
1952 298 2237 358 CLASSIS
2279 299 2319 354 l.

3387 296 3527 356 1018

249 412 417 478 ciunt,
450 412 717 469 Ostendite
744 407 871 465 mihi
897 415 1170 470 denarium
1193 411 1386 470 :Jesus
1399 410 1632 469 Caesaris
1660 413 1836 470 dena-
1862 417 1916 477 Α
1942 413 2120 481 fateri,
2156 414 2370 472 Patrem
2395 424 2452 473 et
2489 413 2682 472 Filium
2706 423 2761 473 et
2789 415 3050 488 Spiritum
3073 425 3319 473 sanctum
3344 427 3545 476 norunt

250 507 388 562 rium
411 507 566 573 vidit,
590 516 644 563 et
669 509 745 564 ait
767 527 780 564 :
811 508 1036 564 Reddite
1057 507 1271 575 thsari,
1298 523 1412 578 quae
1431 506 1654 562 Caesaris
1674 516 1796 562 sunt
1819 547 1835 572 ,

1940 509 2187 564 versibus
2202 509 2519 580 praedicare.
2540 508 2692 565 Facti
2719 519 2847 566 sunt
2872 509 3037 582 igitur
3061 523 3250 568 omnes
3277 512 3540 583 magistri,

249 606 298 650 et
323 611 440 666 quer
467 595 566 651 Dei
587 607 706 652 sunt
735 596 865 653 Deo.
905 596 1178 667 Numquid
1205 596 1273 652 de
1294 597 1562 653 Ecclesia:
1599 597 1837 653 basilicis
1937 602 2028 672 qui
2060 603 2147 657 vix
2168 611 2417 672 poterant
2439 617 2560 659 esse
2585 603 2860 676 discipuli.

248 689 578 758 occupandis
607 698 839 760 possunt
867 689 1150 746 denarium
1179 687 1376 744 oﬂ’erre
1405 686 1642 745 Caesaris
1673 689 1696 742 ‘I

241 794 248 801 ·
317 780 406 833 52.
437 779 546 835 Sed
573 781 626 835 in
646 780 895 837 Ecclesia
914 797 1074 836 uuam
1106 782 1395 852 imaginem
1426 781 1582 846 novi,
1608 780 1711 837 hoc
1732 791 1836 848 est,

248 872 537 943 imaginem
557 872 650 928 Dei
683 872 974 930 invisibilis
993 915 1008 941 ,
1039 874 1106 930 de
1132 890 1236 945 qua
1263 874 1406 929 dixit
1434 875 1577 929 Deus
1603 892 1616 928 :
1651 873 1840 929 Facia-

248 981 361 1019 mus
405 966 662 1020 hominem
702 967 771 1020 ad
796 968 1073 1039 imaginem
1099 977 1146 1022 et
1184 967 1576 1022 similitudinem
1611 978 1840 1022 nostram

249 1057 407 1131 (Gen.
435 1075 474 1126 ι,
506 1058 632 1131 26);
667 1059 818 1114 illam
849 1059 1176 1131 imaginem,
1198 1061 1269 1116 de
1298 1075 1402 1131 qua
1433 1063 1697 1132 scriptum
1723 1070 1837 1128 est;

245 1154 368 1225 quia
398 1151 654 1210 Christus
692 1154 942 1225 splendor
987 1155 1171 1228 gloria:
1194 1195 1208 1220 ,
1249 1166 1296 1210 et
1340 1157 1513 1228 imago
1540 1156 1841 1212 substantiae

246 1247 355 1318 ejus
383 1243 572 1315 (Hebr.
603 1263 642 1314 1,
673 1245 751 1316 ὃ).
777 1246 835 1302 lu
867 1249 968 1303 ista
993 1249 1232 1318 imagine
1261 1247 1480 1304 Patrem
1519 1262 1720 1316 cerno,
1768 1249 1842 1304 si-

244 1346 338 1392 cut
367 1338 504 1393 dixit
531 1337 648 1408 ipse
681 1338 944 1394 Dominus
969 1339 1129 1395 Jesus
1162 1357 1174 1394 :
1213 1340 1315 1408 Qui
1339 1357 1418 1394 me
1441 1341 1576 1395 uidet
1597 1383 1611 1406 ,
1638 1342 1772 1395 uidet
1791 1350 1841 1396 et

250 1428 459 1484 Patrem
489 1429 669 1502 (Joan.
701 1447 816 1499 λιν,
848 1430 927 1502 9).
957 1431 1076 1486 Νοιι
1105 1432 1252 1487 enim
1283 1434 1400 1488 tunc
1422 1434 1601 1503 imago
1626 1449 1653 1485 a
1680 1432 1843 1487 Patre

245 1533 331 1580 est
361 1534 634 1595 separata,
665 1543 786 1595 qua:
818 1527 1083 1580 unitatem
1117 1541 1204 1581 me
1233 1526 1421 1582 docuit
1458 1526 1742 1581 Trinitatis
1762 1525 1843 1581 di-

243 1631 412 1673 cens:
447 1615 563 1690 Ego
602 1627 648 1672 et
679 1619 836 1673 Pater
863 1634 1024 1672 unum
1067 1635 1247 1673 sumus
1273 1619 1293 1691 (
1316 1617 1474 1674 Joan.
1503 1636 1532 1674 χ
1559 1661 1574 1684 ,
1606 1618 1675 1674 50
1699 1618 1758 1688 );
1790 1629 1844 1674 et

245 1709 386 1767 infra
438 1731 451 1766 :
509 1710 699 1767 Omnia
745 1729 1077 1783 quaecumque
1121 1714 1271 1768 habet
1322 1712 1520 1781 Pater,
1567 1731 1678 1768 mea
1724 1724 1844 1767 sunt

2012 695 2105 750 55.
2138 694 2280 764 Quid
2310 694 2472 766 igitur
2511 695 2897 751 obaudientius
2927 705 3109 767 potest
3130 710 3272 760 esse,
3297 711 3457 767 quam
3490 704 3548 753 ut

1939 785 2144 843 Christi
2193 802 2491 860 sequamur
2519 790 2834 858 exemplum
2858 829 2872 854 ,
2901 788 2994 859 qui
3028 789 3197 859 specie
3227 789 3460 843 inventus
3489 798 3545 842 ut

1943 882 2116 949 homo,
2152 882 2446 936 humiliavit
2473 882 2805 951 semetipsum
2827 881 2994 943 factus
3033 882 3272 936 obediens
3300 897 3458 951 usque
3477 881 3545 935 ad

1943 987 2156 1031 mortem
2180 975 2444 1048 (Philipp.
2472 991 2533 1041 ll,
2557 976 2614 1041 7,
2648 975 2756 1048 8)?
2787 975 3032 1046 Denique
3059 991 3249 1032 omnes
3287 991 3385 1046 per
3411 975 3544 1030 obe-

1943 1067 2202 1124 dientiam
2229 1067 2476 1124 liberavit
2506 1084 2520 1122 :
2547 1067 2698 1122 Sicut
2721 1070 2855 1122 enim
2873 1084 2964 1136 per
2985 1065 3548 1138 inobedientiamunius

1944 1161 2167 1216 hominis
2194 1168 2484 1232 peccatores
2523 1160 2789 1214 constituti
2821 1169 2942 1214 sunt
2971 1160 3218 1231 plurimi,
3262 1161 3335 1212 ita
3364 1168 3410 1214 et
3458 1174 3548 1230 per

1944 1256 2096 1311 unius
2128 1254 2470 1310 obedientiam
2487 1255 2621 1326 justi
2646 1254 3026 1308 constituentur
3050 1254 3201 1308 multi
3238 1255 3255 1322 (
3280 1254 3431 1309 Rom.
3466 1268 3500 1306 γ
3529 1292 3545 1319 ,

1946 1348 2069 1422 19).
2110 1348 2167 1404 Si
2201 1363 2331 1419 ergo
2363 1348 2455 1403 ille
2472 1348 2758 1414 obediens,
2785 1348 3056 1417 accipiant
3077 1347 3404 1402 obedientia-
3433 1361 3546 1401 ma-

1943 1441 2256 1512 gisterium,
2289 1441 2376 1495 cui
2404 1454 2502 1494 nos
2535 1439 2894 1503 inhaeremus,
2925 1437 3256 1492 dicentesiis
3277 1437 3369 1507 qui
3390 1435 3547 1492 nobis

1945 1533 2014 1587 de
2044 1532 2377 1602 imperatore
2408 1531 2670 1587 invidiam
2699 1532 2906 1586 faciunt
2934 1549 2947 1586 :
2981 1529 3255 1586 Solvimus
3284 1545 3404 1599 qua:
3423 1539 3550 1584 sunt

1944 1623 2175 1682 Caesaris
2203 1624 2411 1680 Czcsari
2433 1667 2446 1689 ,
2481 1637 2536 1680 et
2561 1641 2682 1696 qua:
2713 1633 2842 1680 sunt
2872 1623 2969 1679 Dei
3014 1623 3125 1679 Deo
3157 1621 3371 1696 (Natth.
3411 1637 3548 1691 χχιι,

1946 1719 2066 1791 2|).
2097 1719 2380 1774 Tribulum
2411 1720 2643 1776 Czcsaris
2667 1728 2780 1786 est,
2809 1733 2916 1774 non
2953 1727 3184 1789 negatur
3214 1717 3328 1789 (25,
3360 1726 3545 1786 quiest.

242 1802 424 1874 (Joau.
474 1819 560 1858 xv:
589 1847 605 1872 ,
639 1804 754 1875 15).
787 1806 855 1860 Et
883 1805 951 1861 de
977 1805 1183 1874 Spiritu
1221 1818 1412 1862 sancto
1444 1848 1460 1873 ,
1493 1806 1680 1863 dicens
1719 1807 1840 1878 quia
1874 1823 1922 1882 Β
1947 1811 2015 1879 8,
2047 1829 2090 1866 r.
2127 1810 2458 1879 Conventior,
2490 1810 2876 1884 §Tributum):
2909 1811 3154 1866 Ecclesia
3172 1809 3268 1866 Dei
3296 1821 3403 1877 est,
3431 1806 3550 1864 Cm-

242 1896 483 1967 Spiritus
527 1898 731 1955 Christi
770 1898 863 1964 sit,
915 1910 972 1956 et
1023 1900 1091 1956 de
1141 1900 1365 1956 Christo
1411 1903 1644 1972 accepit,
1702 1903 1844 1958 sicut

244 1991 510 2061 scriptum
563 1990 810 2047 estzllle
867 1994 928 2046 de
984 2009 1092 2048 meo
1140 1994 1381 2064 accipiet,
1435 2003 1484 2049 et
1516 1994 1845 2048 annuntiabit

243 2081 386 2136 vobis
414 2082 608 2157 (Ibid.,
644 2084 758 2158 14).

314 2175 405 2230 55.
432 2174 570 2243 Quid
611 2176 779 2248 igitur
808 2193 916 2233 non
959 2178 1239 2236 humiliter
1276 2195 1600 2252 responsum
1629 2197 1658 2236 a
1691 2183 1848 2239 nobis

242 2277 329 2322 est
356 2267 460 2323 ?Si
494 2269 754 2326 tributum
786 2272 922 2342 petit
947 2311 962 2336 ,
994 2287 1102 2327 non
1136 2289 1418 2344 negamus.

317 2367 342 2395 ει
372 2358 502 2430 Agri
537 2359 797 2418 Ecclesia:
823 2365 1046 2420 solvunt
1082 2366 1343 2420 tributum
1396 2386 1408 2422 :
1443 2367 1486 2420 si
1510 2383 1674 2438 agros
1703 2368 1850 2423 desi-

243 2450 402 2506 derat
432 2453 755 2522 imperator,
787 2467 1119 2524 potestatem
1153 2457 1319 2514 habet
1347 2458 1797 2515 vindicandorum
1829 2479 1844 2527 ;

245 2563 404 2603 nemo
435 2559 683 2605 nostrum
709 2552 1024 2609 intervenit.
1069 2555 1262 2610 Potest
1308 2555 1636 2626 pauperibus
1677 2556 1848 2612 colla-

247 2641 325 2697 tio
365 2642 550 2713 populi
607 2644 916 2702 redundare
961 2664 974 2700 :
1023 2663 1128 2702 non
1177 2646 1380 2703 faciant
1417 2647 1486 2703 de
1535 2649 1679 2718 agris
1711 2649 1848 2704 invi-

244 2734 413 2802 diam,
448 2736 640 2792 tollant
669 2752 766 2793 eos
797 2779 812 2804 ,
858 2739 905 2794 si
943 2738 1155 2794 libitum
1207 2751 1291 2795 est
1343 2742 1663 2812 imperatori
1697 2760 1707 2794 :
1740 2756 1845 2796 non

245 2828 392 2885 dono
417 2873 434 2898 ,
474 2831 579 2886 sed
613 2847 720 2887 non
753 2847 913 2904 nego.
948 2836 1153 2890 Aurum
1185 2844 1438 2903 qumrunt
1461 2879 1477 2902 ,
1513 2851 1734 2905 possum
1766 2836 1848 2890 di-

244 2935 372 2977 cere
398 2940 411 2977 :
444 2922 746 2995 Argentum
778 2934 834 2981 et
864 2941 1054 2981 aurum
1081 2942 1188 2982 non
1211 2943 1420 2997 quacro.
1447 2928 1556 2984 Sed
1588 2928 1845 2983 invidiam

248 3015 454 3071 faciunt
487 3058 502 3081 ,
553 3019 682 3088 quia
728 3035 918 3074 aurum
957 3029 1235 3090 erogatur.
1267 3021 1376 3077 Nec
1407 3037 1510 3090 ego
1541 3024 1680 3078 hanc
1707 3022 1849 3076 invi-

247 3107 392 3162 diam
440 3108 824 3179 perhorresco.
888 3109 1076 3166 Habeo
1116 3110 1143 3150 b
1191 3113 1466 3168 aerarios:
1517 3112 1698 3167 aerarii
1742 3113 1846 3167 mei

1951 1905 2063 1960 sari
2107 1907 2292 1976 utique
2320 1922 2426 1961 non
2468 1905 2637 1960 debet
2663 1904 2874 1969 addici;
2906 1905 3030 1976 quia
3053 1904 3144 1973 jus
3169 1901 3408 1959 thsaris
3429 1916 3552 1958 esse

1953 2013 2058 2053 non
2098 2009 2278 2069 potest
2313 1999 2404 2054 Dei
2435 1999 2718 2069 templum.

2024 2093 2111 2149 56.
2152 2093 2308 2160 Quod
2351 2108 2474 2148 cum
2517 2093 2936 2148 honoriﬁcentia
2966 2091 3318 2163 imperatoris
3345 2091 3550 2146 dictum

1954 2202 2113 2242 nemo
2174 2196 2354 2257 potest
2409 2203 2634 2258 negare.
2681 2187 2820 2256 Quid
2857 2188 3002 2244 enim
3057 2185 3550 2250 honoriﬁcentius,

1952 2294 2112 2350 quam
2168 2288 2227 2334 ut
2285 2279 2585 2350 imperator
2631 2278 2894 2334 Ecclesia:
2945 2278 3091 2333 ﬁlius
3139 2292 3264 2333 esse
3298 2277 3553 2332 dicatur?

1951 2373 2104 2440 Quod
2127 2387 2248 2427 cum
2271 2372 2505 2439 dicitur,
2545 2373 2664 2428 sine
2696 2383 2921 2440 peccato
2958 2372 3187 2439 dicitur,
3218 2388 3341 2428 cum
3378 2373 3554 2443 gratia

1950 2465 2169 2520 dicitur.
2203 2477 2224 2503 ε
2250 2465 2550 2535 Imperator
2571 2467 2716 2521 enim
2742 2466 2880 2520 intra
2908 2464 3236 2532 Ecclesium,
3261 2479 3370 2521 non
3388 2480 3555 2534 supra

1952 2555 2250 2611 Ecclesium
2298 2566 2410 2623 est;
2449 2557 2623 2612 bonus
2660 2558 2804 2612 enim
2845 2558 3142 2627 imperator
3165 2561 3364 2628 quarrit
3393 2557 3551 2612 auxi-

1952 2649 2080 2704 lium
2121 2649 2419 2717 Ecclesim,
2445 2666 2553 2705 non
2579 2651 2800 2706 refutat.
2825 2650 2953 2706 llaec
2993 2659 3055 2705 ut
3096 2649 3380 2705 humiliter
3420 2650 3557 2705 dici-

1951 2759 2102 2809 mus,
2129 2743 2204 2798 ita
2232 2753 2552 2800 constanter
2572 2745 2916 2814 exponimus.
2946 2744 3054 2800 Sed
3089 2744 3340 2815 incendia
3364 2744 3554 2816 aliqui,

1948 2835 2232 2907 gladium,
2293 2835 2320 2873 (ι
2379 2835 2819 2906 deportationem
2889 2838 3189 2892 minantur.
3252 2836 3557 2891 Didicimus

1948 2928 2154 2983 Christi
2177 2929 2383 2985 servuli
2411 2945 2518 2984 non
2541 2931 2752 2986 timere.
2779 2929 2897 2985 Non
2924 2931 3239 2985 timentibus
3261 2944 3556 2999 numquam

1951 3030 2036 3076 est
2061 3021 2244 3092 gravis
2270 3031 2472 3078 terror.
2506 3023 2752 3093 Denique
2779 3023 3045 3092 scriptum
3080 3032 3197 3076 est:
3232 3021 3450 3091 Sagitttu
3474 3021 3558 3074 in-

1951 3115 2173 3185 fantium
2200 3116 2352 3186 facta
2382 3125 2500 3170 sunt
2531 3116 2700 3188 plagae
2731 3132 2906 3169 eorum
2933 3114 3108 3184 (Ps-al.
3144 3130 3293 3179 LXIII,
3325 3113 3410 3185 8).

249 3215 514 3270 pauperes
543 3200 746 3258 Christi
775 3214 924 3269 sunt,
956 3204 1100 3261 hunc
1128 3206 1252 3260 novi
1275 3221 1605 3277 congregare
1624 3207 1844 3262 thesau-
1871 3211 1916 3274 (ζ
2019 3208 2189 3281 874
2205 3209 2455 3264 57.Satis
2474 3208 2944 3279 igitu‘rprOpositis
2965 3221 3286 3278 responsum
3315 3206 3558 3262 videtur.

249 3307 392 3346 rum.
416 3291 580 3363 873
607 3291 828 3350 Utinam
870 3294 970 3350 hoc
1001 3295 1130 3350 mihi
1173 3312 1389 3366 semper
1439 3299 1645 3352 crimen
1676 3297 1845 3354 ascri-

249 3382 402 3446 bant,
436 3384 559 3452 quia
591 3399 784 3440 aurum
809 3386 1139 3455 pauperibus
1162 3396 1423 3458 erogatur
1449 3390 1461 3442 !
1495 3389 1650 3456 Quod
1678 3391 1724 3444 si
1751 3389 1850 3446 ob-

242 3473 445 3542 jiciunt
466 3473 610 3545 quod
632 3475 1014 3532 defensionem
1037 3479 1104 3532 ab
1131 3479 1196 3533 iis
1226 3481 1522 3549 requiram,
1549 3497 1654 3536 non
1685 3497 1846 3552 nego,

251 3565 349 3620 sed
383 3567 546 3621 etiam
571 3567 772 3622 ambio.
803 3567 989 3624 Habeo
1016 3569 1418 3636 defensionem,
1447 3572 1542 3627 sed
1568 3571 1620 3625 in
1650 3574 1851 3629 oratio—

251 3657 412 3713 nibus
441 3673 762 3729 pauperum.
787 3660 929 3716 Caeci
958 3661 1033 3716 illi
1065 3673 1121 3718 et
1149 3663 1351 3729 claudi,
1384 3663 1596 3720 debiles
1617 3673 1673 3720 et
1692 3680 1852 3721 senes

252 3751 501 3807 robustis
519 3751 880 3808 bellatoribus
901 3753 1160 3811 fortiores
1186 3767 1335 3812 sunt.
1366 3757 1608 3830 Denique
1627 3773 1851 3816 munera

251 3860 553 3916 pauperum
605 3847 773 3902 Deum
813 3849 1096 3919 obligant;
1128 3851 1250 3921 quia
1279 3854 1542 3923 scriptum
1570 3863 1656 3908 est
1693 3873 1703 3907 :
1753 3853 1855 3923 Qui

249 3940 470 4010 largitur
499 3943 742 4012 pauperi,
774 3941 883 3997 Deo
912 3945 1112 4013 fenerat
1139 3942 1324 4015 (Prov.
1357 3962 1477 4012 χιχ,
1509 3947 1622 4017 17).
1654 3948 1853 4002 Praesi-

252 4031 340 4087 dia
371 4033 700 4089 bellatorum
725 4035 961 4091 divinam
985 4051 1132 4108 saepe
1161 4039 1390 4109 gratiam
1416 4055 1522 4094 non
1554 4050 1851 4096 merentur.

325 4129 414 4184 54.
439 4128 776 4202 Hymnorum
795 4147 1012 4203 quoque
1039 4147 1283 4188 meorum
1312 4135 1645 4190 carminibus
1660 4135 1858 4205 decep-

256 4231 372 4277 tum
404 4224 661 4294 p0pulum
695 4224 894 4280 lerunt.
931 4226 1096 4282 Plane
1128 4242 1230 4282 nec
1260 4227 1363 4282 hoc
1394 4227 1598 4282 abnuo.
1638 4227 1858 4284 Grande

253 4329 478 4370 cannon
507 4316 648 4371 istud
664 4327 778 4384 est,
802 4333 911 4388 quo
942 4319 1075 4373 nihil
1106 4320 1399 4390 potentius.
1419 4320 1557 4388 Quid
1588 4321 1733 4376 enim
1755 4336 1859 4390 ’ρο-

259 4408 461 4464 lentius
489 4424 651 4479 quam
672 4409 945 4465 confessio
960 4411 1264 4478 Trinitatis,
1290 4427 1408 4482 quae
1431 4411 1674 4482 quotidie
1693 4413 1860 4467 totius

261 4503 448 4574 populi
464 4519 558 4560 ore
579 4506 922 4562 celebratur?
943 4505 1208 4597 Certatim
1234 4523 1423 4563 omnes
1451 4507 1672 4564 student
1696 4507 1858 4564 ﬁdem

1951 3304 2102 3359 Nunc
2151 3305 2273 3358 illos
2314 3303 2592 3373 interrogo
2618 3344 2632 3368 ,
2665 3302 2808 3373 quod
2850 3301 3108 3356 Salvator
3154 3300 3557 3371 interrogavit:

1952 3396 2275 3468 Baptismum
2297 3395 2521 3450 Joannis
2544 3396 2609 3448 de
2631 3396 2758 3450 ca'lo
2779 3407 2877 3460 est,
2906 3413 2975 3448 an
2998 3411 3062 3449 ex
3085 3393 3378 3447 hominibus
3402 3391 3555 3466 (Luc.

1954 3505 2022 3543 xx
2053 3530 2067 3554 ,
2101 3486 2194 3557 tl)?
2222 3487 2292 3543 Et
2331 3503 2437 3542 non
2485 3496 2776 3558 potuerunt
2808 3485 3146 3556 respondere
3183 3486 3231 3541 ei
3276 3484 3470 3540 Juda-i.
3501 3484 3558 3540 Si

1955 3583 2288 3652 baptismum
2314 3581 2543 3637 Joannis
2566 3596 2672 3636 non
2704 3580 2984 3636 solverunt
3006 3579 3177 3634 .Iudzui
3205 3621 3220 3644 ,
3251 3578 3559 3634 Auxentins

1956 3672 2119 3728 solvit
2142 3672 2468 3743 baptismum
2487 3671 2736 3729 Christi?
2764 3670 2880 3726 Non
2899 3674 3045 3726 enim
3075 3670 3215 3726 istud
3234 3686 3300 3725 ex
3318 3671 3556 3725 homini-

1956 3766 2057 3821 bus
2085 3775 2169 3821 cst
2199 3766 2550 3836 baptismum,
2579 3763 2674 3818 sed
2695 3762 2761 3817 de
2791 3763 2956 3827 caelo,
2995 3762 3138 3834 quod
3172 3762 3366 3817 detulit
3397 3761 3558 3818 nobis

1957 3859 2173 3914 consilii
2204 3859 2383 3930 magni
2408 3858 2645 3928 Angelus
2679 3858 2849 3930 (Emi.
2885 3873 2960 3922 Ix,
2989 3856 3068 3927 6),
3112 3867 3168 3910 ut
3197 3856 3564 3926 justiﬁeemur

1962 3951 2095 4006 Deo.
2143 3950 2251 4006 Cur
2293 3951 2458 4021 igitur
2491 3960 2514 3987 (⁸
2543 3948 2966 4021 rebaptizandos
3013 3949 3329 4004 Auxentius
3371 3948 3563 4004 fideles

1961 4043 2194 4115 populos
2225 4050 2398 4112 putat,
2427 4042 2728 4112 baptizatos
2758 4043 2810 4095 in
2838 4040 3060 4095 nomine
3091 4039 3407 4106 Trinitatis;
3439 4054 3562 4096 cum

1961 4137 2257 4207 Apostolus
2297 4135 2446 4192 dicat
2474 4153 2487 4190 :
2526 4134 2640 4189 Una
2667 4136 2829 4204 ﬁdes,
2863 4149 3023 4188 unum
3054 4133 3307 4204 baptisma
3340 4131 3561 4206 (Ephes.

1962 4245 2037 4295 tv,
2068 4229 2124 4300 ὅ)
2162 4247 2174 4282 :
2217 4239 2274 4285 et
2302 4243 2362 4283 se
2389 4227 2668 4283 hominum
2701 4226 2846 4282 dicat
2872 4225 3252 4281 adversarium
3282 4239 3426 4292 esse,
3457 4241 3566 4280 non

1963 4320 2166 4376 Christi
2192 4337 2207 4386 ;
2239 4337 2361 4377 cum
2389 4320 2679 4389 consilium
2713 4319 2810 4374 Dei
2841 4329 3069 4389 spernat
3089 4362 3102 4384 ,
3139 4328 3197 4374 et
3234 4318 3571 4374 condemnet

1963 4381 2296 4486 baptismum
2315 4459 2329 4483 ,
2359 4381 2503 4492 quod
2532 4413 2783 4469 Christus
2807 4381 2965 4468 nobis
2990 4414 3056 4469 ad
3087 4381 3408 4469 redimenda
3440 4428 3567 4468 nosv

1968 4517 2046 4564 tra
2072 4516 2294 4578 peccata
2334 4495 2560 4568 deitavit
2583 4505 2736 4579 (Luc.
2766 4521 2863 4574 vn,
2896 4506 3013 4576 50).

337 4654 360 4678 ιι
386 4641 500 4697 Non
529 4633 749 4716 mirum,
778 4641 823 4696 si
853 4641 1157 4716 afﬁrmetur
1184 4643 1254 4697 ab
1284 4642 1568 4716 Ambrosio
1597 4643 1858 4698 Ecclesia:
1889 4656 1937 4716 ι)
1964 4641 2286 4697 dicebantur
2311 4641 2590 4716 contrario
2612 4655 2775 4716 sensu
2798 4682 2812 4705 ,
2843 4640 2932 4712 qui
2956 4656 3067 4716 tera
3085 4641 3455 4716 accipiebant,
3470 4643 3568 4716 qui

262 4728 427 4783 agros
454 4713 749 4782 vectigales
775 4728 923 4776 esse,
965 4728 1028 4767 ac
1056 4713 1318 4784 tributum
1357 4715 1597 4782 pendere
1625 4717 1859 4784 impera-

263 4785 508 4849 toribus;
541 4793 756 4839 exstant
795 4784 1063 4854 siquidcm
1107 4783 1160 4837 in
1201 4783 1338 4839 Cod.
1369 4783 1579 4839 Theod.
1631 4785 1779 4853 leges
1829 4800 1860 4839 a

263 4855 666 4922 Constantino,
727 4855 953 4923 ejusque
1007 4856 1423 4910 successoribus
1480 4857 1859 4924 promulgatae,

262 4937 392 4995 puta
426 4926 507 4979 lex
547 4927 568 4980 1
600 4925 681 4995 ,ἀρ
704 4926 936 4980 Annona
982 4935 1039 4981 et
1078 4926 1291 4980 tributis
1327 4935 1492 4996 atque
1529 4928 1648 4980 alia:
1675 4929 1759 4981 tit.
1793 4927 1862 4981 de

263 4997 551 5067 Episcopis
581 5005 637 5050 et
663 4996 903 5060 clericis,
948 4997 1147 5066 quibus
1179 4997 1440 5052 Ecclesiae
1486 4999 1864 5066 possessiones

263 5068 631 5137 vectigalibus
685 5068 1072 5137 subjiciuntur.
1113 5067 1268 5135 Quod
1317 5082 1448 5122 vero
1492 5068 1558 5121 ad
1591 5068 1821 5122 clericos
1847 5109 1862 5133 ,

262 5149 476 5194 certum
509 5150 592 5192 cst
621 5152 812 5193 eorum
842 5139 1130 5194 facultates
1151 5139 1360 5194 tributo
1380 5138 1645 5193 obnoxias
1673 5137 1863 5204 fuisse,

264 5219 325 5265 et
365 5209 686 5278 plerumque
713 5210 877 5264 etiam
919 5225 1182 5279 personas
1227 5210 1549 5264 muneribus
1592 5209 1860 5278 publicis,

266 5281 488 5352 utidieit
518 5280 842 5352 Ambrosius
864 5291 1052 5352 contra
1080 5282 1492 5352 Symmachum.

339 5351 366 5390 δ
391 5351 663 5416 IErarius,
685 5351 862 5421 inquit
883 5350 1148 5418 Nannius,
1170 5351 1284 5406 ﬁeri
1305 5352 1610 5416 dicebatur,
1634 5350 1726 5422 qui
1743 5350 1861 5420 ple-

267 5424 425 5478 heius
443 5438 474 5474 a
501 5423 826 5478 censoribus
847 5423 902 5476 in
923 5424 1166 5478 Ceritum
1189 5423 1400 5478 tabulas
1421 5422 1782 5485 referebatur,
1801 5436 1865 5475 ac

266 5511 369 5567 per
394 5495 496 5548 hoc
523 5508 605 5567 ex_
633 5493 760 5547 albo
791 5493 1058 5567 centuria;
1099 5509 1214 5567 sua:
1253 5503 1559 5567 expunctus
1588 5534 1602 5556 ,
1635 5492 1867 5560 amplius

266 5563 376 5622 iura
409 5564 608 5619 mereri
639 5579 746 5618 non
776 5572 1007 5632 poterat.
1028 5565 1182 5630 Quod
1208 5580 1330 5620 cum
1363 5580 1458 5633 per
1478 5563 1866 5632 imperatorem

271 5639 453 5698 ﬁeret,
486 5649 596 5688 aere
623 5634 790 5688 diruti
823 5634 1268 5690 nominabantur.
1316 5634 1502 5689 Livius
1539 5634 1663 5688 dec.
1697 5633 1870 5687 tertia:

272 5709 313 5762 l-.
339 5708 397 5773 9,
430 5706 576 5760 inter
598 5704 818 5758 nomina
837 5718 1051 5774 eorum,
1073 5719 1212 5774 quos
1232 5705 1456 5760 :erarios
1481 5704 1870 5774 relinquebat,

271 5772 423 5834 dedit
441 5775 668 5844 collegae
694 5787 918 5828 nomen.
940 5773 1047 5831 Sed
1073 5772 1128 5832 et
1149 5776 1326 5831 aerarii
1357 5772 1658 5843 aliquando
1671 5772 1873 5830 milites

1963 4715 2266 4789 μιστοφόροι
2315 4712 2652 4789 dicebantur.
2695 4710 2889 4767 Cicero
2935 4714 3002 4789 ad
3042 4710 3281 4768 Atticum
3311 4754 3333 4789 ,_
3370 4710 3571 4789 Milites

1968 4783 2073 4840 non
2108 4783 2214 4838 tam
2247 4783 2430 4838 aerarii
2456 4822 2470 4846 ,
2512 4797 2673 4852 quam
2721 4793 2778 4838 ut
2807 4785 3156 4854 appellantur
3182 4785 3358 4839 mrati.
3390 4785 3567 4854 Atque

1964 4856 2036 4911 ita
2080 4855 2169 4910 hic
2200 4855 2443 4922 capitur:
2473 4868 2596 4906 nam
2630 4853 2894 4923 pauperes
2920 4856 3011 4925 qui
3057 4856 3125 4910 de
3157 4854 3432 4924 stipendio
3461 4853 3566 4906 lico

1962 4927 2157 4997 clesimﬁ
2193 4925 2485 4997 vivebant.
2519 4926 2744 4997 aerarios
2775 4925 2974 4982 Christi
3005 4927 3324 4997 appellavit.

2045 5008 2065 5034 “-
2125 4996 2328 5051 Omnes
2377 4994 2542 5058 edit.,
2594 4994 2888 5065 Imperator
2931 4994 3318 5060 enim’bouus;
3376 5009 3569 5049 omnes

1970 5082 2102 5122 mss.
2137 5068 2392 5121 omittunt
2422 5066 2606 5132 bonus,
2642 5066 2769 5120 licet
2799 5068 2852 5121 iu
2884 5072 3132 5139 sequenti
3163 5067 3434 5120 sententia
3461 5065 3572 5122 ubi-

1971 5154 2079 5208 que
2105 5139 2394 5192 habeatur.

2041 5207 2068 5246 ι¹
2104 5209 2422 5278 Deportatio
2448 5208 2807 5263 szuvissimum
2831 5209 3006 5264 exsilii
3029 5222 3201 5279 genus
3224 5217 3306 5262 est
3326 5248 3341 5273 ,
3373 5207 3462 5261 ubi
3491 5208 3573 5262 ni-

1973 5281 2168 5334 mirum
2197 5280 2319 5350 quis
2359 5279 2412 5333 in
2443 5288 2655 5334 remota
2686 5280 2861 5334 insula
2897 5280 3216 5350 includitur.

2045 5361 2067 5388 θ
2099 5348 2438 5422 Augustinus
2470 5350 2568 5405 lib.
2597 5351 2665 5405 de
2697 5351 2929 5414 llzcrcs.,
2959 5365 3082 5422 cap.
3105 5349 3176 5403 49
3200 5366 3212 5402 :
3237 5348 3572 5422 fiebaptizari

1968 5419 2413 5493 quoque,'inqnit,
2445 5423 2507 5475 ab
2539 5423 2642 5488 his,
2673 5436 2869 5490 nempe
2901 5421 3139 5493 Arianis.
3165 5419 3447 5493 catholicos
3475 5438 3572 5493 uo-

1970 5488 2131 5548 omni.
2152 5488 2366 5558 ,utrum
2395 5510 2498 5547 non
2540 5488 2822 5545 catholicos
2853 5490 3044 5542 nescio.
3073 5488 3374 5559 Gregorius
3409 5492 3572 5546 etiam

1970 5563 2176 5621 Turon.
2214 5563 2486 5631 Tempore
2523 5562 2837 5618 Vandalica:
2887 5559 3288 5631 persecutionis
3315 5563 3568 5615 iteratum

1971 5635 2291 5708 abQArianis
2320 5629 2649 5708 baptismum
2695 5629 3062 5708 te_statur_l_ib.
3106 5645 3167 5698 tt,
3203 5646 3332 5708 cap.
3384 5631 3472 5696 11,
3518 5641 3575 5708 et

1973 5707 2125 5760 alibi.
2157 5705 2290 5762 Vide
2319 5700 2484 5762 etiam
2516 5701 2884 5758 Alexandrum
2931 5700 3157 5759 dissert.
3199 5700 3293 5768 22,
3321 5700 3571 5774 tom._vth

1975 5776 2115 5831 Hist.
2144 5775 2293 5830 Eccl.
