3996 6292
246 323 378 384 Mil

1421 321 1909 392 EPISTOLARUM
1949 320 2234 394 CLASSIS
2274 322 2314 378 l.

3400 323 3539 384 1023

243 440 574 496 versationis
625 441 792 508 viros,
847 448 1090 516 spectate
1121 439 1285 510 animi
1327 440 1575 512 sublimis
1613 449 1838 511 trapasa.
1871 443 1920 504 Α
1947 443 2107 509 tiam,
2148 442 2250 496 hoc
2288 451 2370 508 est
2396 483 2409 505 ,
2441 456 2571 496 caro
2613 441 2797 504 carni,
2845 454 3075 512 quorum
3124 439 3306 509 passio
3357 454 3536 496 veram

243 531 334 586 Isti
367 541 495 588 sunt
519 534 667 598 creti,
697 535 788 604 qui
819 542 1079 590 euarrant
1107 534 1334 606 gloriam
1365 533 1457 588 Dei
1491 552 1505 594 ;
1531 534 1646 588 hzec
1673 548 1839 606 operq

243 640 497 682 manuum
523 628 640 696 ejus
659 644 776 700 qua-
795 629 1079 684 annuntiat
1099 627 1517 682 ﬁrmamentum.
1545 626 1662 684 Non
1693 627 1839 688 enim

241 735 338 786 eos
365 720 644 778 swcularis
691 719 971 786 illecebra,
1008 719 1102 786 sed
1130 718 1300 776 divini
1333 718 1516 790 operis
1544 718 1740 788 gratia,
1772 716 1839 772 ad

243 813 644 882 ﬁrmamentum
695 812 1074 874 sacratissima:
1120 812 1394 882 passionis
1440 810 1667 866 evexit:
1703 810 1840 866 mul-

242 919 403 980 toque
431 915 559 960 ante
590 921 803 966 morum
851 907 1220 978 virtutumque
1249 904 1596 960 documentis
1619 917 1835 958 annun-

241 998 397 1054 tiavit
438 998 492 1054 in
540 998 623 1052 his
669 999 1026 1070 martyrium,
1068 998 1212 1070 quod
1263 997 1523 1062 adversus
1569 995 1838 1052 lubricum

238 1091 425 1146 saeculi
455 1090 612 1160 hujus
644 1092 867 1147 stabiles
898 1100 1334 1162 permanserunt.

311 1185 366 1238 5.
405 1181 612 1240 Cretum
642 1193 758 1238 erat
783 1184 1004 1250 Paulus,
1039 1184 1128 1254 qui
1162 1185 1275 1240 ait:
1306 1181 1502 1240 Nostra
1523 1185 1840 1240 conversatio

235 1276 290 1330 in
330 1277 471 1331 cretis
523 1286 595 1332 cst
637 1276 821 1348 (Pbil.
851 1295 926 1344 ut,
967 1276 1096 1349 20).
1128 1277 1264 1332 Caeli
1299 1289 1458 1333 erant
1506 1277 1745 1335 Jacobus
1785 1288 1841 1335 et

236 1367 476 1430 Joannes
497 1385 509 1424 :
533 1368 767 1440 denique
786 1369 883 1425 ﬁlii
904 1369 1128 1424 tonitrui
1152 1380 1531 1442 nuncupantur
1547 1369 1741 1439 (Marc.
1757 1386 1837 1438 tu,

239 1460 365 1528 17);
412 1469 467 1516 et
509 1458 630 1515 ideo
680 1461 833 1529 quasi
877 1461 1078 1517 malum
1125 1459 1364 1517 Joannes
1416 1461 1646 1516 Verbum
1698 1462 1840 1531 apud

240 1551 409 1606 Deum
442 1550 574 1605 vidit
611 1549 794 1623 (Joan.
838 1567 897 1616 ι.
930 1551 1008 1622 1).
1041 1551 1160 1622 Ipse
1201 1553 1462 1608 Dominus
1513 1552 1674 1612 Jesus
1712 1570 1839 1626 per-

240 1645 387 1714 petui
429 1645 652 1700 luminis
683 1659 798 1701 erat
832 1645 1066 1711 ('(Blum,
1095 1661 1218 1702 cum
1261 1658 1547 1718 enarraret
1580 1649 1675 1706 Dei
1716 1649 1840 1721 glo-

240 1738 421 1806 riam,
456 1737 552 1794 sed
600 1753 721 1796 eam
769 1754 928 1808 quam
963 1755 1123 1793 nemo
1171 1749 1297 1795 ante
1345 1750 1723 1814 conspexerat.
1774 1743 1841 1802 Et

1945 534 2066 598 ﬁdei
2122 536 2405 600 scientiam
2462 535 2712 592 omnibus
2757 533 3040 588 iudicavit.
3088 532 3250 588 Bome
3300 541 3484 586 noctes
3517 572 3532 595 ,

1944 636 2129 684 noctes
2154 629 2373 692 lucidas.
2405 644 2523 702 quae
2550 627 2752 683 habent
2783 627 2990 684 stellas.
3041 626 3190 680 Sicut
3221 625 3352 678 cnim
3384 624 3537 680 stella

1943 737 1973 786 α
1997 722 2144 780 stella
2167 721 2337 790 differt
2363 724 2413 788 in
2445 721 2704 786 claritate,
2723 722 2791 774 ita
2819 731 2862 774 et
2887 719 3190 774 resurrectio
3216 728 3539 772 mortuorum

1944 811 1988 884 (1
2020 810 2138 869 Cor.
2172 815 2291 880 xv,t
2308 814 2347 884 ).

2013 906 2065 961 9.
2097 905 2214 970 Non
2247 907 2516 972 immerita
2555 916 2734 962 autem
2782 905 3026 977 plerique
3057 903 3197 959 hanc
3233 912 3533 975 martyrum

1945 997 2402 1056 reSurrectiouent
2452 997 2765 1066 appellant;
2811 994 2838 1032 ι)
2886 996 3078 1049 videro
3129 1005 3306 1052 tamen
3356 1007 3536 1050 utrum

1943 1088 2080 1154 sibi,
2114 1089 2268 1154 nobis
2299 1103 2448 1146 certe
2480 1101 2747 1163 martyres
2780 1090 3204 1146 rt-surrcxerinl.
3237 1089 3536 1160 COgnovis-

1945 1182 2047 1246 tis,
2082 1183 2248 1246 immo
2271 1184 2485 1250 vidistis
2516 1186 2618 1251 ipsi
2650 1185 2851 1242 multos
2879 1199 2908 1240 a
2942 1183 3222 1242 dmruoniis
3251 1195 3540 1259 purgatos:

1946 1275 2206 1344 plurimos
2261 1277 2424 1336 etiam
2457 1319 2470 1340 .
2515 1277 2605 1332 ubi
2666 1286 2873 1332 vestem
2931 1285 3244 1330 sanctorum
3294 1277 3544 1332 manibus

1943 1372 2335 1442 contigerunt,
2386 1373 2450 1446 iis
2500 1373 2695 1444 quibus
2744 1371 3115 1434 laborabant,
3165 1369 3540 1428 debilitatibus

1944 1462 2252 1518 absolutos:
2277 1475 2521 1534 reparata
2553 1475 2572 1500 ο
2607 1463 2803 1518 vetusti
2834 1462 3094 1532 temporis
3125 1463 3410 1527 miracula,
3433 1476 3543 1531 quo

1944 1570 2002 1612 se
2035 1572 2129 1626 per
2159 1555 2450 1614 adventum
2479 1555 2694 1612 Domini
2721 1555 2848 1614 .lesu
2877 1554 3048 1624 gratia
3081 1553 3241 1608 terris
3273 1553 3444 1623 major
3469 1553 3542 1610 itt-

1946 1648 2188 1717 l'uderat,
2219 1649 2411 1718 utpbra
2461 1649 2692 1722 quadam
2734 1659 3047 1706 sanctorum
3090 1664 3386 1718 corporum
3430 1649 3540 1718 plc-

1944 1757 2143 1812 rosqtte
2173 1753 2392 1799 sanatos
2420 1743 2665 1798 cernitis.
2698 1738 2724 1779 ά
2755 1741 2965 1810 Quanta
2995 1743 3171 1798 oraria
3201 1741 3540 1812 jactitautur!

238 1829 363 1886 ideo
394 1829 564 1886 dixit:
593 1828 757 1884 Deum
783 1847 929 1888 nemo
953 1832 1077 1898 vidit
1108 1848 1370 1903 umquam,
1397 1834 1496 1888 nisi
1548 1834 1842 1908 unigenitus
1947 1845 2144 1906 quanta
2191 1836 2504 1892 indumenta
2552 1851 2715 1908 super
2765 1836 3024 1906 reliquias
3055 1836 3453 1894 sacratissimas
3491 1843 3547 1892 et

238 1920 414 1976 Filius
434 1964 450 1989 ,
480 1923 567 1992 qui
599 1931 670 1978 est
698 1923 751 1976 in
781 1924 898 1978 sinu
931 1922 1139 2001 Patris,
1165 1926 1275 1996 ipse
1295 1928 1551 1988 enarravit
1581 1927 1762 2000 (Joan.
1795 1946 1834 1996 ι,

237 2011 352 2083 18).
402 2013 578 2088 Opera
625 2031 843 2093 quoque
895 2032 1151 2086 manuum
1193 2018 1291 2078 Dei
1338 2021 1385 2076 si
1429 2023 1675 2096 quisuis,
1711 2022 1840 2080 audi

231 2102 341 2157 Job
385 2103 695 2168 dicentem:
731 2108 968 2176 Spiritus
1015 2110 1252 2180 divinus,
1287 2112 1375 2186 qui
1415 2113 1538 2188 fecit
1577 2129 1656 2168 me
1697 2113 1840 2187 (Job

233 2211 428 2266 sunt,
470 2196 553 2266 4).
591 2199 656 2260 Et
704 2199 831 2265 ideo
861 2199 1121 2256 adversus
1151 2202 1350 2257 diaboli
1387 2213 1718 2260 tentantenta
1753 2209 1841 2262 tir-

234 2299 447 2360 matqs,
479 2292 759 2360 ipoﬁ‘ensze
789 2296 1080 2368 vestigium
1109 2297 1278 2370 876
1305 2301 1626 2358 constantirc
1656 2315 1840 2358 serva-

238 2385 339 2450 vit.
373 2385 480 2448 Sed
512 2377 794 2450 veniamus
827 2386 892 2442 ad
928 2388 1159 2457 reliqua.

307 2477 360 2533 6.
397 2477 541 2540 Dies,
561 2478 763 2549 inquit,
789 2479 892 2534 diei
922 2491 1121 2535 eructat
1146 2481 1350 2538 verbum
1379 2481 1556 2549 (Psal.
1575 2499 1724 2550 xvut,
1751 2484 1836 2554 5).

240 2570 386 2628 Ecce
426 2570 539 2630 veri
571 2571 720 2644 dies,
751 2587 889 2644 quos
930 2573 1078 2628 nulla
1113 2574 1288 2643 caligo
1316 2575 1491 2630 noctis
1525 2575 1835 2644 interpolat.

236 2665 375 2722 Ecce
404 2664 518 2738 veri
546 2665 664 2724 dies
708 2665 851 2743 pleni
887 2666 1105 2721 luminis
1132 2677 1186 2722 et
1217 2667 1438 2736 fulgoris
1481 2668 1672 2724 arterui
1701 2710 1714 2734 ,
1747 2667 1838 2742 qui

235 2775 342 2824 non
387 2757 762 2834 perfunctorie
789 2771 1040 2828 sermone
1068 2761 1294 2818 verbum
1345 2761 1474 2828 Dei,
1507 2762 1601 2830 sed
1647 2762 1839 2818 intimo

234 2850 402 2906 corde
432 2860 752 2906 eructarunt
781 2851 831 2905 in
860 2851 1210 2908 coofessione
1237 2863 1552 2909 constantes
1572 2894 1588 2921 ,
1619 2854 1670 2909 in
1697 2869 1839 2908 mar-

237 2942 385 3014 tyrio
410 2952 846 3016 perseverantes.

309 3035 361 3087 7.
400 3034 554 3104 A_|iu~s
585 3035 824 3110 psalmus
849 3033 1023 3100 lectus
1050 3035 1183 3090 dicit
1219 3055 1230 3091 :
1266 3036 1396 3110 Quis
1425 3039 1558 3090 sicut
1583 3035 1839 3094 Dominus

243 3126 380 3203 Deus
412 3135 620 3196 noster,
653 3127 740 3194 qui
781 3126 834 3180 in
875 3127 996 3180 altis
1022 3127 1253 3194 habitat,
1287 3139 1331 3182 et
1374 3127 1595 3182 humilia
1634 3130 1840 3198 respicit

1944 1937 2089 1990 tactu
2124 1930 2245 1996 ipso
2273 1928 2615 1986 medieabilia
2649 1929 3042 2000 reposcuntur!
3077 1927 3327 1984 Gaudent
3355 1940 3544 1984 omnes

1943 2031 2188 2090 extrema
2231 2021 2373 2082 linea
2411 2025 2760 2093 contingere;
2793 2031 2850 2077 et
2877 2021 2968 2092 qui
3008 2021 3330 2093 contigerit,
3363 2021 3546 2078 salvus

1945 2116 2069 2171 erit.

2022 2207 2106 2264 10.
2138 2207 2356 2272 Gratias
2383 2207 2509 2272 tibi,
2545 2207 2774 2268 Domine
2803 2207 2930 2274 Jesu
2953 2250 2966 2274 ,
2991 2207 3134 2278 quod
3166 2207 3268 2274 hoc
3297 2215 3543 2278 tempore

1949 2299 2085 2355 tales
2117 2300 2273 2360 nobis
2303 2310 2614 2356 sanctorum
2657 2311 2955 2372 martyrum
2991 2301 3217 2370 spiritus
3258 2300 3502 2355 excitasti
3525 2341 3540 2366 ,

1948 2400 1970 2427 ε
2000 2405 2106 2462 quo
2137 2391 2380 2460 Ecclesia
2424 2399 2512 2445 tua
2558 2391 2804 2466 praisidia
2846 2390 3050 2461 majora
3103 2391 3396 2446 desiderat.
3428 2391 3535 2445 Co-

1943 2492 2204 2554 gnoscant
2227 2498 2417 2550 omnes
2447 2483 2635 2554 quales
2656 2497 2754 2554 ego
2779 2491 3208 2554 prOpugnatores
3240 2483 3538 2552 requiram,

1943 2578 2033 2646 qui
2064 2591 2409 2648 propugnare
2431 2577 2672 2646 possint,
2696 2575 3013 2646 impugnare
3042 2591 3146 2630 non
3175 2575 3406 2630 soleant.
3433 2573 3545 2628 Hos

1942 2685 2042 2739 ego
2091 2669 2356 2738 acquisivi
2393 2667 2521 2736 tibi,
2557 2667 2708 2739 plebs
2741 2676 2959 2734 Sancta,
2999 2669 3089 2738 qui
3126 2669 3336 2737 prosint
3363 2669 3544 2732 Omni-

1944 2763 2074 2828 btts,
2110 2763 2313 2818 nemini
2357 2773 2606 2818 noceant.
2641 2762 2800 2817 Tales
2829 2778 2931 2834 ego
2961 2761 3146 2818 ambio
3188 2761 3542 2826 defensores,

1945 2854 2077 2910 tales
2102 2854 2264 2928 877
2297 2854 2313 2892 τ
2346 2855 2546 2910 milites
2577 2854 2782 2910 Italico:
2816 2854 2916 2908 hoc
2947 2862 3062 2922 est,
3088 2868 3192 2910 non
3225 2854 3412 2908 sseculi
3445 2855 3546 2907 uti-

1946 2944 2098 3010 lites,
2129 2944 2224 3000 sed
2277 2945 2473 3000 milites
2515 2944 2738 3000 Christi.
2783 2929 3002 2998 Nullam
3054 2944 3122 2998 de
3155 2944 3354 3000 talibus
3401 2945 3542 2998 lll\'l-

1943 3037 2086 3092 diam
2123 3041 2286 3093 timeo
2309 3081 2321 3104 ,
2353 3053 2583 3108 quorum
2615 3053 2723 3107 quo
2757 3038 2989 3106 maiora,
3021 3054 3086 3093 eo
3119 3040 3316 3094 tutiora
3353 3046 3536 3108 patro-

1945 3130 2085 3186 cinia
2130 3140 2278 3186 sunt.
2315 3131 2516 3188 Horum
2559 3131 2722 3186 etiam
2778 3131 2885 3186 illis
2934 3131 3100 3200 ipsis,
3130 3133 3219 3201 qui
3267 3131 3395 3190 tuihi
3449 3147 3546 3185 eos

239 3221 292 3274 in
323 3222 445 3274 coelo
479 3229 524 3272 et
552 3221 602 3273 in
628 3230 764 3276 terra
789 3218 964 3296 (Psal.
1000 3236 1132 3291 cum,
1157 3219 1214 3291 5)
1241 3222 1265 3274 ’ἐ
1288 3221 1549 3292 Respexit
1579 3236 1707 3278 sane
1739 3223 1834 3288 ltu-
1859 3217 1904 3281 C
1938 3223 2222 3292 invident,
2267 3233 2392 3295 opto
2446 3225 2720 3294 praesidia.
2766 3225 3001 3280 Veniant
3046 3241 3182 3301 ergo.
3221 3234 3277 3280 et
3323 3225 3544 3282 videant

240 3312 385 3365 milia
431 3311 609 3388 Deus,
643 3311 734 3386 qui
784 3313 1018 3376 latentes
1059 3312 1162 3368 suh
1193 3313 1412 3384 ignobili
1459 3314 1664 3386 cespite
1706 3315 1832 3372 reli-

234 3407 390 3476 quias
417 3415 730 3462 sanctorum
762 3415 1062 3482 martyrum
1091 3423 1202 3459 sum
1238 3407 1496 3472 Ecclesia:
1525 3408 1788 3462 revelavit
1813 3450 1830 3476 ,

235 3514 465 3566 quorum
497 3501 674 3552 anima
717 3499 772 3580 in
810 3500 973 3564 co'lo,
1008 3515 1205 3572 corpus
1253 3501 1304 3554 in
1347 3510 1524 3556 terra:
1561 3501 1832 3558 Suscitans

235 3609 268 3646 a
297 3603 431 3646 terra
453 3594 682 3658 inopem,
707 3603 753 3648 et
773 3595 836 3648 de
864 3603 1087 3648 stercore
1111 3594 1310 3672 erigens
1339 3610 1613 3664 pauperem
1638 3593 1782 3668 bid
1814 3636 1828 3661 ,

234 3685 290 3755 7)
317 3701 330 3749 ;
360 3701 496 3755 quos
525 3686 722 3754 videtis
751 3695 808 3754 ut
851 3701 946 3742 eos
978 3702 1100 3740 eum
1137 3687 1475 3770 principibus
1524 3687 1703 3760 populi
1749 3688 1830 3742 sui

235 3779 539 3834 collocarit.
572 3778 858 3850 Principes
900 3780 1086 3858 populi
1115 3795 1253 3850 quos
1291 3781 1424 3834 alios
1462 3781 1564 3836 nisi
1615 3792 1834 3838 sanctos

232 3883 499 3941 martyres
527 3872 801 3928 aestimare
841 3871 1134 3937 debemus,
1165 3887 1400 3944 quorum
1437 3882 1459 3909 α
1483 3873 1593 3942 jam
1636 3873 1688 3929 in
1734 3891 1833 3928 ιιιι-

233 3977 444 4016 merum
496 3962 587 4016 diu
640 3971 766 4017 ante
810 3963 1040 4034 ignorati
1095 3963 1376 4017 Protasius
1425 3963 1830 4035 GervasiuSque

232 4053 636 4126 praeferuntur,
681 4055 771 4124 qui
819 4055 1066 4114 sterilem
1130 4055 1461 4127 martyribus
1528 4056 1832 4112 Ecclesium

233 4146 726 4214 Mediolanensem,
762 4147 876 4216 jam
915 4147 1277 4218 plurimorum
1320 4159 1548 4204 matrem
1595 4147 1831 4206 ﬁliorum

231 4240 402 4294 lietari
438 4241 705 4310 passionis
735 4242 969 4311 propriae
1009 4240 1238 4297 fecerint
1279 4249 1330 4314 et
1363 4241 1532 4297 titulis
1559 4253 1614 4297 et
1646 4257 1833 4300 exem-

233 4330 380 4401 piis?

302 4427 356 4482 8.
389 4425 499 4480 Nec
528 4427 632 4482 hoc
655 4426 950 4482 abhorreat
975 4441 1005 4482 a
1040 4442 1164 4483 vera
1195 4427 1329 4484 ﬁde:
1353 4427 1478 4484 Dies
1507 4429 1614 4484 diei
1634 4439 1832 4484 eructat

230 4517 441 4572 verbum
484 4517 652 4588 (Psal.
689 4534 848 4585 xvut,
890 4518 986 4592 2),
1023 4523 1199 4576 anima
1248 4521 1479 4589 animm,
1514 4522 1622 4577 vita
1664 4521 1788 4576 vitae
1815 4563 1828 4587 ,

1937 3319 2230 3386 stipatores
2259 3333 2442 3383 meos;
2475 3317 2674 3378 talibus
2703 3334 2789 3386 me
2819 3319 2988 3376 armis
3013 3318 3204 3372 ambiri
3236 3333 3341 3374 non
3361 3333 3498 3386 nego
3524 3335 3536 3370 :

1940 3408 2011 3461 Ili
2035 3410 2085 3462 in
2116 3408 2380 3470 curribus,
2415 3419 2461 3461 et
2503 3409 2558 3461 hi
2597 3410 2649 3462 in
2681 3409 2823 3476 equis
2856 3425 2988 3462 :nos
3029 3418 3198 3463 autem
3244 3410 3296 3461 in
3339 3409 3541 3462 nomine

1936 3499 2149 3554 Domini
2181 3499 2276 3558 Dei
2307 3501 2470 3556 nostri
2500 3501 2949 3572 magni/icabimur
2977 3500 3150 3572 (Psul.
3187 3517 3294 3564 XIX,
3322 3502 3398 3569 8).

2010 3595 2096 3650 11.
2128 3595 2384 3654 Ειὶε.ιιιιιη
2416 3595 2715 3660 δοτῇιιιιιιιρ
2742 3594 2939 3652 divinae
2971 3595 3145 3650 series
3181 3593 3373 3655 refert.
3409 3607 3530 3646 cum

1935 3689 2002 3744 ab
2031 3689 2269 3746 exercitu
2309 3688 2570 3760 Syrorum
2600 3697 2747 3744 esset
2785 3689 3062 3752 obsi~ssus,
3093 3687 3294 3742 dixisse
3326 3687 3536 3742 timenti

1935 3781 2190 3849 servulo,
2223 3796 2290 3844 ne
2339 3782 2587 3842 timeret:
2621 3782 2741 3852 quia
2773 3783 2947 3850 plures
2969 3823 2984 3846 ,
3019 3782 3221 3852 inquit,
3252 3797 3345 3854 pro
3391 3781 3535 3836 nobis

1935 3886 2085 3940 sunt,
2115 3894 2268 3948 quam
2311 3887 2490 3930 contra
2534 3892 2626 3938 nos
2673 3875 2763 3948 (IV
2809 3874 2939 3946 Reg.
2985 3892 3054 3941 δί,
3094 3875 3204 3945 16);
3235 3885 3292 3930 et
3329 3885 3382 3928 ut
3431 3874 3534 3928 hoc

1939 3969 2224 4038 probaret,
2260 3969 2460 4038 petisse
2491 3978 2547 4021 ut
2580 3967 2721 4020 oculi
2751 3966 2898 4021 Giezi
2930 3968 3304 4032 aperirentur:
3337 3965 3536 4033 quibus

1938 4061 2030 4116 ille
2055 4061 2295 4130 apertis,
2331 4059 2646 4120 innumeras
2681 4059 2874 4113 adeSse
2919 4057 3044 4112 Vidit
3078 4056 3340 4126 propheta
3373 4072 3532 4109 exer-

1937 4153 2076 4206 citus
2106 4152 2441 4222 angelorum.
2476 4151 2713 4219 Nos_etsi
2746 4165 2841 4204 eos
2869 4148 3055 4204 videre
3085 4164 3188 4201 non
3222 4163 3529 4216 possmuus,

1937 4242 2449 4299 sentituus'tamen.
2500 4243 2669 4316 Erant
2713 4239 2882 4296 clausi
2928 4240 3014 4296 isti
3057 4239 3241 4304 oculi,
3276 4239 3532 4309 quamdiu

1937 4336 2130 4405 obruta
2196 4343 2506 4396 sanctorum
2557 4348 2787 4403 corpora
2841 4332 3254 4408 delitescehant.
3309 4331 3536 4399 Aperuit

1935 4434 2126 4489 oculos
2175 4440 2392 4487 nostros
2437 4432 2737 4497 Dominus;
2781 4431 3017 4488 vidimus
3058 4430 3294 4494 auxilia,
3337 4429 3534 4499 quibus

1938 4539 2126 4580 sumus
2167 4539 2312 4596 sa’pe
2341 4522 2573 4580 defensi.
2607 4524 2724 4578 Non
2775 4523 3093 4578 videbamus
3134 4521 3277 4589 lliPC,
3312 4521 3404 4576 sed
3440 4521 3535 4574 ha-

233 4613 562 4684 resurreetio
593 4613 1006 4690 resurrectioqi.
1039 4611 1106 4672 Et
1137 4631 1241 4672 nox
1269 4616 1408 4680 nocti
1441 4601 1637 4675 indicat
1666 4619 1832 4686 scieq-
1858 4612 1910 4671 D
1938 4617 2198 4688 bellamus
2244 4625 2447 4688 tamen.
2492 4617 2678 4687 Itaque
2725 4615 3124 4686 trepidantibus
3174 4615 3330 4670 nobis
3379 4613 3535 4684 quasi

305 4829 329 4856 ³
357 4818 568 4874 Tltuan.
600 4817 723 4892 cod.
755 4819 924 4884 solus,
953 4834 1170 4892 quorum
1193 4819 1306 4888 jam
1331 4817 1569 4892 nomina,
1597 4818 1687 4871 diu
1710 4830 1830 4892 ante

225 4890 631 4966 ignorata:__se.l
676 4906 795 4966 eum
845 4890 1054 4944 ceteris
1103 4905 1231 4944 mss.
1261 4931 1274 4953 ,
1308 4891 1689 4958 prazferuntur,
1735 4891 1825 4961 ubi

227 4961 419 5034 omnes
447 4961 576 5017 edit.
607 4964 961 5034 proferuntur.
1023 5033 1030 5034 ί
1227 5018 1234 5022 _

300 5033 327 5072 ι)
359 5033 560 5090 Omnes
604 5029 735 5098 edit.
785 5046 838 5088 et
881 5033 1032 5104 pauci
1084 5047 1247 5096 tnss.,
1299 5029 1528 5104 Yiﬁdero;
1573 5031 1820 5104 nonnulli

229 5121 386 5168 mas.,
413 5104 557 5157 video
581 5115 626 5156 et
655 5105 851 5168 videbo;
872 5101 1037 5156 tamen
1069 5115 1238 5156 utrum
1268 5102 1470 5170 sibi,an
1499 5101 1643 5154 nobis
1672 5105 1818 5168 certi,

227 5175 658 5246 quidanticteteri
688 5185 967 5246 martyres;
1001 5185 1056 5229 at
1101 5173 1430 5246 reliquorum
1479 5173 1570 5227 alii
1616 5173 1694 5229 sic
1725 5173 1820 5227 ha-

225 5246 351 5300 bent
386 5264 398 5298 :
437 5245 624 5297 Videre
655 5245 833 5298 tamen
867 5258 1038 5299 utrum
1067 5246 1190 5307 sibi,
1224 5263 1289 5299 an
1319 5245 1483 5312 nobis,
1514 5255 1650 5298 certe
1682 5262 1820 5298 mar-

228 5327 391 5389 tyres.
423 5327 555 5377 etc.;
590 5316 677 5389 alii
710 5317 920 5370 tandem
970 5329 1023 5370 ttt
1057 5336 1151 5369 nos
1183 5319 1233 5371 in
1263 5327 1432 5370 textu.

304 5399 324 5424 ο
359 5387 432 5442 lta
465 5401 598 5440 mss.
629 5385 1223 5455 plures’pmioresllue:
1256 5389 1346 5442 alii
1382 5402 1510 5450 vero
1536 5394 1591 5441 et
1628 5400 1819 5442 omnes

225 5458 385 5517 edit..
417 5457 600 5514 vetusti
626 5459 858 5525 corporis
891 5460 1159 5512 miracula.

299 5527 324 5564 ἀ
362 5526 550 5582 Oraria
582 5529 685 5581 hoc
718 5530 833 5582 loco
863 5527 1114 5600 dicuntur
1159 5527 1412 5600 sudaria;
1450 5542 1570 5600 nam
1613 5527 1814 5600 alioqui

223 5612 345 5654 sunt
379 5602 543 5652 etiam
572 5601 749 5652 oraria
779 5599 829 5652 itt
858 5597 1286 5652 sacerdotalibus
1315 5597 1667 5653 indumentis.

313 5680 335 5706 ε
360 5669 457 5744 llic
486 5670 756 5724 indicatur
779 5669 1005 5750 institue
1025 5667 1263 5792 auguste
1285 5669 1619 5792 persecutio,
1636 5683 1825 5740 quem-

313 5742 530 5792 modum
581 5741 632 5792 in
674 5739 1057 5792 Adn‘touitione
1132 5756 1216 5792 am
1267 5741 1522 5792 liximus.
1554 5737 1822 5792 Cmterum

313 5687 335 5706 ⁸⁵
361 5687 457 5744 μΙΟ
486 5687 756 5724 ιιιυιςιιιιη·
779 5687 1005 5750 qtlsunte
1025 5687 1090 5723 au
1137 5687 1263 5724 ιιειςυ
1285 5687 1822 5792 persecutio,quetu-

237 5740 530 5820 admodum
581 5741 632 5795 in
674 5739 1057 5818 Adtitouitione
1097 5687 1216 5866 iam
1267 5741 1522 5818 sinimus.
1554 5737 1822 5804 Cmterum

237 5811 416 5866 obiter
460 5805 829 5866 annotandum
879 5819 964 5866 est
1010 5819 1104 5866 Sen
1134 5812 1332 5866 entiam
1371 5812 1510 5866 infra
1562 5813 1821 5866 positam.

235 5805 416 5868 obiter
460 5805 829 5890 annotandum
879 5819 964 5890 est
1010 5805 1510 5886 seuientiam'tnl‘ra
1562 5813 1821 5886 positam,

1935 4818 2330 4892 nempeiTales
2367 4835 2458 4892 ego
2500 4820 2670 4874 ambio
2713 4822 3042 4891 defensores,
3085 4820 3278 4874 factam
3309 4819 3527 4876 Patrum

1934 4891 2194 4945 memoria
2233 4891 2629 4956 celebriorem,
2660 4908 2782 4946 cum
2832 4910 2949 4946 eam
2985 4892 3185 4946 vexillo
3217 4899 3527 4946 sanctonim

1930 4961 2174 5017 Cervasii
2209 4978 2270 5014 ac
2308 4963 2536 5020 Protasii
2572 4964 2891 5028 imaginibus
2929 4965 3216 5028 insignito,
3253 4970 3305 5014 et
3353 4962 3401 5012 in
3428 4975 3524 5027 pu-

1930 4979 2174 5017 bervasu
2209 4979 2270 5014 ac
2308 4979 2536 5020 t'rot.tstt
2573 4979 2891 5028 tmagttttuus
2929 4981 3028 5018 inst
3074 4979 3216 5024 otto,
3253 4979 3305 5014 ct
3353 4979 3401 5012 ιιι
3428 4979 3524 5027 pu-

1928 5031 2067 5085 bliea
2121 5032 2518 5098 supplicittione
2573 5032 2640 5087 ad
2692 5033 2985 5087 sedandam
3034 4979 3180 5088 luem
3232 5031 3526 5084 deferendo

1926 5103 2148 5228 lvllSCl'ibl
2192 5113 2411 5158 sanctus
2453 5103 2679 5158 Carolus
2713 5104 2876 5174 jussit
2904 5145 2916 5166 ,
2949 5113 3006 5160 ut
3047 5105 3271 5157 habetur
3311 5105 3362 5154 iu
3407 5101 3526 5169 ejus

1980 5185 2075 5227 Ila.

1980 5185 2075 5227 Ila.

2000 5243 2018 5281 ί
2051 5243 2160 5297 Pro
2187 5243 2372 5298 milites
2405 5243 2562 5298 habeo
2591 5245 2876 5314 legendum
2911 5245 3132 5314 conjicit
3160 5241 3400 5297 Latinius
3429 5243 3527 5294 nti-

1921 5316 2038 5370 lites
2080 5331 2227 5370 aveo.
2269 5315 2498 5368 Verbum
2546 5317 2763 5385 quidem
2795 5319 2950 5370 Italico
2995 5320 3046 5370 in
3088 5330 3216 5368 mss.
3251 5314 3526 5366 nonnullis

1921 5386 2109 5450 deest,
2141 5387 2237 5452 sed
2269 5385 2322 5442 in
2357 5385 2530 5440 multo
2559 5389 2842 5455 pluribus,
2876 5398 2930 5442 et
2960 5387 3171 5440 eunetis
3202 5385 3332 5439 edit.
3371 5399 3527 5452 repe-

1918 5458 2073 5524 ritur.
2114 5457 2186 5510 Ea
2231 5473 2358 5511 vero
2393 5474 2510 5526 quze
2541 5469 2873 5526 sequuntur,
2909 5471 3106 5524 nempe
3151 5457 3245 5508 ltoc
3279 5465 3385 5518 est,
3422 5472 3522 5508 non

1919 5528 2122 5581 sreculi.
2158 5567 2171 5580 .
2211 5566 2224 5581 .
2263 5569 2275 5582 .
2306 5529 2554 5581 invidiam
2599 5531 2752 5580 timeo
2776 5568 2792 5591 ,
2823 5527 2875 5580 iit
2908 5528 3038 5582 edit.
3081 5528 3278 5580 omissa
3327 5538 3516 5593 erant,

1917 5598 2013 5658 sed
2038 5613 2104 5653 ex
2133 5597 2393 5652 omnibus
2428 5614 2558 5652 mss.
2591 5602 2968 5652 restituuntur.
3002 5595 3196 5651 lterum
3224 5610 3403 5649 autem
3434 5597 3520 5651 ubi

1927 5683 2121 5722 omnes
2167 5670 2300 5723 edit.
2341 5684 2403 5724 ac
2446 5671 2600 5740 pauci
2650 5686 2806 5733 mss.,
2837 5678 2924 5740 qui
2969 5672 3094 5724 mihi
3142 5671 3405 5730 invident;
3436 5670 3523 5726 alii

1930 5754 2128 5820 magno
2167 5754 2393 5820 nomen)
2441 5739 2685 5816 inserunt
2728 5744 2976 5818 voettlam
3005 5760 3120 5811 eos,
3149 5741 3292 5815 haud
3337 5739 3524 5796 inean-

1930 5825 2089 5883 grue.
