3996 6292
499 320 642 383 1093

1837 328 2089 390 SANCTI
2114 328 2444 389 AMBROSII

3656 328 3770 388 1024

497 440 702 502 dixerit
728 446 998 507 Dominus
1029 466 1043 504 :
1086 449 1332 522 Aspicite
1370 456 1603 522 quantos
1646 447 1806 507 vobis
1830 457 2102 521 martyres
2125 445 2421 511 Avideam
2471 445 2779 503 sanctitatis
2815 454 3015 502 vestrae
3054 444 3466 515 celebritatem,
3496 444 3631 501 istos
3672 460 3770 502 esse

497 535 781 594 dederim:
814 540 888 596 ita
919 549 947 579 ι
976 543 1237 600 reseratis
1264 543 1437 600 oculis
1461 540 1691 614 gloriam
1721 541 1941 597 Domini
1971 554 2097 612 spe-

497 628 781 699 culamur,
811 648 938 705 qua:
972 644 1059 690 est
1099 645 1392 708 martyrum
1433 635 1683 707 passione
1708 634 2010 707 praeterita,
2043 642 2100 691 et

495 722 821 792 operatione
852 740 1118 796 praesens.
1144 727 1464 793 Evasimus,
1488 727 1721 796 fratres,
1752 742 1859 785 non
1892 728 2099 785 medio-

499 828 654 870 crem
704 816 931 887 pudoris
975 818 1284 875 sarcinam:
1324 830 1584 892 patronos
1631 814 2001 890 habebamus,
2044 830 2101 878 et

503 908 911 967 nesciebamus.
940 911 1253 969 Invenimus
1294 929 1461 969 unum
1503 913 1642 982 hoc,
1674 929 1784 986 quo
1820 914 2101 971 videamur

504 1009 765 1072 praestare
794 1003 1114 1073 majoribus.
1150 1004 1481 1062 Sanctorum
1511 1017 1806 1080 martyrum
1835 1007 2104 1078 cognitio-

509 1109 632 1151 nem
651 1137 666 1164 ,
694 1111 857 1165 quam
885 1094 963 1151 illi
989 1098 1328 1167 amiserunt,
1358 1113 1461 1155 nos
1486 1098 1669 1171 adepti
1693 1113 1902 1158 sumus.

572 1184 662 1240 12.
690 1183 973 1242 Erunntur
1001 1187 1213 1244 nobiles
1234 1189 1484 1261 reliquiae
1512 1205 1545 1247 e
1570 1190 1823 1262 sepulcro
1852 1190 2100 1262 ignobili,

503 1277 868 1334 ostenduntur
892 1280 1032 1335 caelo
1072 1288 1298 1352 tropaea.
1328 1280 1357 1320 ι)
1389 1282 1670 1354 Sanguine
1707 1284 1949 1340 tumulus
1988 1297 2104 1339 ma-

507 1366 632 1436 det,
666 1379 935 1441 apparent
973 1373 1185 1429 cruoris
1227 1374 1572 1446 triumphalis
1615 1384 1758 1431 nota:
1781 1416 1797 1442 ,
1833 1375 2103 1432 inviolatte

501 1461 750 1532 reliquia:
778 1462 899 1519 loco
927 1478 1029 1520 suo
1054 1474 1112 1522 et
1138 1466 1332 1524 ordine
1357 1475 1587 1539 reperta:
1603 1510 1618 1535 ,
1641 1468 1887 1525 avulsum
1915 1469 2104 1525 hume-

504 1555 586 1612 ris
614 1567 797 1629 caput.
830 1557 985 1616 Nunc
1011 1573 1174 1616 senes
1204 1571 1453 1633 repetunt
1482 1560 1702 1619 audisse
1725 1577 1786 1618 se
1811 1561 2104 1633 aliquando

508 1649 702 1707 horum
733 1661 1036 1726 martyrum
1070 1654 1295 1711 nomina
1315 1696 1330 1721 ,
1358 1655 1686 1726 titulumque
1729 1655 1947 1728 legisse.
1976 1655 2105 1713 Per—

506 1743 722 1801 diderat
761 1746 955 1803 civitas
999 1762 1131 1804 suos
1165 1760 1469 1822 martyres,
1500 1765 1622 1821 qua:
1662 1750 1841 1822 rapuit
1868 1750 2097 1807 alienos.

2197 537 2318 595 dies
2364 536 2669 610 prophetici
2711 537 2969 595 carminis
3012 539 3229 596 oracula
3262 538 3663 605 declararunt,
3696 538 3771 594 be-

2197 641 2442 689 sternum
2456 642 2617 702 atque
2647 632 2993 699 hodiernum,
3017 633 3086 690 de
3110 633 3310 704 quibus
3334 633 3771 704 opportunissime

2195 724 2429 780 dicitur:
2461 723 2585 781 Dies
2621 726 2725 779 diei
2762 734 2959 781 eructat
3004 724 3212 780 uerbum
3234 742 3252 792 ;
3279 732 3337 780 et
3384 727 3519 781 istas
3562 734 3768 795 noctes,

2201 815 2271 874 de
2285 818 2484 888 quibus
2509 816 2795 887 aptissime
2817 816 3291 887 disputatur,quia
3311 833 3418 872 nos:
3442 819 3581 872 nocti
3602 817 3769 873 indicat

2200 910 2492 965 scientiam.
2524 909 2662 978 Quid
2692 910 2839 965 enim
2875 908 3023 965 aliud
3053 909 3155 966 hoc
3184 909 3388 975 biduo,
3419 910 3529 966 nisi
3576 909 3772 966 verbum

2204 1003 2300 1059 Dei
2349 1003 2544 1059 intimo
2584 1003 2877 1059 eructastis
2925 1001 3151 1069 aﬁ‘ectu,
3183 1011 3238 1058 et
3277 1002 3563 1059 scientiam
3589 1018 3681 1059 vos
3699 1002 3773 1059 ba-

2203 1095 2335 1152 bere
2362 1095 2483 1152 ﬁdei
2517 1094 2876 1174 probavistis?

2277 1189 2362 1245 16.
2390 1188 2488 1245 Cui
2535 1197 2720 1246 tamen
2751 1188 3055 1246 celebritati
3086 1198 3317 1256 vestrae,
3346 1188 3440 1260 qui
3478 1187 3686 1255 solent,
3710 1189 3775 1242 iu-

2205 1281 2413 1339 vident.
2446 1282 2513 1337 Et
2540 1282 2667 1352 quia
2696 1279 3075 1337 celebritatem
3104 1288 3345 1336 vestram
3375 1278 3576 1335 invidis
3606 1279 3775 1334 animis

2212 1374 2230 1413 τ
2271 1375 2416 1431 ferre
2462 1390 2571 1430 non
2613 1383 2873 1445 possunt,
2900 1387 3121 1428 causam
3162 1370 3497 1428 celebritatis
3533 1370 3773 1427 oderunt:

2182 1476 2368 1543 atque
2398 1468 2453 1523 in
2489 1476 2700 1522 tantum
2726 1466 2980 1521 amentia:
3009 1464 3313 1536 prodeunt,
3343 1473 3405 1520 ut
3431 1473 3633 1536 negent
3658 1478 3774 1519 mar-

2208 1568 2387 1631 tyrum
2416 1560 2607 1615 merita
2625 1599 2643 1628 ,
2674 1573 2907 1630 quorum
2935 1572 3102 1628 opera
3131 1556 3294 1613 etiam
3325 1556 3611 1613 damones
3637 1554 3778 1611 conﬁ-

2209 1663 2412 1710 tentur.
2439 1652 2547 1710 Sed
2574 1652 2679 1709 hoc
2723 1667 2832 1708 non
2857 1652 3085 1716 mirttm;
3115 1649 3387 1722 siquidem
3438 1659 3588 1706 tanta
3611 1660 3690 1706 est
3712 1649 3782 1704 in-

2207 1746 2558 1804 credulorum
2614 1744 2843 1818 perﬁdia
2875 1787 2891 1813 ,
2963 1756 3023 1801 ut
3082 1745 3422 1801 tolerabilior
3474 1746 3547 1801 sit
3601 1743 3778 1801 diaboli

511 1836 629 1895 Etsi
661 1838 766 1895 hoc
790 1839 889 1895 Dei
918 1857 1115 1899 munus
1144 1852 1259 1911 est;
1291 1854 1471 1901 tamen
1500 1845 1732 1914 gratiam
1769 1859 1933 1917 quam
1963 1852 2103 1901 tem-
2129 1848 2181 1910 Β
2209 1840 2533 1912 plerumque
2559 1838 2854 1895 confessio.
2884 1837 3114 1894 Dicebat
3140 1837 3286 1893 enim
3325 1836 3582 1893 diabolus
3612 1854 3626 1892 :
3655 1833 3781 1904 less,

502 1931 728 2004 poribus
754 1934 1048 1994 sacerdotii
1072 1936 1181 1993 mei
1208 1937 1475 1995 Dominus
1489 1936 1651 1995 Jesus
1675 1937 1887 2007 tribuit,
1908 1954 2110 2010 negare

509 2038 619 2080 non
644 2038 899 2094 possum:
928 2035 983 2083 et
1011 2026 1137 2099 quia
1163 2028 1282 2100 ipse
1304 2038 1512 2102 martyr
1550 2044 1675 2087 esse
1713 2043 1823 2086 non
1851 2044 2069 2087 mereor
2090 2072 2109 2097 ,

514 2116 616 2172 bos
641 2116 794 2174 vobis
824 2127 1091 2192 martyres
1119 2121 1401 2193 acquisivi.

587 2209 677 2265 13.
710 2208 1018 2267 Succedant
1057 2212 1298 2270 victimae
1344 2212 1704 2285 triumphales
1742 2225 1765 2254 ο
1798 2214 1853 2270 in
1893 2214 2112 2284 locum,

513 2300 607 2357 ubi
637 2301 886 2359 Christus
935 2303 1113 2361 hostia
1155 2314 1262 2363 est.
1302 2306 1412 2363 Sed
1460 2307 1554 2365 ille
1580 2322 1751 2379 super
1780 2308 1986 2375 altare,
2018 2308 2113 2380 qui

514 2407 613 2465 pro
657 2395 908 2451 omnibus
954 2412 1151 2468 passus
1188 2408 1293 2454 est.
1327 2398 1423 2455 Isti
1467 2400 1570 2457 sub
1607 2401 1802 2470 altari,
1830 2402 1924 2473 qui
1966 2402 2114 2459 illius

472 2532 489 2551 ,
518 2485 789 2558 redempti
823 2499 950 2545 sunt
990 2490 1266 2560 passione.
1302 2490 1457 2548 Hunc
1484 2507 1588 2563 ego
1615 2493 1794 2550 locum
1835 2494 2117 2563 praedesti-

519 2592 778 2634 naveram
800 2579 965 2647 mihi;
989 2580 1210 2651 dignum
1229 2591 1313 2637 est
1333 2582 1481 2638 enim
1505 2590 1565 2639 ut
1590 2584 1661 2641 ibi
1683 2586 1852 2659 878
1874 2587 2119 2659 requies-

519 2679 611 2725 cat
640 2672 930 2740 sacerdos,
961 2672 1053 2729 ubi
1081 2672 1280 2730 offerre
1305 2676 1617 2731 consuevit:
1647 2678 1745 2732 sed
1774 2678 1916 2734 cedo
1944 2678 2119 2735 sacris

519 2763 758 2820 victimis
782 2764 1067 2822 dexteram
1100 2767 1440 2837 portionem;
1468 2768 1619 2824 locus
1648 2769 1752 2826 iste
1788 2771 2118 2843 martyribus

513 2854 842 2912 debebatur.
875 2856 1192 2915 Condamus
1218 2874 1350 2931 ergo
1377 2859 1637 2931 reliquias
1659 2873 2040 2918 sacrosanctas
2064 2873 2121 2919 et

516 2948 543 2987 «³
574 2949 753 3022 dignis
779 2950 987 3008 mdibus
1016 2953 1358 3024 invebamus,
1391 2963 1673 3027 totumque
1702 2956 1845 3013 diem
1893 2957 1998 3013 lida
2023 2956 2116 3015 de-

520 3043 742 3099 votione
771 3044 1142 3103 celebremus.

592 3135 682 3191 14.
715 3137 1051 3195 Acclamavit
1087 3141 1351 3211 populus,
1382 3152 1441 3198 ιιι
1464 3143 1520 3199 in
1561 3143 1904 3201 Dominicum
1931 3144 2117 3202 diﬁ'er-

2214 1935 2325 1991 Fili
2347 1932 2447 1991 Dei
2479 1934 2607 2004 rivi,
2634 1934 2761 2004 quid
2801 1932 2983 1987 uenisti
3027 1942 3148 1987 ante
3195 1940 3395 2000 tempus
3437 1940 3671 2002 torquere
3707 1945 3785 1985 Ias

2212 2027 2435 2099 (Matth.
2466 2041 2587 2093 vtn,
2616 2023 2749 2098 ‘29)?
2779 2024 2844 2081 Et
2870 2039 2994 2080 cum
3024 2023 3144 2080 haec
3182 2021 3438 2079 audirent
3464 2022 3672 2089 Judai;
3703 2021 3786 2093 ipsi

2215 2131 2398 2179 tamen
2428 2119 2524 2177 Dei
2546 2120 2743 2176 Filium
2771 2117 3136 2189 denegabant.
3176 2115 3251 2172 Et
3273 2130 3419 2172 nunc
3441 2114 3672 2171 audistis
3696 2115 3790 2171 cla-

2214 2223 2429 2273 mantes
2475 2214 2795 2281 daemones,
2826 2222 2883 2267 et
2919 2211 3247 2268 conﬁtentes
3288 2208 3627 2284 martyribus
3666 2206 3831 2278 quod-

2218 2325 2405 2382 ptenas
2432 2308 2580 2365 ferre
2611 2322 2719 2363 non
2749 2307 2993 2378 possint,
3018 2313 3076 2362 et
3099 2303 3378 2360 dicentes:
3401 2301 3547 2371 Quid
3565 2301 3788 2366 venistis,

2217 2413 2244 2450 ε
2277 2411 2338 2457 ut
2373 2416 2474 2457 nos
2522 2410 2631 2456 tam
2673 2398 2914 2470 graviter
2963 2394 3314 2468 torqueatis?
3375 2394 3442 2450 Et
3497 2393 3685 2450 Ariani
3718 2391 3792 2447 di-

2215 2505 2373 2552 cunt:
2395 2493 2512 2551 Non
2541 2500 2669 2549 sunt
2687 2490 2778 2547 isti
2802 2498 3099 2562 martyres,
3129 2504 3231 2545 nec
3260 2499 3516 2559 torquere
3543 2486 3791 2542 diabolum

2217 2597 2472 2663 possunt,
2503 2602 2606 2644 nec
2638 2586 2876 2658 aliquem
2925 2583 3198 2649 liberare;
3227 2598 3351 2639 cum
3393 2589 3668 2639 tormenta
3701 2580 3793 2637 d2-

2218 2698 2442 2741 monum
2472 2681 2712 2753 ipsorum
2739 2675 2766 2714 ιι
2792 2692 2928 2733 voce
2954 2676 3275 2748 probentur,
3298 2685 3354 2733 et
3382 2674 3647 2732 beneﬁcia
3670 2689 3795 2729 mar-

2220 2789 2397 2851 tyrum
2422 2775 2681 2834 remediis
2710 2780 3027 2830 senatorum
3046 2813 3061 2841 ,
3088 2780 3143 2828 et
3185 2770 3564 2827 absolutorum
3608 2767 3797 2825 indiciis

2218 2873 2586 2929 declarentur.

2293 2966 2384 3021 17.
2414 2962 2621 3035 Negant
2648 2977 2855 3019 cmcum
2898 2962 3263 3018 illuminatum
3283 3002 3299 3028 ,
3330 2958 3429 3016 sed
3459 2957 3555 3016 ille
3583 2972 3687 3014 non
3712 2972 3797 3013 ne-

2217 3067 2308 3130 gat
2333 3072 2393 3114 se
2420 3068 2694 3113 sanatum.
2724 3054 2823 3112 llle
2851 3055 3015 3112 dicit:
3048 3052 3252 3121 Video,
3278 3052 3374 3124 qui
3406 3068 3515 3109 non
3545 3050 3796 3107 videbam.

2214 3151 2309 3207 Ille
2351 3149 2513 3206 dicit:
2553 3149 2745 3205 Ctecus
2787 3162 2913 3204 esse
2958 3146 3161 3210 desivi;
3193 3154 3250 3202 et
3292 3144 3492 3217 probat
3532 3144 3686 3199 facto.
3715 3140 3798 3197 isti

520 3237 672 3284 retur
695 3229 843 3285 diem
860 3241 1171 3306 .martyrum
1202 3233 1503 3306 depositio:
1535 3235 1631 3292 scd
1674 3237 1891 3294 tandem
1917 3237 2109 3295 obten-
2136 3235 2184 3297 C
2217 3241 2539 3299 beneﬁcium
2568 3250 2806 3312 negant,
2834 3239 2927 3311 qui
2962 3239 3162 3295 factum
3194 3252 3399 3310 negare
3430 3253 3538 3293 non
3568 3244 3797 3308 possunt.

526 3333 672 3391 tum,
704 3333 766 3379 ut
790 3327 1043 3395 sequenti
1086 3327 1242 3385 ﬁeret
1267 3330 1377 3386 die.
1408 3328 1671 3402 Sequenti
1698 3330 1788 3387 die
1829 3331 1954 3388 talis
1985 3331 2119 3390 mihi

520 3417 590 3472 ad
622 3417 880 3488 p0pulum
913 3420 1109 3476 iterum
1139 3438 1323 3480 sermo
1348 3422 1470 3481 fuit.

596 3509 684 3565 15.
717 3519 741 3547 ι’
770 3510 1039 3567 Hesterno
1060 3516 1287 3571 tractavi
1316 3518 1682 3575 versiculum:
1708 3519 1833 3575 Dies
1877 3520 1980 3576 diei
2004 3538 2120 3577 eru-

512 3608 630 3658 Vrtat
653 3600 862 3655 verbum
888 3601 1064 3675 (Psal.
1096 3621 1247 3675 xvttt,
1276 3607 1355 3681 '5),
1388 3619 1550 3680 prout
1578 3612 1753 3668 nostri
1782 3621 1974 3683 captus
1996 3615 2122 3670 tulit

526 3690 766 3762 ingenii:
797 3691 962 3750 hodie
999 3696 1131 3752 mihi
1163 3713 1269 3754 non
1299 3701 1473 3757 solum
1521 3705 1809 3772 superiore
1839 3715 2118 3777 tempore,

524 3784 621 3839 sed
654 3788 907 3856 prtesenti
938 3804 1156 3863 quoque
1184 3794 1543 3866 prophetasse
1571 3798 1792 3855 videtur
1834 3797 2118 3871 Scriptura

520 3876 731 3935 divina.
760 3879 894 3937 Nam
940 3898 1064 3940 cum
1102 3884 1295 3944 diebus
1335 3904 1400 3946 ac
1450 3891 1701 3948 noctibus
1744 3893 2118 3949 continuatam

597 4050 622 4127 ξ
640 4041 804 4127 item.
821 4042 984 4127 edit;
973 4047 1113 4115 sola,
1129 4051 1369 4127 reseratis
1381 4050 1629 4127 oraculis.
1653 4052 1829 4127 Minus
1846 4052 2113 4122 apposite.

596 4111 1156 4194 PGregorittsTuron.A
1176 4120 1269 4194 ηιξ.
1295 4122 1559 4194 t.L_iirac.,
1586 4138 1707 4194 cap.
1735 4124 1827 4186 47.
1857 4111 1971 4179 rem
1994 4139 2120 4179 nar-

524 4192 642 4267 rat,
673 4199 835 4254 quam
867 4188 921 4242 in
968 4187 1194 4267 historia
1226 4191 1323 4248 SS.
1357 4192 1604 4267 Gervasii
1634 4187 1698 4249 a'c
1728 4194 1960 4267 Protasii
1989 4210 2120 4266 pro-

528 4255 697 4340 ditam
744 4267 935 4340 negat,
965 4259 1062 4315 sed
1092 4262 1197 4316 sibi
1219 4266 1308 4340 _ait
1348 4264 1630 4333 cujusdam
1668 4255 2123 4340 narratione'eo-

525 4329 730 4396 gnitam
756 4329 1044 4385 :nimirnm
1072 4347 1194 4387 cum
1218 4334 1363 4391 inter
1381 4329 1534 4391 sacra
1562 4351 1595 4392 e
1619 4351 1835 4391 camera
1861 4336 2123 4392 decidens

531 4395 708 4478 tabula
737 4398 1001 4481 in_ca_pita
1028 4412 1326 4481 martyrum
1359 4406 1501 4481 illisa
1540 4406 1964 4481 esset,ytamdiu
1992 4423 2119 4463 san-

529 4471 748 4545 guinem
794 4471 920 4545 inde
966 4471 1190 4530 ﬁnxisse
1215 4516 1230 4541 ,
1261 4477 1439 4545 quoad
1482 4477 1664 4533 omnia
1708 4471 2027 4536 linteamina
2067 4488 2122 4535 et

533 4538 1063 4620 vela’lﬂcelesiastica
1087 4538 1292 4603 aﬁ‘atim
1317 4562 1385 4620 eo
1412 4548 1774 4620 tingerentur.

605 4619 629 4646 ο
658 4609 798 4691 Quid
826 4612 930 4691 hoc
957 4616 1077 4691 loco
1105 4618 1429 4691 expressius
1454 4609 1522 4676 ad
1552 4635 1737 4676 veram
1764 4628 1820 4676 et
1858 4635 2119 4691 corpora-

531 4679 636 4767 lem
673 4681 873 4767 Christi
904 4685 957 4742 in
1005 4689 1164 4744 altari
1185 4679 1353 4767 sacro
1390 4693 1733 4767 praesentiam
1784 4679 2119 4767 probandam

529 4751 635 4806 dici
685 4754 892 4823 possit,
935 4774 1066 4815 sane
1094 4775 1203 4816 non
1252 4751 1516 4819 videmus.
1547 4763 1742 4819 Omnia
1782 4751 1926 4819 illius
1957 4764 2119 4819 verba

532 4825 874 4900 perpendam
910 4831 1160 4898 seetarii,
1189 4841 1246 4889 et
1287 4835 1331 4889 si
1361 4837 1490 4900 quid
1524 4836 1605 4892 eis
1633 4835 1763 4891 insit
1789 4834 2121 4891 sinceritatis

531 4909 594 4948 ac
614 4895 783 4966 bona:
808 4896 931 4954 ﬁdei
953 4942 969 4966 ,
1003 4917 1117 4957 rem
1145 4895 1475 4961 fatebuntur.
2072 4913 2081 4922 ’

601 4961 630 5002 ἀ
660 4967 862 5053 omnes
896 4961 1010 5027 edit
1037 4987 1100 5028 ac
1129 4977 1671 5053 pauci_tnss._,_dignis
1688 4975 1909 5033 aedibus:
1931 4988 2119 5033 contra

530 5039 931 5116 vero_plcriq_n_e
970 5059 1103 5099 mss.
1116 5039 1141 5109 ,’
1158 5047 1328 5116 dignis
1357 5039 1581 5103 sedibus:

605 5118 629 5144 θ
655 5110 788 5189 itare
808 5113 997 5168 ultima
1020 5129 1147 5189 pars
1168 5110 1237 5171 ab
1263 5118 1424 5187 hujus
1449 5119 1693 5189 epistola:
1717 5133 1949 5188 corpore
1968 5117 2120 5173 avul-

531 5193 588 5233 sa
607 5219 622 5245 ,
655 5181 798 5258 inter
823 5181 1105 5240 sermones
1133 5187 1185 5241 in
1215 5181 1468 5244 omnibus
1482 5181 1627 5247 'edit.
1659 5181 1995 5258 collocatur,
2023 5190 2120 5245 sed

529 5267 690 5320 quam
721 5253 935 5324 inepte,
967 5271 1134 5325 penes
1162 5258 1420 5313 lectorem
1449 5272 1572 5315 esto
1594 5259 1881 5328 judicium.
1981 5253 1991 5258 ⁷

564 5392 576 5402 ·
604 5320 623 5358 ί
654 5322 782 5399 uss.
819 5342 925 5402 non
970 5330 1159 5397 pauci,
1192 5332 1384 5402 referre
1412 5347 1517 5385 non
1544 5341 1781 5402 possunt.
1811 5330 1923 5402 Nec
1957 5330 2121 5401 plane

564 5392 576 5403 .
604 5346 618 5358 -
654 5346 782 5399 mss.
819 5346 925 5380 non
970 5346 1159 5397 pauci,
1192 5346 1384 5402 rejerre
1412 5347 1517 5385 non
1544 5346 1781 5402 possunt.
1811 5346 1923 5385 tvec
1957 5346 2121 5401 ptane

535 5405 651 5474 sune
679 5408 841 5451 sensu
868 5397 1082 5474 aliquo;
1111 5409 1293 5474 potest
1335 5402 1481 5455 enim
1510 5405 1707 5474 referre
1729 5400 1872 5474 sumi
1905 5416 2003 5474 pro
2026 5417 2123 5474 ex:

530 5471 793 5542 primere.
818 5481 883 5520 ac
910 5471 1430 5542 talemivoluptatent
1449 5512 1465 5539 ,
1491 5471 1706 5542 qualem
1734 5472 2019 5527 catholicis
2044 5471 2122 5528 af-

530 5529 741 5614 ferebat
769 5550 834 5590 ea
862 5537 1182 5614 soletnnitas
1198 5583 1213 5608 ,
1231 5529 1426 5598 'auimo
1450 5529 1762 5614 percipere.

533 5604 927 5723 “uitiatimssq
955 5619 1012 5664 at
1037 5611 1168 5666 edit.
1198 5604 1340 5670 inter
1383 5604 1537 5671 ut'et
1578 5604 1671 5670 n'os
1708 5616 1959 5670 inserunt
2002 5622 2121 5669 ante

634 5688 751 5740 pus.

559 5737 811 5829 LX315“;
818 5744 1087 5829 _‘:‘!iqu_0l;
1128 5767 1247 5829 vggc
1276 5757 1574 5829 prodantur
1607 5766 1634 5829 εΔ
1660 5754 1900 5829 aliorum.
1937 5764 2120 5815 autem

540 5798 760 5873 quidam
780 5798 1089 5885 ρωοωῖᾶὶιῦ
1113 5798 1911 5897 ait:.5'é351‘;;m‘aaii;;-Tii‘t
1930 5798 2120 5883 ἶιῖἐξιῖἑ

2226 3336 2240 3373 ί
2264 3335 2438 3392 Notus
2471 3334 2636 3390 homo
2661 3345 2744 3391 est
2761 3376 2776 3401 ,
2804 3333 3035 3405 publicis
3062 3333 3232 3406 879
3258 3347 3384 3388 cum
3424 3331 3640 3387 valeret
3666 3344 3799 3384 man—

2221 3431 2432 3500 cipatus
2459 3428 2770 3499 obsequiis,
2801 3426 3039 3485 Severus
3068 3424 3294 3481 nomine
3314 3466 3330 3492 ,
3364 3422 3546 3479 lanius
3580 3422 3799 3477 ministe-

2220 3523 2326 3578 rio.
2359 3523 2699 3594 Deposuerat
2726 3518 3000 3585 ofﬁcium,
3034 3527 3320 3590 postquam
3358 3516 3629 3572 inciderat
3651 3516 3799 3583 impe-

2221 3615 2543 3672 dimentum.
2576 3614 2747 3670 Vocat
2771 3613 2838 3669 ad
2870 3612 3241 3668 testimonium
3270 3610 3526 3666 homines
3548 3650 3565 3677 ,
3588 3622 3799 3680 quorum

2220 3718 2350 3766 ante
2378 3707 2786 3765 sustentabatur
2826 3704 3140 3777 obsequiis:
3163 3717 3261 3760 eos
3296 3701 3508 3758 indices
3552 3715 3668 3757 sua:
3693 3698 3803 3753 visi-

2221 3800 2442 3857 tationis
2491 3798 2771 3866 arcessit,
2809 3812 2947 3870 quos
2977 3796 3213 3852 habebat
3262 3804 3434 3850 teStes
3474 3803 3535 3849 et
3581 3793 3803 3848 arbitros

2218 3894 2500 3949 ctecitatis.
2537 3892 2750 3948 Clamat
2775 3891 2902 3963 quia
2937 3898 2996 3945 ut
3018 3888 3247 3960 contigit
3273 3886 3548 3943 ﬁmbriam
3577 3885 3647 3942 de
3673 3893 3804 3939 veste

2222 4053 2314 4108 ubi
2343 4067 2535 4109 omnes
2564 4052 2695 4110 edit.
2724 4061 2781 4109 et
2808 4066 2939 4108 mss.
2967 4051 3235 4117 nonnulli,
3258 4049 3501 4104 remediis
3533 4064 3804 4109 meorum;

2222 4125 2314 4180 alii
2357 4125 2557 4193 partim
2604 4125 2845 4180 remediis
2889 4135 3187 4179 sanctorum
3212 4163 3227 4189 ,
3269 4120 3471 4193 partim
3517 4131 3802 4175 senators:

2222 4196 2520 4267 praeferunt
2559 4214 2572 4251 :
2603 4196 2746 4267 quod
2777 4197 2950 4266 magis
2975 4197 3170 4267 placet.

2300 4266 2316 4303 ί
2348 4266 2497 4323 Nihil
2534 4264 2640 4322 hoc
2684 4264 2946 4323 miraculo
2970 4264 3172 4323 certius
3203 4273 3298 4322 aut
3326 4264 3500 4337 magis
3526 4272 3768 4337 testatum
3790 4302 3804 4322 .

2226 4352 2333 4392 non
2364 4339 2529 4394 modo
2554 4349 2779 4409 propter
2815 4333 3498 4409 gravissimamAtnbrosii
3527 4333 3810 4409 auctoritao

2226 4418 2335 4464 tem
2360 4450 2375 4475 ,
2408 4420 2465 4465 et
2489 4404 2744 4480 adjuncta
2776 4404 2927 4465 illius
2954 4408 3249 4480 universis
3277 4404 3805 4480 mediolanensibns.

2146 4504 2202 4566 Ι)
2226 4495 2364 4551 quos
2392 4477 2889 4566 alloquebaturhic
2914 4479 3057 4566 idem
3086 4477 3807 4566 praesulneompertissitna:

2225 4545 2414 4608 verum
2442 4545 2606 4608 etiam
2638 4561 2859 4622 pr0pter
2899 4545 3188 4622 Augusiini
3218 4545 3494 4606 oculatum
3513 4592 3529 4615 ,
3554 4550 3640 4622 sit
3658 4545 3811 4603 verba

2222 4625 2402 4691 venia,
2429 4620 2822 4690 testimonium,
2849 4620 3110 4695 quod'lib.
3140 4638 3253 4679 χιιι
3273 4621 3526 4695 de_Civit.
3548 4620 3670 4695 Dei,
3697 4632 3809 4688 cap.

2225 4695 2279 4765 ξ.
2309 4704 2364 4749 et
2389 4694 2702 4765 expressius
2717 4690 2895 4749 adhuc
2908 4696 3085 4752 Serm.
3112 4695 3167 4751 in
3190 4692 3367 4751 Natali
3389 4704 3552 4765 mart.
3580 4690 3742 4765 Gerv.
3764 4697 3812 4743 et

2222 4764 2373 4841 Prol.
2404 4763 2586 4833 legere
2613 4775 2717 4821 est.
2746 4765 2892 4822 idem
2930 4768 3094 4841 etiam
3142 4765 3464 4841 miraculum
3511 4763 3673 4819 simul
3699 4775 3812 4841 cum

2225 4836 2345 4892 aliis
2367 4879 2384 4903 ,
2412 4852 2534 4908 qua:
2560 4848 2933 4894 memorantur
2960 4838 3013 4894 in
3054 4838 3156 4893 hac
3183 4838 3448 4907 epistola,
3466 4846 3696 4908 narrat,
3726 4836 3814 4908 qui

2223 4904 2476 4979 similiter
2520 4908 2766 4979 oculatus
2822 4911 2979 4965 testis
3028 4923 3150 4964 esse
3196 4904 3415 4979 potuit,
3460 4905 3719 4979 Paulinus
3764 4904 3815 4957 ia

2223 4976 2497 5035 Ambrosii
2534 4978 2676 5034 Vita.
2710 4979 2904 5035 Mirum
2946 4979 3109 5047 igitur
3148 4976 3351 5033 tantam
3394 4977 3561 5033 fuisse
3588 4978 3816 5032 Ariano-

2222 5064 2343 5104 rum
2392 5051 2752 5120 pervicaciam
2777 5091 2793 5115 ,
2832 5060 2896 5105 ut
2937 5050 3204 5105 miracula
3241 5058 3352 5105 tam
3401 5049 3677 5105 evidentia
3719 5060 3817 5117 pro

2222 5122 2642 5186 commentitiis,
2672 5122 2839 5176 immo
2868 5121 3059 5189 etiam,
3097 5131 3158 5175 ut
3192 5120 3448 5174 Paulinus
3474 5130 3668 5175 auctor
3701 5127 3813 5180 est,

2225 5191 2405 5257 pretio
2447 5192 2717 5247 simulatis
2752 5192 3058 5247 habuerint.
3094 5191 3481 5247 Verumtamen
3508 5205 3573 5245 es
3623 5189 3810 5244 iisdem

2222 5260 2527 5331 Augustino
2554 5272 2719 5333 atque
2743 5262 2972 5317 Paulino
2991 5263 3374 5330 cognoscimus
3400 5261 3687 5332 perﬁdiam
3702 5259 3814 5333 ha:-

2223 5335 2519 5405 reticorum
2549 5348 2611 5405 ea
2636 5332 2952 5405 Martyrum
2997 5333 3474 5400 mauiiestatione,
3503 5336 3588 5405 sin
3640 5332 3814 5405 minus

2224 5403 2449 5460 fractam
2471 5446 2488 5471 ,
2517 5404 2714 5460 saltem
2744 5402 3078 5460 debilitatam
3128 5404 3297 5459 fuisse
3321 5446 3336 5470 ,
3372 5419 3437 5459 ac
3480 5402 3815 5459 deferbuisse

2224 5477 2681 5544 persecutionem.
2715 5475 2785 5531 Et
2828 5475 2956 5532 hinc
2993 5491 3125 5531 sane
3155 5476 3326 5543 magis
3362 5475 3631 5529 miramur
3678 5475 3815 5529 inter

2224 5547 2397 5601 nostri
2449 5547 2711 5616 temporis
2752 5545 3147 5610 heterodoxos.
3181 5550 3276 5616 qui
3319 5546 3412 5600 vix
3456 5548 3725 5613 majorem
3767 5544 3817 5595 ia

2184 5617 2193 5624 ’
2224 5616 2397 5672 alium
2428 5617 2595 5672 ullum
2652 5633 2685 5673 e
2719 5618 3000 5686 Patribus,
3028 5633 3192 5688 quam
3224 5619 3279 5673 in
3328 5616 3682 5672 Ambrosium
3723 5627 3819 5669 no—

2224 5696 2395 5759 strum
2426 5689 2835 5745 venerationem
2859 5703 2972 5759 pra:
2999 5703 3060 5745 se
3084 5690 3281 5753 ierunt,
3300 5688 3588 5759 inventum
3615 5697 3819 5759 tameq.

2224 5758 2597 5827 quiyeterem
2645 5755 2971 5825 Arianorum
2997 5759 3357 5827 calumniam,
3385 5758 3520 5819 licet
3555 5760 3666 5817 sub
3705 5755 3821 5827 4ιυὶ-

2225 5822 2451 5885 liusdani
2482 5827 2832 5888 dicterlotum
2863 5822 3190 5897 involucris.
3219 5822 3536 5888 renovaret.
