  <div class='ocr_page' id='page_1' title='image "/cluster/home/n/w/nwhite01/storage/ocr_20150623/16/hvd.32044015471998/518.png"; bbox 0 0 3996 6292; ppageno 0'>
   <div class='ocr_carea' id='block_1_1' title="bbox 233 277 367 334">
    <p class='ocr_par' dir='ltr' id='par_1_1' title="bbox 233 277 367 334">
     <span class='ocr_line' id='line_1_1' title="bbox 233 277 367 334; baseline 0.015 -2"><span class='ocrx_word' id='word_1_1' title='bbox 233 277 367 334; x_wconf 65' lang='grc'><strong>1025</strong></span> 
     </span>
    </p>
   </div>
   <div class='ocr_carea' id='block_1_2' title="bbox 1419 272 2302 334">
    <p class='ocr_par' dir='ltr' id='par_1_2' title="bbox 1419 272 2302 334">
     <span class='ocr_line' id='line_1_2' title="bbox 1419 272 2302 334; baseline -0.002 -2"><span class='ocrx_word' id='word_1_2' title='bbox 1419 272 1905 334; x_wconf 75' lang='lat' dir='ltr'><strong>EPIS’I‘OLARUM</strong></span> <span class='ocrx_word' id='word_1_3' title='bbox 1945 273 2226 334; x_wconf 81' lang='lat' dir='ltr'><strong>CLASSIS</strong></span> <span class='ocrx_word' id='word_1_4' title='bbox 2263 274 2302 331; x_wconf 93' lang='grc'><strong>1.</strong></span> 
     </span>
    </p>
   </div>
   <div class='ocr_carea' id='block_1_3' title="bbox 3382 281 3519 336">
    <p class='ocr_par' dir='ltr' id='par_1_3' title="bbox 3382 281 3519 336">
     <span class='ocr_line' id='line_1_3' title="bbox 3382 281 3519 336; baseline 0.007 -1"><span class='ocrx_word' id='word_1_5' title='bbox 3382 281 3519 336; x_wconf 69' lang='grc'><strong>1026</strong></span> 
     </span>
    </p>
   </div>
   <div class='ocr_carea' id='block_1_4' title="bbox 229 392 3520 470">
    <p class='ocr_par' dir='ltr' id='par_1_4' title="bbox 229 392 3520 470">
     <span class='ocr_line' id='line_1_4' title="bbox 229 392 3520 470; baseline -0.001 -18"><span class='ocrx_word' id='word_1_6' title='bbox 229 407 524 470; x_wconf 85' lang='lat' dir='ltr'><strong>martyrum</strong></span> <span class='ocrx_word' id='word_1_7' title='bbox 545 437 558 462; x_wconf 91' lang='lat'><strong>,</strong></span> <span class='ocrx_word' id='word_1_8' title='bbox 585 410 688 467; x_wconf 91' lang='lat' dir='ltr'><strong>qua</strong></span> <span class='ocrx_word' id='word_1_9' title='bbox 711 409 878 451; x_wconf 72' lang='lat' dir='ltr'><strong>sacra:</strong></span> <span class='ocrx_word' id='word_1_10' title='bbox 908 393 1155 466; x_wconf 61' lang='lat' dir='ltr'><strong>reliquiae</strong></span> <span class='ocrx_word' id='word_1_11' title='bbox 1179 393 1516 462; x_wconf 85' lang='lat' dir='ltr'><strong>vestiuntur,</strong></span> <span class='ocrx_word' id='word_1_12' title='bbox 1543 395 1812 451; x_wconf 90' lang='lat' dir='ltr'><strong>redditum</strong></span> <span class='ocrx_word' id='word_1_13' title='bbox 1840 397 1892 458; x_wconf 81' lang='grc' dir='ltr'><strong>Λ</strong></span> <span class='ocrx_word' id='word_1_14' title='bbox 1919 403 2024 450; x_wconf 88' lang='lat' dir='ltr'><strong>tus.</strong></span> <span class='ocrx_word' id='word_1_15' title='bbox 2072 393 2226 462; x_wconf 85' lang='lat' dir='ltr'><strong>Quod</strong></span> <span class='ocrx_word' id='word_1_16' title='bbox 2259 393 2496 464; x_wconf 89' lang='lat' dir='ltr'><strong>nequitia</strong></span> <span class='ocrx_word' id='word_1_17' title='bbox 2531 392 2852 464; x_wconf 90' lang='lat' dir='ltr'><strong>supprimit,</strong></span> <span class='ocrx_word' id='word_1_18' title='bbox 2897 400 3186 464; x_wconf 83' lang='lat' dir='ltr'><strong>extorquet</strong></span> <span class='ocrx_word' id='word_1_19' title='bbox 3233 392 3259 432; x_wconf 70' lang='grc'><strong><em>³³</em></strong></span> <span class='ocrx_word' id='word_1_20' title='bbox 3303 395 3520 467; x_wconf 75' lang='lat' dir='ltr'><strong>injuria.</strong></span> 
     </span>
    </p>
   </div>
   <div class='ocr_carea' id='block_1_5' title="bbox 227 490 663 547">
    <p class='ocr_par' dir='ltr' id='par_1_5' title="bbox 227 490 663 547">
     <span class='ocr_line' id='line_1_5' title="bbox 227 490 663 547; baseline -0.005 -1"><span class='ocrx_word' id='word_1_21' title='bbox 227 491 329 546; x_wconf 86' lang='lat' dir='ltr'><strong>sibi</strong></span> <span class='ocrx_word' id='word_1_22' title='bbox 359 492 542 547; x_wconf 86' lang='lat' dir='ltr'><strong>lumen</strong></span> <span class='ocrx_word' id='word_1_23' title='bbox 572 490 663 546; x_wconf 90' lang='lat' dir='ltr'><strong>sit.</strong></span> 
     </span>
    </p>
   </div>
   <div class='ocr_carea' id='block_1_6' title="bbox 309 581 1825 654">
    <p class='ocr_par' dir='ltr' id='par_1_6' title="bbox 309 581 1825 654">
     <span class='ocr_line' id='line_1_6' title="bbox 309 581 1825 654; baseline 0.001 -18"><span class='ocrx_word' id='word_1_24' title='bbox 309 582 392 638; x_wconf 90' lang='grc'><strong>18.</strong></span> <span class='ocrx_word' id='word_1_25' title='bbox 435 581 626 638; x_wconf 86' lang='lat' dir='ltr'><strong>Nonne</strong></span> <span class='ocrx_word' id='word_1_26' title='bbox 651 582 828 639; x_wconf 84' lang='lat' dir='ltr'><strong>simile</strong></span> <span class='ocrx_word' id='word_1_27' title='bbox 877 583 1023 640; x_wconf 80' lang='lat' dir='ltr'><strong>istud</strong></span> <span class='ocrx_word' id='word_1_28' title='bbox 1072 591 1178 649; x_wconf 81' lang='lat' dir='ltr'><strong>est,</strong></span> <span class='ocrx_word' id='word_1_29' title='bbox 1223 590 1382 654; x_wconf 90' lang='lat' dir='ltr'><strong>atque</strong></span> <span class='ocrx_word' id='word_1_30' title='bbox 1433 581 1565 638; x_wconf 86' lang='lat' dir='ltr'><strong>illud</strong></span> <span class='ocrx_word' id='word_1_31' title='bbox 1591 582 1734 654; x_wconf 92' lang='lat' dir='ltr'><strong>quod</strong></span> <span class='ocrx_word' id='word_1_32' title='bbox 1773 583 1825 637; x_wconf 92' lang='lat' dir='ltr'><strong>iu</strong></span> 
     </span>
    </p>
   </div>
   <div class='ocr_carea' id='block_1_7' title="bbox 231 672 1827 745">
    <p class='ocr_par' dir='ltr' id='par_1_7' title="bbox 231 672 1827 745">
     <span class='ocr_line' id='line_1_7' title="bbox 231 672 1827 745; baseline 0.001 -18"><span class='ocrx_word' id='word_1_33' title='bbox 231 673 526 744; x_wconf 80' lang='lat' dir='ltr'><strong>Evangelio</strong></span> <span class='ocrx_word' id='word_1_34' title='bbox 553 673 832 745; x_wconf 83' lang='lat' dir='ltr'><strong>legimus?</strong></span> <span class='ocrx_word' id='word_1_35' title='bbox 879 672 1053 731; x_wconf 90' lang='lat' dir='ltr'><strong>Unius</strong></span> <span class='ocrx_word' id='word_1_36' title='bbox 1078 675 1224 730; x_wconf 88' lang='lat' dir='ltr'><strong>enim</strong></span> <span class='ocrx_word' id='word_1_37' title='bbox 1288 674 1585 744; x_wconf 84' lang='lat' dir='ltr'><strong>potentiam</strong></span> <span class='ocrx_word' id='word_1_38' title='bbox 1639 673 1827 729; x_wconf 83' lang='lat' dir='ltr'><strong>lauda-</strong></span> 
     </span>
    </p>
   </div>
   <div class='ocr_carea' id='block_1_8' title="bbox 228 764 1825 836">
    <p class='ocr_par' dir='ltr' id='par_1_8' title="bbox 228 764 1825 836">
     <span class='ocr_line' id='line_1_8' title="bbox 228 764 1825 836; baseline -0.001 -16"><span class='ocrx_word' id='word_1_39' title='bbox 228 778 351 820; x_wconf 82' lang='lat' dir='ltr'><strong>nius</strong></span> <span class='ocrx_word' id='word_1_40' title='bbox 374 764 653 820; x_wconf 80' lang='lat' dir='ltr'><strong>auctoris:</strong></span> <span class='ocrx_word' id='word_1_41' title='bbox 684 779 784 820; x_wconf 92' lang='lat' dir='ltr'><strong>nec</strong></span> <span class='ocrx_word' id='word_1_42' title='bbox 832 765 1062 822; x_wconf 90' lang='lat' dir='ltr'><strong>interest</strong></span> <span class='ocrx_word' id='word_1_43' title='bbox 1107 774 1289 820; x_wconf 90' lang='lat' dir='ltr'><strong>utrum</strong></span> <span class='ocrx_word' id='word_1_44' title='bbox 1313 779 1452 836; x_wconf 90' lang='lat' dir='ltr'><strong>opus</strong></span> <span class='ocrx_word' id='word_1_45' title='bbox 1489 764 1584 831; x_wconf 88' lang='lat' dir='ltr'><strong>sit,</strong></span> <span class='ocrx_word' id='word_1_46' title='bbox 1611 779 1681 820; x_wconf 90' lang='lat' dir='ltr'><strong>an</strong></span> <span class='ocrx_word' id='word_1_47' title='bbox 1708 780 1825 819; x_wconf 92' lang='lat' dir='ltr'><strong>mu-</strong></span> 
     </span>
    </p>
   </div>
   <div class='ocr_carea' id='block_1_9' title="bbox 230 859 1823 930">
    <p class='ocr_par' dir='ltr' id='par_1_9' title="bbox 230 859 1823 930">
     <span class='ocr_line' id='line_1_9' title="bbox 230 859 1823 930; baseline -0.001 -15"><span class='ocrx_word' id='word_1_48' title='bbox 230 875 365 926; x_wconf 91' lang='lat' dir='ltr'><strong>nus;</strong></span> <span class='ocrx_word' id='word_1_49' title='bbox 392 874 514 916; x_wconf 91' lang='lat' dir='ltr'><strong>cum</strong></span> <span class='ocrx_word' id='word_1_50' title='bbox 536 869 592 916; x_wconf 91' lang='lat' dir='ltr'><strong>et</strong></span> <span class='ocrx_word' id='word_1_51' title='bbox 617 868 932 915; x_wconf 81' lang='lat' dir='ltr'><strong>muneretur</strong></span> <span class='ocrx_word' id='word_1_52' title='bbox 956 859 1010 915; x_wconf 87' lang='lat' dir='ltr'><strong>in</strong></span> <span class='ocrx_word' id='word_1_53' title='bbox 1038 873 1229 930; x_wconf 91' lang='lat' dir='ltr'><strong>opere,</strong></span> <span class='ocrx_word' id='word_1_54' title='bbox 1257 867 1311 916; x_wconf 91' lang='lat' dir='ltr'><strong>et</strong></span> <span class='ocrx_word' id='word_1_55' title='bbox 1338 867 1598 929; x_wconf 87' lang='lat' dir='ltr'><strong>operetur</strong></span> <span class='ocrx_word' id='word_1_56' title='bbox 1619 859 1674 915; x_wconf 92' lang='lat' dir='ltr'><strong>in</strong></span> <span class='ocrx_word' id='word_1_57' title='bbox 1703 874 1823 914; x_wconf 88' lang='lat' dir='ltr'><strong>mu-</strong></span> 
     </span>
    </p>
   </div>
   <div class='ocr_carea' id='block_1_10' title="bbox 230 950 1824 1020">
    <p class='ocr_par' dir='ltr' id='par_1_10' title="bbox 230 950 1824 1020">
     <span class='ocr_line' id='line_1_10' title="bbox 230 950 1824 1020; baseline -0.001 -12"><span class='ocrx_word' id='word_1_58' title='bbox 230 967 380 1008; x_wconf 88' lang='lat' dir='ltr'><strong>nere.</strong></span> <span class='ocrx_word' id='word_1_59' title='bbox 417 950 571 1020; x_wconf 85' lang='lat' dir='ltr'><strong>Quod</strong></span> <span class='ocrx_word' id='word_1_60' title='bbox 591 951 738 1008; x_wconf 91' lang='lat' dir='ltr'><strong>enim</strong></span> <span class='ocrx_word' id='word_1_61' title='bbox 762 951 884 1007; x_wconf 88' lang='lat' dir='ltr'><strong>aliis</strong></span> <span class='ocrx_word' id='word_1_62' title='bbox 914 951 1221 1007; x_wconf 87' lang='lat' dir='ltr'><strong>faciendum</strong></span> <span class='ocrx_word' id='word_1_63' title='bbox 1269 951 1590 1020; x_wconf 88' lang='lat' dir='ltr'><strong>donaverit,</strong></span> <span class='ocrx_word' id='word_1_64' title='bbox 1637 951 1743 1006; x_wconf 91' lang='lat' dir='ltr'><strong>hoc</strong></span> <span class='ocrx_word' id='word_1_65' title='bbox 1770 951 1824 1007; x_wconf 91' lang='lat' dir='ltr'><strong>in</strong></span> 
     </span>
    </p>
   </div>
   <div class='ocr_carea' id='block_1_11' title="bbox 228 1045 1828 1118">
    <p class='ocr_par' dir='ltr' id='par_1_11' title="bbox 228 1045 1828 1118">
     <span class='ocr_line' id='line_1_11' title="bbox 228 1045 1828 1118; baseline 0.001 -18"><span class='ocrx_word' id='word_1_66' title='bbox 228 1045 458 1101; x_wconf 88' lang='lat' dir='ltr'><strong>aliorum</strong></span> <span class='ocrx_word' id='word_1_67' title='bbox 505 1060 671 1116; x_wconf 90' lang='lat' dir='ltr'><strong>opere</strong></span> <span class='ocrx_word' id='word_1_68' title='bbox 713 1061 912 1103; x_wconf 84' lang='lat' dir='ltr'><strong>nomen</strong></span> <span class='ocrx_word' id='word_1_69' title='bbox 944 1046 1064 1117; x_wconf 87' lang='lat' dir='ltr'><strong>ejus</strong></span> <span class='ocrx_word' id='word_1_70' title='bbox 1102 1057 1380 1118; x_wconf 91' lang='lat' dir='ltr'><strong>operatur.</strong></span> <span class='ocrx_word' id='word_1_71' title='bbox 1416 1047 1668 1118; x_wconf 76' lang='lat' dir='ltr'><strong>Legimus</strong></span> <span class='ocrx_word' id='word_1_72' title='bbox 1697 1061 1828 1118; x_wconf 86' lang='lat' dir='ltr'><strong>ergo</strong></span> 
     </span>
    </p>
   </div>
   <div class='ocr_carea' id='block_1_12' title="bbox 228 1137 1830 1210">
    <p class='ocr_par' dir='ltr' id='par_1_12' title="bbox 228 1137 1830 1210">
     <span class='ocr_line' id='line_1_12' title="bbox 228 1137 1830 1210; baseline 0.002 -18"><span class='ocrx_word' id='word_1_73' title='bbox 228 1138 280 1192; x_wconf 87' lang='lat' dir='ltr'><strong>iit</strong></span> <span class='ocrx_word' id='word_1_74' title='bbox 310 1137 606 1210; x_wconf 85' lang='lat' dir='ltr'><strong>Evangelio</strong></span> <span class='ocrx_word' id='word_1_75' title='bbox 627 1138 868 1204; x_wconf 71' lang='lat' dir='ltr'><strong>Judmos,</strong></span> <span class='ocrx_word' id='word_1_76' title='bbox 897 1154 1021 1195; x_wconf 89' lang='lat' dir='ltr'><strong>cum</strong></span> <span class='ocrx_word' id='word_1_77' title='bbox 1052 1139 1301 1196; x_wconf 81' lang='lat' dir='ltr'><strong>viderent</strong></span> <span class='ocrx_word' id='word_1_78' title='bbox 1349 1141 1404 1196; x_wconf 92' lang='lat' dir='ltr'><strong>in</strong></span> <span class='ocrx_word' id='word_1_79' title='bbox 1432 1140 1527 1196; x_wconf 92' lang='lat' dir='ltr'><strong>illo</strong></span> <span class='ocrx_word' id='word_1_80' title='bbox 1569 1155 1718 1197; x_wconf 68' lang='lat' dir='ltr'><strong>caeco</strong></span> <span class='ocrx_word' id='word_1_81' title='bbox 1745 1154 1830 1195; x_wconf 87' lang='lat' dir='ltr'><strong>sa-</strong></span> 
     </span>
    </p>
   </div>
   <div class='ocr_carea' id='block_1_13' title="bbox 230 1233 1824 1305">
    <p class='ocr_par' dir='ltr' id='par_1_13' title="bbox 230 1233 1824 1305">
     <span class='ocr_line' id='line_1_13' title="bbox 230 1233 1824 1305; baseline 0 -17"><span class='ocrx_word' id='word_1_82' title='bbox 230 1233 416 1288; x_wconf 88' lang='lat' dir='ltr'><strong>nitatis</strong></span> <span class='ocrx_word' id='word_1_83' title='bbox 445 1234 766 1302; x_wconf 88' lang='lat' dir='ltr'><strong>remedium,</strong></span> <span class='ocrx_word' id='word_1_84' title='bbox 794 1235 1091 1305; x_wconf 88' lang='lat' dir='ltr'><strong>requisisse</strong></span> <span class='ocrx_word' id='word_1_85' title='bbox 1119 1243 1405 1305; x_wconf 88' lang='lat' dir='ltr'><strong>parentum</strong></span> <span class='ocrx_word' id='word_1_86' title='bbox 1432 1234 1824 1290; x_wconf 89' lang='lat' dir='ltr'><strong>testimonium.</strong></span> 
     </span>
    </p>
   </div>
   <div class='ocr_carea' id='block_1_14' title="bbox 226 1324 1826 1397">
    <p class='ocr_par' dir='ltr' id='par_1_14' title="bbox 226 1324 1826 1397">
     <span class='ocr_line' id='line_1_14' title="bbox 226 1324 1826 1397; baseline -0.001 -13"><span class='ocrx_word' id='word_1_87' title='bbox 226 1324 632 1397; x_wconf 87' lang='lat' dir='ltr'><strong>lnterrogabant</strong></span> <span class='ocrx_word' id='word_1_88' title='bbox 673 1327 1004 1397; x_wconf 86' lang='lat' dir='ltr'><strong>:Quomodo</strong></span> <span class='ocrx_word' id='word_1_89' title='bbox 1052 1328 1196 1384; x_wconf 83' lang='lat' dir='ltr'><strong>videt</strong></span> <span class='ocrx_word' id='word_1_90' title='bbox 1243 1328 1384 1384; x_wconf 85' lang='lat' dir='ltr'><strong>ﬁlius</strong></span> <span class='ocrx_word' id='word_1_91' title='bbox 1411 1329 1640 1384; x_wconf 85' lang='lat' dir='ltr'><strong>vester?</strong></span> <span class='ocrx_word' id='word_1_92' title='bbox 1691 1329 1826 1384; x_wconf 89' lang='lat' dir='ltr'><strong>Cum</strong></span> 
     </span>
    </p>
   </div>
   <div class='ocr_carea' id='block_1_15' title="bbox 229 1417 1828 1491">
    <p class='ocr_par' dir='ltr' id='par_1_15' title="bbox 229 1417 1828 1491">
     <span class='ocr_line' id='line_1_15' title="bbox 229 1417 1828 1491; baseline 0.001 -18"><span class='ocrx_word' id='word_1_93' title='bbox 229 1417 322 1473; x_wconf 91' lang='lat' dir='ltr'><strong>ille</strong></span> <span class='ocrx_word' id='word_1_94' title='bbox 351 1417 554 1474; x_wconf 87' lang='lat' dir='ltr'><strong>diceret</strong></span> <span class='ocrx_word' id='word_1_95' title='bbox 579 1435 593 1472; x_wconf 93' lang='lat'><strong>:</strong></span> <span class='ocrx_word' id='word_1_96' title='bbox 627 1418 806 1474; x_wconf 67' lang='lat' dir='ltr'><strong>Cacus</strong></span> <span class='ocrx_word' id='word_1_97' title='bbox 833 1436 950 1474; x_wconf 87' lang='lat' dir='ltr'><strong>cum</strong></span> <span class='ocrx_word' id='word_1_98' title='bbox 981 1437 1162 1488; x_wconf 83' lang='lat' dir='ltr'><strong>essem,</strong></span> <span class='ocrx_word' id='word_1_99' title='bbox 1191 1421 1344 1475; x_wconf 90' lang='lat' dir='ltr'><strong>modo</strong></span> <span class='ocrx_word' id='word_1_100' title='bbox 1374 1421 1521 1476; x_wconf 75' lang='lat' dir='ltr'><strong>video</strong></span> <span class='ocrx_word' id='word_1_101' title='bbox 1551 1419 1744 1491; x_wconf 78' lang='lat' dir='ltr'><strong>(Joau.</strong></span> <span class='ocrx_word' id='word_1_102' title='bbox 1770 1435 1828 1486; x_wconf 88' lang='lat' dir='ltr'><strong>v,</strong></span> 
     </span>
    </p>
   </div>
   <div class='ocr_carea' id='block_1_16' title="bbox 229 1508 1824 1578">
    <p class='ocr_par' dir='ltr' id='par_1_16' title="bbox 229 1508 1824 1578">
     <span class='ocr_line' id='line_1_16' title="bbox 229 1508 1824 1578; baseline 0.001 -15"><span class='ocrx_word' id='word_1_103' title='bbox 229 1509 298 1564; x_wconf 77' lang='grc'>55</span> <span class='ocrx_word' id='word_1_104' title='bbox 319 1510 359 1577; x_wconf 93' lang='grc'><strong>).</strong></span> <span class='ocrx_word' id='word_1_105' title='bbox 391 1508 505 1565; x_wconf 88' lang='lat' dir='ltr'><strong>lloe</strong></span> <span class='ocrx_word' id='word_1_106' title='bbox 527 1519 583 1565; x_wconf 92' lang='lat' dir='ltr'><strong>et</strong></span> <span class='ocrx_word' id='word_1_107' title='bbox 611 1509 714 1566; x_wconf 91' lang='lat' dir='ltr'><strong>iste</strong></span> <span class='ocrx_word' id='word_1_108' title='bbox 743 1510 878 1566; x_wconf 92' lang='lat' dir='ltr'><strong>dicit</strong></span> <span class='ocrx_word' id='word_1_109' title='bbox 903 1529 918 1566; x_wconf 92' lang='lat'><strong>:</strong></span> <span class='ocrx_word' id='word_1_110' title='bbox 958 1509 1150 1568; x_wconf 82' lang='lat' dir='ltr'><strong>Caecus</strong></span> <span class='ocrx_word' id='word_1_111' title='bbox 1179 1511 1280 1578; x_wconf 88' lang='lat' dir='ltr'><strong>fui,</strong></span> <span class='ocrx_word' id='word_1_112' title='bbox 1306 1521 1360 1566; x_wconf 92' lang='lat' dir='ltr'><strong>et</strong></span> <span class='ocrx_word' id='word_1_113' title='bbox 1410 1511 1574 1567; x_wconf 91' lang='lat' dir='ltr'><strong>modo</strong></span> <span class='ocrx_word' id='word_1_114' title='bbox 1626 1511 1784 1567; x_wconf 90' lang='lat' dir='ltr'><strong>video</strong></span> <span class='ocrx_word' id='word_1_115' title='bbox 1811 1529 1824 1565; x_wconf 93' lang='lat'><strong>:</strong></span> 
     </span>
    </p>
   </div>
   <div class='ocr_carea' id='block_1_17' title="bbox 229 1601 1830 1678">
    <p class='ocr_par' dir='ltr' id='par_1_17' title="bbox 229 1601 1830 1678">
     <span class='ocr_line' id='line_1_17' title="bbox 229 1601 1830 1678; baseline 0.003 -21"><span class='ocrx_word' id='word_1_116' title='bbox 229 1601 566 1674; x_wconf 89' lang='lat' dir='ltr'><strong>lntcrrogate</strong></span> <span class='ocrx_word' id='word_1_117' title='bbox 593 1601 754 1670; x_wconf 77' lang='lat' dir='ltr'><strong>aiios,</strong></span> <span class='ocrx_word' id='word_1_118' title='bbox 787 1604 832 1659; x_wconf 91' lang='lat' dir='ltr'><strong>si</strong></span> <span class='ocrx_word' id='word_1_119' title='bbox 858 1604 991 1660; x_wconf 90' lang='lat' dir='ltr'><strong>mihi</strong></span> <span class='ocrx_word' id='word_1_120' title='bbox 1019 1620 1125 1661; x_wconf 93' lang='lat' dir='ltr'><strong>non</strong></span> <span class='ocrx_word' id='word_1_121' title='bbox 1176 1605 1445 1672; x_wconf 88' lang='lat' dir='ltr'><strong>creditis;</strong></span> <span class='ocrx_word' id='word_1_122' title='bbox 1496 1605 1830 1678; x_wconf 74' lang='lat' dir='ltr'><strong>interrogate</strong></span> 
     </span>
    </p>
   </div>
   <div class='ocr_carea' id='block_1_18' title="bbox 1926 487 3526 559">
    <p class='ocr_par' dir='ltr' id='par_1_18' title="bbox 1926 487 3526 559">
     <span class='ocr_line' id='line_1_18' title="bbox 1926 487 3526 559; baseline 0.001 -16"><span class='ocrx_word' id='word_1_123' title='bbox 1926 487 2082 544; x_wconf 88' lang='lat' dir='ltr'><strong>Cedit</strong></span> <span class='ocrx_word' id='word_1_124' title='bbox 2104 487 2352 543; x_wconf 84' lang='lat' dir='ltr'><strong>diabolus</strong></span> <span class='ocrx_word' id='word_1_125' title='bbox 2376 487 2566 559; x_wconf 89' lang='lat' dir='ltr'><strong>plagis,</strong></span> <span class='ocrx_word' id='word_1_126' title='bbox 2596 495 2652 544; x_wconf 91' lang='lat' dir='ltr'><strong>et</strong></span> <span class='ocrx_word' id='word_1_127' title='bbox 2672 487 2849 543; x_wconf 89' lang='lat' dir='ltr'><strong>adhuc</strong></span> <span class='ocrx_word' id='word_1_128' title='bbox 2877 487 3074 543; x_wconf 87' lang='lat' dir='ltr'><strong>cedere</strong></span> <span class='ocrx_word' id='word_1_129' title='bbox 3090 487 3344 543; x_wconf 88' lang='lat' dir='ltr'><strong>nesciunt</strong></span> <span class='ocrx_word' id='word_1_130' title='bbox 3375 489 3526 544; x_wconf 83' lang='lat' dir='ltr'><strong>Aria-</strong></span> 
     </span>
    </p>
   </div>
   <div class='ocr_carea' id='block_1_19' title="bbox 1927 580 3520 652">
    <p class='ocr_par' dir='ltr' id='par_1_19' title="bbox 1927 580 3520 652">
     <span class='ocr_line' id='line_1_19' title="bbox 1927 580 3520 652; baseline 0.001 -17"><span class='ocrx_word' id='word_1_131' title='bbox 1927 581 2001 635; x_wconf 91' lang='lat' dir='ltr'><strong>ni.</strong></span> <span class='ocrx_word' id='word_1_132' title='bbox 2028 581 2236 649; x_wconf 85' lang='lat' dir='ltr'><strong>Quanta</strong></span> <span class='ocrx_word' id='word_1_133' title='bbox 2267 581 2513 650; x_wconf 87' lang='lat' dir='ltr'><strong>perpessi</strong></span> <span class='ocrx_word' id='word_1_134' title='bbox 2542 589 2689 647; x_wconf 91' lang='lat' dir='ltr'><strong>sunt,</strong></span> <span class='ocrx_word' id='word_1_135' title='bbox 2714 588 2769 637; x_wconf 89' lang='lat' dir='ltr'><strong>et</strong></span> <span class='ocrx_word' id='word_1_136' title='bbox 2793 580 3251 652; x_wconf 84' lang='lat' dir='ltr'><strong>quemadmodum</strong></span> <span class='ocrx_word' id='word_1_137' title='bbox 3281 580 3520 647; x_wconf 84' lang='lat' dir='ltr'><strong>Pharao,</strong></span> 
     </span>
    </p>
   </div>
   <div class='ocr_carea' id='block_1_20' title="bbox 1927 670 3525 740">
    <p class='ocr_par' dir='ltr' id='par_1_20' title="bbox 1927 670 3525 740">
     <span class='ocr_line' id='line_1_20' title="bbox 1927 670 3525 740; baseline 0.003 -15"><span class='ocrx_word' id='word_1_138' title='bbox 1927 670 2084 725; x_wconf 89' lang='lat' dir='ltr'><strong>malis</strong></span> <span class='ocrx_word' id='word_1_139' title='bbox 2109 671 2222 726; x_wconf 89' lang='lat' dir='ltr'><strong>suis</strong></span> <span class='ocrx_word' id='word_1_140' title='bbox 2247 671 2608 727; x_wconf 88' lang='lat' dir='ltr'><strong>indurantur?</strong></span> <span class='ocrx_word' id='word_1_141' title='bbox 2630 671 2854 728; x_wconf 84' lang='lat' dir='ltr'><strong>Dicebat</strong></span> <span class='ocrx_word' id='word_1_142' title='bbox 2875 671 3151 736; x_wconf 89' lang='lat' dir='ltr'><strong>diabolus,</strong></span> <span class='ocrx_word' id='word_1_143' title='bbox 3181 681 3240 728; x_wconf 90' lang='lat' dir='ltr'><strong>ut</strong></span> <span class='ocrx_word' id='word_1_144' title='bbox 3260 673 3525 740; x_wconf 87' lang='lat' dir='ltr'><strong>scriptum</strong></span> 
     </span>
    </p>
   </div>
   <div class='ocr_carea' id='block_1_21' title="bbox 1927 764 3522 837">
    <p class='ocr_par' dir='ltr' id='par_1_21' title="bbox 1927 764 3522 837">
     <span class='ocr_line' id='line_1_21' title="bbox 1927 764 3522 837; baseline 0.001 -18"><span class='ocrx_word' id='word_1_145' title='bbox 1927 764 2155 835; x_wconf 78' lang='lat' dir='ltr'><strong>legimus</strong></span> <span class='ocrx_word' id='word_1_146' title='bbox 2182 782 2195 817; x_wconf 95' lang='lat'><strong>:</strong></span> <span class='ocrx_word' id='word_1_147' title='bbox 2229 764 2353 820; x_wconf 86' lang='lat' dir='ltr'><strong>Scio</strong></span> <span class='ocrx_word' id='word_1_148' title='bbox 2381 775 2431 820; x_wconf 86' lang='lat' dir='ltr'><strong>te</strong></span> <span class='ocrx_word' id='word_1_149' title='bbox 2449 765 2564 836; x_wconf 82' lang='lat' dir='ltr'><strong>quis</strong></span> <span class='ocrx_word' id='word_1_150' title='bbox 2596 766 2690 833; x_wconf 88' lang='lat' dir='ltr'><strong>sis,</strong></span> <span class='ocrx_word' id='word_1_151' title='bbox 2720 775 2774 820; x_wconf 90' lang='lat' dir='ltr'><strong>tu</strong></span> <span class='ocrx_word' id='word_1_152' title='bbox 2795 783 2847 821; x_wconf 84' lang='lat' dir='ltr'><strong>es</strong></span> <span class='ocrx_word' id='word_1_153' title='bbox 2874 765 3046 822; x_wconf 85' lang='lat' dir='ltr'><strong>Filius</strong></span> <span class='ocrx_word' id='word_1_154' title='bbox 3072 764 3171 821; x_wconf 77' lang='grc' dir='ltr'><strong>υιὶ</strong></span> <span class='ocrx_word' id='word_1_155' title='bbox 3199 767 3299 822; x_wconf 81' lang='grc' dir='ltr'><strong><em>υἱυὶ</em></strong></span> <span class='ocrx_word' id='word_1_156' title='bbox 3326 766 3522 837; x_wconf 78' lang='lat' dir='ltr'><strong>(Marc.</strong></span> 
     </span>
    </p>
   </div>
   <div class='ocr_carea' id='block_1_22' title="bbox 1927 856 3526 930">
    <p class='ocr_par' dir='ltr' id='par_1_22' title="bbox 1927 856 3526 930">
     <span class='ocr_line' id='line_1_22' title="bbox 1927 856 3526 930; baseline -0.001 -18"><span class='ocrx_word' id='word_1_157' title='bbox 1927 872 1974 922; x_wconf 87' lang='grc' dir='ltr'>ι,</span> <span class='ocrx_word' id='word_1_158' title='bbox 2007 856 2079 912; x_wconf 74' lang='grc'><strong>24</strong></span> <span class='ocrx_word' id='word_1_159' title='bbox 2112 856 2154 928; x_wconf 91' lang='grc'><strong>).</strong></span> <span class='ocrx_word' id='word_1_160' title='bbox 2207 856 2472 913; x_wconf 88' lang='lat' dir='ltr'><strong>Dicebant</strong></span> <span class='ocrx_word' id='word_1_161' title='bbox 2517 856 2726 913; x_wconf 73' lang='lat' dir='ltr'><strong>Judaei:</strong></span> <span class='ocrx_word' id='word_1_162' title='bbox 2763 857 3042 914; x_wconf 85' lang='lat' dir='ltr'><strong>Nescimus</strong></span> <span class='ocrx_word' id='word_1_163' title='bbox 3090 859 3207 929; x_wconf 87' lang='lat' dir='ltr'><strong>quis</strong></span> <span class='ocrx_word' id='word_1_164' title='bbox 3234 861 3300 914; x_wconf 88' lang='lat' dir='ltr'><strong>sit</strong></span> <span class='ocrx_word' id='word_1_165' title='bbox 3329 858 3526 930; x_wconf 81' lang='lat' dir='ltr'><strong>(Joan.</strong></span> 
     </span>
    </p>
   </div>
   <div class='ocr_carea' id='block_1_23' title="bbox 1927 949 3528 1023">
    <p class='ocr_par' dir='ltr' id='par_1_23' title="bbox 1927 949 3528 1023">
     <span class='ocr_line' id='line_1_23' title="bbox 1927 949 3528 1023; baseline 0.001 -17"><span class='ocrx_word' id='word_1_166' title='bbox 1927 965 2003 1018; x_wconf 74' lang='grc' dir='ltr'>ιι,</span> <span class='ocrx_word' id='word_1_167' title='bbox 2033 949 2105 1006; x_wconf 75' lang='grc'><strong>29</strong></span> <span class='ocrx_word' id='word_1_168' title='bbox 2131 950 2172 1021; x_wconf 90' lang='grc'><strong>).</strong></span> <span class='ocrx_word' id='word_1_169' title='bbox 2206 950 2470 1008; x_wconf 88' lang='lat' dir='ltr'><strong>Dicebant</strong></span> <span class='ocrx_word' id='word_1_170' title='bbox 2498 951 2660 1008; x_wconf 84' lang='lat' dir='ltr'><strong>hodie</strong></span> <span class='ocrx_word' id='word_1_171' title='bbox 2690 961 2746 1008; x_wconf 91' lang='lat' dir='ltr'><strong>et</strong></span> <span class='ocrx_word' id='word_1_172' title='bbox 2769 951 3053 1023; x_wconf 89' lang='lat' dir='ltr'><strong>superiore</strong></span> <span class='ocrx_word' id='word_1_173' title='bbox 3099 952 3188 1010; x_wconf 88' lang='lat' dir='ltr'><strong>die</strong></span> <span class='ocrx_word' id='word_1_174' title='bbox 3238 952 3322 1009; x_wconf 93' lang='lat' dir='ltr'><strong>vcl</strong></span> <span class='ocrx_word' id='word_1_175' title='bbox 3368 961 3528 1008; x_wconf 87' lang='lat' dir='ltr'><strong>nocte</strong></span> 
     </span>
    </p>
   </div>
   <div class='ocr_carea' id='block_1_24' title="bbox 1929 1041 3527 1116">
    <p class='ocr_par' dir='ltr' id='par_1_24' title="bbox 1929 1041 3527 1116">
     <span class='ocr_line' id='line_1_24' title="bbox 1929 1041 3527 1116; baseline 0 -18"><span class='ocrx_word' id='word_1_176' title='bbox 1929 1041 2204 1099; x_wconf 69' lang='lat' dir='ltr'><strong>daemones</strong></span> <span class='ocrx_word' id='word_1_177' title='bbox 2233 1059 2248 1097; x_wconf 95' lang='lat'><strong>:</strong></span> <span class='ocrx_word' id='word_1_178' title='bbox 2274 1042 2488 1099; x_wconf 90' lang='lat' dir='ltr'><strong>Scimus</strong></span> <span class='ocrx_word' id='word_1_179' title='bbox 2533 1043 2661 1114; x_wconf 87' lang='lat' dir='ltr'><strong>quia</strong></span> <span class='ocrx_word' id='word_1_180' title='bbox 2703 1051 2973 1116; x_wconf 86' lang='lat' dir='ltr'><strong>martyres</strong></span> <span class='ocrx_word' id='word_1_181' title='bbox 3013 1044 3164 1100; x_wconf 87' lang='lat' dir='ltr'><strong>estis.</strong></span> <span class='ocrx_word' id='word_1_182' title='bbox 3223 1043 3294 1098; x_wconf 84' lang='lat' dir='ltr'><strong>Et</strong></span> <span class='ocrx_word' id='word_1_183' title='bbox 3337 1043 3527 1100; x_wconf 82' lang='lat' dir='ltr'><strong>Ariani</strong></span> 
     </span>
    </p>
   </div>
   <div class='ocr_carea' id='block_1_25' title="bbox 1928 1135 3527 1211">
    <p class='ocr_par' dir='ltr' id='par_1_25' title="bbox 1928 1135 3527 1211">
     <span class='ocr_line' id='line_1_25' title="bbox 1928 1135 3527 1211; baseline 0.003 -20"><span class='ocrx_word' id='word_1_184' title='bbox 1928 1135 2159 1192; x_wconf 89' lang='lat' dir='ltr'><strong>dicunt:</strong></span> <span class='ocrx_word' id='word_1_185' title='bbox 2191 1135 2518 1202; x_wconf 87' lang='lat' dir='ltr'><strong>Nescimus,</strong></span> <span class='ocrx_word' id='word_1_186' title='bbox 2574 1139 2826 1194; x_wconf 89' lang='lat' dir='ltr'><strong>nolumus</strong></span> <span class='ocrx_word' id='word_1_187' title='bbox 2893 1138 3217 1211; x_wconf 76' lang='lat' dir='ltr'><strong>intelligere,</strong></span> <span class='ocrx_word' id='word_1_188' title='bbox 3272 1139 3527 1196; x_wconf 85' lang='lat' dir='ltr'><strong>nolumus</strong></span> 
     </span>
    </p>
   </div>
   <div class='ocr_carea' id='block_1_26' title="bbox 1929 1219 3529 1306">
    <p class='ocr_par' dir='ltr' id='par_1_26' title="bbox 1929 1219 3529 1306">
     <span class='ocr_line' id='line_1_26' title="bbox 1929 1219 3529 1306; baseline 0.003 -20"><span class='ocrx_word' id='word_1_189' title='bbox 1929 1229 2178 1287; x_wconf 88' lang='lat' dir='ltr'><strong>credere.</strong></span> <span class='ocrx_word' id='word_1_190' title='bbox 2207 1231 2406 1288; x_wconf 89' lang='lat' dir='ltr'><strong>Dicunt</strong></span> <span class='ocrx_word' id='word_1_191' title='bbox 2434 1233 2712 1289; x_wconf 68' lang='lat' dir='ltr'><strong>daemones</strong></span> <span class='ocrx_word' id='word_1_192' title='bbox 2737 1233 3066 1306; x_wconf 84' lang='lat' dir='ltr'><strong>martyribus</strong></span> <span class='ocrx_word' id='word_1_193' title='bbox 3097 1251 3110 1287; x_wconf 92' lang='lat'><strong>:</strong></span> <span class='ocrx_word' id='word_1_194' title='bbox 3147 1219 3381 1290; x_wconf 74' lang='lat' dir='ltr'><strong>venistis</strong></span> <span class='ocrx_word' id='word_1_195' title='bbox 3401 1248 3529 1304; x_wconf 88' lang='lat' dir='ltr'><strong>per-</strong></span> 
     </span>
    </p>
   </div>
   <div class='ocr_carea' id='block_1_27' title="bbox 1929 1322 3522 1391">
    <p class='ocr_par' dir='ltr' id='par_1_27' title="bbox 1929 1322 3522 1391">
     <span class='ocr_line' id='line_1_27' title="bbox 1929 1322 3522 1391; baseline 0.003 -13"><span class='ocrx_word' id='word_1_196' title='bbox 1929 1322 2061 1379; x_wconf 91' lang='lat' dir='ltr'><strong>dere</strong></span> <span class='ocrx_word' id='word_1_197' title='bbox 2091 1338 2222 1391; x_wconf 92' lang='lat' dir='ltr'><strong>nos;</strong></span> <span class='ocrx_word' id='word_1_198' title='bbox 2255 1325 2440 1380; x_wconf 83' lang='lat' dir='ltr'><strong>Ariani</strong></span> <span class='ocrx_word' id='word_1_199' title='bbox 2465 1325 2690 1382; x_wconf 91' lang='lat' dir='ltr'><strong>dicunt:</strong></span> <span class='ocrx_word' id='word_1_200' title='bbox 2720 1324 2842 1381; x_wconf 84' lang='lat' dir='ltr'><strong>Non</strong></span> <span class='ocrx_word' id='word_1_201' title='bbox 2873 1334 3000 1381; x_wconf 90' lang='lat' dir='ltr'><strong>sunt</strong></span> <span class='ocrx_word' id='word_1_202' title='bbox 3047 1325 3359 1381; x_wconf 68' lang='lat' dir='ltr'><strong>daemonum</strong></span> <span class='ocrx_word' id='word_1_203' title='bbox 3389 1340 3522 1382; x_wconf 87' lang='lat' dir='ltr'><strong>vera</strong></span> 
     </span>
    </p>
   </div>
   <div class='ocr_carea' id='block_1_28' title="bbox 1934 1418 3530 1490">
    <p class='ocr_par' dir='ltr' id='par_1_28' title="bbox 1934 1418 3530 1490">
     <span class='ocr_line' id='line_1_28' title="bbox 1934 1418 3530 1490; baseline 0.003 -18"><span class='ocrx_word' id='word_1_204' title='bbox 1934 1425 2244 1484; x_wconf 91' lang='lat' dir='ltr'><strong>tormenta,</strong></span> <span class='ocrx_word' id='word_1_205' title='bbox 2297 1432 2391 1474; x_wconf 91' lang='lat' dir='ltr'><strong>sec</strong></span> <span class='ocrx_word' id='word_1_206' title='bbox 2441 1419 2563 1474; x_wconf 89' lang='lat' dir='ltr'><strong>ﬁcta</strong></span> <span class='ocrx_word' id='word_1_207' title='bbox 2613 1430 2670 1476; x_wconf 92' lang='lat' dir='ltr'><strong>et</strong></span> <span class='ocrx_word' id='word_1_208' title='bbox 2697 1419 3000 1490; x_wconf 86' lang='lat' dir='ltr'><strong>composita</strong></span> <span class='ocrx_word' id='word_1_209' title='bbox 3028 1418 3285 1476; x_wconf 86' lang='lat' dir='ltr'><strong>ludibria.</strong></span> <span class='ocrx_word' id='word_1_210' title='bbox 3333 1418 3530 1476; x_wconf 83' lang='lat' dir='ltr'><strong>Audivi</strong></span> 
     </span>
    </p>
   </div>
   <div class='ocr_carea' id='block_1_29' title="bbox 1932 1510 3532 1586">
    <p class='ocr_par' dir='ltr' id='par_1_29' title="bbox 1932 1510 3532 1586">
     <span class='ocr_line' id='line_1_29' title="bbox 1932 1510 3532 1586; baseline 0.003 -21"><span class='ocrx_word' id='word_1_211' title='bbox 1932 1510 2100 1566; x_wconf 90' lang='lat' dir='ltr'><strong>multa</strong></span> <span class='ocrx_word' id='word_1_212' title='bbox 2128 1512 2408 1583; x_wconf 89' lang='lat' dir='ltr'><strong>componi,</strong></span> <span class='ocrx_word' id='word_1_213' title='bbox 2442 1513 2544 1569; x_wconf 87' lang='lat' dir='ltr'><strong>hoc</strong></span> <span class='ocrx_word' id='word_1_214' title='bbox 2571 1529 2730 1570; x_wconf 88' lang='lat' dir='ltr'><strong>nemo</strong></span> <span class='ocrx_word' id='word_1_215' title='bbox 2773 1529 3026 1586; x_wconf 89' lang='lat' dir='ltr'><strong>umquam</strong></span> <span class='ocrx_word' id='word_1_216' title='bbox 3079 1514 3284 1586; x_wconf 90' lang='lat' dir='ltr'><strong>ﬁngere</strong></span> <span class='ocrx_word' id='word_1_217' title='bbox 3313 1515 3491 1586; x_wconf 90' lang='lat' dir='ltr'><strong>potuit</strong></span> <span class='ocrx_word' id='word_1_218' title='bbox 3516 1555 3532 1580; x_wconf 92' lang='lat'><strong>,</strong></span> 
     </span>
    </p>
   </div>
   <div class='ocr_carea' id='block_1_30' title="bbox 1937 1603 3529 1678">
    <p class='ocr_par' dir='ltr' id='par_1_30' title="bbox 1937 1603 3529 1678">
     <span class='ocr_line' id='line_1_30' title="bbox 1937 1603 3529 1678; baseline 0.004 -21"><span class='ocrx_word' id='word_1_219' title='bbox 1937 1614 1960 1642; x_wconf 77' lang='grc' dir='ltr'><strong><em>ο</em></strong></span> <span class='ocrx_word' id='word_1_220' title='bbox 1985 1615 2043 1658; x_wconf 89' lang='grc' dir='ltr'><strong>ιιι</strong></span> <span class='ocrx_word' id='word_1_221' title='bbox 2069 1603 2372 1661; x_wconf 67' lang='lat' dir='ltr'><strong>daemonem</strong></span> <span class='ocrx_word' id='word_1_222' title='bbox 2399 1619 2461 1662; x_wconf 89' lang='lat' dir='ltr'><strong>se</strong></span> <span class='ocrx_word' id='word_1_223' title='bbox 2507 1620 2629 1662; x_wconf 89' lang='lat' dir='ltr'><strong>esse</strong></span> <span class='ocrx_word' id='word_1_224' title='bbox 2667 1607 2968 1664; x_wconf 90' lang='lat' dir='ltr'><strong>simularet.</strong></span> <span class='ocrx_word' id='word_1_225' title='bbox 3021 1606 3164 1676; x_wconf 84' lang='lat' dir='ltr'><strong>Quid</strong></span> <span class='ocrx_word' id='word_1_226' title='bbox 3195 1607 3360 1674; x_wconf 91' lang='lat' dir='ltr'><strong>illud,</strong></span> <span class='ocrx_word' id='word_1_227' title='bbox 3385 1607 3529 1678; x_wconf 90' lang='lat' dir='ltr'><strong>quod</strong></span> 
     </span>
    </p>
   </div>
   <div class='ocr_carea' id='block_1_31' title="bbox 231 1696 3528 1772">
    <p class='ocr_par' dir='ltr' id='par_1_31' title="bbox 231 1696 3528 1772">
     <span class='ocr_line' id='line_1_31' title="bbox 231 1696 3528 1772; baseline 0.002 -22"><span class='ocrx_word' id='word_1_228' title='bbox 231 1703 523 1752; x_wconf 88' lang='lat' dir='ltr'><strong>extraneos</strong></span> <span class='ocrx_word' id='word_1_229' title='bbox 548 1736 565 1763; x_wconf 94' lang='lat'><strong>,</strong></span> <span class='ocrx_word' id='word_1_230' title='bbox 622 1710 690 1751; x_wconf 93' lang='lat' dir='ltr'><strong>ne</strong></span> <span class='ocrx_word' id='word_1_231' title='bbox 713 1697 994 1767; x_wconf 88' lang='lat' dir='ltr'><strong>astipulari</strong></span> <span class='ocrx_word' id='word_1_232' title='bbox 1019 1697 1148 1752; x_wconf 91' lang='lat' dir='ltr'><strong>mihi</strong></span> <span class='ocrx_word' id='word_1_233' title='bbox 1178 1706 1433 1768; x_wconf 90' lang='lat' dir='ltr'><strong>parentes</strong></span> <span class='ocrx_word' id='word_1_234' title='bbox 1463 1697 1686 1768; x_wconf 88' lang='lat' dir='ltr'><strong>putetis.</strong></span> <span class='ocrx_word' id='word_1_235' title='bbox 1719 1698 1828 1754; x_wconf 89' lang='lat' dir='ltr'><strong>De-</strong></span> <span class='ocrx_word' id='word_1_236' title='bbox 1933 1696 2004 1752; x_wconf 91' lang='lat' dir='ltr'><strong>ita</strong></span> <span class='ocrx_word' id='word_1_237' title='bbox 2032 1699 2294 1770; x_wconf 87' lang='lat' dir='ltr'><strong>exagitari</strong></span> <span class='ocrx_word' id='word_1_238' title='bbox 2321 1714 2418 1756; x_wconf 91' lang='lat' dir='ltr'><strong>eos</strong></span> <span class='ocrx_word' id='word_1_239' title='bbox 2446 1700 2716 1768; x_wconf 90' lang='lat' dir='ltr'><strong>videntus,</strong></span> <span class='ocrx_word' id='word_1_240' title='bbox 2745 1700 2944 1772; x_wconf 90' lang='lat' dir='ltr'><strong>quibus</strong></span> <span class='ocrx_word' id='word_1_241' title='bbox 2970 1716 3163 1758; x_wconf 88' lang='lat' dir='ltr'><strong>manus</strong></span> <span class='ocrx_word' id='word_1_242' title='bbox 3193 1701 3528 1772; x_wconf 78' lang='lat' dir='ltr'><strong>imponitur?</strong></span> 
     </span>
    </p>
   </div>
   <div class='ocr_carea' id='block_1_32' title="bbox 230 1775 3458 1865">
    <p class='ocr_par' dir='ltr' id='par_1_32' title="bbox 230 1775 3458 1865">
     <span class='ocr_line' id='line_1_32' title="bbox 230 1775 3458 1865; baseline 0.002 -23"><span class='ocrx_word' id='word_1_243' title='bbox 230 1789 537 1845; x_wconf 90' lang='lat' dir='ltr'><strong>testabilior</strong></span> <span class='ocrx_word' id='word_1_244' title='bbox 563 1789 796 1845; x_wconf 90' lang='lat' dir='ltr'><strong>istorum</strong></span> <span class='ocrx_word' id='word_1_245' title='bbox 830 1806 992 1859; x_wconf 86' lang='lat' dir='ltr'><strong>quam</strong></span> <span class='ocrx_word' id='word_1_246' title='bbox 1033 1790 1344 1847; x_wconf 74' lang='lat' dir='ltr'><strong>Judmorum</strong></span> <span class='ocrx_word' id='word_1_247' title='bbox 1397 1791 1715 1863; x_wconf 84' lang='lat' dir='ltr'><strong>pertinacia.</strong></span> <span class='ocrx_word' id='word_1_248' title='bbox 1749 1791 1833 1848; x_wconf 85' lang='lat' dir='ltr'><strong>Illi</strong></span> <span class='ocrx_word' id='word_1_249' title='bbox 1862 1775 1910 1838; x_wconf 74' lang='grc' dir='ltr'><strong>Β</strong></span> <span class='ocrx_word' id='word_1_250' title='bbox 1939 1787 2041 1845; x_wconf 88' lang='lat' dir='ltr'><strong>Ubi</strong></span> <span class='ocrx_word' id='word_1_251' title='bbox 2073 1789 2160 1845; x_wconf 93' lang='lat' dir='ltr'><strong>hic</strong></span> <span class='ocrx_word' id='word_1_252' title='bbox 2191 1790 2341 1847; x_wconf 92' lang='lat' dir='ltr'><strong>locus</strong></span> <span class='ocrx_word' id='word_1_253' title='bbox 2367 1792 2537 1848; x_wconf 80' lang='lat' dir='ltr'><strong>fraudi</strong></span> <span class='ocrx_word' id='word_1_254' title='bbox 2559 1792 2688 1849; x_wconf 89' lang='lat' dir='ltr'><strong>est?</strong></span> <span class='ocrx_word' id='word_1_255' title='bbox 2725 1792 2815 1848; x_wconf 92' lang='lat' dir='ltr'><strong>ubi</strong></span> <span class='ocrx_word' id='word_1_256' title='bbox 2848 1795 3089 1865; x_wconf 89' lang='lat' dir='ltr'><strong>suspicio</strong></span> <span class='ocrx_word' id='word_1_257' title='bbox 3116 1794 3404 1850; x_wconf 90' lang='lat' dir='ltr'><strong>simulandi</strong></span> <span class='ocrx_word' id='word_1_258' title='bbox 3434 1795 3458 1847; x_wconf 85' lang='lat'><strong>?</strong></span> 
     </span>
    </p>
   </div>
   <div class='ocr_carea' id='block_1_33' title="bbox 226 1880 1834 1956">
    <p class='ocr_par' dir='ltr' id='par_1_33' title="bbox 226 1880 1834 1956">
     <span class='ocr_line' id='line_1_33' title="bbox 226 1880 1834 1956; baseline 0.003 -20"><span class='ocrx_word' id='word_1_259' title='bbox 226 1897 350 1936; x_wconf 91' lang='lat' dir='ltr'><strong>cum</strong></span> <span class='ocrx_word' id='word_1_260' title='bbox 381 1880 718 1945; x_wconf 83' lang='lat' dir='ltr'><strong>dubitarent,</strong></span> <span class='ocrx_word' id='word_1_261' title='bbox 753 1882 837 1939; x_wconf 87' lang='lat' dir='ltr'><strong>vel</strong></span> <span class='ocrx_word' id='word_1_262' title='bbox 867 1891 1118 1954; x_wconf 86' lang='lat' dir='ltr'><strong>parentes</strong></span> <span class='ocrx_word' id='word_1_263' title='bbox 1147 1883 1598 1956; x_wconf 89' lang='lat' dir='ltr'><strong>interrogabant:</strong></span> <span class='ocrx_word' id='word_1_264' title='bbox 1624 1885 1712 1940; x_wconf 87' lang='lat' dir='ltr'><strong>isti</strong></span> <span class='ocrx_word' id='word_1_265' title='bbox 1739 1899 1834 1941; x_wconf 93' lang='lat' dir='ltr'><strong>oc-</strong></span> 
     </span>
    </p>
   </div>
   <div class='ocr_carea' id='block_1_34' title="bbox 225 1975 1834 2051">
    <p class='ocr_par' dir='ltr' id='par_1_34' title="bbox 225 1975 1834 2051">
     <span class='ocr_line' id='line_1_34' title="bbox 225 1975 1834 2051; baseline 0.005 -23"><span class='ocrx_word' id='word_1_266' title='bbox 225 1975 375 2030; x_wconf 89' lang='lat' dir='ltr'><strong>culte</strong></span> <span class='ocrx_word' id='word_1_267' title='bbox 415 1977 773 2048; x_wconf 85' lang='lat' dir='ltr'><strong>interrogant,</strong></span> <span class='ocrx_word' id='word_1_268' title='bbox 801 1977 983 2048; x_wconf 89' lang='lat' dir='ltr'><strong>palam</strong></span> <span class='ocrx_word' id='word_1_269' title='bbox 1011 1987 1248 2049; x_wconf 88' lang='lat' dir='ltr'><strong>negant;</strong></span> <span class='ocrx_word' id='word_1_270' title='bbox 1275 1978 1386 2050; x_wconf 89' lang='lat' dir='ltr'><strong>jam</strong></span> <span class='ocrx_word' id='word_1_271' title='bbox 1412 1994 1520 2034; x_wconf 90' lang='lat' dir='ltr'><strong>non</strong></span> <span class='ocrx_word' id='word_1_272' title='bbox 1571 1979 1724 2051; x_wconf 88' lang='lat' dir='ltr'><strong>operi</strong></span> <span class='ocrx_word' id='word_1_273' title='bbox 1752 1979 1834 2036; x_wconf 91' lang='lat' dir='ltr'><strong>in-</strong></span> 
     </span>
    </p>
   </div>
   <div class='ocr_carea' id='block_1_35' title="bbox 227 2067 883 2132">
    <p class='ocr_par' dir='ltr' id='par_1_35' title="bbox 227 2067 883 2132">
     <span class='ocr_line' id='line_1_35' title="bbox 227 2067 883 2132; baseline 0.008 -11"><span class='ocrx_word' id='word_1_274' title='bbox 227 2067 459 2132; x_wconf 85' lang='lat' dir='ltr'><strong>creduli,</strong></span> <span class='ocrx_word' id='word_1_275' title='bbox 487 2068 584 2124; x_wconf 92' lang='lat' dir='ltr'><strong>sed</strong></span> <span class='ocrx_word' id='word_1_276' title='bbox 618 2069 856 2126; x_wconf 91' lang='lat' dir='ltr'><strong>auctori.</strong></span> <span class='ocrx_word' id='word_1_277' title='bbox 878 2083 883 2087; x_wconf 85' lang='lat'><strong><em>&#39;</em></strong></span> 
     </span>
    </p>
   </div>
   <div class='ocr_carea' id='block_1_36' title="bbox 300 2162 1834 2238">
    <p class='ocr_par' dir='ltr' id='par_1_36' title="bbox 300 2162 1834 2238">
     <span class='ocr_line' id='line_1_36' title="bbox 300 2162 1834 2238; baseline 0.006 -22"><span class='ocrx_word' id='word_1_278' title='bbox 300 2162 369 2219; x_wconf 87' lang='grc'><strong>19</strong></span> <span class='ocrx_word' id='word_1_279' title='bbox 389 2171 439 2216; x_wconf 85' lang='lat' dir='ltr'><strong>et</strong></span> <span class='ocrx_word' id='word_1_280' title='bbox 464 2163 556 2218; x_wconf 75' lang='lat'><strong>20.</strong></span> <span class='ocrx_word' id='word_1_281' title='bbox 571 2162 678 2219; x_wconf 91' lang='lat' dir='ltr'><strong>Sed</strong></span> <span class='ocrx_word' id='word_1_282' title='bbox 693 2179 879 2234; x_wconf 63' lang='lat' dir='ltr'><strong>quaero</strong></span> <span class='ocrx_word' id='word_1_283' title='bbox 900 2166 1026 2238; x_wconf 93' lang='lat' dir='ltr'><strong>quid</strong></span> <span class='ocrx_word' id='word_1_284' title='bbox 1047 2182 1154 2222; x_wconf 94' lang='lat' dir='ltr'><strong>non</strong></span> <span class='ocrx_word' id='word_1_285' title='bbox 1169 2167 1418 2237; x_wconf 84' lang='lat' dir='ltr'><strong>credant,</strong></span> <span class='ocrx_word' id='word_1_286' title='bbox 1440 2179 1619 2224; x_wconf 91' lang='lat' dir='ltr'><strong>utrum</strong></span> <span class='ocrx_word' id='word_1_287' title='bbox 1634 2185 1665 2225; x_wconf 91' lang='lat' dir='ltr'><strong>a</strong></span> <span class='ocrx_word' id='word_1_288' title='bbox 1693 2184 1834 2225; x_wconf 89' lang='lat' dir='ltr'><strong>mar-</strong></span> 
     </span>
    </p>
   </div>
   <div class='ocr_carea' id='block_1_37' title="bbox 230 2254 1832 2327">
    <p class='ocr_par' dir='ltr' id='par_1_37' title="bbox 230 2254 1832 2327">
     <span class='ocr_line' id='line_1_37' title="bbox 230 2254 1832 2327; baseline 0.006 -19"><span class='ocrx_word' id='word_1_289' title='bbox 230 2254 440 2326; x_wconf 82' lang='lat' dir='ltr'><strong>tyribus</strong></span> <span class='ocrx_word' id='word_1_290' title='bbox 481 2255 693 2324; x_wconf 88' lang='lat' dir='ltr'><strong>possint</strong></span> <span class='ocrx_word' id='word_1_291' title='bbox 717 2256 882 2327; x_wconf 90' lang='lat' dir='ltr'><strong>aliqui</strong></span> <span class='ocrx_word' id='word_1_292' title='bbox 933 2259 1143 2314; x_wconf 89' lang='lat' dir='ltr'><strong>visitari</strong></span> <span class='ocrx_word' id='word_1_293' title='bbox 1165 2259 1190 2313; x_wconf 89' lang='lat'><strong>?</strong></span> <span class='ocrx_word' id='word_1_294' title='bbox 1215 2260 1330 2316; x_wconf 83' lang='lat' dir='ltr'><strong>lloc</strong></span> <span class='ocrx_word' id='word_1_295' title='bbox 1359 2269 1446 2316; x_wconf 89' lang='lat' dir='ltr'><strong>est</strong></span> <span class='ocrx_word' id='word_1_296' title='bbox 1476 2258 1698 2317; x_wconf 84' lang='lat' dir='ltr'><strong>Christo</strong></span> <span class='ocrx_word' id='word_1_297' title='bbox 1725 2277 1832 2318; x_wconf 92' lang='lat' dir='ltr'><strong>non</strong></span> 
     </span>
    </p>
   </div>
   <div class='ocr_carea' id='block_1_38' title="bbox 227 2347 1836 2423">
    <p class='ocr_par' dir='ltr' id='par_1_38' title="bbox 227 2347 1836 2423">
     <span class='ocr_line' id='line_1_38' title="bbox 227 2347 1836 2423; baseline 0.006 -22"><span class='ocrx_word' id='word_1_298' title='bbox 227 2347 483 2414; x_wconf 84' lang='lat' dir='ltr'><strong>credere;</strong></span> <span class='ocrx_word' id='word_1_299' title='bbox 539 2347 659 2418; x_wconf 89' lang='lat' dir='ltr'><strong>ipse</strong></span> <span class='ocrx_word' id='word_1_300' title='bbox 704 2349 850 2404; x_wconf 90' lang='lat' dir='ltr'><strong>enim</strong></span> <span class='ocrx_word' id='word_1_301' title='bbox 897 2350 1069 2406; x_wconf 80' lang='lat' dir='ltr'><strong>dixit:</strong></span> <span class='ocrx_word' id='word_1_302' title='bbox 1106 2351 1174 2407; x_wconf 86' lang='lat' dir='ltr'><strong>Et</strong></span> <span class='ocrx_word' id='word_1_303' title='bbox 1226 2352 1430 2423; x_wconf 90' lang='lat' dir='ltr'><strong>majora</strong></span> <span class='ocrx_word' id='word_1_304' title='bbox 1489 2352 1572 2409; x_wconf 90' lang='lat' dir='ltr'><strong>his</strong></span> <span class='ocrx_word' id='word_1_305' title='bbox 1621 2353 1836 2410; x_wconf 88' lang='lat' dir='ltr'><strong>facietis</strong></span> 
     </span>
    </p>
   </div>
   <div class='ocr_carea' id='block_1_39' title="bbox 232 2439 1834 2519">
    <p class='ocr_par' dir='ltr' id='par_1_39' title="bbox 232 2439 1834 2519">
     <span class='ocr_line' id='line_1_39' title="bbox 232 2439 1834 2519; baseline 0.006 -24"><span class='ocrx_word' id='word_1_306' title='bbox 232 2439 436 2513; x_wconf 85' lang='lat' dir='ltr'><strong>(Joan.</strong></span> <span class='ocrx_word' id='word_1_307' title='bbox 469 2457 584 2511; x_wconf 76' lang='lat' dir='ltr'><strong>xw,</strong></span> <span class='ocrx_word' id='word_1_308' title='bbox 641 2441 770 2514; x_wconf 71' lang='lat'><strong>12).</strong></span> <span class='ocrx_word' id='word_1_309' title='bbox 818 2444 901 2499; x_wconf 87' lang='lat' dir='ltr'><strong>An</strong></span> <span class='ocrx_word' id='word_1_310' title='bbox 943 2445 1012 2501; x_wconf 89' lang='lat' dir='ltr'><strong>ab</strong></span> <span class='ocrx_word' id='word_1_311' title='bbox 1055 2445 1177 2502; x_wconf 90' lang='lat' dir='ltr'><strong>istis</strong></span> <span class='ocrx_word' id='word_1_312' title='bbox 1221 2446 1574 2519; x_wconf 88' lang='lat' dir='ltr'><strong>martyribus,</strong></span> <span class='ocrx_word' id='word_1_313' title='bbox 1599 2463 1834 2519; x_wconf 88' lang='lat' dir='ltr'><strong>quorum</strong></span> 
     </span>
    </p>
   </div>
   <div class='ocr_carea' id='block_1_40' title="bbox 230 2535 1835 2613">
    <p class='ocr_par' dir='ltr' id='par_1_40' title="bbox 230 2535 1835 2613">
     <span class='ocr_line' id='line_1_40' title="bbox 230 2535 1835 2613; baseline 0.004 -23"><span class='ocrx_word' id='word_1_314' title='bbox 230 2536 424 2591; x_wconf 86' lang='lat' dir='ltr'><strong>merita</strong></span> <span class='ocrx_word' id='word_1_315' title='bbox 453 2535 566 2606; x_wconf 88' lang='lat' dir='ltr'><strong>jam</strong></span> <span class='ocrx_word' id='word_1_316' title='bbox 597 2535 801 2592; x_wconf 88' lang='lat' dir='ltr'><strong>dudum</strong></span> <span class='ocrx_word' id='word_1_317' title='bbox 829 2538 1035 2610; x_wconf 86' lang='lat' dir='ltr'><strong>vigent,</strong></span> <span class='ocrx_word' id='word_1_318' title='bbox 1065 2554 1297 2611; x_wconf 88' lang='lat' dir='ltr'><strong>corpora</strong></span> <span class='ocrx_word' id='word_1_319' title='bbox 1347 2540 1551 2596; x_wconf 92' lang='lat' dir='ltr'><strong>dudum</strong></span> <span class='ocrx_word' id='word_1_320' title='bbox 1613 2549 1835 2613; x_wconf 90' lang='lat' dir='ltr'><strong>reperta</strong></span> 
     </span>
    </p>
   </div>
   <div class='ocr_carea' id='block_1_41' title="bbox 229 2628 1836 2707">
    <p class='ocr_par' dir='ltr' id='par_1_41' title="bbox 229 2628 1836 2707">
     <span class='ocr_line' id='line_1_41' title="bbox 229 2628 1836 2707; baseline 0.005 -23"><span class='ocrx_word' id='word_1_321' title='bbox 229 2631 392 2684; x_wconf 84' lang='lat' dir='ltr'><strong>sunt?</strong></span> <span class='ocrx_word' id='word_1_322' title='bbox 417 2628 614 2698; x_wconf 65' lang='lat' dir='ltr'><strong>Quarro</strong></span> <span class='ocrx_word' id='word_1_323' title='bbox 643 2629 730 2685; x_wconf 93' lang='lat' dir='ltr'><strong>hic</strong></span> <span class='ocrx_word' id='word_1_324' title='bbox 755 2640 938 2686; x_wconf 90' lang='lat' dir='ltr'><strong>utrum</strong></span> <span class='ocrx_word' id='word_1_325' title='bbox 969 2632 1124 2700; x_wconf 89' lang='lat' dir='ltr'><strong>mihi,</strong></span> <span class='ocrx_word' id='word_1_326' title='bbox 1155 2649 1224 2688; x_wconf 90' lang='lat' dir='ltr'><strong>an</strong></span> <span class='ocrx_word' id='word_1_327' title='bbox 1252 2634 1459 2690; x_wconf 88' lang='lat' dir='ltr'><strong>sanctis</strong></span> <span class='ocrx_word' id='word_1_328' title='bbox 1505 2637 1836 2707; x_wconf 84' lang='lat' dir='ltr'><strong>martyribus</strong></span> 
     </span>
    </p>
   </div>
   <div class='ocr_carea' id='block_1_42' title="bbox 230 2721 1833 2798">
    <p class='ocr_par' dir='ltr' id='par_1_42' title="bbox 230 2721 1833 2798">
     <span class='ocr_line' id='line_1_42' title="bbox 230 2721 1833 2798; baseline 0.005 -21"><span class='ocrx_word' id='word_1_329' title='bbox 230 2721 543 2777; x_wconf 85' lang='lat' dir='ltr'><strong>invideant?</strong></span> <span class='ocrx_word' id='word_1_330' title='bbox 594 2722 648 2778; x_wconf 90' lang='lat' dir='ltr'><strong>Si</strong></span> <span class='ocrx_word' id='word_1_331' title='bbox 688 2722 842 2788; x_wconf 88' lang='lat' dir='ltr'><strong>mihi,</strong></span> <span class='ocrx_word' id='word_1_332' title='bbox 889 2725 1147 2797; x_wconf 89' lang='lat' dir='ltr'><strong>numquid</strong></span> <span class='ocrx_word' id='word_1_333' title='bbox 1198 2741 1227 2781; x_wconf 90' lang='lat' dir='ltr'><strong>a</strong></span> <span class='ocrx_word' id='word_1_334' title='bbox 1269 2741 1357 2782; x_wconf 91' lang='lat' dir='ltr'><strong>me</strong></span> <span class='ocrx_word' id='word_1_335' title='bbox 1382 2727 1578 2798; x_wconf 82' lang='lat' dir='ltr'><strong>aliquae</strong></span> <span class='ocrx_word' id='word_1_336' title='bbox 1601 2729 1833 2785; x_wconf 87' lang='lat' dir='ltr'><strong>virtutes</strong></span> 
     </span>
    </p>
   </div>
   <div class='ocr_carea' id='block_1_43' title="bbox 233 2814 1834 2892">
    <p class='ocr_par' dir='ltr' id='par_1_43' title="bbox 233 2814 1834 2892">
     <span class='ocr_line' id='line_1_43' title="bbox 233 2814 1834 2892; baseline 0.004 -23"><span class='ocrx_word' id='word_1_337' title='bbox 233 2814 410 2869; x_wconf 88' lang='lat' dir='ltr'><strong>ﬁunt?</strong></span> <span class='ocrx_word' id='word_1_338' title='bbox 434 2815 696 2887; x_wconf 89' lang='lat' dir='ltr'><strong>numquid</strong></span> <span class='ocrx_word' id='word_1_339' title='bbox 724 2830 846 2873; x_wconf 92' lang='lat' dir='ltr'><strong>meo</strong></span> <span class='ocrx_word' id='word_1_340' title='bbox 871 2831 1060 2888; x_wconf 86' lang='lat' dir='ltr'><strong>opere,</strong></span> <span class='ocrx_word' id='word_1_341' title='bbox 1087 2834 1207 2874; x_wconf 90' lang='lat' dir='ltr'><strong>meo</strong></span> <span class='ocrx_word' id='word_1_342' title='bbox 1234 2820 1499 2876; x_wconf 85' lang='lat' dir='ltr'><strong>nomine?</strong></span> <span class='ocrx_word' id='word_1_343' title='bbox 1533 2818 1644 2875; x_wconf 89' lang='lat' dir='ltr'><strong>Cur</strong></span> <span class='ocrx_word' id='word_1_344' title='bbox 1667 2821 1834 2892; x_wconf 89' lang='lat' dir='ltr'><strong>igitur</strong></span> 
     </span>
    </p>
   </div>
   <div class='ocr_carea' id='block_1_44' title="bbox 232 2907 1836 2986">
    <p class='ocr_par' dir='ltr' id='par_1_44' title="bbox 232 2907 1836 2986">
     <span class='ocr_line' id='line_1_44' title="bbox 232 2907 1836 2986; baseline 0.006 -23"><span class='ocrx_word' id='word_1_345' title='bbox 232 2907 368 2963; x_wconf 87' lang='lat' dir='ltr'><strong>mihi</strong></span> <span class='ocrx_word' id='word_1_346' title='bbox 397 2907 664 2976; x_wconf 90' lang='lat' dir='ltr'><strong>invident,</strong></span> <span class='ocrx_word' id='word_1_347' title='bbox 694 2908 845 2980; x_wconf 80' lang='lat' dir='ltr'><strong>quod</strong></span> <span class='ocrx_word' id='word_1_348' title='bbox 883 2926 1063 2967; x_wconf 75' lang='lat' dir='ltr'><strong>meum</strong></span> <span class='ocrx_word' id='word_1_349' title='bbox 1108 2927 1214 2966; x_wconf 92' lang='lat' dir='ltr'><strong>non</strong></span> <span class='ocrx_word' id='word_1_350' title='bbox 1247 2914 1370 2968; x_wconf 88' lang='lat' dir='ltr'><strong>est?</strong></span> <span class='ocrx_word' id='word_1_351' title='bbox 1415 2913 1474 2969; x_wconf 90' lang='lat' dir='ltr'><strong>Si</strong></span> <span class='ocrx_word' id='word_1_352' title='bbox 1501 2915 1836 2986; x_wconf 85' lang='lat' dir='ltr'><strong>martyribus</strong></span> 
     </span>
    </p>
   </div>
   <div class='ocr_carea' id='block_1_45' title="bbox 235 3000 1840 3079">
    <p class='ocr_par' dir='ltr' id='par_1_45' title="bbox 235 3000 1840 3079">
     <span class='ocr_line' id='line_1_45' title="bbox 235 3000 1840 3079; baseline 0.006 -25"><span class='ocrx_word' id='word_1_353' title='bbox 235 3000 451 3068; x_wconf 85' lang='lat' dir='ltr'><strong>(restat</strong></span> <span class='ocrx_word' id='word_1_354' title='bbox 470 3002 614 3057; x_wconf 91' lang='lat' dir='ltr'><strong>enim</strong></span> <span class='ocrx_word' id='word_1_355' title='bbox 645 3002 775 3058; x_wconf 90' lang='lat' dir='ltr'><strong>utsi</strong></span> <span class='ocrx_word' id='word_1_356' title='bbox 831 3003 966 3058; x_wconf 88' lang='lat' dir='ltr'><strong>mihi</strong></span> <span class='ocrx_word' id='word_1_357' title='bbox 1013 3018 1120 3058; x_wconf 92' lang='lat' dir='ltr'><strong>non</strong></span> <span class='ocrx_word' id='word_1_358' title='bbox 1171 3005 1452 3072; x_wconf 83' lang='lat' dir='ltr'><strong>invident,</strong></span> <span class='ocrx_word' id='word_1_359' title='bbox 1503 3009 1840 3079; x_wconf 87' lang='lat' dir='ltr'><strong>martyribus</strong></span> 
     </span>
    </p>
   </div>
   <div class='ocr_carea' id='block_1_46' title="bbox 235 3092 1837 3169">
    <p class='ocr_par' dir='ltr' id='par_1_46' title="bbox 235 3092 1837 3169">
     <span class='ocr_line' id='line_1_46' title="bbox 235 3092 1837 3169; baseline 0.007 -21"><span class='ocrx_word' id='word_1_360' title='bbox 235 3092 483 3150; x_wconf 85' lang='lat' dir='ltr'><strong>invidere</strong></span> <span class='ocrx_word' id='word_1_361' title='bbox 509 3095 854 3169; x_wconf 89' lang='lat' dir='ltr'><strong>videantur),</strong></span> <span class='ocrx_word' id='word_1_362' title='bbox 884 3098 1174 3154; x_wconf 85' lang='lat' dir='ltr'><strong>ostendunt</strong></span> <span class='ocrx_word' id='word_1_363' title='bbox 1217 3099 1446 3156; x_wconf 89' lang='lat' dir='ltr'><strong>alterius</strong></span> <span class='ocrx_word' id='word_1_364' title='bbox 1501 3101 1626 3156; x_wconf 85' lang='lat' dir='ltr'><strong>ﬁdei</strong></span> <span class='ocrx_word' id='word_1_365' title='bbox 1668 3103 1837 3160; x_wconf 86' lang='lat' dir='ltr'><strong>fuisse</strong></span> 
     </span>
    </p>
   </div>
   <div class='ocr_carea' id='block_1_47' title="bbox 233 3177 1902 3262">
    <p class='ocr_par' dir='ltr' id='par_1_47' title="bbox 233 3177 1902 3262">
     <span class='ocr_line' id='line_1_47' title="bbox 233 3177 1902 3262; baseline 0.005 -19"><span class='ocrx_word' id='word_1_366' title='bbox 233 3196 526 3260; x_wconf 85' lang='lat' dir='ltr'><strong>martyres,</strong></span> <span class='ocrx_word' id='word_1_367' title='bbox 565 3204 727 3260; x_wconf 88' lang='lat' dir='ltr'><strong>quam</strong></span> <span class='ocrx_word' id='word_1_368' title='bbox 758 3191 859 3262; x_wconf 90' lang='lat' dir='ltr'><strong>ipsi</strong></span> <span class='ocrx_word' id='word_1_369' title='bbox 888 3192 1138 3248; x_wconf 87' lang='lat' dir='ltr'><strong>credunt.</strong></span> <span class='ocrx_word' id='word_1_370' title='bbox 1169 3192 1354 3262; x_wconf 79' lang='lat' dir='ltr'><strong>Neque</strong></span> <span class='ocrx_word' id='word_1_371' title='bbox 1378 3194 1524 3248; x_wconf 91' lang='lat' dir='ltr'><strong>enim</strong></span> <span class='ocrx_word' id='word_1_372' title='bbox 1550 3195 1711 3252; x_wconf 90' lang='lat' dir='ltr'><strong>aliter</strong></span> <span class='ocrx_word' id='word_1_373' title='bbox 1737 3210 1830 3252; x_wconf 81' lang='lat' dir='ltr'><strong>eo—</strong></span> <span class='ocrx_word' id='word_1_374' title='bbox 1856 3177 1902 3240; x_wconf 64' lang='grc' dir='ltr'><strong>(ἶ</strong></span> 
     </span>
    </p>
   </div>
   <div class='ocr_carea' id='block_1_48' title="bbox 234 3282 1829 3352">
    <p class='ocr_par' dir='ltr' id='par_1_48' title="bbox 234 3282 1829 3352">
     <span class='ocr_line' id='line_1_48' title="bbox 234 3282 1829 3352; baseline 0.006 -15"><span class='ocrx_word' id='word_1_375' title='bbox 234 3295 354 3337; x_wconf 87' lang='lat' dir='ltr'><strong>rum</strong></span> <span class='ocrx_word' id='word_1_376' title='bbox 402 3282 656 3352; x_wconf 91' lang='lat' dir='ltr'><strong>operibus</strong></span> <span class='ocrx_word' id='word_1_377' title='bbox 712 3284 1057 3352; x_wconf 88' lang='lat' dir='ltr'><strong>inviderent;</strong></span> <span class='ocrx_word' id='word_1_378' title='bbox 1114 3287 1218 3343; x_wconf 91' lang='lat' dir='ltr'><strong>nisi</strong></span> <span class='ocrx_word' id='word_1_379' title='bbox 1270 3287 1430 3342; x_wconf 86' lang='lat' dir='ltr'><strong>ﬁdem</strong></span> <span class='ocrx_word' id='word_1_380' title='bbox 1460 3288 1513 3343; x_wconf 90' lang='lat' dir='ltr'><strong>in</strong></span> <span class='ocrx_word' id='word_1_381' title='bbox 1549 3289 1632 3344; x_wconf 92' lang='lat' dir='ltr'><strong>his</strong></span> <span class='ocrx_word' id='word_1_382' title='bbox 1661 3289 1829 3347; x_wconf 87' lang='lat' dir='ltr'><strong>fuisse</strong></span> 
     </span>
    </p>
   </div>
   <div class='ocr_carea' id='block_1_49' title="bbox 233 3376 1826 3450">
    <p class='ocr_par' dir='ltr' id='par_1_49' title="bbox 233 3376 1826 3450">
     <span class='ocr_line' id='line_1_49' title="bbox 233 3376 1826 3450; baseline 0.005 -20"><span class='ocrx_word' id='word_1_383' title='bbox 233 3388 379 3442; x_wconf 86' lang='lat' dir='ltr'><strong>eam,</strong></span> <span class='ocrx_word' id='word_1_384' title='bbox 409 3391 567 3446; x_wconf 90' lang='lat' dir='ltr'><strong>quam</strong></span> <span class='ocrx_word' id='word_1_385' title='bbox 600 3376 687 3432; x_wconf 92' lang='lat' dir='ltr'><strong>isti</strong></span> <span class='ocrx_word' id='word_1_386' title='bbox 714 3392 822 3433; x_wconf 90' lang='lat' dir='ltr'><strong>non</strong></span> <span class='ocrx_word' id='word_1_387' title='bbox 848 3377 1073 3447; x_wconf 83' lang='lat' dir='ltr'><strong>habent,</strong></span> <span class='ocrx_word' id='word_1_388' title='bbox 1109 3379 1442 3450; x_wconf 87' lang='lat' dir='ltr'><strong>judicarent.</strong></span> <span class='ocrx_word' id='word_1_389' title='bbox 1471 3381 1656 3438; x_wconf 88' lang='lat' dir='ltr'><strong>Fidem</strong></span> <span class='ocrx_word' id='word_1_390' title='bbox 1681 3382 1826 3438; x_wconf 89' lang='lat' dir='ltr'><strong>illam</strong></span> 
     </span>
    </p>
   </div>
   <div class='ocr_carea' id='block_1_50' title="bbox 234 3467 1827 3546">
    <p class='ocr_par' dir='ltr' id='par_1_50' title="bbox 234 3467 1827 3546">
     <span class='ocr_line' id='line_1_50' title="bbox 234 3467 1827 3546; baseline 0.004 -23"><span class='ocrx_word' id='word_1_391' title='bbox 234 3467 502 3538; x_wconf 88' lang='lat' dir='ltr'><strong>majorum</strong></span> <span class='ocrx_word' id='word_1_392' title='bbox 533 3469 824 3526; x_wconf 89' lang='lat' dir='ltr'><strong>traditione</strong></span> <span class='ocrx_word' id='word_1_393' title='bbox 849 3470 1141 3539; x_wconf 89' lang='lat' dir='ltr'><strong>ﬁrmatam,</strong></span> <span class='ocrx_word' id='word_1_394' title='bbox 1197 3488 1358 3544; x_wconf 91' lang='lat' dir='ltr'><strong>quam</strong></span> <span class='ocrx_word' id='word_1_395' title='bbox 1403 3473 1696 3538; x_wconf 51' lang='lat' dir='ltr'><strong>daemones,</strong></span> <span class='ocrx_word' id='word_1_396' title='bbox 1727 3475 1827 3546; x_wconf 89' lang='lat' dir='ltr'><strong>ipsi</strong></span> 
     </span>
    </p>
   </div>
   <div class='ocr_carea' id='block_1_51' title="bbox 234 3564 1470 3639">
    <p class='ocr_par' dir='ltr' id='par_1_51' title="bbox 234 3564 1470 3639">
     <span class='ocr_line' id='line_1_51' title="bbox 234 3564 1470 3639; baseline 0.005 -23"><span class='ocrx_word' id='word_1_397' title='bbox 234 3575 436 3631; x_wconf 89' lang='lat' dir='ltr'><strong>negare</strong></span> <span class='ocrx_word' id='word_1_398' title='bbox 465 3577 573 3617; x_wconf 89' lang='lat' dir='ltr'><strong>non</strong></span> <span class='ocrx_word' id='word_1_399' title='bbox 603 3573 861 3633; x_wconf 89' lang='lat' dir='ltr'><strong>possunt;</strong></span> <span class='ocrx_word' id='word_1_400' title='bbox 899 3564 996 3620; x_wconf 91' lang='lat' dir='ltr'><strong>sed</strong></span> <span class='ocrx_word' id='word_1_401' title='bbox 1023 3565 1211 3621; x_wconf 81' lang='lat' dir='ltr'><strong>Ariani</strong></span> <span class='ocrx_word' id='word_1_402' title='bbox 1245 3577 1470 3639; x_wconf 82' lang='lat' dir='ltr'><strong>negant.</strong></span> 
     </span>
    </p>
   </div>
   <div class='ocr_carea' id='block_1_52' title="bbox 309 3655 1830 3734">
    <p class='ocr_par' dir='ltr' id='par_1_52' title="bbox 309 3655 1830 3734">
     <span class='ocr_line' id='line_1_52' title="bbox 309 3655 1830 3734; baseline 0.007 -25"><span class='ocrx_word' id='word_1_403' title='bbox 309 3655 399 3710; x_wconf 77' lang='lat'><strong>2|.</strong></span> <span class='ocrx_word' id='word_1_404' title='bbox 441 3656 763 3712; x_wconf 83' lang='lat' dir='ltr'><strong>Audivimus</strong></span> <span class='ocrx_word' id='word_1_405' title='bbox 794 3657 956 3714; x_wconf 88' lang='lat' dir='ltr'><strong>hodie</strong></span> <span class='ocrx_word' id='word_1_406' title='bbox 980 3659 1226 3716; x_wconf 90' lang='lat' dir='ltr'><strong>dicentes</strong></span> <span class='ocrx_word' id='word_1_407' title='bbox 1253 3676 1373 3731; x_wconf 91' lang='lat' dir='ltr'><strong>eos,</strong></span> <span class='ocrx_word' id='word_1_408' title='bbox 1418 3663 1617 3734; x_wconf 90' lang='lat' dir='ltr'><strong>quibus</strong></span> <span class='ocrx_word' id='word_1_409' title='bbox 1638 3678 1830 3720; x_wconf 91' lang='lat' dir='ltr'><strong>manus</strong></span> 
     </span>
    </p>
   </div>
   <div class='ocr_carea' id='block_1_53' title="bbox 235 3747 1830 3825">
    <p class='ocr_par' dir='ltr' id='par_1_53' title="bbox 235 3747 1830 3825">
     <span class='ocr_line' id='line_1_53' title="bbox 235 3747 1830 3825; baseline 0.007 -23"><span class='ocrx_word' id='word_1_410' title='bbox 235 3747 642 3818; x_wconf 87' lang='lat' dir='ltr'><strong>imponebatur,</strong></span> <span class='ocrx_word' id='word_1_411' title='bbox 691 3751 961 3806; x_wconf 89' lang='lat' dir='ltr'><strong>neminem</strong></span> <span class='ocrx_word' id='word_1_412' title='bbox 1011 3768 1175 3824; x_wconf 88' lang='lat' dir='ltr'><strong>posse</strong></span> <span class='ocrx_word' id='word_1_413' title='bbox 1203 3765 1226 3792; x_wconf 74' lang='grc' dir='ltr'><strong><em>ο</em></strong></span> <span class='ocrx_word' id='word_1_414' title='bbox 1260 3769 1381 3812; x_wconf 88' lang='lat' dir='ltr'><strong>esse</strong></span> <span class='ocrx_word' id='word_1_415' title='bbox 1431 3757 1682 3825; x_wconf 88' lang='lat' dir='ltr'><strong>salvum,</strong></span> <span class='ocrx_word' id='word_1_416' title='bbox 1727 3757 1830 3813; x_wconf 90' lang='lat' dir='ltr'><strong>nisi</strong></span> 
     </span>
    </p>
   </div>
   <div class='ocr_carea' id='block_1_54' title="bbox 235 3840 1834 3916">
    <p class='ocr_par' dir='ltr' id='par_1_54' title="bbox 235 3840 1834 3916">
     <span class='ocr_line' id='line_1_54' title="bbox 235 3840 1834 3916; baseline 0.009 -21"><span class='ocrx_word' id='word_1_417' title='bbox 235 3840 330 3913; x_wconf 90' lang='lat' dir='ltr'><strong>qui</strong></span> <span class='ocrx_word' id='word_1_418' title='bbox 361 3841 414 3895; x_wconf 91' lang='lat' dir='ltr'><strong>in</strong></span> <span class='ocrx_word' id='word_1_419' title='bbox 439 3840 653 3897; x_wconf 86' lang='lat' dir='ltr'><strong>Patrem</strong></span> <span class='ocrx_word' id='word_1_420' title='bbox 700 3851 755 3899; x_wconf 90' lang='lat' dir='ltr'><strong>et</strong></span> <span class='ocrx_word' id='word_1_421' title='bbox 784 3843 981 3899; x_wconf 83' lang='lat' dir='ltr'><strong>Filium</strong></span> <span class='ocrx_word' id='word_1_422' title='bbox 1011 3855 1068 3901; x_wconf 90' lang='lat' dir='ltr'><strong>et</strong></span> <span class='ocrx_word' id='word_1_423' title='bbox 1115 3846 1377 3916; x_wconf 90' lang='lat' dir='ltr'><strong>Spiritum</strong></span> <span class='ocrx_word' id='word_1_424' title='bbox 1425 3859 1668 3905; x_wconf 86' lang='lat' dir='ltr'><strong>sanctum</strong></span> <span class='ocrx_word' id='word_1_425' title='bbox 1715 3867 1834 3908; x_wconf 88' lang='lat' dir='ltr'><strong>ere-</strong></span> 
     </span>
    </p>
   </div>
   <div class='ocr_carea' id='block_1_55' title="bbox 235 3932 1826 4014">
    <p class='ocr_par' dir='ltr' id='par_1_55' title="bbox 235 3932 1826 4014">
     <span class='ocr_line' id='line_1_55' title="bbox 235 3932 1826 4014; baseline 0.005 -25"><span class='ocrx_word' id='word_1_426' title='bbox 235 3932 503 3990; x_wconf 90' lang='lat' dir='ltr'><strong>didisset:</strong></span> <span class='ocrx_word' id='word_1_427' title='bbox 535 3935 685 3990; x_wconf 91' lang='lat' dir='ltr'><strong>illum</strong></span> <span class='ocrx_word' id='word_1_428' title='bbox 717 3945 1012 4004; x_wconf 90' lang='lat' dir='ltr'><strong>mortuum,</strong></span> <span class='ocrx_word' id='word_1_429' title='bbox 1045 3938 1199 3994; x_wconf 92' lang='lat' dir='ltr'><strong>illum</strong></span> <span class='ocrx_word' id='word_1_430' title='bbox 1229 3940 1535 4007; x_wconf 80' lang='lat' dir='ltr'><strong>funereum,</strong></span> <span class='ocrx_word' id='word_1_431' title='bbox 1593 3944 1684 4014; x_wconf 90' lang='lat' dir='ltr'><strong>qui</strong></span> <span class='ocrx_word' id='word_1_432' title='bbox 1705 3943 1826 4014; x_wconf 91' lang='lat' dir='ltr'><strong>Spi-</strong></span> 
     </span>
    </p>
   </div>
   <div class='ocr_carea' id='block_1_56' title="bbox 235 4027 1833 4107">
    <p class='ocr_par' dir='ltr' id='par_1_56' title="bbox 235 4027 1833 4107">
     <span class='ocr_line' id='line_1_56' title="bbox 235 4027 1833 4107; baseline 0.005 -23"><span class='ocrx_word' id='word_1_433' title='bbox 235 4027 404 4084; x_wconf 84' lang='lat' dir='ltr'><strong>ritum</strong></span> <span class='ocrx_word' id='word_1_434' title='bbox 437 4039 684 4084; x_wconf 90' lang='lat' dir='ltr'><strong>sanctum</strong></span> <span class='ocrx_word' id='word_1_435' title='bbox 716 4040 976 4101; x_wconf 87' lang='lat' dir='ltr'><strong>negaret,</strong></span> <span class='ocrx_word' id='word_1_436' title='bbox 1009 4032 1099 4104; x_wconf 88' lang='lat' dir='ltr'><strong>qui</strong></span> <span class='ocrx_word' id='word_1_437' title='bbox 1154 4033 1441 4090; x_wconf 86' lang='lat' dir='ltr'><strong>Trinitatis</strong></span> <span class='ocrx_word' id='word_1_438' title='bbox 1489 4037 1833 4107; x_wconf 89' lang='lat' dir='ltr'><strong>omnipoten-</strong></span> 
     </span>
    </p>
   </div>
   <div class='ocr_carea' id='block_1_57' title="bbox 236 4119 1834 4195">
    <p class='ocr_par' dir='ltr' id='par_1_57' title="bbox 236 4119 1834 4195">
     <span class='ocr_line' id='line_1_57' title="bbox 236 4119 1834 4195; baseline 0.006 -21"><span class='ocrx_word' id='word_1_439' title='bbox 236 4128 350 4176; x_wconf 91' lang='lat' dir='ltr'><strong>tem</strong></span> <span class='ocrx_word' id='word_1_440' title='bbox 381 4119 636 4176; x_wconf 90' lang='lat' dir='ltr'><strong>virtutem</strong></span> <span class='ocrx_word' id='word_1_441' title='bbox 669 4137 778 4177; x_wconf 91' lang='lat' dir='ltr'><strong>non</strong></span> <span class='ocrx_word' id='word_1_442' title='bbox 797 4122 1068 4180; x_wconf 89' lang='lat' dir='ltr'><strong>crederet.</strong></span> <span class='ocrx_word' id='word_1_443' title='bbox 1101 4123 1406 4181; x_wconf 82' lang='lat' dir='ltr'><strong>Confitetur</strong></span> <span class='ocrx_word' id='word_1_444' title='bbox 1435 4126 1540 4182; x_wconf 92' lang='lat' dir='ltr'><strong>hoc</strong></span> <span class='ocrx_word' id='word_1_445' title='bbox 1559 4127 1834 4195; x_wconf 89' lang='lat' dir='ltr'><strong>diabolus,</strong></span> 
     </span>
    </p>
   </div>
   <div class='ocr_carea' id='block_1_58' title="bbox 235 4212 1838 4294">
    <p class='ocr_par' dir='ltr' id='par_1_58' title="bbox 235 4212 1838 4294">
     <span class='ocr_line' id='line_1_58' title="bbox 235 4212 1838 4294; baseline 0.006 -26"><span class='ocrx_word' id='word_1_446' title='bbox 235 4212 338 4268; x_wconf 88' lang='lat' dir='ltr'><strong>sed</strong></span> <span class='ocrx_word' id='word_1_447' title='bbox 366 4213 553 4269; x_wconf 78' lang='lat' dir='ltr'><strong>Ariani</strong></span> <span class='ocrx_word' id='word_1_448' title='bbox 581 4214 775 4270; x_wconf 89' lang='lat' dir='ltr'><strong>nolunt</strong></span> <span class='ocrx_word' id='word_1_449' title='bbox 798 4215 978 4294; x_wconf 80' lang='lat' dir='ltr'><strong>fateri.</strong></span> <span class='ocrx_word' id='word_1_450' title='bbox 1009 4215 1448 4276; x_wconf 86' lang='lat' dir='ltr'><strong>Dicitdiabolus:</strong></span> <span class='ocrx_word' id='word_1_451' title='bbox 1479 4221 1570 4278; x_wconf 93' lang='lat' dir='ltr'><strong>Sic</strong></span> <span class='ocrx_word' id='word_1_452' title='bbox 1592 4230 1838 4294; x_wconf 88' lang='lat' dir='ltr'><strong>torquea-</strong></span> 
     </span>
    </p>
   </div>
   <div class='ocr_carea' id='block_1_59' title="bbox 238 4306 1836 4386">
    <p class='ocr_par' dir='ltr' id='par_1_59' title="bbox 238 4306 1836 4386">
     <span class='ocr_line' id='line_1_59' title="bbox 238 4306 1836 4386; baseline 0.006 -26"><span class='ocrx_word' id='word_1_453' title='bbox 238 4313 350 4370; x_wconf 92' lang='lat' dir='ltr'><strong>tur,</strong></span> <span class='ocrx_word' id='word_1_454' title='bbox 391 4306 560 4379; x_wconf 73' lang='lat'><strong>880</strong></span> <span class='ocrx_word' id='word_1_455' title='bbox 583 4307 1042 4377; x_wconf 88' lang='lat' dir='ltr'><strong>quemadmodum</strong></span> <span class='ocrx_word' id='word_1_456' title='bbox 1070 4309 1187 4381; x_wconf 88' lang='lat' dir='ltr'><strong>ipse</strong></span> <span class='ocrx_word' id='word_1_457' title='bbox 1213 4326 1241 4365; x_wconf 92' lang='lat' dir='ltr'><strong>a</strong></span> <span class='ocrx_word' id='word_1_458' title='bbox 1262 4313 1592 4385; x_wconf 87' lang='lat' dir='ltr'><strong>martyribus</strong></span> <span class='ocrx_word' id='word_1_459' title='bbox 1621 4323 1836 4386; x_wconf 90' lang='lat' dir='ltr'><strong>torque-</strong></span> 
     </span>
    </p>
   </div>
   <div class='ocr_carea' id='block_1_60' title="bbox 236 4400 1570 4478">
    <p class='ocr_par' dir='ltr' id='par_1_60' title="bbox 236 4400 1570 4478">
     <span class='ocr_line' id='line_1_60' title="bbox 236 4400 1570 4478; baseline 0.003 -20"><span class='ocrx_word' id='word_1_460' title='bbox 236 4400 424 4466; x_wconf 83' lang='lat' dir='ltr'><strong>batur,</strong></span> <span class='ocrx_word' id='word_1_461' title='bbox 451 4404 542 4472; x_wconf 89' lang='lat' dir='ltr'><strong>qui</strong></span> <span class='ocrx_word' id='word_1_462' title='bbox 573 4402 808 4473; x_wconf 91' lang='lat' dir='ltr'><strong>Spiritus</strong></span> <span class='ocrx_word' id='word_1_463' title='bbox 835 4404 1007 4458; x_wconf 87' lang='lat' dir='ltr'><strong>sancti</strong></span> <span class='ocrx_word' id='word_1_464' title='bbox 1035 4403 1293 4462; x_wconf 90' lang='lat' dir='ltr'><strong>deitatem</strong></span> <span class='ocrx_word' id='word_1_465' title='bbox 1327 4417 1570 4478; x_wconf 88' lang='lat' dir='ltr'><strong>negaret.</strong></span> 
     </span>
    </p>
   </div>
   <div class='ocr_carea' id='block_1_61' title="bbox 312 4492 1838 4570">
    <p class='ocr_par' dir='ltr' id='par_1_61' title="bbox 312 4492 1838 4570">
     <span class='ocr_line' id='line_1_61' title="bbox 312 4492 1838 4570; baseline 0.007 -22"><span class='ocrx_word' id='word_1_466' title='bbox 312 4494 405 4549; x_wconf 71' lang='grc'><strong>22.</strong></span> <span class='ocrx_word' id='word_1_467' title='bbox 446 4492 563 4549; x_wconf 83' lang='grc' dir='ltr'>Νοιι</span> <span class='ocrx_word' id='word_1_468' title='bbox 592 4495 802 4566; x_wconf 86' lang='lat' dir='ltr'><strong>accipio</strong></span> <span class='ocrx_word' id='word_1_469' title='bbox 826 4510 855 4550; x_wconf 91' lang='lat' dir='ltr'><strong>a</strong></span> <span class='ocrx_word' id='word_1_470' title='bbox 885 4495 1106 4553; x_wconf 88' lang='lat' dir='ltr'><strong>diabolo</strong></span> <span class='ocrx_word' id='word_1_471' title='bbox 1139 4499 1546 4570; x_wconf 86' lang='lat' dir='ltr'><strong>testimonium,</strong></span> <span class='ocrx_word' id='word_1_472' title='bbox 1585 4502 1680 4559; x_wconf 92' lang='lat' dir='ltr'><strong>sed</strong></span> <span class='ocrx_word' id='word_1_473' title='bbox 1707 4518 1838 4560; x_wconf 91' lang='lat' dir='ltr'><strong>con-</strong></span> 
     </span>
    </p>
   </div>
   <div class='ocr_carea' id='block_1_62' title="bbox 2007 1883 3533 1962">
    <p class='ocr_par' dir='ltr' id='par_1_62' title="bbox 2007 1883 3533 1962">
     <span class='ocr_line' id='line_1_62' title="bbox 2007 1883 3533 1962; baseline 0.004 -23"><span class='ocrx_word' id='word_1_474' title='bbox 2007 1883 2098 1940; x_wconf 77' lang='lat'><strong>23.</strong></span> <span class='ocrx_word' id='word_1_475' title='bbox 2138 1883 2246 1942; x_wconf 87' lang='lat' dir='ltr'><strong>Sed</strong></span> <span class='ocrx_word' id='word_1_476' title='bbox 2272 1901 2380 1942; x_wconf 93' lang='lat' dir='ltr'><strong>non</strong></span> <span class='ocrx_word' id='word_1_477' title='bbox 2406 1901 2508 1958; x_wconf 88' lang='lat' dir='ltr'><strong>ego</strong></span> <span class='ocrx_word' id='word_1_478' title='bbox 2531 1887 2598 1943; x_wconf 87' lang='lat' dir='ltr'><strong>ad</strong></span> <span class='ocrx_word' id='word_1_479' title='bbox 2630 1887 2947 1959; x_wconf 79' lang='lat' dir='ltr'><strong>suﬁ&#39;ragium</strong></span> <span class='ocrx_word' id='word_1_480' title='bbox 2985 1896 3283 1962; x_wconf 87' lang='lat' dir='ltr'><strong>martyrum</strong></span> <span class='ocrx_word' id='word_1_481' title='bbox 3328 1903 3533 1961; x_wconf 87' lang='lat' dir='ltr'><strong>usurpo</strong></span> 
     </span>
    </p>
   </div>
   <div class='ocr_carea' id='block_1_63' title="bbox 1935 1979 3538 2052">
    <p class='ocr_par' dir='ltr' id='par_1_63' title="bbox 1935 1979 3538 2052">
     <span class='ocr_line' id='line_1_63' title="bbox 1935 1979 3538 2052; baseline 0.002 -19"><span class='ocrx_word' id='word_1_482' title='bbox 1935 1992 2126 2034; x_wconf 90' lang='lat' dir='ltr'><strong>vocem</strong></span> <span class='ocrx_word' id='word_1_483' title='bbox 2182 1979 2599 2036; x_wconf 83' lang='lat' dir='ltr'><strong>daemoniorum.</strong></span> <span class='ocrx_word' id='word_1_484' title='bbox 2649 1981 2940 2037; x_wconf 89' lang='lat' dir='ltr'><strong>Beneﬁciis</strong></span> <span class='ocrx_word' id='word_1_485' title='bbox 2992 1982 3108 2037; x_wconf 89' lang='lat' dir='ltr'><strong>suis</strong></span> <span class='ocrx_word' id='word_1_486' title='bbox 3157 1997 3310 2038; x_wconf 88' lang='lat' dir='ltr'><strong>sacra</strong></span> <span class='ocrx_word' id='word_1_487' title='bbox 3356 1981 3538 2052; x_wconf 88' lang='lat' dir='ltr'><strong>passio</strong></span> 
     </span>
    </p>
   </div>
   <div class='ocr_carea' id='block_1_64' title="bbox 1936 2071 3540 2144">
    <p class='ocr_par' dir='ltr' id='par_1_64' title="bbox 1936 2071 3540 2144">
     <span class='ocr_line' id='line_1_64' title="bbox 1936 2071 3540 2144; baseline 0 -18"><span class='ocrx_word' id='word_1_488' title='bbox 1936 2071 2341 2142; x_wconf 77' lang='lat' dir='ltr'><strong>comprobatur.</strong></span> <span class='ocrx_word' id='word_1_489' title='bbox 2392 2071 2570 2128; x_wconf 83' lang='lat' dir='ltr'><strong>Habet</strong></span> <span class='ocrx_word' id='word_1_490' title='bbox 2621 2071 2870 2142; x_wconf 79' lang='lat' dir='ltr'><strong>iudices,</strong></span> <span class='ocrx_word' id='word_1_491' title='bbox 2917 2072 3013 2128; x_wconf 89' lang='lat' dir='ltr'><strong>sed</strong></span> <span class='ocrx_word' id='word_1_492' title='bbox 3038 2082 3338 2144; x_wconf 86' lang='lat' dir='ltr'><strong>purgatos:</strong></span> <span class='ocrx_word' id='word_1_493' title='bbox 3371 2071 3540 2128; x_wconf 84' lang='lat' dir='ltr'><strong>habet</strong></span> 
     </span>
    </p>
   </div>
   <div class='ocr_carea' id='block_1_65' title="bbox 1939 2164 3540 2236">
    <p class='ocr_par' dir='ltr' id='par_1_65' title="bbox 1939 2164 3540 2236">
     <span class='ocr_line' id='line_1_65' title="bbox 1939 2164 3540 2236; baseline 0.002 -18"><span class='ocrx_word' id='word_1_494' title='bbox 1939 2171 2131 2232; x_wconf 90' lang='lat' dir='ltr'><strong>testes,</strong></span> <span class='ocrx_word' id='word_1_495' title='bbox 2157 2164 2253 2220; x_wconf 92' lang='lat' dir='ltr'><strong>scd</strong></span> <span class='ocrx_word' id='word_1_496' title='bbox 2278 2164 2584 2222; x_wconf 84' lang='lat' dir='ltr'><strong>absolutos.</strong></span> <span class='ocrx_word' id='word_1_497' title='bbox 2609 2164 2802 2221; x_wconf 85' lang='lat' dir='ltr'><strong>Melior</strong></span> <span class='ocrx_word' id='word_1_498' title='bbox 2839 2181 2942 2221; x_wconf 92' lang='lat' dir='ltr'><strong>vox</strong></span> <span class='ocrx_word' id='word_1_499' title='bbox 2973 2174 3054 2222; x_wconf 86' lang='lat' dir='ltr'><strong>est</strong></span> <span class='ocrx_word' id='word_1_500' title='bbox 3079 2207 3096 2234; x_wconf 91' lang='lat'><strong>,</strong></span> <span class='ocrx_word' id='word_1_501' title='bbox 3143 2181 3302 2236; x_wconf 92' lang='lat' dir='ltr'><strong>quam</strong></span> <span class='ocrx_word' id='word_1_502' title='bbox 3335 2165 3540 2221; x_wconf 87' lang='lat' dir='ltr'><strong>sanitas</strong></span> 
     </span>
    </p>
   </div>
   <div class='ocr_carea' id='block_1_66' title="bbox 1937 2255 3540 2328">
    <p class='ocr_par' dir='ltr' id='par_1_66' title="bbox 1937 2255 3540 2328">
     <span class='ocr_line' id='line_1_66' title="bbox 1937 2255 3540 2328; baseline 0.002 -17"><span class='ocrx_word' id='word_1_503' title='bbox 1937 2255 2173 2328; x_wconf 90' lang='lat' dir='ltr'><strong>loquitur</strong></span> <span class='ocrx_word' id='word_1_504' title='bbox 2201 2272 2416 2323; x_wconf 91' lang='lat' dir='ltr'><strong>eorum,</strong></span> <span class='ocrx_word' id='word_1_505' title='bbox 2446 2257 2537 2328; x_wconf 92' lang='lat' dir='ltr'><strong>qui</strong></span> <span class='ocrx_word' id='word_1_506' title='bbox 2566 2256 2773 2315; x_wconf 90' lang='lat' dir='ltr'><strong>debiles</strong></span> <span class='ocrx_word' id='word_1_507' title='bbox 2800 2259 3139 2315; x_wconf 88' lang='lat' dir='ltr'><strong>advenerunt</strong></span> <span class='ocrx_word' id='word_1_508' title='bbox 3167 2275 3180 2313; x_wconf 91' lang='lat'><strong>:</strong></span> <span class='ocrx_word' id='word_1_509' title='bbox 3214 2258 3408 2314; x_wconf 90' lang='lat' dir='ltr'><strong>melior</strong></span> <span class='ocrx_word' id='word_1_510' title='bbox 3435 2273 3540 2314; x_wconf 92' lang='lat' dir='ltr'><strong>vox</strong></span> 
     </span>
    </p>
   </div>
   <div class='ocr_carea' id='block_1_67' title="bbox 1937 2347 3546 2421">
    <p class='ocr_par' dir='ltr' id='par_1_67' title="bbox 1937 2347 3546 2421">
     <span class='ocr_line' id='line_1_67' title="bbox 1937 2347 3546 2421; baseline 0.001 -17"><span class='ocrx_word' id='word_1_511' title='bbox 1937 2357 2044 2415; x_wconf 87' lang='lat' dir='ltr'><strong>est,</strong></span> <span class='ocrx_word' id='word_1_512' title='bbox 2085 2364 2246 2419; x_wconf 92' lang='lat' dir='ltr'><strong>quam</strong></span> <span class='ocrx_word' id='word_1_513' title='bbox 2280 2347 2501 2420; x_wconf 88' lang='lat' dir='ltr'><strong>sanguis</strong></span> <span class='ocrx_word' id='word_1_514' title='bbox 2525 2349 2766 2415; x_wconf 88' lang='lat' dir='ltr'><strong>emittit;</strong></span> <span class='ocrx_word' id='word_1_515' title='bbox 2819 2349 2982 2406; x_wconf 91' lang='lat' dir='ltr'><strong>habet</strong></span> <span class='ocrx_word' id='word_1_516' title='bbox 3025 2351 3171 2406; x_wconf 88' lang='lat' dir='ltr'><strong>enim</strong></span> <span class='ocrx_word' id='word_1_517' title='bbox 3202 2350 3422 2421; x_wconf 91' lang='lat' dir='ltr'><strong>sanguis</strong></span> <span class='ocrx_word' id='word_1_518' title='bbox 3445 2363 3546 2405; x_wconf 79' lang='lat' dir='ltr'><strong>vo-</strong></span> 
     </span>
    </p>
   </div>
   <div class='ocr_carea' id='block_1_68' title="bbox 1936 2440 3541 2514">
    <p class='ocr_par' dir='ltr' id='par_1_68' title="bbox 1936 2440 3541 2514">
     <span class='ocr_line' id='line_1_68' title="bbox 1936 2440 3541 2514; baseline -0.001 -16"><span class='ocrx_word' id='word_1_519' title='bbox 1936 2455 2054 2498; x_wconf 89' lang='lat' dir='ltr'><strong>cem</strong></span> <span class='ocrx_word' id='word_1_520' title='bbox 2083 2455 2360 2507; x_wconf 89' lang='lat' dir='ltr'><strong>canoram,</strong></span> <span class='ocrx_word' id='word_1_521' title='bbox 2394 2456 2516 2512; x_wconf 66' lang='lat' dir='ltr'><strong>quas</strong></span> <span class='ocrx_word' id='word_1_522' title='bbox 2535 2441 2603 2497; x_wconf 92' lang='lat' dir='ltr'><strong>de</strong></span> <span class='ocrx_word' id='word_1_523' title='bbox 2629 2441 2792 2498; x_wconf 89' lang='lat' dir='ltr'><strong>terris</strong></span> <span class='ocrx_word' id='word_1_524' title='bbox 2817 2442 2884 2498; x_wconf 89' lang='lat' dir='ltr'><strong>ad</strong></span> <span class='ocrx_word' id='word_1_525' title='bbox 2907 2443 3107 2499; x_wconf 67' lang='lat' dir='ltr'><strong>caelum</strong></span> <span class='ocrx_word' id='word_1_526' title='bbox 3137 2441 3407 2514; x_wconf 85' lang='lat' dir='ltr'><strong>pervenit.</strong></span> <span class='ocrx_word' id='word_1_527' title='bbox 3437 2440 3541 2497; x_wconf 87' lang='lat' dir='ltr'><strong>Le-</strong></span> 
     </span>
    </p>
   </div>
   <div class='ocr_carea' id='block_1_69' title="bbox 1933 2532 3540 2605">
    <p class='ocr_par' dir='ltr' id='par_1_69' title="bbox 1933 2532 3540 2605">
     <span class='ocr_line' id='line_1_69' title="bbox 1933 2532 3540 2605; baseline -0.001 -17"><span class='ocrx_word' id='word_1_528' title='bbox 1933 2533 2090 2604; x_wconf 86' lang='lat' dir='ltr'><strong>gistis</strong></span> <span class='ocrx_word' id='word_1_529' title='bbox 2117 2532 2333 2589; x_wconf 88' lang='lat' dir='ltr'><strong>dicente</strong></span> <span class='ocrx_word' id='word_1_530' title='bbox 2365 2532 2476 2589; x_wconf 89' lang='lat' dir='ltr'><strong>Deo</strong></span> <span class='ocrx_word' id='word_1_531' title='bbox 2506 2551 2519 2586; x_wconf 94' lang='lat'><strong>:</strong></span> <span class='ocrx_word' id='word_1_532' title='bbox 2547 2533 2782 2605; x_wconf 77' lang='lat' dir='ltr'><strong>Sanguis</strong></span> <span class='ocrx_word' id='word_1_533' title='bbox 2812 2534 2995 2605; x_wconf 76' lang='lat' dir='ltr'><strong>fratris</strong></span> <span class='ocrx_word' id='word_1_534' title='bbox 3027 2535 3101 2588; x_wconf 86' lang='lat' dir='ltr'><strong>tui</strong></span> <span class='ocrx_word' id='word_1_535' title='bbox 3129 2535 3319 2589; x_wconf 88' lang='lat' dir='ltr'><strong>clamat</strong></span> <span class='ocrx_word' id='word_1_536' title='bbox 3365 2534 3435 2587; x_wconf 87' lang='lat' dir='ltr'><strong>ad</strong></span> <span class='ocrx_word' id='word_1_537' title='bbox 3459 2548 3540 2588; x_wconf 86' lang='lat' dir='ltr'><strong>me</strong></span> 
     </span>
    </p>
   </div>
   <div class='ocr_carea' id='block_1_70' title="bbox 1936 2624 3542 2698">
    <p class='ocr_par' dir='ltr' id='par_1_70' title="bbox 1936 2624 3542 2698">
     <span class='ocr_line' id='line_1_70' title="bbox 1936 2624 3542 2698; baseline 0.003 -18"><span class='ocrx_word' id='word_1_538' title='bbox 1936 2624 2107 2693; x_wconf 88' lang='lat' dir='ltr'><strong>(Gen.</strong></span> <span class='ocrx_word' id='word_1_539' title='bbox 2148 2641 2224 2693; x_wconf 92' lang='lat' dir='ltr'><strong>tv,</strong></span> <span class='ocrx_word' id='word_1_540' title='bbox 2260 2624 2391 2698; x_wconf 89' lang='grc'><strong>10).</strong></span> <span class='ocrx_word' id='word_1_541' title='bbox 2423 2626 2492 2681; x_wconf 88' lang='lat' dir='ltr'><strong>Et</strong></span> <span class='ocrx_word' id='word_1_542' title='bbox 2524 2625 2612 2682; x_wconf 92' lang='lat' dir='ltr'><strong>hic</strong></span> <span class='ocrx_word' id='word_1_543' title='bbox 2640 2627 2862 2698; x_wconf 86' lang='lat' dir='ltr'><strong>sanguis</strong></span> <span class='ocrx_word' id='word_1_544' title='bbox 2901 2627 3102 2683; x_wconf 89' lang='lat' dir='ltr'><strong>clamat</strong></span> <span class='ocrx_word' id='word_1_545' title='bbox 3147 2628 3354 2684; x_wconf 87' lang='lat' dir='ltr'><strong>coloris</strong></span> <span class='ocrx_word' id='word_1_546' title='bbox 3405 2626 3542 2685; x_wconf 90' lang='lat' dir='ltr'><strong>indi-</strong></span> 
     </span>
    </p>
   </div>
   <div class='ocr_carea' id='block_1_71' title="bbox 1936 2718 3543 2794">
    <p class='ocr_par' dir='ltr' id='par_1_71' title="bbox 1936 2718 3543 2794">
     <span class='ocr_line' id='line_1_71' title="bbox 1936 2718 3543 2794; baseline 0.002 -20"><span class='ocrx_word' id='word_1_547' title='bbox 1936 2718 2022 2774; x_wconf 91' lang='lat' dir='ltr'><strong>cio</strong></span> <span class='ocrx_word' id='word_1_548' title='bbox 2048 2737 2061 2772; x_wconf 92' lang='lat'><strong>:</strong></span> <span class='ocrx_word' id='word_1_549' title='bbox 2087 2720 2310 2791; x_wconf 85' lang='lat' dir='ltr'><strong>sanguis</strong></span> <span class='ocrx_word' id='word_1_550' title='bbox 2347 2720 2548 2776; x_wconf 90' lang='lat' dir='ltr'><strong>clamat</strong></span> <span class='ocrx_word' id='word_1_551' title='bbox 2585 2721 2928 2792; x_wconf 85' lang='lat' dir='ltr'><strong>operationis</strong></span> <span class='ocrx_word' id='word_1_552' title='bbox 2979 2721 3292 2792; x_wconf 69' lang='lat' dir='ltr'><strong>praeconio:</strong></span> <span class='ocrx_word' id='word_1_553' title='bbox 3319 2722 3543 2794; x_wconf 88' lang='lat' dir='ltr'><strong>sanguis</strong></span> 
     </span>
    </p>
   </div>
   <div class='ocr_carea' id='block_1_72' title="bbox 1935 2811 3538 2886">
    <p class='ocr_par' dir='ltr' id='par_1_72' title="bbox 1935 2811 3538 2886">
     <span class='ocr_line' id='line_1_72' title="bbox 1935 2811 3538 2886; baseline 0.001 -18"><span class='ocrx_word' id='word_1_554' title='bbox 1935 2811 2134 2868; x_wconf 89' lang='lat' dir='ltr'><strong>clamat</strong></span> <span class='ocrx_word' id='word_1_555' title='bbox 2161 2813 2429 2884; x_wconf 79' lang='lat' dir='ltr'><strong>passionis</strong></span> <span class='ocrx_word' id='word_1_556' title='bbox 2475 2814 2775 2886; x_wconf 90' lang='lat' dir='ltr'><strong>triumpho.</strong></span> <span class='ocrx_word' id='word_1_557' title='bbox 2805 2811 2832 2852; x_wconf 73' lang='grc' dir='ltr'>ἀ</span> <span class='ocrx_word' id='word_1_558' title='bbox 2864 2815 3213 2872; x_wconf 89' lang='lat' dir='ltr'><strong>Satisfactum</strong></span> <span class='ocrx_word' id='word_1_559' title='bbox 3254 2824 3341 2872; x_wconf 90' lang='lat' dir='ltr'><strong>est</strong></span> <span class='ocrx_word' id='word_1_560' title='bbox 3398 2815 3538 2886; x_wconf 88' lang='lat' dir='ltr'><strong>peti-</strong></span> 
     </span>
    </p>
   </div>
   <div class='ocr_carea' id='block_1_73' title="bbox 1938 2903 3539 2970">
    <p class='ocr_par' dir='ltr' id='par_1_73' title="bbox 1938 2903 3539 2970">
     <span class='ocr_line' id='line_1_73' title="bbox 1938 2903 3539 2970; baseline 0.002 -12"><span class='ocrx_word' id='word_1_561' title='bbox 1938 2903 2070 2959; x_wconf 89' lang='lat' dir='ltr'><strong>tioni</strong></span> <span class='ocrx_word' id='word_1_562' title='bbox 2105 2913 2334 2970; x_wconf 84' lang='lat' dir='ltr'><strong>vestrae,</strong></span> <span class='ocrx_word' id='word_1_563' title='bbox 2365 2913 2424 2961; x_wconf 95' lang='lat' dir='ltr'><strong>ut</strong></span> <span class='ocrx_word' id='word_1_564' title='bbox 2450 2906 2766 2963; x_wconf 87' lang='lat' dir='ltr'><strong>condendas</strong></span> <span class='ocrx_word' id='word_1_565' title='bbox 2799 2905 3059 2963; x_wconf 90' lang='lat' dir='ltr'><strong>hesterno</strong></span> <span class='ocrx_word' id='word_1_566' title='bbox 3111 2907 3165 2962; x_wconf 93' lang='lat' dir='ltr'><strong>in</strong></span> <span class='ocrx_word' id='word_1_567' title='bbox 3212 2905 3539 2963; x_wconf 89' lang='lat' dir='ltr'><strong>hodiernum</strong></span> 
     </span>
    </p>
   </div>
   <div class='ocr_carea' id='block_1_74' title="bbox 1937 2993 2744 3069">
    <p class='ocr_par' dir='ltr' id='par_1_74' title="bbox 1937 2993 2744 3069">
     <span class='ocr_line' id='line_1_74' title="bbox 1937 2993 2744 3069; baseline 0.004 -19"><span class='ocrx_word' id='word_1_568' title='bbox 1937 2993 2082 3051; x_wconf 89' lang='lat' dir='ltr'><strong>diem</strong></span> <span class='ocrx_word' id='word_1_569' title='bbox 2105 2995 2448 3053; x_wconf 77' lang='lat' dir='ltr'><strong>differretnus</strong></span> <span class='ocrx_word' id='word_1_570' title='bbox 2467 2998 2744 3069; x_wconf 90' lang='lat' dir='ltr'><strong>reliquias.</strong></span> 
     </span>
    </p>
   </div>
   <div class='ocr_carea' id='block_1_75' title="bbox 2427 3133 3056 3191">
    <p class='ocr_par' dir='ltr' id='par_1_75' title="bbox 2427 3133 3056 3191">
     <span class='ocr_line' id='line_1_75' title="bbox 2427 3133 3056 3191; baseline -0.002 -1"><span class='ocrx_word' id='word_1_571' title='bbox 2427 3144 2447 3170; x_wconf 78' lang='grc' dir='ltr'><strong>ο</strong></span> <span class='ocrx_word' id='word_1_572' title='bbox 2489 3133 2827 3191; x_wconf 77' lang='lat' dir='ltr'><strong>EPISTULA</strong></span> <span class='ocrx_word' id='word_1_573' title='bbox 2865 3133 3056 3191; x_wconf 77' lang='lat' dir='ltr'><strong>XXIII.</strong></span> 
     </span>
    </p>
   </div>
   <div class='ocr_carea' id='block_1_76' title="bbox 1933 3243 3546 3320">
    <p class='ocr_par' dir='ltr' id='par_1_76' title="bbox 1933 3243 3546 3320">
     <span class='ocr_line' id='line_1_76' title="bbox 1933 3243 3546 3320; baseline 0.004 -21"><span class='ocrx_word' id='word_1_574' title='bbox 1933 3243 2229 3314; x_wconf 79' lang='lat' dir='ltr'><strong>Deﬁniendi</strong></span> <span class='ocrx_word' id='word_1_575' title='bbox 2257 3246 2554 3317; x_wconf 84' lang='lat' dir='ltr'><strong>paschalem</strong></span> <span class='ocrx_word' id='word_1_576' title='bbox 2577 3248 2712 3303; x_wconf 88' lang='lat' dir='ltr'><strong>diem</strong></span> <span class='ocrx_word' id='word_1_577' title='bbox 2727 3249 3029 3320; x_wconf 69' lang='lat' dir='ltr'><strong>diﬁicultatc</strong></span> <span class='ocrx_word' id='word_1_578' title='bbox 3056 3265 3118 3305; x_wconf 87' lang='lat' dir='ltr'><strong>ac</strong></span> <span class='ocrx_word' id='word_1_579' title='bbox 3141 3250 3299 3306; x_wconf 83' lang='lat' dir='ltr'><strong>simul</strong></span> <span class='ocrx_word' id='word_1_580' title='bbox 3324 3251 3546 3308; x_wconf 78' lang='lat' dir='ltr'><strong>necessi-</strong></span> 
     </span>
    </p>
   </div>
   <div class='ocr_carea' id='block_1_77' title="bbox 2005 3341 3548 3413">
    <p class='ocr_par' dir='ltr' id='par_1_77' title="bbox 2005 3341 3548 3413">
     <span class='ocr_line' id='line_1_77' title="bbox 2005 3341 3548 3413; baseline 0.006 -21"><span class='ocrx_word' id='word_1_581' title='bbox 2005 3348 2110 3393; x_wconf 83' lang='lat' dir='ltr'><strong>tate</strong></span> <span class='ocrx_word' id='word_1_582' title='bbox 2134 3341 2416 3411; x_wconf 78' lang='lat' dir='ltr'><strong>propositis</strong></span> <span class='ocrx_word' id='word_1_583' title='bbox 2435 3384 2452 3408; x_wconf 87' lang='lat'><strong>,</strong></span> <span class='ocrx_word' id='word_1_584' title='bbox 2484 3342 2680 3397; x_wconf 89' lang='lat' dir='ltr'><strong>licitant</strong></span> <span class='ocrx_word' id='word_1_585' title='bbox 2707 3359 2816 3398; x_wconf 85' lang='lat' dir='ltr'><strong>esse</strong></span> <span class='ocrx_word' id='word_1_586' title='bbox 2865 3345 3067 3400; x_wconf 89' lang='lat' dir='ltr'><strong>dierum</strong></span> <span class='ocrx_word' id='word_1_587' title='bbox 3111 3344 3548 3413; x_wconf 77' lang='lat' dir='ltr'><strong>obseruationem,</strong></span> 
     </span>
    </p>
   </div>
   <div class='ocr_carea' id='block_1_78' title="bbox 2007 3431 3544 3508">
    <p class='ocr_par' dir='ltr' id='par_1_78' title="bbox 2007 3431 3544 3508">
     <span class='ocr_line' id='line_1_78' title="bbox 2007 3431 3544 3508; baseline 0.005 -24"><span class='ocrx_word' id='word_1_588' title='bbox 2007 3431 2130 3485; x_wconf 88' lang='lat' dir='ltr'><strong>dum</strong></span> <span class='ocrx_word' id='word_1_589' title='bbox 2168 3434 2465 3502; x_wconf 81' lang='lat' dir='ltr'><strong>superstitio</strong></span> <span class='ocrx_word' id='word_1_590' title='bbox 2504 3435 2667 3501; x_wconf 82' lang='lat' dir='ltr'><strong>absit,</strong></span> <span class='ocrx_word' id='word_1_591' title='bbox 2713 3436 2932 3504; x_wconf 83' lang='lat' dir='ltr'><strong>probat,</strong></span> <span class='ocrx_word' id='word_1_592' title='bbox 2972 3453 3222 3508; x_wconf 75' lang='lat' dir='ltr'><strong>suumque</strong></span> <span class='ocrx_word' id='word_1_593' title='bbox 3269 3437 3544 3494; x_wconf 76' lang='lat' dir='ltr'><strong>consilium</strong></span> 
     </span>
    </p>
   </div>
   <div class='ocr_carea' id='block_1_79' title="bbox 2010 3527 3546 3604">
    <p class='ocr_par' dir='ltr' id='par_1_79' title="bbox 2010 3527 3546 3604">
     <span class='ocr_line' id='line_1_79' title="bbox 2010 3527 3546 3604; baseline 0.005 -23"><span class='ocrx_word' id='word_1_594' title='bbox 2010 3528 2194 3599; x_wconf 89' lang='lat' dir='ltr'><strong>aperit.</strong></span> <span class='ocrx_word' id='word_1_595' title='bbox 2225 3527 2308 3582; x_wconf 80' lang='lat' dir='ltr'><strong>Ad</strong></span> <span class='ocrx_word' id='word_1_596' title='bbox 2335 3530 2432 3584; x_wconf 82' lang='lat' dir='ltr'><strong>hoc</strong></span> <span class='ocrx_word' id='word_1_597' title='bbox 2471 3547 2710 3601; x_wconf 80' lang='lat' dir='ltr'><strong>quamam</strong></span> <span class='ocrx_word' id='word_1_598' title='bbox 2753 3531 3148 3598; x_wconf 89' lang='lat' dir='ltr'><strong>consideranda,</strong></span> <span class='ocrx_word' id='word_1_599' title='bbox 3179 3549 3344 3604; x_wconf 82' lang='lat' dir='ltr'><strong>quove</strong></span> <span class='ocrx_word' id='word_1_600' title='bbox 3391 3541 3546 3604; x_wconf 88' lang='lat' dir='ltr'><strong>pacto</strong></span> 
     </span>
    </p>
   </div>
   <div class='ocr_carea' id='block_1_80' title="bbox 2006 3613 3549 3694">
    <p class='ocr_par' dir='ltr' id='par_1_80' title="bbox 2006 3613 3549 3694">
     <span class='ocr_line' id='line_1_80' title="bbox 2006 3613 3549 3694; baseline 0.004 -20"><span class='ocrx_word' id='word_1_601' title='bbox 2006 3619 2326 3676; x_wconf 80' lang='lat' dir='ltr'><strong>obseruanda</strong></span> <span class='ocrx_word' id='word_1_602' title='bbox 2354 3620 2508 3676; x_wconf 75' lang='lat' dir='ltr'><strong>Lex?</strong></span> <span class='ocrx_word' id='word_1_603' title='bbox 2542 3620 2672 3676; x_wconf 83' lang='lat' dir='ltr'><strong>Post</strong></span> <span class='ocrx_word' id='word_1_604' title='bbox 2698 3638 2814 3693; x_wconf 70' lang='lat' dir='ltr'><strong>quae</strong></span> <span class='ocrx_word' id='word_1_605' title='bbox 2837 3624 2973 3679; x_wconf 88' lang='lat' dir='ltr'><strong>diem</strong></span> <span class='ocrx_word' id='word_1_606' title='bbox 3010 3613 3269 3694; x_wconf 78' lang='lat' dir='ltr'><strong>passionis</strong></span> <span class='ocrx_word' id='word_1_607' title='bbox 3308 3641 3370 3678; x_wconf 91' lang='lat' dir='ltr'><strong>ac</strong></span> <span class='ocrx_word' id='word_1_608' title='bbox 3409 3625 3549 3680; x_wconf 86' lang='lat' dir='ltr'><strong>diem</strong></span> 
     </span>
    </p>
   </div>
   <div class='ocr_carea' id='block_1_81' title="bbox 2006 3715 3548 3789">
    <p class='ocr_par' dir='ltr' id='par_1_81' title="bbox 2006 3715 3548 3789">
     <span class='ocr_line' id='line_1_81' title="bbox 2006 3715 3548 3789; baseline 0.003 -21"><span class='ocrx_word' id='word_1_609' title='bbox 2006 3715 2394 3769; x_wconf 80' lang='lat' dir='ltr'><strong>resurrectionis</strong></span> <span class='ocrx_word' id='word_1_610' title='bbox 2438 3715 2834 3789; x_wconf 85' lang='lat' dir='ltr'><strong>distinguendos</strong></span> <span class='ocrx_word' id='word_1_611' title='bbox 2880 3733 2990 3772; x_wconf 90' lang='lat' dir='ltr'><strong>esse</strong></span> <span class='ocrx_word' id='word_1_612' title='bbox 3023 3718 3109 3772; x_wconf 82' lang='lat' dir='ltr'><strong>ubi</strong></span> <span class='ocrx_word' id='word_1_613' title='bbox 3135 3718 3548 3788; x_wconf 74' lang='lat' dir='ltr'><strong>demonstravit,</strong></span> 
     </span>
    </p>
   </div>
   <div class='ocr_carea' id='block_1_82' title="bbox 2008 3806 3548 3880">
    <p class='ocr_par' dir='ltr' id='par_1_82' title="bbox 2008 3806 3548 3880">
     <span class='ocr_line' id='line_1_82' title="bbox 2008 3806 3548 3880; baseline 0.003 -21"><span class='ocrx_word' id='word_1_614' title='bbox 2008 3806 2430 3878; x_wconf 71' lang='lat' dir='ltr'><strong>diﬁicultatesque</strong></span> <span class='ocrx_word' id='word_1_615' title='bbox 2455 3807 2605 3861; x_wconf 87' lang='lat' dir='ltr'><strong>diluit</strong></span> <span class='ocrx_word' id='word_1_616' title='bbox 2631 3808 2868 3878; x_wconf 78' lang='lat' dir='ltr'><strong>exemplo</strong></span> <span class='ocrx_word' id='word_1_617' title='bbox 2887 3817 3174 3880; x_wconf 83' lang='lat' dir='ltr'><strong>temporum</strong></span> <span class='ocrx_word' id='word_1_618' title='bbox 3195 3810 3548 3879; x_wconf 79' lang='lat' dir='ltr'><strong>superiorum;</strong></span> 
     </span>
    </p>
   </div>
   <div class='ocr_carea' id='block_1_83' title="bbox 2009 3900 3549 3970">
    <p class='ocr_par' dir='ltr' id='par_1_83' title="bbox 2009 3900 3549 3970">
     <span class='ocr_line' id='line_1_83' title="bbox 2009 3900 3549 3970; baseline 0.002 -16"><span class='ocrx_word' id='word_1_619' title='bbox 2009 3900 2078 3954; x_wconf 88' lang='lat' dir='ltr'><strong>ad</strong></span> <span class='ocrx_word' id='word_1_620' title='bbox 2101 3901 2326 3956; x_wconf 86' lang='lat' dir='ltr'><strong>litteram</strong></span> <span class='ocrx_word' id='word_1_621' title='bbox 2369 3916 2463 3955; x_wconf 87' lang='lat' dir='ltr'><strong>nos</strong></span> <span class='ocrx_word' id='word_1_622' title='bbox 2490 3915 2591 3956; x_wconf 89' lang='lat' dir='ltr'><strong>non</strong></span> <span class='ocrx_word' id='word_1_623' title='bbox 2630 3901 2791 3954; x_wconf 85' lang='lat' dir='ltr'><strong>teneri</strong></span> <span class='ocrx_word' id='word_1_624' title='bbox 2828 3900 3061 3956; x_wconf 85' lang='lat' dir='ltr'><strong>declarat</strong></span> <span class='ocrx_word' id='word_1_625' title='bbox 3093 3917 3111 3956; x_wconf 92' lang='lat'><strong>:</strong></span> <span class='ocrx_word' id='word_1_626' title='bbox 3139 3910 3186 3958; x_wconf 86' lang='lat' dir='ltr'><strong>et</strong></span> <span class='ocrx_word' id='word_1_627' title='bbox 3236 3903 3549 3970; x_wconf 80' lang='lat' dir='ltr'><strong>conﬁrmata</strong></span> 
     </span>
    </p>
   </div>
   <div class='ocr_carea' id='block_1_84' title="bbox 2009 3995 3549 4069">
    <p class='ocr_par' dir='ltr' id='par_1_84' title="bbox 2009 3995 3549 4069">
     <span class='ocr_line' id='line_1_84' title="bbox 2009 3995 3549 4069; baseline 0 -19"><span class='ocrx_word' id='word_1_628' title='bbox 2009 4005 2116 4051; x_wconf 87' lang='lat' dir='ltr'><strong>tota</strong></span> <span class='ocrx_word' id='word_1_629' title='bbox 2141 3998 2510 4069; x_wconf 85' lang='lat' dir='ltr'><strong>disputatione,</strong></span> <span class='ocrx_word' id='word_1_630' title='bbox 2541 3997 2754 4052; x_wconf 81' lang='lat' dir='ltr'><strong>virtutes</strong></span> <span class='ocrx_word' id='word_1_631' title='bbox 2781 3995 3104 4052; x_wconf 67' lang='lat' dir='ltr'><strong>celebranda</strong></span> <span class='ocrx_word' id='word_1_632' title='bbox 3129 3995 3338 4069; x_wconf 75' lang='lat' dir='ltr'><strong>pasclue</strong></span> <span class='ocrx_word' id='word_1_633' title='bbox 3371 4011 3549 4050; x_wconf 84' lang='lat' dir='ltr'><strong>neces-</strong></span> 
     </span>
    </p>
   </div>
   <div class='ocr_carea' id='block_1_85' title="bbox 2010 4091 2519 4162">
    <p class='ocr_par' dir='ltr' id='par_1_85' title="bbox 2010 4091 2519 4162">
     <span class='ocr_line' id='line_1_85' title="bbox 2010 4091 2519 4162; baseline -0.002 -18"><span class='ocrx_word' id='word_1_634' title='bbox 2010 4091 2176 4144; x_wconf 85' lang='lat' dir='ltr'><strong>sarias</strong></span> <span class='ocrx_word' id='word_1_635' title='bbox 2202 4091 2519 4162; x_wconf 82' lang='lat' dir='ltr'><strong>perstringit.</strong></span> 
     </span>
    </p>
   </div>
   <div class='ocr_carea' id='block_1_86' title="bbox 1940 4202 3552 4276">
    <p class='ocr_par' dir='ltr' id='par_1_86' title="bbox 1940 4202 3552 4276">
     <span class='ocr_line' id='line_1_86' title="bbox 1940 4202 3552 4276; baseline 0.001 -16"><span class='ocrx_word' id='word_1_636' title='bbox 1940 4204 2186 4260; x_wconf 89' lang='lat' dir='ltr'><strong>Dominis</strong></span> <span class='ocrx_word' id='word_1_637' title='bbox 2215 4204 2478 4260; x_wconf 90' lang='lat' dir='ltr'><strong>fratribus</strong></span> <span class='ocrx_word' id='word_1_638' title='bbox 2506 4203 2879 4262; x_wconf 88' lang='lat' dir='ltr'><strong>dilectissimis</strong></span> <span class='ocrx_word' id='word_1_639' title='bbox 2915 4204 3194 4276; x_wconf 82' lang='lat' dir='ltr'><strong>episcOpis</strong></span> <span class='ocrx_word' id='word_1_640' title='bbox 3245 4219 3344 4276; x_wconf 90' lang='lat' dir='ltr'><strong>per</strong></span> <span class='ocrx_word' id='word_1_641' title='bbox 3375 4202 3552 4263; x_wconf 66' lang='lat' dir='ltr'><strong>Emi-</strong></span> 
     </span>
    </p>
   </div>
   <div class='ocr_carea' id='block_1_87' title="bbox 2016 4297 3185 4372">
    <p class='ocr_par' dir='ltr' id='par_1_87' title="bbox 2016 4297 3185 4372">
     <span class='ocr_line' id='line_1_87' title="bbox 2016 4297 3185 4372; baseline 0.002 -20"><span class='ocrx_word' id='word_1_642' title='bbox 2016 4297 2148 4353; x_wconf 89' lang='lat' dir='ltr'><strong>liam</strong></span> <span class='ocrx_word' id='word_1_643' title='bbox 2172 4299 2488 4355; x_wconf 91' lang='lat' dir='ltr'><strong>constitutis</strong></span> <span class='ocrx_word' id='word_1_644' title='bbox 2528 4299 2847 4357; x_wconf 87' lang='lat' dir='ltr'><strong>Ambrosius</strong></span> <span class='ocrx_word' id='word_1_645' title='bbox 2873 4301 3185 4372; x_wconf 91' lang='lat' dir='ltr'><strong>episcopus.</strong></span> 
     </span>
    </p>
   </div>
   <div class='ocr_carea' id='block_1_88' title="bbox 2020 4411 3551 4485">
    <p class='ocr_par' dir='ltr' id='par_1_88' title="bbox 2020 4411 3551 4485">
     <span class='ocr_line' id='line_1_88' title="bbox 2020 4411 3551 4485; baseline 0.002 -17"><span class='ocrx_word' id='word_1_646' title='bbox 2020 4413 2068 4468; x_wconf 89' lang='grc'><strong>1.</strong></span> <span class='ocrx_word' id='word_1_647' title='bbox 2112 4411 2229 4468; x_wconf 81' lang='lat' dir='ltr'><strong>Non</strong></span> <span class='ocrx_word' id='word_1_648' title='bbox 2271 4413 2564 4472; x_wconf 89' lang='lat' dir='ltr'><strong>mediocris</strong></span> <span class='ocrx_word' id='word_1_649' title='bbox 2592 4429 2716 4472; x_wconf 89' lang='lat' dir='ltr'><strong>esse</strong></span> <span class='ocrx_word' id='word_1_650' title='bbox 2745 4414 3028 4485; x_wconf 63' lang='lat' dir='ltr'><strong>sapientiae</strong></span> <span class='ocrx_word' id='word_1_651' title='bbox 3067 4413 3213 4471; x_wconf 90' lang='lat' dir='ltr'><strong>diem</strong></span> <span class='ocrx_word' id='word_1_652' title='bbox 3255 4413 3551 4472; x_wconf 88' lang='lat' dir='ltr'><strong>celebrita-</strong></span> 
     </span>
    </p>
   </div>
   <div class='ocr_carea' id='block_1_89' title="bbox 1943 4504 3548 4578">
    <p class='ocr_par' dir='ltr' id='par_1_89' title="bbox 1943 4504 3548 4578">
     <span class='ocr_line' id='line_1_89' title="bbox 1943 4504 3548 4578; baseline 0.002 -18"><span class='ocrx_word' id='word_1_653' title='bbox 1943 4506 2016 4562; x_wconf 90' lang='lat' dir='ltr'><strong>tis</strong></span> <span class='ocrx_word' id='word_1_654' title='bbox 2042 4504 2274 4562; x_wconf 86' lang='lat' dir='ltr'><strong>deﬁnire</strong></span> <span class='ocrx_word' id='word_1_655' title='bbox 2302 4505 2575 4578; x_wconf 85' lang='lat' dir='ltr'><strong>paschalis</strong></span> <span class='ocrx_word' id='word_1_656' title='bbox 2594 4516 2652 4564; x_wconf 89' lang='lat' dir='ltr'><strong>et</strong></span> <span class='ocrx_word' id='word_1_657' title='bbox 2672 4507 2954 4577; x_wconf 88' lang='lat' dir='ltr'><strong>Scriptura</strong></span> <span class='ocrx_word' id='word_1_658' title='bbox 2971 4505 3151 4563; x_wconf 88' lang='lat' dir='ltr'><strong>divina</strong></span> <span class='ocrx_word' id='word_1_659' title='bbox 3177 4521 3278 4563; x_wconf 87' lang='lat' dir='ltr'><strong>nos</strong></span> <span class='ocrx_word' id='word_1_660' title='bbox 3303 4506 3548 4577; x_wconf 89' lang='lat' dir='ltr'><strong>instruit,</strong></span> 
     </span>
    </p>
   </div>
   <div class='ocr_carea' id='block_1_90' title="bbox 239 4583 3553 4674">
    <p class='ocr_par' dir='ltr' id='par_1_90' title="bbox 239 4583 3553 4674">
     <span class='ocr_line' id='line_1_90' title="bbox 239 4583 3553 4674; baseline 0.003 -28"><span class='ocrx_word' id='word_1_661' title='bbox 239 4588 564 4647; x_wconf 78' lang='lat' dir='ltr'><strong>fessionem.</strong></span> <span class='ocrx_word' id='word_1_662' title='bbox 591 4587 798 4644; x_wconf 91' lang='lat' dir='ltr'><strong>Invitus</strong></span> <span class='ocrx_word' id='word_1_663' title='bbox 819 4589 956 4646; x_wconf 80' lang='lat' dir='ltr'><strong>dixit</strong></span> <span class='ocrx_word' id='word_1_664' title='bbox 982 4591 1252 4663; x_wconf 89' lang='lat' dir='ltr'><strong>diabolus,</strong></span> <span class='ocrx_word' id='word_1_665' title='bbox 1286 4596 1382 4652; x_wconf 91' lang='lat' dir='ltr'><strong>sed</strong></span> <span class='ocrx_word' id='word_1_666' title='bbox 1411 4608 1636 4654; x_wconf 83' lang='lat' dir='ltr'><strong>exactus</strong></span> <span class='ocrx_word' id='word_1_667' title='bbox 1655 4609 1710 4655; x_wconf 90' lang='lat' dir='ltr'><strong>et</strong></span> <span class='ocrx_word' id='word_1_668' title='bbox 1735 4611 1847 4656; x_wconf 92' lang='lat' dir='ltr'><strong>tor-</strong></span> <span class='ocrx_word' id='word_1_669' title='bbox 1870 4583 1927 4645; x_wconf 80' lang='grc' dir='ltr'><strong>Ῑ)</strong></span> <span class='ocrx_word' id='word_1_670' title='bbox 1950 4611 2006 4658; x_wconf 91' lang='lat' dir='ltr'><strong>et</strong></span> <span class='ocrx_word' id='word_1_671' title='bbox 2026 4602 2246 4660; x_wconf 88' lang='lat' dir='ltr'><strong>traditio</strong></span> <span class='ocrx_word' id='word_1_672' title='bbox 2283 4601 2587 4674; x_wconf 88' lang='lat' dir='ltr'><strong>majorum:</strong></span> <span class='ocrx_word' id='word_1_673' title='bbox 2620 4602 2710 4673; x_wconf 84' lang='lat' dir='ltr'><strong>qui</strong></span> <span class='ocrx_word' id='word_1_674' title='bbox 2729 4602 3116 4658; x_wconf 89' lang='lat' dir='ltr'><strong>convenientes</strong></span> <span class='ocrx_word' id='word_1_675' title='bbox 3142 4599 3161 4638; x_wconf 71' lang='grc' dir='ltr'><em>ί</em></span> <span class='ocrx_word' id='word_1_676' title='bbox 3192 4599 3259 4655; x_wconf 91' lang='lat' dir='ltr'><strong>ad</strong></span> <span class='ocrx_word' id='word_1_677' title='bbox 3281 4601 3553 4672; x_wconf 92' lang='lat' dir='ltr'><strong>synodum</strong></span> 
     </span>
    </p>
   </div>
   <div class='ocr_carea' id='block_1_91' title="bbox 316 4725 1846 4797">
    <p class='ocr_par' dir='ltr' id='par_1_91' title="bbox 316 4725 1846 4797">
     <span class='ocr_line' id='line_1_91' title="bbox 316 4725 1846 4797; baseline 0.007 -15"><span class='ocrx_word' id='word_1_678' title='bbox 316 4738 342 4765; x_wconf 73' lang='grc' dir='ltr'>ει</span> <span class='ocrx_word' id='word_1_679' title='bbox 380 4727 583 4783; x_wconf 89' lang='lat' dir='ltr'><strong>Omnes</strong></span> <span class='ocrx_word' id='word_1_680' title='bbox 612 4725 770 4791; x_wconf 87' lang='lat' dir='ltr'><strong>edit.,</strong></span> <span class='ocrx_word' id='word_1_681' title='bbox 803 4742 914 4780; x_wconf 84' lang='lat' dir='ltr'><strong>esse</strong></span> <span class='ocrx_word' id='word_1_682' title='bbox 939 4729 1159 4797; x_wconf 80' lang='lat' dir='ltr'><strong>saluum,</strong></span> <span class='ocrx_word' id='word_1_683' title='bbox 1205 4733 1293 4797; x_wconf 86' lang='lat' dir='ltr'><strong>qui</strong></span> <span class='ocrx_word' id='word_1_684' title='bbox 1325 4732 1538 4790; x_wconf 87' lang='lat' dir='ltr'><strong>Patrem</strong></span> <span class='ocrx_word' id='word_1_685' title='bbox 1569 4745 1616 4792; x_wconf 93' lang='lat' dir='ltr'><strong>et</strong></span> <span class='ocrx_word' id='word_1_686' title='bbox 1643 4735 1846 4792; x_wconf 88' lang='lat' dir='ltr'><strong>Filium</strong></span> 
     </span>
    </p>
   </div>
   <div class='ocr_carea' id='block_1_92' title="bbox 237 4800 1844 4876">
    <p class='ocr_par' dir='ltr' id='par_1_92' title="bbox 237 4800 1844 4876">
     <span class='ocr_line' id='line_1_92' title="bbox 237 4800 1844 4876; baseline 0.002 -20"><span class='ocrx_word' id='word_1_687' title='bbox 237 4809 290 4857; x_wconf 87' lang='lat' dir='ltr'><strong>et</strong></span> <span class='ocrx_word' id='word_1_688' title='bbox 319 4800 577 4876; x_wconf 79' lang='lat' dir='ltr'><strong>Spiritum</strong></span> <span class='ocrx_word' id='word_1_689' title='bbox 593 4806 828 4852; x_wconf 87' lang='lat' dir='ltr'><strong>sanctum</strong></span> <span class='ocrx_word' id='word_1_690' title='bbox 855 4809 1084 4876; x_wconf 77' lang='lat' dir='ltr'><strong>negaret,</strong></span> <span class='ocrx_word' id='word_1_691' title='bbox 1104 4803 1193 4876; x_wconf 85' lang='lat' dir='ltr'><strong>qui</strong></span> <span class='ocrx_word' id='word_1_692' title='bbox 1217 4800 1508 4872; x_wconf 81' lang='lat' dir='ltr'><strong>Trinitatis,</strong></span> <span class='ocrx_word' id='word_1_693' title='bbox 1542 4818 1686 4876; x_wconf 91' lang='lat' dir='ltr'><strong>etc.;</strong></span> <span class='ocrx_word' id='word_1_694' title='bbox 1712 4826 1844 4864; x_wconf 87' lang='lat' dir='ltr'><strong>mss.</strong></span> 
     </span>
    </p>
   </div>
   <div class='ocr_carea' id='block_1_93' title="bbox 237 4869 1846 4941">
    <p class='ocr_par' dir='ltr' id='par_1_93' title="bbox 237 4869 1846 4941">
     <span class='ocr_line' id='line_1_93' title="bbox 237 4869 1846 4941; baseline 0.004 -13"><span class='ocrx_word' id='word_1_695' title='bbox 237 4880 432 4941; x_wconf 74' lang='lat' dir='ltr'><strong>contra</strong></span> <span class='ocrx_word' id='word_1_696' title='bbox 457 4870 606 4924; x_wconf 89' lang='lat' dir='ltr'><strong>nullo</strong></span> <span class='ocrx_word' id='word_1_697' title='bbox 622 4878 850 4938; x_wconf 83' lang='lat' dir='ltr'><strong>excepto</strong></span> <span class='ocrx_word' id='word_1_698' title='bbox 869 4869 1047 4924; x_wconf 91' lang='lat' dir='ltr'><strong>locum</strong></span> <span class='ocrx_word' id='word_1_699' title='bbox 1068 4869 1381 4941; x_wconf 87' lang='lat' dir='ltr'><strong>restituunt,</strong></span> <span class='ocrx_word' id='word_1_700' title='bbox 1406 4887 1466 4932; x_wconf 91' lang='lat' dir='ltr'><strong>ut</strong></span> <span class='ocrx_word' id='word_1_701' title='bbox 1495 4869 1548 4933; x_wconf 85' lang='lat' dir='ltr'><strong>in</strong></span> <span class='ocrx_word' id='word_1_702' title='bbox 1570 4869 1846 4935; x_wconf 77' lang='lat' dir='ltr'><strong>contextu.</strong></span> 
     </span>
    </p>
   </div>
   <div class='ocr_carea' id='block_1_94' title="bbox 315 4939 1848 5017">
    <p class='ocr_par' dir='ltr' id='par_1_94' title="bbox 315 4939 1848 5017">
     <span class='ocr_line' id='line_1_94' title="bbox 315 4939 1848 5017; baseline 0.008 -23"><span class='ocrx_word' id='word_1_703' title='bbox 315 4941 344 4980; x_wconf 72' lang='grc' dir='ltr'><strong>ιι</strong></span> <span class='ocrx_word' id='word_1_704' title='bbox 371 4939 684 5017; x_wconf 57' lang='lat' dir='ltr'><strong>Errorquet</strong></span> <span class='ocrx_word' id='word_1_705' title='bbox 708 4941 946 5017; x_wconf 72' lang='lat' dir='ltr'><strong>injuria,</strong></span> <span class='ocrx_word' id='word_1_706' title='bbox 1009 4941 1062 4998; x_wconf 90' lang='lat' dir='ltr'><strong>id</strong></span> <span class='ocrx_word' id='word_1_707' title='bbox 1093 4954 1196 5010; x_wconf 91' lang='lat' dir='ltr'><strong>est,</strong></span> <span class='ocrx_word' id='word_1_708' title='bbox 1230 4939 1542 5017; x_wconf 83' lang='lat' dir='ltr'><strong>cruciatus,</strong></span> <span class='ocrx_word' id='word_1_709' title='bbox 1586 4960 1641 5005; x_wconf 92' lang='lat' dir='ltr'><strong>et</strong></span> <span class='ocrx_word' id='word_1_710' title='bbox 1669 4951 1848 5007; x_wconf 91' lang='lat' dir='ltr'><strong>dolor.</strong></span> 
     </span>
    </p>
   </div>
   <div class='ocr_carea' id='block_1_95' title="bbox 239 5011 1851 5088">
    <p class='ocr_par' dir='ltr' id='par_1_95' title="bbox 239 5011 1851 5088">
     <span class='ocr_line' id='line_1_95' title="bbox 239 5011 1851 5088; baseline 0.005 -19"><span class='ocrx_word' id='word_1_711' title='bbox 239 5013 464 5088; x_wconf 85' lang='lat' dir='ltr'><strong>Sic_lib.</strong></span> <span class='ocrx_word' id='word_1_712' title='bbox 498 5029 533 5066; x_wconf 93' lang='lat' dir='ltr'><strong>tt</strong></span> <span class='ocrx_word' id='word_1_713' title='bbox 562 5011 630 5088; x_wconf 82' lang='lat' dir='ltr'><strong>de</strong></span> <span class='ocrx_word' id='word_1_714' title='bbox 658 5011 958 5088; x_wconf 58' lang='lat' dir='ltr'><strong>Abraham,</strong></span> <span class='ocrx_word' id='word_1_715' title='bbox 985 5027 1107 5088; x_wconf 90' lang='lat' dir='ltr'><strong>cap.</strong></span> <span class='ocrx_word' id='word_1_716' title='bbox 1141 5018 1199 5081; x_wconf 91' lang='lat'><strong>8,</strong></span> <span class='ocrx_word' id='word_1_717' title='bbox 1225 5033 1377 5072; x_wconf 92' lang='lat' dir='ltr'><strong>num.</strong></span> <span class='ocrx_word' id='word_1_718' title='bbox 1408 5019 1442 5074; x_wconf 87' lang='lat'><strong>5</strong></span> <span class='ocrx_word' id='word_1_719' title='bbox 1461 5063 1474 5087; x_wconf 96' lang='lat'><strong>,</strong></span> <span class='ocrx_word' id='word_1_720' title='bbox 1510 5011 1851 5076; x_wconf 83' lang='lat' dir='ltr'><strong>dometuriu—</strong></span> 
     </span>
    </p>
   </div>
   <div class='ocr_carea' id='block_1_96' title="bbox 230 5083 1518 5158">
    <p class='ocr_par' dir='ltr' id='par_1_96' title="bbox 230 5083 1518 5158">
     <span class='ocr_line' id='line_1_96' title="bbox 230 5083 1518 5158; baseline 0.005 -20"><span class='ocrx_word' id='word_1_721' title='bbox 230 5085 428 5158; x_wconf 68' lang='lat' dir='ltr'><strong>juriis,</strong></span> <span class='ocrx_word' id='word_1_722' title='bbox 459 5083 789 5158; x_wconf 33' lang='lat' dir='ltr'><strong>protlabore</strong></span> <span class='ocrx_word' id='word_1_723' title='bbox 826 5100 890 5158; x_wconf 83' lang='lat' dir='ltr'><strong>ac</strong></span> <span class='ocrx_word' id='word_1_724' title='bbox 920 5083 1235 5143; x_wconf 75' lang='lat' dir='ltr'><strong>verberibus.</strong></span> <span class='ocrx_word' id='word_1_725' title='bbox 1462 5083 1470 5087; x_wconf 57' lang='grc'><strong>⁷</strong></span> <span class='ocrx_word' id='word_1_726' title='bbox 1511 5143 1518 5152; x_wconf 85' lang='grc'><em>,</em></span> 
     </span>
    </p>
   </div>
   <div class='ocr_carea' id='block_1_97' title="bbox 323 5151 1854 5234">
    <p class='ocr_par' dir='ltr' id='par_1_97' title="bbox 323 5151 1854 5234">
     <span class='ocr_line' id='line_1_97' title="bbox 323 5151 1854 5234; baseline 0.008 -29"><span class='ocrx_word' id='word_1_727' title='bbox 323 5165 346 5194; x_wconf 79' lang='grc' dir='ltr'><strong><em>ο</em></strong></span> <span class='ocrx_word' id='word_1_728' title='bbox 394 5151 511 5234; x_wconf 71' lang='lat' dir='ltr'><strong>vet.</strong></span> <span class='ocrx_word' id='word_1_729' title='bbox 541 5151 710 5234; x_wconf 34' lang='lat' dir='ltr'><strong>editl,</strong></span> <span class='ocrx_word' id='word_1_730' title='bbox 755 5164 811 5234; x_wconf 77' lang='lat' dir='ltr'><strong>ut</strong></span> <span class='ocrx_word' id='word_1_731' title='bbox 853 5155 1266 5234; x_wconf 71' lang='lat' dir='ltr'><strong>dwmoniacum;</strong></span> <span class='ocrx_word' id='word_1_732' title='bbox 1291 5176 1426 5234; x_wconf 79' lang='lat' dir='ltr'><strong>mss.</strong></span> <span class='ocrx_word' id='word_1_733' title='bbox 1457 5151 1702 5218; x_wconf 77' lang='lat' dir='ltr'><strong>nunnulli</strong></span> <span class='ocrx_word' id='word_1_734' title='bbox 1733 5204 1749 5230; x_wconf 92' lang='lat'><strong>,</strong></span> <span class='ocrx_word' id='word_1_735' title='bbox 1800 5175 1854 5218; x_wconf 88' lang='lat' dir='ltr'><strong>ut</strong></span> 
     </span>
    </p>
   </div>
   <div class='ocr_carea' id='block_1_98' title="bbox 241 5223 1851 5305">
    <p class='ocr_par' dir='ltr' id='par_1_98' title="bbox 241 5223 1851 5305">
     <span class='ocr_line' id='line_1_98' title="bbox 241 5223 1851 5305; baseline 0.006 -24"><span class='ocrx_word' id='word_1_736' title='bbox 241 5226 598 5305; x_wconf 61' lang='lat' dir='ltr'><strong>damonium;</strong></span> <span class='ocrx_word' id='word_1_737' title='bbox 621 5223 714 5305; x_wconf 73' lang='lat' dir='ltr'><strong>alii</strong></span> <span class='ocrx_word' id='word_1_738' title='bbox 743 5224 948 5305; x_wconf 83' lang='lat' dir='ltr'><strong>plures,</strong></span> <span class='ocrx_word' id='word_1_739' title='bbox 975 5240 1030 5285; x_wconf 89' lang='lat' dir='ltr'><strong>et</strong></span> <span class='ocrx_word' id='word_1_740' title='bbox 1059 5231 1215 5285; x_wconf 78' lang='lat' dir='ltr'><strong>Rom.</strong></span> <span class='ocrx_word' id='word_1_741' title='bbox 1249 5231 1411 5305; x_wconf 80' lang='lat' dir='ltr'><strong>edit.,</strong></span> <span class='ocrx_word' id='word_1_742' title='bbox 1463 5244 1519 5287; x_wconf 88' lang='lat' dir='ltr'><strong>ut</strong></span> <span class='ocrx_word' id='word_1_743' title='bbox 1549 5223 1851 5291; x_wconf 64' lang='lat' dir='ltr'><strong>daemonem.</strong></span> 
     </span>
    </p>
   </div>
   <div class='ocr_carea' id='block_1_99' title="bbox 319 5295 1854 5378">
    <p class='ocr_par' dir='ltr' id='par_1_99' title="bbox 319 5295 1854 5378">
     <span class='ocr_line' id='line_1_99' title="bbox 319 5295 1854 5378; baseline 0.008 -31"><span class='ocrx_word' id='word_1_744' title='bbox 319 5296 344 5378; x_wconf 66' lang='lat' dir='ltr'><strong>fl</strong></span> <span class='ocrx_word' id='word_1_745' title='bbox 365 5299 493 5378; x_wconf 53' lang='lat' dir='ltr'><strong>[ipse</strong></span> <span class='ocrx_word' id='word_1_746' title='bbox 536 5295 820 5378; x_wconf 58' lang='lat' dir='ltr'><strong>translatio</strong></span> <span class='ocrx_word' id='word_1_747' title='bbox 866 5295 1543 5378; x_wconf 79' lang='lat' dir='ltr'><strong>sac_raru_tn_rel_iquiarum</strong></span> <span class='ocrx_word' id='word_1_748' title='bbox 1569 5306 1620 5378; x_wconf 88' lang='lat' dir='ltr'><strong>in</strong></span> <span class='ocrx_word' id='word_1_749' title='bbox 1652 5307 1854 5378; x_wconf 84' lang='lat' dir='ltr'><strong>Marty-</strong></span> 
     </span>
    </p>
   </div>
   <div class='ocr_carea' id='block_1_100' title="bbox 242 5363 1855 5453">
    <p class='ocr_par' dir='ltr' id='par_1_100' title="bbox 242 5363 1855 5453">
     <span class='ocr_line' id='line_1_100' title="bbox 242 5363 1855 5453; baseline 0.007 -31"><span class='ocrx_word' id='word_1_750' title='bbox 242 5369 356 5453; x_wconf 38' lang='grc' dir='ltr'><strong>τρι..</strong></span> <span class='ocrx_word' id='word_1_751' title='bbox 385 5368 546 5422; x_wconf 84' lang='lat' dir='ltr'><strong>Rom.</strong></span> <span class='ocrx_word' id='word_1_752' title='bbox 573 5363 810 5420; x_wconf 84' lang='lat' dir='ltr'><strong>refertur</strong></span> <span class='ocrx_word' id='word_1_753' title='bbox 838 5382 934 5421; x_wconf 88' lang='lat' dir='ltr'><strong>xttt</strong></span> <span class='ocrx_word' id='word_1_754' title='bbox 956 5371 1219 5442; x_wconf 81' lang='lat' dir='ltr'><strong>kal.Jul.,</strong></span> <span class='ocrx_word' id='word_1_755' title='bbox 1242 5363 1438 5446; x_wconf 48' lang='lat' dir='ltr'><strong>de-qua</strong></span> <span class='ocrx_word' id='word_1_756' title='bbox 1459 5392 1558 5432; x_wconf 93' lang='lat' dir='ltr'><strong>nos</strong></span> <span class='ocrx_word' id='word_1_757' title='bbox 1581 5377 1635 5432; x_wconf 91' lang='lat' dir='ltr'><strong>in</strong></span> <span class='ocrx_word' id='word_1_758' title='bbox 1665 5363 1855 5433; x_wconf 69' lang='lat' dir='ltr'><strong>admo-</strong></span> 
     </span>
    </p>
   </div>
   <div class='ocr_carea' id='block_1_101' title="bbox 244 5453 950 5578">
    <p class='ocr_par' dir='ltr' id='par_1_101' title="bbox 244 5453 950 5578">
     <span class='ocr_line' id='line_1_101' title="bbox 244 5453 950 5578; baseline -0.001 -12"><span class='ocrx_word' id='word_1_759' title='bbox 244 5453 603 5578; x_wconf 49' lang='lat' dir='ltr'><strong>mgogﬁripta</strong></span> <span class='ocrx_word' id='word_1_760' title='bbox 639 5521 782 5578; x_wconf 73' lang='lat' dir='ltr'><strong>anno</strong></span> <span class='ocrx_word' id='word_1_761' title='bbox 819 5507 950 5564; x_wconf 77' lang='lat'><strong>586.</strong></span> 
     </span>
    </p>
   </div>
   <div class='ocr_carea' id='block_1_102' title="bbox 325 5577 1857 5661">
    <p class='ocr_par' dir='ltr' id='par_1_102' title="bbox 325 5577 1857 5661">
     <span class='ocr_line' id='line_1_102' title="bbox 325 5577 1857 5661; baseline 0.008 -25"><span class='ocrx_word' id='word_1_762' title='bbox 325 5583 346 5619; x_wconf 72' lang='grc' dir='ltr'><em>ι</em></span> <span class='ocrx_word' id='word_1_763' title='bbox 389 5577 590 5661; x_wconf 78' lang='lat' dir='ltr'><strong>Bedam</strong></span> <span class='ocrx_word' id='word_1_764' title='bbox 608 5577 872 5661; x_wconf 53' lang='lat' dir='ltr'><strong>aliosque</strong></span> <span class='ocrx_word' id='word_1_765' title='bbox 899 5587 1215 5661; x_wconf 62' lang='lat' dir='ltr'><strong>nonnullos,</strong></span> <span class='ocrx_word' id='word_1_766' title='bbox 1245 5590 1337 5661; x_wconf 92' lang='lat' dir='ltr'><strong>qui</strong></span> <span class='ocrx_word' id='word_1_767' title='bbox 1367 5605 1478 5647; x_wconf 89' lang='lat' dir='ltr'><strong>non</strong></span> <span class='ocrx_word' id='word_1_768' title='bbox 1501 5591 1738 5647; x_wconf 91' lang='lat' dir='ltr'><strong>concilio</strong></span> <span class='ocrx_word' id='word_1_769' title='bbox 1764 5589 1857 5647; x_wconf 83' lang='lat' dir='ltr'><strong>Ni-</strong></span> 
     </span>
    </p>
   </div>
   <div class='ocr_carea' id='block_1_103' title="bbox 246 5647 1864 5734">
    <p class='ocr_par' dir='ltr' id='par_1_103' title="bbox 246 5647 1864 5734">
     <span class='ocr_line' id='line_1_103' title="bbox 246 5647 1864 5734; baseline 0.004 -23"><span class='ocrx_word' id='word_1_770' title='bbox 246 5670 436 5734; x_wconf 57' lang='lat' dir='ltr'><strong>cteno,</strong></span> <span class='ocrx_word' id='word_1_771' title='bbox 469 5651 574 5734; x_wconf 73' lang='lat' dir='ltr'><strong>sed</strong></span> <span class='ocrx_word' id='word_1_772' title='bbox 608 5647 844 5734; x_wconf 51' lang='lat' dir='ltr'><strong>Eusebio</strong></span> <span class='ocrx_word' id='word_1_773' title='bbox 894 5647 1223 5734; x_wconf 42' lang='lat' dir='ltr'><strong>Caesariensi</strong></span> <span class='ocrx_word' id='word_1_774' title='bbox 1259 5647 1711 5734; x_wconf 77' lang='lat' dir='ltr'><strong>decemnovalem</strong></span> <span class='ocrx_word' id='word_1_775' title='bbox 1735 5733 1740 5734; x_wconf 15' lang='grc' dir='ltr'>ί</span> <span class='ocrx_word' id='word_1_776' title='bbox 1766 5677 1864 5734; x_wconf 89' lang='lat' dir='ltr'><strong>cy-</strong></span> 
     </span>
    </p>
   </div>
   <div class='ocr_carea' id='block_1_104' title="bbox 245 5721 1866 5804">
    <p class='ocr_par' dir='ltr' id='par_1_104' title="bbox 245 5721 1866 5804">
     <span class='ocr_line' id='line_1_104' title="bbox 245 5721 1866 5804; baseline 0.005 -24"><span class='ocrx_word' id='word_1_777' title='bbox 245 5728 395 5804; x_wconf 86' lang='lat' dir='ltr'><strong>c_l_um</strong></span> <span class='ocrx_word' id='word_1_778' title='bbox 428 5721 1063 5804; x_wconf 56' lang='lat' dir='ltr'><strong>attribuultl,_Bar0niu_s</strong></span> <span class='ocrx_word' id='word_1_779' title='bbox 1092 5729 1159 5804; x_wconf 78' lang='lat' dir='ltr'><strong>ad</strong></span> <span class='ocrx_word' id='word_1_780' title='bbox 1187 5745 1388 5787; x_wconf 88' lang='lat' dir='ltr'><strong>annum</strong></span> <span class='ocrx_word' id='word_1_781' title='bbox 1411 5733 1519 5790; x_wconf 75' lang='lat'><strong>325</strong></span> <span class='ocrx_word' id='word_1_782' title='bbox 1561 5721 1866 5804; x_wconf 70' lang='lat' dir='ltr'><strong>reprehen—</strong></span> 
     </span>
    </p>
   </div>
   <div class='ocr_carea' id='block_1_105' title="bbox 248 5790 1867 5872">
    <p class='ocr_par' dir='ltr' id='par_1_105' title="bbox 248 5790 1867 5872">
     <span class='ocr_line' id='line_1_105' title="bbox 248 5790 1867 5872; baseline 0.002 -15"><span class='ocrx_word' id='word_1_783' title='bbox 248 5799 334 5858; x_wconf 87' lang='lat' dir='ltr'><strong>dit</strong></span> <span class='ocrx_word' id='word_1_784' title='bbox 362 5790 734 5856; x_wconf 76' lang='lat' dir='ltr'><strong>Ambrosiani.</strong></span> <span class='ocrx_word' id='word_1_785' title='bbox 768 5790 991 5864; x_wconf 80' lang='lat' dir='ltr'><strong>hujusce</strong></span> <span class='ocrx_word' id='word_1_786' title='bbox 1031 5798 1132 5855; x_wconf 87' lang='lat' dir='ltr'><strong>loci</strong></span> <span class='ocrx_word' id='word_1_787' title='bbox 1165 5803 1484 5860; x_wconf 85' lang='lat' dir='ltr'><strong>auctoritate</strong></span> <span class='ocrx_word' id='word_1_788' title='bbox 1510 5847 1524 5872; x_wconf 91' lang='lat'><strong>,</strong></span> <span class='ocrx_word' id='word_1_789' title='bbox 1570 5790 1656 5860; x_wconf 74' lang='lat' dir='ltr'><strong>cui</strong></span> <span class='ocrx_word' id='word_1_790' title='bbox 1707 5790 1867 5862; x_wconf 88' lang='lat' dir='ltr'><strong>etiam</strong></span> 
     </span>
    </p>
   </div>
   <div class='ocr_carea' id='block_1_106' title="bbox 1956 4737 3554 4812">
    <p class='ocr_par' dir='ltr' id='par_1_106' title="bbox 1956 4737 3554 4812">
     <span class='ocr_line' id='line_1_106' title="bbox 1956 4737 3554 4812; baseline -0.001 -19"><span class='ocrx_word' id='word_1_791' title='bbox 1956 4738 2210 4812; x_wconf 78' lang='lat' dir='ltr'><strong>Dionysii</strong></span> <span class='ocrx_word' id='word_1_792' title='bbox 2250 4739 2442 4812; x_wconf 76' lang='grc' dir='ltr'><strong>Εχίευί</strong></span> <span class='ocrx_word' id='word_1_793' title='bbox 2472 4737 2840 4812; x_wconf 73' lang='lat' dir='ltr'><strong>testimonium</strong></span> <span class='ocrx_word' id='word_1_794' title='bbox 2872 4753 2936 4794; x_wconf 88' lang='lat' dir='ltr'><strong>ex</strong></span> <span class='ocrx_word' id='word_1_795' title='bbox 2969 4738 3292 4812; x_wconf 73' lang='lat' dir='ltr'><strong>primaejus</strong></span> <span class='ocrx_word' id='word_1_796' title='bbox 3324 4738 3554 4812; x_wconf 84' lang='lat' dir='ltr'><strong>epistola</strong></span> 
     </span>
    </p>
   </div>
   <div class='ocr_carea' id='block_1_107' title="bbox 1949 4807 3553 4880">
    <p class='ocr_par' dir='ltr' id='par_1_107' title="bbox 1949 4807 3553 4880">
     <span class='ocr_line' id='line_1_107' title="bbox 1949 4807 3553 4880; baseline 0 -18"><span class='ocrx_word' id='word_1_797' title='bbox 1949 4807 2180 4880; x_wconf 83' lang='lat' dir='ltr'><strong>jungere</strong></span> <span class='ocrx_word' id='word_1_798' title='bbox 2198 4807 2507 4880; x_wconf 86' lang='lat' dir='ltr'><strong>’potuisset.</strong></span> <span class='ocrx_word' id='word_1_799' title='bbox 2558 4809 2947 4865; x_wconf 81' lang='lat' dir='ltr'><strong>Verumtamen</strong></span> <span class='ocrx_word' id='word_1_800' title='bbox 2973 4807 3208 4866; x_wconf 81' lang='lat' dir='ltr'><strong>erroris</strong></span> <span class='ocrx_word' id='word_1_801' title='bbox 3235 4807 3553 4880; x_wconf 85' lang='lat' dir='ltr'><strong>Dionysium</strong></span> 
     </span>
    </p>
   </div>
   <div class='ocr_carea' id='block_1_108' title="bbox 1953 4879 3553 4951">
    <p class='ocr_par' dir='ltr' id='par_1_108' title="bbox 1953 4879 3553 4951">
     <span class='ocr_line' id='line_1_108' title="bbox 1953 4879 3553 4951; baseline -0.001 -17"><span class='ocrx_word' id='word_1_802' title='bbox 1953 4879 2134 4951; x_wconf 83' lang='lat' dir='ltr'><strong>arguit</strong></span> <span class='ocrx_word' id='word_1_803' title='bbox 2189 4879 2535 4951; x_wconf 89' lang='lat' dir='ltr'><strong>Bucherius:</strong></span> <span class='ocrx_word' id='word_1_804' title='bbox 2590 4881 2939 4937; x_wconf 83' lang='lat' dir='ltr'><strong>Ambrosium</strong></span> <span class='ocrx_word' id='word_1_805' title='bbox 2987 4892 3167 4937; x_wconf 89' lang='lat' dir='ltr'><strong>autem</strong></span> <span class='ocrx_word' id='word_1_806' title='bbox 3199 4881 3252 4934; x_wconf 89' lang='lat' dir='ltr'><strong>in</strong></span> <span class='ocrx_word' id='word_1_807' title='bbox 3301 4879 3404 4951; x_wconf 84' lang='lat' dir='ltr'><strong>hac</strong></span> <span class='ocrx_word' id='word_1_808' title='bbox 3432 4879 3553 4951; x_wconf 84' lang='lat' dir='ltr'><strong>epi-</strong></span> 
     </span>
    </p>
   </div>
   <div class='ocr_carea' id='block_1_109' title="bbox 1957 4949 3555 5031">
    <p class='ocr_par' dir='ltr' id='par_1_109' title="bbox 1957 4949 3555 5031">
     <span class='ocr_line' id='line_1_109' title="bbox 1957 4949 3555 5031; baseline -0.002 -26"><span class='ocrx_word' id='word_1_809' title='bbox 1957 4949 2314 5031; x_wconf 81' lang='lat' dir='ltr'><strong>stola_minus</strong></span> <span class='ocrx_word' id='word_1_810' title='bbox 2335 4953 2485 5031; x_wconf 79' lang='lat' dir='ltr'><strong>clare</strong></span> <span class='ocrx_word' id='word_1_811' title='bbox 2529 4953 2768 5031; x_wconf 81' lang='lat' dir='ltr'><strong>locutum</strong></span> <span class='ocrx_word' id='word_1_812' title='bbox 2795 4967 2860 5007; x_wconf 82' lang='lat' dir='ltr'><strong>ex</strong></span> <span class='ocrx_word' id='word_1_813' title='bbox 2891 4953 3215 5031; x_wconf 45' lang='lat' dir='ltr'><strong>conprobat,</strong></span> <span class='ocrx_word' id='word_1_814' title='bbox 3247 4950 3389 5019; x_wconf 91' lang='lat' dir='ltr'><strong>quod</strong></span> <span class='ocrx_word' id='word_1_815' title='bbox 3417 4949 3555 5031; x_wconf 64' lang='lat' dir='ltr'><strong>infra</strong></span> 
     </span>
    </p>
   </div>
   <div class='ocr_carea' id='block_1_110' title="bbox 1955 5023 3558 5092">
    <p class='ocr_par' dir='ltr' id='par_1_110' title="bbox 1955 5023 3558 5092">
     <span class='ocr_line' id='line_1_110' title="bbox 1955 5023 3558 5092; baseline -0.001 -16"><span class='ocrx_word' id='word_1_816' title='bbox 1955 5023 2222 5077; x_wconf 90' lang='lat' dir='ltr'><strong>circulum</strong></span> <span class='ocrx_word' id='word_1_817' title='bbox 2252 5023 2779 5079; x_wconf 83' lang='lat' dir='ltr'><strong>enneadecateridos</strong></span> <span class='ocrx_word' id='word_1_818' title='bbox 2810 5040 2918 5079; x_wconf 93' lang='lat' dir='ltr'><strong>non</strong></span> <span class='ocrx_word' id='word_1_819' title='bbox 2957 5023 3294 5092; x_wconf 86' lang='lat' dir='ltr'><strong>dicitaperte</strong></span> <span class='ocrx_word' id='word_1_820' title='bbox 3348 5023 3558 5075; x_wconf 86' lang='lat' dir='ltr'><strong>consti-</strong></span> 
     </span>
    </p>
   </div>
   <div class='ocr_carea' id='block_1_111' title="bbox 1960 5092 3560 5165">
    <p class='ocr_par' dir='ltr' id='par_1_111' title="bbox 1960 5092 3560 5165">
     <span class='ocr_line' id='line_1_111' title="bbox 1960 5092 3560 5165; baseline -0.002 -19"><span class='ocrx_word' id='word_1_821' title='bbox 1960 5101 2160 5165; x_wconf 86' lang='lat' dir='ltr'><strong>tutum,</strong></span> <span class='ocrx_word' id='word_1_822' title='bbox 2193 5093 2290 5148; x_wconf 88' lang='lat' dir='ltr'><strong>sed</strong></span> <span class='ocrx_word' id='word_1_823' title='bbox 2318 5093 2402 5147; x_wconf 84' lang='lat' dir='ltr'><strong>liis</strong></span> <span class='ocrx_word' id='word_1_824' title='bbox 2422 5094 2602 5148; x_wconf 83' lang='lat' dir='ltr'><strong>verbis</strong></span> <span class='ocrx_word' id='word_1_825' title='bbox 2633 5095 2837 5149; x_wconf 89' lang='lat' dir='ltr'><strong>utitur:</strong></span> <span class='ocrx_word' id='word_1_826' title='bbox 2869 5095 2931 5150; x_wconf 88' lang='lat' dir='ltr'><strong>Si</strong></span> <span class='ocrx_word' id='word_1_827' title='bbox 2956 5096 3070 5165; x_wconf 84' lang='lat' dir='ltr'><strong>quis</strong></span> <span class='ocrx_word' id='word_1_828' title='bbox 3101 5094 3371 5165; x_wconf 63' lang='lat' dir='ltr'><strong>diligenter</strong></span> <span class='ocrx_word' id='word_1_829' title='bbox 3393 5092 3560 5144; x_wconf 87' lang='lat' dir='ltr'><strong>inten-</strong></span> 
     </span>
    </p>
   </div>
   <div class='ocr_carea' id='block_1_112' title="bbox 1965 5162 3559 5236">
    <p class='ocr_par' dir='ltr' id='par_1_112' title="bbox 1965 5162 3559 5236">
     <span class='ocr_line' id='line_1_112' title="bbox 1965 5162 3559 5236; baseline 0 -20"><span class='ocrx_word' id='word_1_830' title='bbox 1965 5163 2078 5229; x_wconf 88' lang='lat' dir='ltr'><strong>dat,</strong></span> <span class='ocrx_word' id='word_1_831' title='bbox 2104 5165 2436 5218; x_wconf 85' lang='lat' dir='ltr'><strong>statuendum</strong></span> <span class='ocrx_word' id='word_1_832' title='bbox 2459 5175 2722 5236; x_wconf 85' lang='lat' dir='ltr'><strong>putarent.</strong></span> <span class='ocrx_word' id='word_1_833' title='bbox 2753 5165 2865 5220; x_wconf 85' lang='lat' dir='ltr'><strong>Nos</strong></span> <span class='ocrx_word' id='word_1_834' title='bbox 2890 5162 3107 5236; x_wconf 85' lang='lat' dir='ltr'><strong>quidem</strong></span> <span class='ocrx_word' id='word_1_835' title='bbox 3140 5162 3411 5236; x_wconf 79' lang='lat' dir='ltr'><strong>Buclierio</strong></span> <span class='ocrx_word' id='word_1_836' title='bbox 3450 5175 3559 5216; x_wconf 92' lang='lat' dir='ltr'><strong>non</strong></span> 
     </span>
    </p>
   </div>
   <div class='ocr_carea' id='block_1_113' title="bbox 1961 5232 3557 5306">
    <p class='ocr_par' dir='ltr' id='par_1_113' title="bbox 1961 5232 3557 5306">
     <span class='ocr_line' id='line_1_113' title="bbox 1961 5232 3557 5306; baseline -0.002 -18"><span class='ocrx_word' id='word_1_837' title='bbox 1961 5236 2292 5306; x_wconf 86' lang='lat' dir='ltr'><strong>assentimur</strong></span> <span class='ocrx_word' id='word_1_838' title='bbox 2319 5237 2371 5290; x_wconf 90' lang='lat' dir='ltr'><strong>in</strong></span> <span class='ocrx_word' id='word_1_839' title='bbox 2397 5232 2486 5298; x_wconf 57' lang='lat' dir='ltr'><strong>eo&#39;,</strong></span> <span class='ocrx_word' id='word_1_840' title='bbox 2517 5239 2660 5306; x_wconf 89' lang='lat' dir='ltr'><strong>quod</strong></span> <span class='ocrx_word' id='word_1_841' title='bbox 2695 5244 2755 5291; x_wconf 92' lang='lat' dir='ltr'><strong>ut</strong></span> <span class='ocrx_word' id='word_1_842' title='bbox 2783 5232 3128 5306; x_wconf 80' lang='lat' dir='ltr'><strong>Ambrosium</strong></span> <span class='ocrx_word' id='word_1_843' title='bbox 3177 5249 3298 5306; x_wconf 71' lang='lat' dir='ltr'><strong>qua:</strong></span> <span class='ocrx_word' id='word_1_844' title='bbox 3327 5232 3414 5286; x_wconf 93' lang='lat' dir='ltr'><strong>hic</strong></span> <span class='ocrx_word' id='word_1_845' title='bbox 3459 5246 3557 5306; x_wconf 81' lang='lat' dir='ltr'><strong>su-</strong></span> 
     </span>
    </p>
   </div>
   <div class='ocr_carea' id='block_1_114' title="bbox 1963 5301 3560 5376">
    <p class='ocr_par' dir='ltr' id='par_1_114' title="bbox 1963 5301 3560 5376">
     <span class='ocr_line' id='line_1_114' title="bbox 1963 5301 3560 5376; baseline -0.002 -15"><span class='ocrx_word' id='word_1_846' title='bbox 1963 5321 2060 5376; x_wconf 90' lang='lat' dir='ltr'><strong>per</strong></span> <span class='ocrx_word' id='word_1_847' title='bbox 2090 5305 2318 5361; x_wconf 83' lang='lat' dir='ltr'><strong>Paschae</strong></span> <span class='ocrx_word' id='word_1_848' title='bbox 2348 5301 2720 5363; x_wconf 75' lang='lat' dir='ltr'><strong>celebratione</strong></span> <span class='ocrx_word' id='word_1_849' title='bbox 2750 5308 2935 5371; x_wconf 89' lang='lat' dir='ltr'><strong>tradit,</strong></span> <span class='ocrx_word' id='word_1_850' title='bbox 2963 5321 2992 5360; x_wconf 89' lang='lat' dir='ltr'><strong>a</strong></span> <span class='ocrx_word' id='word_1_851' title='bbox 3021 5303 3322 5376; x_wconf 87' lang='lat' dir='ltr'><strong>&#39;l‘heophilo</strong></span> <span class='ocrx_word' id='word_1_852' title='bbox 3362 5301 3560 5376; x_wconf 89' lang='lat' dir='ltr'><strong>pro_bet</strong></span> 
     </span>
    </p>
   </div>
   <div class='ocr_carea' id='block_1_115' title="bbox 1962 5373 3558 5448">
    <p class='ocr_par' dir='ltr' id='par_1_115' title="bbox 1962 5373 3558 5448">
     <span class='ocr_line' id='line_1_115' title="bbox 1962 5373 3558 5448; baseline -0.002 -17"><span class='ocrx_word' id='word_1_853' title='bbox 1962 5373 2271 5432; x_wconf 79' lang='lat' dir='ltr'><strong>inutuatum</strong></span> <span class='ocrx_word' id='word_1_854' title='bbox 2301 5378 2491 5441; x_wconf 86' lang='lat' dir='ltr'><strong>fuisse,</strong></span> <span class='ocrx_word' id='word_1_855' title='bbox 2520 5379 2661 5432; x_wconf 89' lang='lat' dir='ltr'><strong>hanc</strong></span> <span class='ocrx_word' id='word_1_856' title='bbox 2713 5376 3124 5448; x_wconf 83' lang='lat' dir='ltr'><strong>epistolaman.</strong></span> <span class='ocrx_word' id='word_1_857' title='bbox 3154 5375 3253 5448; x_wconf 75' lang='lat'><strong>581</strong></span> <span class='ocrx_word' id='word_1_858' title='bbox 3303 5383 3426 5448; x_wconf 71' lang='lat' dir='ltr'><strong>post</strong></span> <span class='ocrx_word' id='word_1_859' title='bbox 3453 5373 3558 5428; x_wconf 85' lang='lat' dir='ltr'><strong>Pa-</strong></span> 
     </span>
    </p>
   </div>
   <div class='ocr_carea' id='block_1_116' title="bbox 1963 5444 3559 5519">
    <p class='ocr_par' dir='ltr' id='par_1_116' title="bbox 1963 5444 3559 5519">
     <span class='ocr_line' id='line_1_116' title="bbox 1963 5444 3559 5519; baseline -0.004 -16"><span class='ocrx_word' id='word_1_860' title='bbox 1963 5449 2119 5519; x_wconf 90' lang='lat' dir='ltr'><strong>scha,</strong></span> <span class='ocrx_word' id='word_1_861' title='bbox 2147 5451 2369 5502; x_wconf 84' lang='lat' dir='ltr'><strong>secundo</strong></span> <span class='ocrx_word' id='word_1_862' title='bbox 2390 5459 2506 5519; x_wconf 89' lang='lat' dir='ltr'><strong>post</strong></span> <span class='ocrx_word' id='word_1_863' title='bbox 2534 5449 2728 5503; x_wconf 80' lang='lat' dir='ltr'><strong>editum</strong></span> <span class='ocrx_word' id='word_1_864' title='bbox 2749 5444 2790 5501; x_wconf 74' lang='lat' dir='ltr'><strong>a</strong></span> <span class='ocrx_word' id='word_1_865' title='bbox 2815 5446 3106 5519; x_wconf 75' lang='lat' dir='ltr'><strong>Theophila</strong></span> <span class='ocrx_word' id='word_1_866' title='bbox 3135 5446 3284 5500; x_wconf 71' lang='lat' dir='ltr'><strong>Alex.</strong></span> <span class='ocrx_word' id='word_1_867' title='bbox 3308 5444 3559 5519; x_wconf 65' lang='lat' dir='ltr'><strong>Lateren-</strong></span> 
     </span>
    </p>
   </div>
   <div class='ocr_carea' id='block_1_117' title="bbox 1965 5515 3558 5590">
    <p class='ocr_par' dir='ltr' id='par_1_117' title="bbox 1965 5515 3558 5590">
     <span class='ocr_line' id='line_1_117' title="bbox 1965 5515 3558 5590; baseline -0.001 -17"><span class='ocrx_word' id='word_1_868' title='bbox 1965 5518 2072 5573; x_wconf 86' lang='lat' dir='ltr'><strong>lum</strong></span> <span class='ocrx_word' id='word_1_869' title='bbox 2101 5515 2563 5590; x_wconf 76' lang='lat' dir='ltr'><strong>paschalenianno</strong></span> <span class='ocrx_word' id='word_1_870' title='bbox 2602 5520 2858 5590; x_wconf 82' lang='lat' dir='ltr'><strong>scriptam</strong></span> <span class='ocrx_word' id='word_1_871' title='bbox 2911 5515 3184 5590; x_wconf 72' lang='lat' dir='ltr'><strong>afﬁrmat;</strong></span> <span class='ocrx_word' id='word_1_872' title='bbox 3235 5531 3358 5590; x_wconf 81' lang='lat' dir='ltr'><strong>cum</strong></span> <span class='ocrx_word' id='word_1_873' title='bbox 3400 5515 3558 5590; x_wconf 77' lang='lat' dir='ltr'><strong>nobis</strong></span> 
     </span>
    </p>
   </div>
   <div class='ocr_carea' id='block_1_118' title="bbox 1963 5585 3558 5662">
    <p class='ocr_par' dir='ltr' id='par_1_118' title="bbox 1963 5585 3558 5662">
     <span class='ocr_line' id='line_1_118' title="bbox 1963 5585 3558 5662; baseline -0.001 -20"><span class='ocrx_word' id='word_1_874' title='bbox 1963 5585 2302 5662; x_wconf 74' lang='lat' dir='ltr'><strong>probabilius</strong></span> <span class='ocrx_word' id='word_1_875' title='bbox 2350 5589 2597 5645; x_wconf 88' lang='lat' dir='ltr'><strong>videatur</strong></span> <span class='ocrx_word' id='word_1_876' title='bbox 2646 5585 2786 5642; x_wconf 86' lang='lat' dir='ltr'><strong>hanc</strong></span> <span class='ocrx_word' id='word_1_877' title='bbox 2813 5585 3010 5662; x_wconf 40' lang='lat' dir='ltr'><strong>Aipsa-m</strong></span> <span class='ocrx_word' id='word_1_878' title='bbox 3057 5586 3248 5662; x_wconf 84' lang='lat' dir='ltr'><strong>eodem</strong></span> <span class='ocrx_word' id='word_1_879' title='bbox 3292 5587 3558 5662; x_wconf 80' lang='lat' dir='ltr'><strong>laterculo</strong></span> 
     </span>
    </p>
   </div>
   <div class='ocr_carea' id='block_1_119' title="bbox 1974 5654 3558 5744">
    <p class='ocr_par' dir='ltr' id='par_1_119' title="bbox 1974 5654 3558 5744">
     <span class='ocr_line' id='line_1_119' title="bbox 1974 5654 3558 5744; baseline 0 -30"><span class='ocrx_word' id='word_1_880' title='bbox 1974 5654 2216 5744; x_wconf 65' lang='lat' dir='ltr'><strong>&quot;paschali</strong></span> <span class='ocrx_word' id='word_1_881' title='bbox 2245 5654 3130 5744; x_wconf 35' lang='lat' dir='ltr'><strong>antiquioremesseLQuodvero</strong></span> <span class='ocrx_word' id='word_1_882' title='bbox 3169 5657 3238 5744; x_wconf 66' lang='lat' dir='ltr'><strong>ad</strong></span> <span class='ocrx_word' id='word_1_883' title='bbox 3285 5656 3558 5715; x_wconf 88' lang='lat' dir='ltr'><strong>enneade-</strong></span> 
     </span>
    </p>
   </div>
   <div class='ocr_carea' id='block_1_120' title="bbox 1974 5727 3558 5802">
    <p class='ocr_par' dir='ltr' id='par_1_120' title="bbox 1974 5727 3558 5802">
     <span class='ocr_line' id='line_1_120' title="bbox 1974 5727 3558 5802; baseline -0.005 -14"><span class='ocrx_word' id='word_1_884' title='bbox 1974 5727 2291 5796; x_wconf 82' lang='lat' dir='ltr'><strong>cateridem,</strong></span> <span class='ocrx_word' id='word_1_885' title='bbox 2307 5727 2460 5802; x_wconf 88' lang='lat' dir='ltr'><strong>cujus</strong></span> <span class='ocrx_word' id='word_1_886' title='bbox 2478 5728 2806 5802; x_wconf 83' lang='lat' dir='ltr'><strong>mentionem</strong></span> <span class='ocrx_word' id='word_1_887' title='bbox 2829 5729 3074 5802; x_wconf 64' lang='lat' dir='ltr'><strong>aliquant</strong></span> <span class='ocrx_word' id='word_1_888' title='bbox 3104 5728 3159 5783; x_wconf 90' lang='lat' dir='ltr'><strong>in</strong></span> <span class='ocrx_word' id='word_1_889' title='bbox 3179 5727 3392 5786; x_wconf 72' lang='lat' dir='ltr'><strong>Nicaena</strong></span> <span class='ocrx_word' id='word_1_890' title='bbox 3428 5744 3558 5801; x_wconf 84' lang='lat' dir='ltr'><strong>syn-</strong></span> 
     </span>
    </p>
   </div>
   <div class='ocr_carea' id='block_1_121' title="bbox 1977 5796 3556 5872">
    <p class='ocr_par' dir='ltr' id='par_1_121' title="bbox 1977 5796 3556 5872">
     <span class='ocr_line' id='line_1_121' title="bbox 1977 5796 3556 5872; baseline 0.003 -12"><span class='ocrx_word' id='word_1_891' title='bbox 1977 5804 2082 5862; x_wconf 88' lang='lat' dir='ltr'><strong>odo</strong></span> <span class='ocrx_word' id='word_1_892' title='bbox 2114 5802 2344 5872; x_wconf 88' lang='lat' dir='ltr'><strong>factam,</strong></span> <span class='ocrx_word' id='word_1_893' title='bbox 2370 5796 2482 5858; x_wconf 78' lang='lat' dir='ltr'><strong>non</strong></span> <span class='ocrx_word' id='word_1_894' title='bbox 2515 5807 2674 5871; x_wconf 83' lang='lat' dir='ltr'><strong>negat.</strong></span> <span class='ocrx_word' id='word_1_895' title='bbox 2695 5800 2923 5871; x_wconf 82' lang='lat' dir='ltr'><strong>ipsemet</strong></span> <span class='ocrx_word' id='word_1_896' title='bbox 2946 5796 3274 5870; x_wconf 88' lang='lat' dir='ltr'><strong>Bucherius,</strong></span> <span class='ocrx_word' id='word_1_897' title='bbox 3303 5816 3421 5860; x_wconf 88' lang='lat' dir='ltr'><strong>eam</strong></span> <span class='ocrx_word' id='word_1_898' title='bbox 3447 5796 3556 5864; x_wconf 80' lang='lat' dir='ltr'><strong>non</strong></span> 
     </span>
    </p>
   </div>
  </div>
