3996 6292
390 3944 397 3949 .
482 3891 686 3961 April.,
728 3907 793 3949 ac

468 275 599 335 1051

1773 274 2021 334 SANCTI
2057 276 2381 337 AMBROSII

3632 274 3763 331 103‘!

462 404 610 453 esset
642 410 787 451 nono
827 395 1090 454 kalendas
1132 394 1353 469 aprilis,
1386 408 1488 457 nos
1515 394 1915 452 celebravimus
1941 410 2069 467 pas-
2096 404 2147 466 Α
2174 397 2320 454 enim
2352 396 2557 452 mensis
2584 393 2728 466 apud
2754 393 3043 468 Egyptios
3068 394 3269 452 dicitur
3314 395 3636 452 Pharmuthi
3659 435 3674 461 ,
3714 405 3767 451 ct

464 487 569 547 cita
597 489 773 560 pridie
811 490 1077 547 kalendas
1105 489 1334 561 Aprilis.
1367 488 1722 546 Alexandrini
1766 504 1986 560 quoque
2016 498 2073 545 et

465 581 702 657 Egyptii
728 624 744 651 ,
776 592 835 639 ut
855 583 958 654 ipsi
999 583 1361 654 scripserunt,
1388 597 1513 638 cum
1546 581 1828 638 incidisset
1853 591 2073 652 quarta-

466 675 679 734 decima
726 676 879 743 luna,
913 685 938 714 οι
964 675 1230 748 vigesimo
1259 685 1313 733 et
1352 685 1548 733 octavo
1598 674 1689 732 die
1727 674 2071 731 Phamenoth

468 769 697 837 mensis,
727 768 1145 826 celebraverunt
1172 767 1374 840 pascha
1404 767 1592 839 quinta
1624 766 1715 824 die
1749 766 2071 824 Pharmuthi

469 864 699 930 mensis,
730 878 854 934 quae
894 872 981 919 est
1009 861 1185 934 pridie
1211 860 1472 918 kalendas
1504 860 1714 935 aprilis,
1744 876 1809 917 ac
1832 861 1915 917 sic
1940 876 2075 918 con-

471 971 674 1014 venere
704 956 1011 1014 nobiscum.
1031 955 1240 1012 Rursus
1264 954 1623 1026 nonagesimo
1658 961 1715 1011 et
1743 954 1903 1013 tertio
1927 969 2073 1010 anno

474 1069 507 1109 a
537 1052 629 1109 die
657 1051 873 1125 imperii
912 1049 1259 1117 Diocletiani,
1288 1064 1413 1106 cum
1446 1049 1734 1107 incidisset
1771 1048 2073 1121 quartade-

467 1146 608 1202 cima
630 1145 757 1201 luna
781 1145 834 1200 in
857 1134 1387 1216 quartumdecimum
1403 1142 1551 1201 diem
1566 1142 1889 1200 Pharmuthi
1918 1158 2077 1199 men-

470 1238 568 1305 sis,
593 1253 713 1311 quat
735 1246 821 1294 est
845 1236 1041 1309 quinto
1066 1235 1189 1292 idus
1214 1236 1436 1307 aprilis,
1482 1249 1605 1307 qua:
1634 1243 1757 1292 erat
1786 1234 2075 1291 Dominica

473 1332 585 1399 die,
614 1332 949 1389 celebratum
976 1339 1061 1387 est
1088 1330 1298 1388 Pascha
1327 1329 1611 1386 Dominica
1642 1328 1967 1385 Pharmuthi
1998 1329 2077 1383 vi-

469 1423 683 1496 gesimo
708 1432 763 1480 et
790 1424 969 1493 primo
990 1422 1100 1491 die,
1124 1423 1214 1494 qui
1245 1421 1345 1479 fuit
1366 1422 1668 1479 secundum
1699 1437 1801 1479 nos
1826 1420 1855 1461 ³)
1887 1429 2075 1478 sexto-

470 1516 686 1575 decimo
730 1516 993 1575 kalendas
1033 1517 1184 1574 maii.
1228 1515 1383 1574 Unde
1407 1532 1532 1574 cum
1586 1525 1645 1572 et
1693 1516 1835 1573 ratio
1880 1515 1954 1573 sit
2022 1523 2080 1571 et

470 1613 806 1685 exemplum,
836 1612 973 1668 nihil
997 1627 1160 1685 super
1181 1613 1285 1669 hoc
1316 1628 1535 1671 movere
1566 1627 1669 1670 nos
1698 1612 1883 1670 debet.

546 1706 639 1763 18.
668 1705 826 1762 Nunc
849 1705 984 1762 illud
1007 1715 1116 1773 est,
1137 1705 1283 1777 quod
1312 1705 1661 1762 enodandum
1687 1704 1925 1785 videtur,
1949 1704 2076 1773 quia

2173 489 2368 561 incipit
2385 496 2546 546 sexto
2571 486 2839 545 kalendas
2857 488 3049 558 aprilis
3071 530 3088 554 ,
3118 496 3176 546 et
3203 488 3392 546 linitur
3420 489 3657 560 septimo
3676 489 3765 545 ka-

2172 582 2363 639 lendas
2385 582 2537 638 maii.
2569 581 2713 653 Ergo
2737 580 3037 638 secundum
3062 579 3351 654 Egyptios
3381 581 3560 653 primo
3587 596 3766 638 mense

2174 674 2510 732 celebraturi
2554 688 2746 731 sumus
2772 673 3111 731 Dominicam
3152 672 3393 745 paschae,
3427 673 3533 729 hoc
3556 681 3660 737 est,
3686 688 3767 730 se-

2175 765 2347 838 ptimo
2383 765 2647 823 kalendas
2685 765 2836 834 maii,
2867 765 2963 836 qui
3012 773 3099 823 est
3124 764 3244 823 dies
3268 765 3585 838 trigesimus
3600 765 3764 822 Phar-

2178 862 2355 920 muthi
2386 862 2612 920 mensis.

2247 958 2415 1032 885
2450 958 2536 1013 l6.
2570 956 2684 1014 Nec
2709 957 3007 1014 absurdum
3050 948 3309 1025 arbitrer,
3340 965 3401 1013 ut
3428 954 3561 1013 inde
3583 955 3769 1012 observ

2179 1051 2343 1107 vandi
2391 1051 2602 1107 mensis
2663 1038 2945 1107 trahamus
2997 1049 3342 1121 exemplum,
3399 1048 3495 1105 ubi
3542 1044 3766 1121 priinum

2178 1144 2381 1217 pascha
2409 1143 2746 1201 celebratum
2776 1153 2882 1200 est.
2904 1141 3064 1200 Unde
3083 1151 3139 1199 et
3158 1141 3398 1213 majores
3417 1142 3591 1198 nostri
3605 1142 3768 1198 intra-

2178 1246 2327 1293 ctatu
2358 1236 2574 1293 concilii
2606 1236 2813 1293 Nicani
2838 1246 2861 1273 ε
2894 1235 3147 1293 eumdem
3172 1235 3431 1293 Enneade
3458 1234 3762 1299 cateridem,

2178 1332 2223 1386 si
2250 1331 2373 1402 quis
2401 1330 2694 1401 diligenter
2721 1329 2991 1397 intendat,
3014 1329 3366 1386 statuendum
3399 1338 3675 1400 putarunt,
3714 1336 3765 1385 et

2180 1426 2360 1496 ipsum
2396 1439 2642 1481 mensem
2691 1439 2957 1480 novorum
3002 1432 3153 1481 recte
3194 1423 3613 1488 custodierunt;
3651 1422 3763 1495 quia

2181 1519 2234 1574 in
2260 1517 2498 1591 Egypto
2523 1517 2631 1574 hoc
2659 1517 2834 1589 primo
2862 1532 3051 1573 mense
3082 1531 3220 1571 nova
3245 1526 3508 1573 secantur
3535 1515 3763 1571 frumen-

2183 1620 2275 1667 ta:
2327 1613 2416 1668 hic
2462 1618 2644 1667 autem
2709 1611 2919 1668 mensis
2965 1620 3023 1667 et
3082 1610 3291 1682 primus
3335 1618 3425 1666 est
3480 1608 3765 1667 secundum

2183 1705 2569 1779 Egyptiorum
2611 1713 2947 1776 proventus,
2979 1713 3035 1759 et
3066 1702 3275 1774 primus
3321 1702 3629 1760 secundum
3669 1701 3767 1757 Leo

478 1797 728 1872 plerique
778 1807 973 1871 putant
1020 1799 1267 1856 secundo
1317 1814 1512 1855 mense
1555 1793 1655 1855 nos
1702 1797 2078 1854 celebraturos
2109 1807 2158 1869 Β
2181 1816 2329 1873 gem,
2360 1810 2417 1857 et
2443 1811 2670 1857 octavus
2688 1798 2988 1856 secundum
3015 1796 3472 1855 consuetudinem
3503 1804 3766 1853 nostram:

468 1892 698 1964 pascha,
725 1907 851 1951 cum
878 1893 1142 1964 scriptum
1172 1893 1284 1949 sit:
1319 1892 1533 1948 Custodi
1574 1892 1801 1963 primum
1851 1906 2076 1947 mensem

475 2001 729 2042 novorum
756 1983 948 2057 (Deut.
980 2001 1095 2052 ut,
1129 1984 1226 2056 l);
1256 1983 1402 2057 quod
1424 1985 1549 2057 {non
1590 1992 1771 2056 potest
1809 1982 2075 2048 incidere,

476 2085 538 2135 ut
561 2086 761 2150 praeter
786 2092 1034 2135 mensem
1079 2092 1347 2135 novorum
1388 2076 1590 2149 pascha
1619 2077 1939 2145 celebrent,
1972 2074 2078 2131 nisi

472 2171 568 2242 qui
596 2170 1123 2243 quartamdecimam
1144 2171 1330 2228 lunam
1355 2171 1430 2227 ita
1453 2170 1757 2228 observant
1773 2168 2073 2227 secundum

475 2263 743 2334 litteram,
767 2274 828 2322 ut
854 2281 964 2323 non
991 2266 1103 2323 alio
1147 2266 1252 2322 nisi
1299 2266 1422 2340 ipso
1451 2266 1733 2323 celebrent
1758 2266 1870 2323 die.
1906 2264 2073 2322 Deni-

474 2373 583 2430 que
626 2359 869 2417 futurum
912 2360 1085 2418 Judaei
1127 2360 1480 2431 duodecimo,
1508 2377 1617 2419 non
1663 2363 1844 2434 primo
1882 2376 2078 2419 mense

475 2453 805 2510 celebraturi
863 2462 994 2511 sunt
1035 2453 1235 2526 pascha
1259 2496 1276 2522 ,
1319 2454 1426 2512 hoc
1448 2463 1565 2524 est,
1601 2467 1623 2495 ε
1652 2455 1868 2513 decimo
1914 2455 2078 2512 tertio

479 2540 740 2600 kalendas
763 2544 972 2616 aprilis,
993 2545 1276 2604 secundun
1304 2562 1407 2605 nos
1430 2548 1764 2604 :secundum
1785 2547 2077 2622 Egyptios

476 2643 659 2693 autem
700 2638 962 2709 vigesimo
989 2648 1185 2711 quarto
1205 2638 1295 2697 die
1326 2640 1667 2699 Phamenoth
1699 2643 1941 2710 mensis,
1984 2643 2078 2713 qui

476 2734 563 2783 est
602 2741 713 2784 non
738 2727 950 2801 primus
980 2728 1185 2788 mensis
1204 2772 1222 2800 ,
1250 2727 1279 2767 ά
1304 2731 1402 2789 sed
1439 2731 1831 2802 duodecimus;
1864 2734 2078 2805 primus

544 2892 677 2970 f_l_ta
707 2892 876 2970 Rum._
897 2894 1029 2970 edit.
1058 2903 1115 2953 et
1149 2911 1280 2953 mss.
1318 2911 1499 2970 cum,
1512 2898 1679 2970 epist.
1712 2898 1969 2967 Proterii,
2011 2907 2069 2955 ct

474 2961 719 3045 Balbi-ac
746 2965 1006 3024 Bucherii
1030 2970 1454 3045 supputatione;
1484 2961 1589 3027 vet
1620 2978 1806 3026 autem
1827 2961 1989 3039 editi,
2021 2980 2071 3027 et

478 3036 720 3105 vigesimo
749 3045 799 3092 et
822 3047 1000 3095 octavo
1020 3036 1113 3095 die
1136 3036 1475 3097 Pharmutlti.

541 3105 570 3146 δ
604 3106 726 3164 Vel.
746 3108 881 3182 edit,
904 3126 1007 3165 non
1027 3111 1207 3182 quinto
1226 3114 1457 3179 decimo;
1489 3111 1732 3170 restituit
1750 3113 1885 3172 edit.
1908 3115 2067 3170 Rom.

2191 1893 2466 1952 ‘indictio
2514 1896 2661 1950 enim
2708 1891 3020 1964 Septembri
3072 1906 3263 1948 mense
3308 1890 3526 1962 incipit.
3576 1889 3769 1946 Octavo

2183 1986 2349 2060 igitur
2388 2001 2578 2045 mense
2615 1985 2865 2044 kalendae
2909 1983 3115 2056 Aprilis
3154 1990 3325 2039 sunt:
3354 1982 3549 2053 incipit
3598 1988 3767 2037 autem

2184 2082 2388 2139 mensis
2430 2097 2539 2138 non
2584 2080 2883 2138 secundum
2922 2078 3201 2151 vulgarem
3225 2093 3408 2143 usum,
3449 2075 3549 2133 sed
3586 2090 3765 2132 secuu~

2184 2176 2312 2232 dum
2341 2174 2795 2232 consuetudinem
2838 2173 3136 2246 peritorum
3186 2172 3257 2229 ab
3299 2171 3634 2243 mquinoxio,
3684 2168 3766 2239 qui

2183 2270 2304 2328 dies
2328 2278 2415 2327 est
2440 2269 2763 2326 duodecimo
2788 2266 3050 2325 kalendas
3078 2266 3303 2338 Aprilis,
3324 2274 3382 2323 et
3405 2262 3593 2320 ﬁnitur
3612 2260 3770 2318 unde-

2180 2363 2324 2419 cimo
2342 2360 2606 2419 kalendas
2620 2360 2763 2417 Maii.
2789 2360 2919 2417 Inde
2932 2360 3168 2416 maxime
3188 2348 3329 2415 intra
3351 2357 3453 2415 bos
3482 2358 3697 2428 triginta
3718 2363 3767 2410 et

2181 2470 2347 2512 unum
2392 2454 2514 2511 dies
2541 2465 2566 2502 κ
2597 2468 2743 2525 saepe
2784 2453 3048 2511 celebrati
3076 2454 3293 2523 pascha:
3315 2450 3460 2508 dies.

2253 2548 2342 2603 l7.
2381 2546 2492 2605 Sed
2536 2562 2662 2604 cum
2706 2544 2734 2584 ¹³
2762 2554 2892 2603 ante
2943 2544 3271 2603 sexennium
3315 2541 3770 2600 celebraverimus

2182 2640 2400 2713 paschae
2433 2641 2774 2698 Dominicam
2822 2639 3115 2697 undecimo
3158 2635 3427 2695 kalendas
3472 2635 3630 2703 Maii,
3675 2634 3769 2689 hoc

2182 2743 2287 2801 est,
2319 2735 2602 2808 trigesimo
2627 2734 2719 2791 die
2753 2732 2985 2800 mensis,
3026 2729 3329 2790 secundum
3364 2737 3613 2788 nostram
3633 2724 3770 2783 scilic

2175 2901 2330 2972 cujus
2350 2899 2570 2974 quidem
2603 2898 2895 2974 i_nstitu_tio,
2920 2898 3167 2974 quamvis
3191 2909 3311 2974 rem
3331 2892 3766 2974 obscurissimam

2176 2967 2299 3048 esse
2332 2967 2574 3048 afﬁrmet
2608 2967 3246 3048 Baron_ius,_'t:ecgptiori
3292 2976 3495 3048 temeti
3508 2967 3766 3045 sententia

2180 3044 2439 3100 tribuitur
2465 3056 2612 3098 anno
2638 3042 2857 3099 Domini
2884 3037 3015 3107 3H,
3044 3037 3406 3098 Conatantino
3445 3037 3640 3105 Magno
3678 3037 3768 3089 im.

2180 3124 2429 3187 perante.
2462 3115 2573 3171 Nec
2592 3131 2727 3187 vero
2759 3116 2879 3172 leve
2906 3114 3065 3187 huius
3093 3108 3367 3187 opinionis
3393 3116 3765 3187 argumentum

475 3193 569 3265 nos
592 3179 953 3265 sextodeciiuo.
984 3176 1233 3265 et'certe
1259 3176 1608 3265 manifestum
1637 3195 1743 3265 est,
1773 3187 1955 3257 priore
1980 3186 2075 3242 do-
2105 3199 2153 3265 ο
2183 3176 2298 3255 cst,
2342 3187 2487 3265 quod
2509 3185 2853 3265 Athanasius
2894 3188 2949 3265 iu
2974 3176 3089 3265 'lill.
3116 3176 3198 3265 ,ὂρ
3233 3176 3768 3265 ξῖρράίξξεὲυὲέθ

474 3251 673 3335 minica
704 3252 758 3335 iu
784 3267 816 3305 v
844 3251 967 3309 idus
986 3252 1192 3335 Aprilis
1219 3256 1541 3335 incidente,
1567 3251 1813 3335 proxime
1836 3273 2076 3330 sequen-

475 3328 584 3377 tem
608 3337 715 3378 non
746 3325 801 3379 in
829 3338 921 3388 xv,
951 3325 1049 3382 sed
1081 3326 1135 3380 in
1161 3343 1250 3382 xvi
1279 3327 1393 3386 kal.
1422 3328 1545 3384 Maii
1569 3325 1839 3385 incidere.

554 3392 987 3476 f_Edit._antiq.,
1016 3398 1169 3453 tertio
1204 3397 1312 3476 Ital.
1339 3399 1511 3476 April.
1541 3399 1701 3476 Rom.
1739 3414 1865 3456 cum
1899 3415 2073 3476 mss.,

476 3467 627 3536 tertio
671 3467 904 3536 decimo,
956 3476 1089 3536 etc.;
1143 3469 1286 3526 unde
1329 3470 1646 3527 conﬁrmari
1720 3473 2076 3528 mutationem

478 3532 790 3614 Phariuuthi
835 3532 1291 3614 in_P_I_tainenotIt,
1324 3541 1394 3599 de
1434 3558 1539 3614 qua
1565 3543 1823 3613 superius
1870 3543 2076 3600 dictum

481 3614 587 3667 est,
621 3608 877 3663 observat
899 3608 1117 3667 Balbus.

486 3648 1223 3769 ζίὲἱ,ἔέ”ῗιὲἑ,ἶςῖ-”ἑίῆῗξ’νειι
1264 3693 1472 3769 auem.
1495 3685 1598 3769 κει,
1630 3685 2002 3769 duodecim.-
2031 3696 2078 3743 ει

482 3753 664 3818 incipit
712 3762 878 3806 sexto.
927 3753 1216 3822 Mendose;
1247 3766 1460 3814 certum
1509 3757 1658 3814 enim
1703 3766 1786 3813 est
1833 3773 2079 3815 mensem

483 3817 810 3913 gilgitanum
837 3823 1099 3913 incipere
1126 3843 1159 3882 v
1186 3827 1296 3883 kal.
1339 3827 1558 3913 Mittias
1589 3827 1940 3913 et_t.in_ire_.vn
1963 3830 2076 3885 kal.

484 3895 686 3961 April.,
728 3907 793 3949 ac
836 3895 1066 3966 proinde
1106 3913 1349 3956 mensem
1381 3898 1695 3955 Pharmutlti
1742 3899 1959 3955 initium
1990 3916 2083 3957 su-

484 3977 639 4049 mere
663 3979 694 4020 τι
727 3979 781 4049 vr
803 3965 914 4049 kal.
944 3968 1189 4049 ejusdem
1205 3970 1441 4049 _Aprilis.
1472 3972 1699 4049 At_illud
1739 3971 2085 4049 animadver-

486 4033 948 4125 Eudumvidetur
964 4033 1337 4125 Ambros-ium,
1369 4057 1493 4125 cum
1514 4042 2080 4125 Pharmuthiprimum

485 4120 731 4196 mensem
773 4110 1042 4195 appellat,
1075 4113 1489 4196 intelligendum
1516 4130 1639 4196 esse
1667 4114 1738 4196 d_e
1770 4110 1943 4184 primo
1984 4130 2083 4170 no-

484 4185 827 4256 voru_m._qui
848 4185 1057 4256 primus
1071 4185 1199 4240 anni
1221 4185 1342 4242 erat
1366 4185 1667 4243 secundum
1691 4187 1891 4256 Legem
1917 4203 1931 4240 :
1958 4202 2083 4242 nam

486 4248 632 4319 apud
657 4248 945 4326 Egyptios
982 4257 1188 4312 mensis
1230 4256 1434 4326 primus
1482 4256 1620 4313 That
1661 4248 1979 4323 dice'batur,
2028 4266 2085 4313 et

488 4330 681 4405 nostro
712 4325 1018 4394 Septembri
1066 4327 1455 4399 respondebat.
1490 4329 1627 4386 Vide
1672 4328 1825 4385 Lact.
1856 4327 2082 4383 Firmia-

491 4391 743 4469 num_lib.
774 4410 815 4459 ι,
847 4411 968 4469 cap.
1007 4397 1086 4454 6.-

570 4470 594 4499 °
623 4460 772 4519 Edit.
1104 4470 1240 4527 diem
1275 4471 1664 4538 endecateride;
1712 4471 1898 4533 Rom..
1946 4488 2085 4526 eunt-

493 4531 633 4597 dem,
680 4531 930 4610 mensem
965 4541 1245 4605 nimirum,
1276 4531 1821 4607 Enneadeeateridem,
1863 4531 2080 4610 Optima

2183 3249 2565 3334 con've'uticulo
2577 3257 2904 3334 Arianorum
2919 3254 3222 3334 antiochiaa
3233 3249 3445 3334 habito.
3460 3249 3620 3334 illud,
3638 3263 3772 3334 pra-

2180 3340 2338 3403 sente
2356 3328 2677 3403 Consttuitio
2707 3372 2722 3403 ,
2753 3330 3057 3403 indictione
3080 3342 3167 3382 xiv
3190 3365 3207 3392 ,
3227 3322 3468 3403 cuivisse
3497 3320 3765 3403 declarat:

2180 3412 2237 3458 et
2263 3402 2390 3458 hinc
2415 3403 2506 3474 qui
2539 3391 3200 3474 Theodosioindictiones
3227 3394 3313 3474 his
3336 3391 3616 3474 Ambuusii
3648 3391 3768 3474 locis

2181 3463 2449 3544 persuasi'
2472 3473 2804 3538 attribuunt,
2855 3469 3064 3544 liquido
3112 3467 3462 3544 [efelLuntur.
3496 3463 3673 3520 Porro
3697 3463 3768 3517 in-

2181 3534 2478 3619 dictionum
2502 3534 2929 3619 crebr-amentis;
2950 3541 3089 3619 litin
3102 3534 3767 3619 Cod.'liheodns..qua_t:um

2181 3615 2507 3688 laterculum
2537 3614 2865 3688 Godefridus
2908 3612 3137 3688 exhibet
3174 3603 3599 3688 Δε-ιτιιίιιι-ἱιιίιίό.
3647 3603 3769 3688 Yide

2182 3688 2346 3771 etiam
2375 3687 2700 3773 Curonicou
2723 3685 3047 3773 Marcellini,
3074 3690 3130 3739 et
3161 3677 3620 3747 Alexandrinum,
3654 3677 3769 3733 licet

2183 3760 2484 3815 innumeris
2505 3760 2789 3815 erroribus
2809 3756 3090 3814 fmdatum.
3387 3822 3402 3833 ο
3615 3821 3629 3833 θ
3707 3821 3718 3831 _

2217 3902 2230 3910 _
2255 3841 2281 3879 κ
2307 3828 2445 3888 Tres
2471 3847 2630 3896 mss.,
2654 3828 3121 3910 stirpe-celebratos,-
3139 3837 3404 3910 .unusdqut
3426 3829 3489 3910 et
3503 3832 3767 3910 antiquis-

2184 3902 2376 3971 simus,
2408 3918 2473 3959 ac
2498 3918 2689 3958 omnes
2718 3899 2876 3967 edit.,
2909 3916 3046 3971 stupe
3074 3899 3352 3971 celebrati;
3385 3899 3634 3971 exceptis
3659 3899 3766 3961 qui-

2182 3969 2412 4030 husdam
2439 3974 2614 4046 Paris.
2643 3973 2735 4029 ubi
2755 3969 3013 4046 legimus,
3037 3969 3483 4046 sepeucelebratar.
3507 3969 3765 4046 Caeterum

2183 4046 2329 4115 quod
2355 4047 2432 4100 ait
2459 4045 2785 4123 Ambrosius
2814 4034 2967 4123 ξορα-α
2992 4034 3330 4123 hos'triginut
3366 4049 3417 4094 et
3454 4051 3623 4123 unum
3642 4034 3764 4123 eius,

2184 4126 2426 4172 erratum
2469 4117 2633 4173 etiam
2673 4116 2748 4172 ibi
2792 4115 3035 4181 videtur;
3073 4123 3200 4172 sunt
3242 4115 3391 4168 enim
3446 4121 3598 4165 anu
3635 4120 3666 4161 a
3701 4119 3765 4159 an

2185 4187 2297 4260 kal.
2322 4187 2502 4260 April.
2526 4188 2602 4260 ad
2630 4204 2684 4244 ιι
2714 4186 2825 4260 kal.
2856 4185 3003 4242 Maii.
3183 4257 3193 4260 _
3501 4251 3517 4260 _
3540 4250 3554 4260 .
3667 4249 3680 4260 .

2257 4258 2287 4296 ιι
2309 4250 2461 4333 _Sc'ite
2474 4258 2709 4316 advertit
2728 4258 2926 4316 Balbus
2945 4257 3229 4333 sequentia
3268 4269 3393 4312 cum
3410 4261 3487 4327 τῷ
3501 4250 3763 4333 biennium

2185 4330 2453 4400 quadrare
2503 4346 2650 4413 nou_
2665 4344 2825 4401 posse
2839 4345 3011 4413 ,_uec.
3028 4321 3189 4412 enim
3232 4344 3297 4413 ea
3343 4321 3765 4413 cou'venireag‘l‘ii

2184 4389 2351 4466 anno,
2382 4416 2549 4488 quam
2580 4389 2817 4485 95"”?
2842 4389 3204 4462 'Diocletiani.
3234 4398 3443 4454 Christi
3480 4407 3623 4473 vero.
3650 4389 3763 4448 579.

2186 4470 2344 4545 Unde
2369 4472 2589 4545 colligit
2604 4472 2884 4545 biennium
2915 4486 3078 4545 exeo
3106 4470 3311 4545 factum
3337 4467 3490 4545 quod
3518 4472 3761 4545 scriptum

2188 4540 2366 4614 fuerat
2395 4559 2445 4599 vr
2480 4534 2699 4598 εἷιιιίαω.
2730 4543 2848 4613 Qua
2894 4543 3209 4614 conjectura
3239 4534 3379 4614 nihil
3422 4534 3761 4614 probabilius.

491 4605 795 4674 correctio;
830 4609 882 4666 id
910 4612 1055 4668 enim
1088 4613 1194 4671 hoc
1223 4604 1328 4671 loci
1372 4614 1535 4672 docet
1561 4604 1887 4672 Ambrosius
1913 4604 2086 4669 Nicae-
2111 4613 2162 4675 Ι)
2186 4612 2550 4670 Nihilominus
2599 4604 2780 4671 tamen
2814 4604 3116 4672 Bucbei-ius
3163 4604 3444 4684 vulgarem
3482 4604 3765 4685 retinetle‘

493 4689 598 4761 πρε
626 4687 807 4761 patres
852 4693 1142 4754 propterea
1185 4687 1466 4761 statuisse,
1495 4697 1553 4740 ut
1587 4686 1826 4743 circulus
1863 4685 2087 4761 decem-

492 4750 705 4832 uovalis
732 4765 762 4832 a
791 4750 1277 4832 meusenovorum
1321 4750 1606 4832 inciperet,
1651 4757 1916 4832 atque__in
1959 4772 2084 4832 eum

492 4817 799 4903 desineret;
829 4824 954 4897 quia
982 4827 1037 4883 in
1062 4828 1256 4886 eodem
1280 4817 1515 4902 primum
1545 4817 1747 4902 pascha
1772 4828 1900 4886 olim
1934 4843 1966 4883 a
1988 4827 2087 4884 Ju-

495 4891 630 4948 dteis
650 4891 983 4955 celebratum
1014 4909 1122 4956 est.

574 4962 707 5043 ‘_Ex
737 4967 862 5043 hoc
909 4970 1246 5043 potissimum
1292 4972 1413 5030 loco
1465 4981 1715 5029 astruunt
1767 4971 2086 5043 chronologi

495 5034 847 5122 ,Ambrosium
872 5034 1178 5122 e'Patribus
1199 5043 1678 5122 Latinis_primum
1705 5045 1895 5122 luisse,
1925 5059 1963 5122 a_
1981 5034 2088 5114 (ιιῖο

496 5106 853 5190 indictionum
881 5112 1020 5190 facta
1045 5114 1118 5169 sit
1146 5117 1374 5190 mentio.
1419 5106 1800 5190 Verumtamen
1836 5106 1964 5171 illud
1994 5106 2091 5185 po-

499 5179 625 5256 tiori
666 5179 795 5252 jure
822 5184 1172 5256 collegissent
1212 5202 1278 5242 ex
1320 5188 1417 5244 lib.
1445 5189 1518 5245 de
1548 5187 1659 5244 Noe
1683 5198 1742 5242 et
1773 5190 1935 5254 Area,
1964 5179 2088 5256 cap.
2114 5223 2124 5232 ς

501 5248 590 5315 17.
619 5248 769 5326 num.
808 5255 899 5321 60,
930 5248 1022 5312 ubi
1049 5273 1234 5315 earum
1271 5274 1427 5314 usum
1456 5276 1563 5313 non
1594 5257 1685 5313 diu
1710 5268 1837 5314 ante
1857 5248 2090 5326 ccepisse

498 5325 633 5406 satis
672 5325 930 5384 insinuat.
966 5328 1424 5406 Dubitari_au_lem
1454 5329 1543 5385 hic
1584 5338 1784 5398 potest,
1814 5344 1977 5406 quam
2007 5330 2090 5384 in-

499 5389 794 5475 dictionum
814 5407 1043 5472 utroque
1066 5402 1188 5459 loco
1203 5389 1601 5475 desiguaveritj
1617 5389 1808 5475 utrum
1830 5389 2090 5475 Constan-

501 5466 917 5550 tiuopolitanam
933 5466 973 5539 ,’
993 5488 1117 5544 quae
1145 5466 1460 5550 incipiebat
1496 5469 1951 5550 kal.Septeu_ibt_-is
1969 5487 1994 5550 ;_
2019 5487 2087 5526 an

500 5529 1032 5615 Qonétautiuianam',
1071 5545 1229 5615 cujus
1272 5529 1486 5600 initium
1519 5550 1639 5598 erat
1675 5529 1771 5615 vui
1808 5540 1921 5615 kal.
1945 5529 2091 5611 ejus-

502 5603 898 5680 demumensis;
935 5603 1268 5673 an'tan'dem
1308 5615 1609 5672 Romanam
1636 5652 1654 5680 ,
1694 5603 2089 5669 Antiochenam

502 5675 590 5756 γᾳι
610 5678 774 5734 aliam
794 5696 860 5737 ex
882 5675 1068 5756 earum
1090 5701 1341 5753 numero,
1365 5702 1487 5755 quae
1511 5701 1543 5740 a
1564 5675 1922 5756 scriptoribus
1940 5697 2090 5740 com-

506 5754 914 5825 memorantur?
940 5755 1047 5814 Sed
1076 5759 1222 5815 inter
1244 5772 1307 5816 se
1329 5754 1464 5814 satis
1505 5754 1840 5814 conveniunt
1864 5755 2089 5825 peritio-

507 5824 596 5873 res
634 5817 980 5885 Ambrosium
1028 5827 1099 5887 de
1142 5827 1590 5888 Constantiniana
1633 5817 2084 5903 intelligendum;

2189 4685 2447 4769 ctionem,
2472 4701 2796 4771 annumque
2821 4687 3160 4769 designatum
3186 4680 3285 4756 per
3310 4695 3478 4740 voces
3498 4689 3618 4735 ante
3641 4680 3766 4729 bien-

2189 4774 2335 4812 nium
2356 4756 2559 4814 Christi
2589 4758 2695 4815 369
2722 4756 2890 4814 fuisse
2912 4757 3227 4813 arbitratur.
3258 4754 3459 4812 Verum
3485 4766 3551 4808 ea
3581 4762 3763 4817 suppu-

2192 4830 2325 4884 tatio
2352 4844 2460 4884 non
2487 4830 2728 4886 cohaeret
2763 4844 2887 4884 cum
2915 4844 2983 4886 eo
3006 4827 3154 4899 quod
3185 4826 3405 4899 deanni
3432 4822 3541 4881 387
3580 4817 3762 4899 pascha

2191 4899 2281 4957 hic
2315 4900 2515 4957 dicitur
2547 4918 2562 4957 :
2611 4900 2749 4972 quod
2774 4889 3103 4972 futurum'est
3143 4889 3595 4972 proxime;_p_tttli
3636 4889 3760 4972 Ιιδιξε

2189 4973 2478 5041 epistolam
2498 4966 2644 5028 idem
2659 4966 2956 5027 Bucberius
2978 4966 3237 5042 scriptam
3255 4966 3511 5042 anno§§l
3529 4967 3756 5042 censeat.

2194 5030 2259 5098 Εἰ
2282 5053 2434 5100 certe
2462 5049 2778 5101 recurrente
2804 5030 3146 5113 postmodu'm
3173 5040 3339 5097 simili
3364 5030 3761 5113 diﬂicultatendg

2194 5099 2610 5186 paschateanni
2629 5113 2737 5186 355
2765 5099 2984 5171 sanctus
3009 5113 3120 5186 Leo
3151 5128 3258 5186 nou
3288 5118 3415 5186 ante
3442 5099 3763 5186 annum-fisi

2193 5172 2560 5243 consulendos
2590 5185 2797 5255 peritos
2816 5185 3168 5242 existimavit.
3212 5183 3370 5252 Quod
3414 5191 3598 5255 autem
3642 5172 3764 5255 Iler—

2193 5272 2429 5315 mannus
2459 5243 2622 5313 tradit
2652 5255 2770 5312 ﬁeri
2807 5256 3073 5328 potuisse,
3116 5263 3178 5311 ut
3213 5243 3581 5328 aTliusucycIQS
3623 5243 3763 5328 3.“?

2193 5330 2501 5386 ctoriniano
2542 5319 2929 5401 observaretur
2962 5345 2987 5401 ,ε
3017 5319 3074 5401 et
3101 5341 3291 5401 revera
3330 5319 3498 5381 alium
3525 5319 3633 5401 hoc
3658 5319 3766 5386 ipso

2195 5402 2556 5458 antiquiorem
2586 5400 2751 5456 etiam
2788 5414 2820 5456 a
2844 5398 3113 5457 Bucherio
3153 5399 3360 5453 editum
3406 5406 3553 5458 esse.
3585 5398 3639 5444 in
3668 5401 3767 5458 91³³9

2232 5456 2394 5528 ascita
2446 5456 2867 5529 resurrectionis
2917 5470 3047 5527 anni
3096 5468 3203 5527 384
3258 5476 3506 5539 ponatur
3540 5456 3621 5517 su
3667 5456 3762 5512 kal.

2250 5544 2384 5612 aias,
2413 5543 2466 5599 id
2486 5551 2590 5606 est.
2608 5559 2686 5609 ιι,
2703 5558 2826 5601 cum
2849 5542 3046 5600 festum
3071 5535 3346 5613 paschatis
3365 5535 3509 5610 apud
3533 5547 3657 5589 eum
3681 5543 3766 5583 au-

2197 5622 2404 5671 ctorem
2433 5617 2502 5671 ab
2537 5629 2682 5670 anno
2716 5616 2823 5672 378
2850 5627 3070 5684 semper
3098 5628 3206 5669 uno
3246 5612 3358 5684 die_
3380 5614 3758 5684 antevertit“.

2195 5685 2304 5742 Sed
2333 5686 2476 5743 idem
2498 5701 2674 5742 canon
2707 5695 2788 5742 tot
2815 5674 3027 5742 mendis
3071 5693 3286 5740 scatere
3327 5674 3767 5753 deprehenditur,

2196 5765 2256 5815 ut
2277 5758 2330 5816 ei
2357 5758 2524 5818 ﬁdere
2548 5773 2655 5816 non
2676 5758 2988 5818 audeamus.
