3996 6292
205 314 228 367 l
237 311 343 366 055

1384 308 1707 368 l-ZPISTOM
1721 309 1864 367 RUM
1904 309 2183 368 CLASSIS
2221 312 2261 366 l.

3361 319 3498 378 1054

203 436 292 484 cet
317 427 738 485 ealculationem
764 469 778 494 ,
827 429 1033 485 moveri
1063 441 1167 483 non
1199 427 1484 492 debemus,
1512 427 1560 482 si
1591 436 1646 484 et
1675 441 1797 518 pro.
1828 441 1879 501 Α
1905 428 1957 481 in
1987 428 2168 498 quibus
2192 428 2334 483 eritis
2364 428 2465 495 ibi;
2497 439 2542 482 et
2573 430 2750 485 videbo
2796 434 3123 504 sanguinem,
3154 443 3202 491 et
3234 436 3503 509 protegam

202 521 350 577 xime
395 519 676 593 trigesimo
716 522 801 578 die
843 521 1162 578 Pharmuthi
1215 524 1421 578 mensis
1471 521 1800 577 celebraturi

201 629 396 670 sumus
430 617 653 686 paschae
685 615 1041 672 Dominicam.
1075 615 1271 672 Verum
1304 615 1350 670 si
1393 615 1515 686 quis
1556 630 1800 671 mensem

202 707 505 763 secundum
539 709 666 766 inde
713 709 1029 778 existimat,
1058 709 1181 782 quia
1215 719 1337 780 post
1386 709 1624 765 triduum
1651 724 1800 765 com-

202 799 333 869 pleti
366 799 594 868 mensis,
621 801 713 872 qui
754 801 1018 872 compleri
1051 801 1270 858 videtur
1299 800 1586 856 undecimo
1614 799 1801 857 kalen-

201 892 299 949 das
345 893 492 960 hlaii,
525 895 743 967 paschae
794 896 1074 953 Dominica
1124 897 1261 962 erit;
1295 895 1432 952 illud
1457 895 1794 964 consideret,

199 986 325 1058 quia
353 987 762 1058 quartadecima
795 988 944 1056 luna,
987 1005 1108 1060 quas
1146 989 1414 1062 qmeritur
1440 1031 1456 1056 ,
1503 988 1799 1060 quartode-

199 1077 344 1135 cimo
368 1077 629 1137 kalendas
657 1081 781 1137 Maii
810 1082 936 1148 erit,
969 1083 1072 1138 hoc
1100 1092 1207 1150 est,
1241 1083 1381 1139 intra
1412 1085 1794 1156 praescriptum

203 1171 405 1227 mensis
434 1187 742 1230 numerum.
775 1173 888 1230 Lex
915 1183 1099 1231 autem
1139 1174 1284 1232 diem
1323 1177 1593 1246 passionis
1623 1177 1800 1249 exigit

198 1265 338 1320 intra
367 1265 596 1338 primum
624 1281 866 1324 mensem
891 1283 1161 1325 novorum
1185 1268 1392 1326 debere
1414 1270 1707 1326 celebrari.

275 1359 365 1415 18.
398 1360 750 1418 Satisfactum
782 1372 866 1419 est
889 1363 1051 1433 igitur
1079 1363 1381 1420 secundum
1409 1364 1798 1436 plenitudinem

202 1455 368 1520 lunae,
399 1456 485 1512 cui
530 1458 599 1513 ad
629 1457 1015 1528 complendum
1065 1473 1310 1515 mensem
1341 1467 1642 1530 supersunt
1690 1469 1800 1516 tres

201 1551 292 1605 alii
342 1550 482 1607 dies.
529 1550 647 1607 Non
705 1567 840 1624 ergo
890 1553 946 1608 in
997 1553 1233 1611 alterum
1290 1567 1532 1609 mensem
1563 1553 1798 1621 recidit,

201 1643 422 1714 quando
461 1643 600 1700 intra
649 1644 901 1701 eumdem
950 1661 1196 1701 mensem
1225 1687 1240 1712 ,
1283 1646 1375 1716 qui
1421 1645 1629 1716 primus
1673 1654 1796 1713 est,

203 1734 405 1808 pascha
451 1736 841 1794 celebrabitur.
871 1738 953 1793 Ad
990 1739 1224 1795 litteram
1270 1747 1454 1795 autem
1498 1754 1600 1796 nos
1629 1738 1803 1796 teneri

1901 536 2010 589 vos,
2045 532 2066 560 ⁸
2097 532 2144 576 et
2179 539 2278 576 non
2308 522 2404 576 erit
2442 523 2497 577 in
2527 525 2667 580 vobis
2698 528 2854 600 plaga
2885 530 3198 583 cxterminii.
3234 529 3302 585 Et
3325 542 3502 588 conlc-

1903 630 2014 667 rant
2045 623 2232 669 terram
2263 613 2509 690 Egypti,
2537 626 2584 671 et
2615 619 2710 672 erit
2737 619 2844 674 dies
2867 619 2952 674 hic
2981 622 3123 675 vobis
3152 624 3500 678 memorabilis

1901 715 1949 761 et
1975 707 2245 774 solemnis,
2278 718 2326 762 et
2353 709 2489 764 diem
2513 713 2700 782 festum
2722 714 2883 785 agetis
2907 729 3021 768 eum
3046 711 3269 769 Domino
3294 716 3348 769 in
3378 733 3498 782 pro-

1901 801 2077 870 genies
2118 810 2337 868 vestras,
2379 802 2664 874 legitimum
2701 806 3094 876 sempiternum,
3134 808 3270 863 diem
3311 810 3501 880 festum

1901 893 2063 963 agetis
2092 893 2244 948 illum
2278 893 2467 964 (Ibid.,
2501 896 2536 952 5
2562 906 2610 952 et
2637 900 2794 970 seq.).

1971 987 2064 1044 20.
2097 989 2446 1047 Advertimus
2494 1000 2552 1048 et
2597 994 2868 1064 passionis
2907 994 3055 1052 diem
3081 996 3412 1068 descriptum
3443 999 3499 1055 in

1895 1080 2140 1151 jejunio,
2171 1083 2297 1154 quia
2337 1084 2404 1140 ad
2447 1099 2738 1158 vesperum
2787 1089 3119 1147 occidendus
3161 1101 3246 1148 est
3287 1107 3499 1164 agnus;

1904 1173 2027 1230 licet
2053 1175 2302 1232 ultimum
2331 1185 2545 1250 tempus
2572 1196 2674 1253 pro
2698 1197 2930 1254 vespere
2954 1187 3225 1254 possimus
3248 1188 3500 1257 accipere

1902 1267 2199 1323 secundum
2227 1268 2517 1338 Joannem,
2551 1273 2640 1343 qui
2681 1274 2800 1330 ait:
2839 1274 3018 1340 Pueri,
3057 1279 3334 1333 novissima
3371 1278 3503 1333 hora

1902 1369 1976 1414 est
2006 1361 2050 1432 (l
2079 1360 2233 1417 Joan.
2279 1381 2335 1431 tt,
2368 1364 2480 1436 l8).
2515 1367 2622 1422 Sed
2655 1377 2710 1423 et
2732 1369 2884 1439 juxta
2915 1372 3234 1442 mysterium
3271 1389 3504 1444 vespere

1903 1453 2012 1509 diei
2040 1467 2257 1512 constat
2295 1459 2559 1528 occisum,
2609 1462 2828 1531 quando
2861 1465 3102 1520 tenebrae
3132 1466 3313 1522 statim
3346 1467 3504 1522 facta:

1904 1556 2151 1603 suntzet
2200 1549 2463 1620 jejunium
2509 1551 2865 1609 deferendum
2914 1571 2981 1611 eo
3021 1558 3112 1614 die
3142 1574 3330 1614 verum
3373 1567 3458 1615 est
3485 1599 3502 1624 ,

1905 1641 2028 1710 quia
2056 1641 2127 1696 ita
2152 1643 2327 1698 edetis
2357 1643 2506 1698 illum
2538 1661 2660 1700 cum
2701 1646 3100 1715 sollicitudine;
3127 1651 3506 1721 jejunantibus

1905 1733 2050 1788 enim
2080 1734 2395 1790 sollicitudo
2421 1735 2684 1793 adhaeret.
2719 1738 3160 1797 llesurrectionis
3189 1753 3371 1799 autem
3419 1743 3508 1798 die

203 1846 312 1886 non
343 1840 599 1902 oportere
619 1873 635 1898 ,
679 1833 809 1890 licet
851 1834 1192 1890 consuetudo
1231 1833 1545 1890 celebrandi
1600 1832 1801 1904 pascha
1832 1839 1880 1900 B
1908 1829 2200 1885 exsultatio
2226 1831 2535 1887 reiectionis
2553 1842 2637 1887 est
2657 1842 2818 1905 atque
2849 1835 3050 1891 lmtitite
3073 1879 3087 1904 ,
3111 1853 3220 1912 quo
3247 1839 3334 1894 die
3358 1839 3510 1895 vide-

203 1926 320 1996 ipsa
368 1942 470 1982 nos
511 1927 773 1993 instruat;
825 1939 1003 1986 tamen
1050 1940 1105 1985 et
1147 1932 1443 2002 Apostolus
1485 1931 1667 1997 docet,
1709 1933 1800 2002 qui

202 2017 282 2072 ait
309 2035 322 2071 :
349 2017 555 2074 Pascha
582 2031 814 2075 nostrum
842 2022 1141 2078 immolatus
1169 2033 1245 2079 est
1273 2022 1506 2080 Christus
1537 2025 1580 2096 (1
1598 2023 1717 2080 Cor.
1746 2042 1799 2093 v,

206 2113 294 2185 7).
326 2113 434 2170 Sed
460 2124 515 2170 et
553 2116 835 2186 preposita
878 2117 1041 2173 lectio
1088 2118 1249 2175 docet
1295 2120 1528 2175 litteram
1575 2134 1684 2176 non
1716 2135 1806 2176 se-

202 2206 506 2278 quendam;
538 2209 618 2265 sic
645 2211 791 2266 enim
825 2210 995 2267 habes
1021 2229 1034 2266 :
1065 2211 1133 2266 Et
1170 2214 1332 2284 facies
1363 2214 1553 2280 pascha
1575 2212 1802 2270 Domino

203 2300 317 2358 Deo
347 2311 436 2357 tuo
464 2304 851 2374 quartodecimo
873 2307 1043 2379 886
1070 2307 1153 2361 die
1188 2309 1378 2362 mensis
1406 2310 1560 2378 primi
1591 2309 1799 2380 (Exod.

204 2411 302 2461 xu,
338 2396 449 2466 l8).
488 2395 639 2452 Diem
672 2412 771 2466 pro
800 2397 926 2452 luna
954 2399 1118 2464 dicit;
1149 2399 1291 2456 unde
1323 2401 1637 2471 peritissimi
1667 2417 1805 2473 quac

204 2504 312 2560 que
336 2489 632 2546 secundum
659 2489 857 2562 Legem
901 2491 1076 2546 lunari
1105 2507 1268 2548 cursu
1300 2503 1618 2564 computant
1652 2510 1804 2551 men-

205 2599 325 2640 sem
353 2600 366 2637 :
398 2593 453 2641 et
479 2584 602 2642 ideo
627 2600 750 2642 cum
778 2601 807 2640 a
838 2586 1084 2656 pluribus
1121 2587 1282 2643 nonis
1327 2588 1470 2644 lunae
1499 2604 1695 2646 cursus
1724 2590 1800 2644 in-

205 2676 413 2748 cipiat,
463 2676 566 2734 hoc
607 2687 728 2744 est,
775 2677 894 2734 dies
947 2679 1187 2750 primus,
1224 2689 1249 2717 ει
1277 2680 1432 2738 vides
1472 2697 1644 2738 nonas
1682 2682 1806 2738 Maii

207 2771 386 2828 adhuc
401 2771 468 2828 ad
491 2773 991 2844 mensemprimum
1015 2789 1276 2831 novorum
1297 2778 1599 2849 computari
1618 2792 1799 2848 posse.

208 2863 354 2936 Ergo
367 2874 421 2922 et
441 2866 593 2937 juxta
614 2867 775 2938 Legis
798 2870 1126 2925 sententiam
1146 2870 1354 2940 primus
1377 2871 1464 2926 hic
1479 2872 1684 2927 mensis
1701 2881 1803 2928 est.

210 2959 454 3031 Denique
505 2967 666 3034 μήνην
717 2961 898 3018 lunam
939 2972 1141 3019 vocant
1187 2962 1407 3031 Graeci,
1459 2965 1604 3022 unde
1644 2971 1808 3038 μῆνας

208 3051 400 3111 Graece
445 3053 636 3112 dicunt
681 3071 933 3123 menses;
969 3064 1026 3113 et
1062 3058 1326 3113 naturalis
1370 3072 1500 3114 usus
1532 3059 1808 3116 nationum

209 3154 517 3204 exterarum
538 3149 721 3205 lunam
742 3165 842 3220 pro
863 3149 1058 3206 diebus
1079 3149 1339 3222 appellat.

1905 1932 1993 1978 tur
2020 1925 2199 1981 exisse
2241 1925 2474 1996 populus
2501 1941 2568 1982 ex
2601 1926 2860 2000 Egypto,
2904 1931 3192 2000 primitivis
3229 1931 3512 2004 Egyptio-

1906 2032 2023 2071 rum
2040 2019 2434 2091 887necatis.
2456 2020 2611 2088 Quod
2637 2025 2937 2092 posteriora
2957 2023 3270 2080 evidentius
3287 2024 3510 2092 docent,

1907 2113 1960 2167 in
1991 2113 2190 2183 quibus
2215 2114 2290 2169 ait
2317 2113 2621 2186 Scriptura,
2655 2118 2780 2188 quia
2814 2127 3100 2190 postquam
3133 2119 3383 2177 fecerunt
3416 2121 3509 2177 lu-

1905 2209 2012 2266 dmi
2059 2211 2280 2281 pascha,
2314 2213 2456 2268 sicut
2484 2215 2746 2284 praecepit
2775 2215 3014 2286 Moyses,
3046 2218 3243 2289 factum
3271 2225 3346 2273 est
3375 2218 3514 2272 circa

1906 2304 2128 2358 mediam
2156 2314 2375 2370 noctem,
2417 2315 2466 2359 et
2508 2304 2764 2361 Dominus
2816 2310 3066 2378 percussit
3096 2327 3246 2366 omne
3285 2312 3514 2382 primiti-

1906 2415 2026 2452 vum
2052 2399 2106 2451 in
2148 2408 2284 2452 terra
2311 2397 2537 2472 zEggpti
2558 2441 2574 2468 ,
2603 2416 2634 2452 a
2665 2401 2932 2470 primitin
2970 2400 3285 2459 Pharaonis.
3320 2403 3391 2458 Et
3430 2423 3517 2460 co-

1905 2493 2038 2547 cavit
2079 2491 2295 2547 Pharao
2334 2494 2553 2566 Moysen
2583 2504 2631 2548 et
2668 2495 2842 2550 Aaron
2888 2506 3070 2564 nocte,
3107 2508 3155 2552 et
3202 2498 3336 2553 dixit
3366 2499 3513 2555 illis:

1907 2586 2120 2660 Surgite
2138 2596 2186 2641 et
2215 2590 2347 2642 exite
2372 2588 2436 2644 de
2465 2589 2660 2660 papula
2688 2605 2824 2656 meo,
2851 2585 2878 2625 ἀ
2909 2599 2956 2644 et
2997 2605 3082 2644 vos
3111 2599 3157 2644 et
3188 2590 3290 2660 ﬁlii
3319 2593 3473 2646 vestri
3496 2609 3516 2646 :

1906 2681 1976 2736 ite
2002 2690 2051 2736 et
2090 2681 2273 2736 sentite
2299 2679 2526 2736 Domino
2555 2681 2665 2736 Deo
2696 2691 2863 2736 vestro
2895 2681 3106 2754 (Exod.
3142 2699 3217 2737 ιη
3236 2725 3251 2748 ,
3279 2683 3443 2740 29-51
3471 2683 3516 2754 ).

1908 2773 1975 2829 Et
2006 2774 2273 2846 urgebant
2299 2773 2541 2846 IEgyptii
2561 2775 2843 2846 populum,
2872 2773 3197 2831 festinantes
3227 2790 3388 2846 quam
3421 2791 3516 2830 cc-

1910 2868 2135 2924 lerrime
2149 2867 2448 2939 expellere.
2472 2868 2718 2938 Denique
2733 2869 2811 2924 sic
2823 2868 3055 2938 profecti
3078 2879 3206 2924 sunt
3230 2867 3492 2924 Israelita:
3503 2909 3516 2932 ,

1911 2970 1972 3016 ut
2013 2977 2120 3016 non
2150 2967 2465 3016 occurreret
2487 2959 2594 3014 sibi
2627 2975 2814 3031 azyma
2845 2961 3208 3024 fermentare;
3235 2960 3518 3030 cjecernnt

1913 3057 2058 3112 enim
2081 3071 2176 3112 eos
2194 3055 2458 3126 IEgyptii,
2483 3062 2538 3109 et
2559 3068 2663 3109 non
2680 3062 2976 3124 potuerunt
2994 3053 3292 3120 sustinere,
3316 3062 3338 3090 ο
3354 3067 3516 3123 quem

1913 3160 2236 3222 apparatum
2268 3149 2370 3204 sibi
2399 3148 2645 3204 fecerant
2674 3147 2726 3203 in
2765 3147 2929 3203 viam.

285 3239 374 3296 l9.
405 3239 581 3296 Alium
607 3250 790 3298 autem
827 3241 971 3299 diem
1013 3242 1305 3313 passionis,
1341 3243 1507 3299 alium
1532 3257 1810 3300 resurrec-
1837 3246 1882 3310 C
1986 3243 2074 3297 2t.
2093 3243 2416 3299 Reseratum
2442 3241 2701 3312 estigitur
2727 3240 2870 3298 diem
2889 3239 3308 3296 resurrectionis
3333 3240 3522 3295 obser-

211 3335 375 3391 tionis
394 3335 778 3393 celebrandum
804 3337 1007 3394 veteris
1024 3352 1242 3408 quoque
1268 3336 1606 3394 Testamenti
1637 3338 1809 3394 series

207 3431 477 3499 ostendit;
509 3433 589 3490 sic
631 3434 777 3489 enim
810 3433 1018 3490 habes:
1053 3433 1232 3506 Agnus
1265 3434 1375 3488 sine
1401 3433 1628 3501 macula,
1660 3450 1811 3488 mun—

207 3523 333 3591 dus,
356 3535 761 3593 consummatus,
789 3525 1066 3580 anniculus
1082 3567 1097 3590 ,
1121 3525 1384 3580 masculus
1406 3525 1503 3579 erit
1534 3524 1692 3590 vobis,
1745 3525 1810 3579 ab

207 3619 388 3675 ovibus
411 3631 459 3676 et
484 3619 652 3676 hwdis
691 3621 926 3688 sumetis,
959 3628 1004 3674 et
1034 3619 1128 3674 erit
1176 3619 1316 3674 vobis
1360 3621 1416 3673 in
1458 3619 1811 3674 obseruatione

206 3732 368 3786 usque
390 3717 446 3771 in
472 3715 963 3787 quartamdecimam
982 3715 1172 3770 mensis
1199 3716 1376 3790 hujus,
1409 3724 1458 3769 et
1477 3715 1714 3770 occidetis
1747 3716 1812 3770 il-

206 3808 319 3862 lum
366 3803 394 3845 δ
443 3816 552 3862 tota
593 3805 872 3861 multitudo
921 3806 1220 3877 Synagogw
1261 3805 1488 3875 filiorum
1533 3803 1700 3860 Israel
1740 3805 1810 3858 ad

205 3917 497 3973 uesperum,
530 3911 580 3956 et
607 3909 807 3956 suntsnt
834 3901 898 3955 de
917 3901 1168 3971 sanguine
1197 3901 1330 3972 ejus,
1363 3909 1409 3954 et
1437 3909 1625 3969 ponent
1654 3916 1809 3972 super

207 3995 345 4049 duos
373 4004 568 4065 postes,
601 4002 650 4048 et
677 4009 832 4064 super
861 3992 1015 4047 limen
1058 3993 1177 4048 ostii
1201 3993 1407 4057 domus,
1437 3993 1506 4062 '_in
1533 4009 1634 4063 qua
1660 4009 1809 4047 man-

205 4088 472 4144 dacabunt
495 4105 612 4146 eum
636 4089 776 4144 inter
814 4088 1116 4157 semetipsos
1141 4103 1160 4141 :
1187 4085 1572 4140 manducabunt
1601 4102 1808 4142 carnem

206 4181 346 4236 hanc
390 4189 546 4236 noctu
588 4181 696 4252 igni
744 4190 1002 4245 assatam;
1033 4187 1088 4234 et
1132 4178 1270 4234 infra
1305 4196 1317 4232 :
1349 4177 1416 4233 Et
1451 4178 1613 4234 edetis
1657 4178 1805 4233 illum

205 4291 327 4330 cum
349 4274 733 4341 sollicitudine;
759 4275 952 4345 pascha
982 4282 1058 4328 est
1081 4273 1217 4328 enim
1238 4271 1452 4328 Domini
1472 4283 1522 4328 et
1545 4282 1807 4344 pertrans-

204 4369 294 4424 ibo
320 4369 376 4422 in
404 4377 596 4424 terram
627 4366 1006 4441 Egyptiarunt
1036 4368 1090 4422 in
1117 4376 1263 4423 nocte
1304 4367 1420 4434 illa,
1452 4377 1500 4422 et
1525 4368 1812 4438 percutiam

207 4477 361 4517 omne
409 4462 727 4532 primitivum
757 4463 809 4516 in
837 4460 1074 4534 zEgypto
1099 4462 1170 4516 ab
1202 4460 1408 4517 homine
1438 4477 1595 4532 usque
1623 4460 1690 4515 ad
1719 4478 1810 4531 pe-

1911 3334 2144 3390 vandum
2195 3341 2316 3404 post
2339 3331 2482 3387 diem
2512 3331 2800 3402 passionis,
2840 3332 2932 3403 qui
2957 3332 3073 3387 dies
3100 3331 3517 3386 resurrectionis

1912 3445 2018 3486 non
2041 3427 2446 3501 quartadecima
2465 3428 2590 3482 luna
2604 3427 2767 3483 debet
2781 3442 2926 3493 esse,
2950 3427 3044 3482 sed
3063 3434 3273 3497 postea,
3290 3435 3342 3480 ut
3360 3435 3517 3481 vetus

1911 3524 2148 3595 loquitur
2175 3523 2620 3588 Testamentum;
2656 3519 2674 3558 ί
2690 3521 2815 3592 quia
2845 3520 2964 3578 dies
2997 3520 3440 3586 resurrectionis,
3469 3521 3514 3574 is

1912 3633 2035 3674 cum
2055 3617 2342 3689 egrediens
2362 3616 2591 3688 populus
2611 3615 2682 3670 de
2701 3613 2961 3688 Egypto,
2984 3615 3036 3670 in
3057 3614 3194 3670 mari
3217 3623 3274 3670 et
3294 3613 3348 3669 in
3367 3615 3514 3670 nube

1913 3709 2237 3782 baptizatus,
2282 3718 2341 3764 ut
2363 3707 2663 3779 Apostolus
2704 3705 2841 3762 dicit
2887 3706 2933 3778 (l
2960 3704 3082 3761 Cor.
3117 3723 3172 3773 x,
3221 3706 3256 3760 2
3282 3716 3329 3762 et
3357 3707 3513 3778 seq.),

1911 3812 2141 3860 mortem
2174 3802 2322 3872 vicit,
2359 3815 2553 3873 panem
2584 3797 2886 3871 spiritalem
2919 3799 3214 3871 accipiens,
3239 3810 3296 3856 et
3321 3811 3515 3871 potum

1912 3895 1981 3951 de
2005 3904 2159 3966 petra
2185 3890 2446 3950 hauriens
2463 3892 2762 3964 spiritalem
2793 3909 2805 3945 :
2837 3907 2937 3948 nec
2965 3893 3275 3963 passionem
3300 3891 3518 3948 Domini

1909 3987 1997 4044 die
2013 3988 2294 4044 Dominica
2317 4002 2477 4059 posse
2501 3986 2770 4044 celebrari
2786 4002 2800 4042 :
2816 3995 2870 4042 et
2893 3988 2935 4042 si
2964 3985 3370 4056 quartadecima
3389 3987 3513 4041 luna

1906 4085 1960 4140 in
1991 4083 2325 4138 Dominicam
2349 4083 2625 4148 inciderit,
2667 4080 3065 4153 adjungendam
3113 4078 3510 4136 hebdomadam

1908 4179 2160 4245 alteram,
2182 4179 2389 4234 sicutet
2401 4176 2802 4249 septuagesimo
2815 4184 2972 4232 sexto
2993 4189 3136 4230 anno
3153 4189 3217 4230 ex
3244 4172 3514 4246 dieimpe-

1911 4273 1973 4327 rii
1991 4271 2313 4328 Diocletiani
2340 4271 2539 4327 factum
2555 4279 2658 4326 est.
2683 4269 2818 4325 Nam
2850 4276 2980 4324 tunc
3000 4278 3024 4315 ε
3039 4267 3305 4340 vigesimo
3319 4277 3514 4324 octavo

1910 4367 2000 4423 die
2027 4365 2346 4422 Pharmuthi
2385 4365 2611 4433 mensis,
2635 4365 2728 4436 qui
2756 4373 2842 4420 est
2899 4379 3044 4419 nono
3070 4362 3333 4418 kalendas
3361 4362 3512 4429 Maii,

1913 4461 2250 4518 Dominicam
2281 4460 2499 4532 pascha:
2529 4460 2932 4519 celebravimus
2977 4460 3094 4516 sine
3139 4459 3249 4516 ulla
3297 4459 3511 4516 dubita-

207 4570 340 4622 cus,
366 4531 498 4610 etin
525 4555 662 4610 omni
690 4565 828 4610 terra
866 4531 1091 4629 Egypti
1128 4556 1315 4627 faciant
1347 4531 1661 4621 vindictam,
1711 4570 1806 4626 ego
1829 4531 1883 4592 Ῑ)
1911 4556 2058 4613 tione
2076 4556 2364 4628 majorum.
2397 4555 2569 4613 Simul
2613 4556 2778 4612 etiam
2829 4556 2971 4612 lunae
3019 4570 3212 4612 cursus
3263 4564 3318 4612 et
3371 4557 3516 4611 ratio

206 4645 490 4702 Dominus.
520 4645 588 4702 Et
615 4648 711 4703 erit
756 4648 898 4702 vobis
947 4647 1161 4720 sanguis
1197 4648 1251 4702 in
1279 4648 1425 4718 signo
1456 4648 1508 4702 in
1534 4647 1804 4716 domibus,

285 4815 311 4842 λ
342 4805 497 4863 Rom.
531 4805 687 4873 edit.,
723 4805 877 4860 Vides
910 4805 1076 4876 pridie
1102 4821 1263 4860 nonas
1287 4804 1450 4872 Maii;
1479 4814 1611 4871 vet.,
1643 4805 1800 4862 Vides

207 4893 377 4932 nonas
407 4876 556 4932 Maii.
585 4876 883 4934 Commoda
926 4878 1120 4942 lectio;
1153 4891 1274 4932 cum
1317 4879 1462 4932 cnim
1502 4892 1638 4932 nova
1673 4877 1797 4932 luna

207 4949 373 5019 primi
402 4949 626 5015 mensis,
655 4960 713 5004 ut
757 4957 908 5005 nutat
942 4948 1158 5012 Balbus,
1195 4963 1262 5002 ex
1305 4947 1798 5004 Alexandrinorum

206 5021 369 5093 cyclo
399 5021 636 5091 incipere
685 5021 856 5092 possit
885 5021 968 5076 vel
999 5036 1032 5093 v
1063 5019 1259 5093 April.,
1299 5021 1358 5075 tlt
1399 5030 1456 5093 ut
1492 5034 1649 5093 nonac
1675 5019 1802 5093 Maii

207 5091 390 5162 primo
416 5093 590 5148 lunari
623 5091 812 5148 mense
832 5092 1174 5148 includantur
1195 5092 1504 5162 aliquando.
1533 5091 1636 5146 Sed
1662 5092 1801 5147 forte

207 5179 322 5218 non
366 5175 622 5232 putarunt
667 5165 822 5219 liom.
857 5165 1094 5221 editores
1132 5179 1302 5218 nonas
1351 5163 1418 5218 ad
1461 5163 1800 5234 superiorem

208 5248 460 5290 mensem
509 5237 785 5305 pertinere
836 5251 1028 5305 posse;
1061 5251 1181 5291 cum
1223 5250 1291 5291 ex
1319 5234 1484 5292 Festo
1520 5249 1675 5290 nonte
1722 5234 1804 5290 di-

207 5313 406 5361 cantur
430 5320 460 5360 a
495 5321 630 5360 nova
659 5308 805 5370 luna,
837 5308 981 5377 quod
1010 5309 1210 5362 incidat
1243 5309 1296 5360 in
1324 5321 1418 5361 eas
1437 5307 1578 5361 lunae
1609 5307 1808 5376 princi-

207 5377 362 5448 pium
387 5396 400 5430 :
427 5392 491 5432 ex
522 5377 794 5433 Macrobio
815 5387 1017 5443 autem,
1041 5377 1183 5448 quod
1216 5379 1324 5431 sint
1345 5381 1496 5447 quasi
1523 5377 1807 5448 exordium

207 5445 369 5504 nova:
412 5449 827 5505 observationis.
853 5453 923 5504 At
968 5445 1274 5520 huiusmodi
1317 5445 1661 5520 etymologia:
1689 5461 1812 5520 non

207 5530 341 5575 sunt
369 5523 522 5575 tanti.
548 5521 617 5576 Et
638 5525 879 5592 profecto
904 5518 1050 5576 recte
1091 5521 1177 5576 hic
1197 5522 1266 5575 ab
1287 5518 1576 5582 Ambrosio
1598 5519 1815 5592 dicitur,

207 5607 328 5647 cum
349 5609 389 5663 7a
421 5590 655 5663 pluribus
686 5594 856 5657 nonis,
883 5602 988 5648 etc.
1006 5635 1022 5658 ,
1048 5607 1153 5648 n0n
1180 5602 1360 5646 autem
1391 5592 1460 5646 ab
1481 5590 1754 5646 omnibus.

285 5663 312 5702 b
343 5661 496 5734 linus
525 5664 645 5720 cod.
687 5663 806 5718 Vat.
841 5674 946 5718 tota
973 5664 1300 5719 multitudine
1327 5663 1640 5734 Sgnagogte.

288 5746 311 5806 {3-
342 5733 500 5791 Tres.
535 5749 693 5802 mss.,
721 5744 768 5791 et
791 5752 892 5790 non
924 5738 1017 5806 erit
1045 5735 1184 5791 vobis
1223 5736 1277 5787 in
1306 5733 1484 5806 plaga.

284 5803 307 5837 δ
341 5806 574 5875 Edit.,et
598 5822 708 5871 vos,
733 5816 780 5862 et
813 5807 909 5871 ﬁlii
937 5805 1125 5861 Israel.

291 5882 315 5911 θ
343 5870 470 5928 Vel.
499 5870 628 5933 odit.
658 5870 781 5932 cum
813 5870 986 5932 tribus
1011 5892 1167 5944 mss.,
1200 5876 1473 5944 sustinere,
1497 5886 1809 5950 appatatum

630 5964 913 6028 ΡΔΤιιοι..
953 5971 1128 6036 XVI.

1915 4648 2262 4720 suffragatur,
2324 4649 2579 4720 quoniam
2627 4648 2887 4720 vigesima
2921 4648 3096 4719 prima
3153 4649 3280 4704 luna
3330 4650 3512 4720 proxi-

1905 4807 2002 4860 sibi
2021 4807 2278 4882 fec_erant;
2309 4807 2889 4882 Rom_.,sustinere,'nec
2920 4821 3228 4882 apparatum
3250 4812 3346 4866 sibi
3376 4815 3509 4882 fece-

1906 4889 2045 4950 runt.
2084 4879 2151 4934 Et
2177 4891 2328 4935 certe
2353 4878 2716 4950 suffragantur
2738 4880 2862 4936 huic
2891 4878 3214 4938 correctioni
3235 4878 3395 4937 verba
3419 4884 3508 4940 illa

1905 4949 2079 5027 Exodi
2107 4967 2204 5027 xtl,
2227 4955 2311 5007 καὶ
2331 4954 2432 5025 οὐχ
2454 4949 2770 5027 ᾐδύνηθήσαν
2793 4955 3066 5027 ἐπιμεῖναι,
3098 4953 3211 5027 οὐδὲ
3248 4956 3505 5010 ἐπισιτισ-

1906 5022 1998 5094 μὸν
2025 5025 2291 5088 ἐποίησαν,
2314 5022 2429 5079 etei
2458 5022 2849 5080 Verumtamen
2877 5022 3020 5079 'cum
3052 5026 3340 5081 lectionem
3368 5041 3504 5080 unus

1917 5094 2030 5148 Vat.
2086 5095 2256 5149 codex
2297 5094 2612 5166 suppeditet
2655 5095 2848 5150 abillo
2903 5105 3052 5152 textu
3103 5095 3245 5150 haud
3277 5095 3504 5150 multum

1906 5166 2295 5235 recedentem,
2353 5168 2408 5223 in
2462 5174 2668 5223 textum
2728 5167 3098 5239 recipiendam
3167 5167 3510 5222 existimavi-

1910 5252 2054 5292 mus.

1986 5307 2006 5346 ί
2034 5306 2170 5381 god.
2201 5308 2320 5361 Vat.
2356 5325 2494 5364 unus
2516 5349 2536 5376 ,
2583 5310 2724 5378 quod
2755 5309 2862 5363 dies
2900 5308 3156 5381 passionis
3198 5316 3338 5376 sunt,
3389 5325 3507 5365 cum

1914 5376 2199 5448 egrediens.
2231 5385 2336 5434 etc.

1991 5459 2016 5496 ε
2037 5448 2240 5523 Omnes
2259 5449 2418 5523 edit.,
2432 5451 2719 5523 trigesimo
2733 5449 2816 5523 die
2839 5447 3154 5523 Pharmuthi
3183 5451 3388 5523 mensis,
3421 5455 3508 5523 qui

1921 5530 1995 5576 est
2025 5521 2240 5588 septimo
2269 5519 2374 5576 kal.
2393 5519 2543 5576 Maii.
2561 5521 2669 5578 Sed
2688 5520 2890 5574 Balbus
2915 5536 2980 5576 ac
3000 5521 3303 5578 Bucherius
3321 5519 3509 5579 emen-

1923 5592 2160 5647 dationis
2180 5592 2367 5665 locum
2387 5593 2630 5665 indigere
2655 5589 3160 5665 deprehenderunt,
3179 5603 3343 5665 atque
3373 5595 3510 5653 adeo

1916 5663 2289 5736 reponendum
2318 5658 2562 5736 vigesimo
2579 5669 2754 5736 octavo
2771 5658 2925 5736 die...
2945 5664 3034 5733 qui
3051 5675 3126 5720 est
3147 5680 3204 5736 ιχ
3223 5658 3327 5719 kal.
3358 5667 3510 5724 Maii.

1915 5730 2129 5805 optima
2160 5730 2626 5806 correcti9_;_cum_
2645 5732 2790 5784 enim
2811 5730 2927 5806 illic
2947 5730 3136 5806 agatur
3155 5735 3223 5790 de
3251 5751 3398 5794 anno
3425 5755 3513 5796 re-

1914 5801 2122 5876 paratae
2158 5805 2352 5860 salutis
2388 5803 2518 5870 560,
2557 5801 2719 5857 aliter
2747 5814 2813 5857 ea
2841 5801 3081 5864 inter'se
3105 5807 3387 5866 cohaerere
3416 5827 3515 5868 ne-

1914 5890 2185 5948 quaquam
2215 5882 2460 5946 possunt.

2973 5976 3054 6038 33
