3996 6292
494 288 518 344 l
527 286 631 343 0'59

494 400 560 455 ad
584 394 949 453 Theodosium
996 392 1382 461 imperatorem
1405 382 1585 457 palius
1609 379 1962 445 contulerint,
1998 378 2092 450 qui
2119 385 2166 445 Α

495 498 623 548 sunt
646 503 769 544 enm
818 483 1201 540 Valentiniano
1246 480 1598 549 imperatore.
1637 472 1777 540 Quid
1809 472 1971 544 igitur
2007 470 2093 526 fu-

497 593 684 639 turum
714 578 1010 651 sperabas,
1056 588 1178 631 cum
1208 579 1264 628 tu
1288 567 1624 640 refugientes
1643 580 1741 623 eos
1776 564 1843 620 ad
1874 579 2090 636 poenam

496 691 774 751 posceres,
802 682 991 745 captos
1020 681 1285 726 necares:
1318 660 1661 720 Theodosius
1688 668 1871 716 autem
1897 675 2091 715 mune-

496 772 648 829 ribus
677 769 882 825 ditaret
905 808 919 833 ,
951 763 1185 821 donaret
1213 756 1551 815 honoribus?
1579 754 1749 823 Quos,
1778 754 1969 825 inquit,
1999 767 2092 810 oc-

496 865 656 923 cidi?
700 859 978 933 Respondi
1006 857 1080 927 ei,
1118 866 1144 895 ι
1173 854 1503 911 Vallionem.
1547 849 1619 907 At
1662 864 1823 922 quem
1864 848 2092 904 virum?

492 959 709 1034 qualem
739 951 1105 1012 bellatorem?
1152 947 1401 1005 Haeecine
1432 944 1531 1002 fuit
1553 944 1701 1015 justa
1727 956 1889 1000 causa
1915 941 2091 1009 exitii,

493 1052 641 1127 quod
665 1047 981 1122 imperatori
1004 1059 1105 1102 suo
1128 1042 1289 1100 fidem
1313 1040 1587 1099 servavit?
1607 1037 1723 1096 Non
1744 1052 1868 1111 ego,
1892 1036 2089 1108 inquit,

490 1161 614 1204 eum
637 1144 776 1216 iussi
822 1139 1022 1198 occidi.
1069 1133 1390 1208 Respondi:
1432 1132 1546 1191 Hoc
1587 1130 1913 1198 audivimus,
1946 1128 2091 1201 quod

491 1237 665 1297 occidi
691 1236 878 1308 jussus
907 1233 999 1288 sit.
1041 1230 1174 1296 Sed,
1225 1226 1421 1298 inquit,
1468 1226 1516 1282 si
1554 1226 1672 1297 ipse
1697 1222 1802 1280 sibi
1839 1222 1949 1279 vim
1980 1238 2089 1279 non

491 1328 790 1396 intulisset,
816 1326 1088 1398 iusseram
1135 1335 1259 1378 eum
1291 1318 1489 1377 deduci
1532 1317 1899 1385 Cabillonum,
1929 1324 1987 1372 et
2016 1316 2090 1373 ibi

487 1426 672 1482 vivum
698 1422 875 1481 esuri.
903 1416 1183 1490 Respondi
1212 1433 1226 1470 :
1258 1414 1406 1487 Ergo
1427 1422 1716 1487 prapterea
1737 1422 1793 1470 et
1818 1411 1949 1469 illud
1970 1426 2091 1467 cre-

489 1518 660 1575 ditum
692 1523 797 1581 est,
825 1512 971 1586 quod
995 1525 1120 1569 eum
1147 1507 1442 1565 occideris.
1473 1505 1608 1574 Quis
1627 1513 1805 1561 autem
1833 1502 1937 1561 sibi
1969 1519 2090 1575 par-

486 1615 721 1674 cendum
749 1619 989 1686 putaret,
1032 1623 1157 1666 cum
1184 1607 1402 1663 occisus
1428 1605 1503 1662 sit
1539 1603 1773 1662 bellator
1801 1612 2087 1670 strenuus,

487 1710 648 1767 miles
680 1707 855 1764 fidelis
881 1747 895 1773 ,
928 1717 1118 1761 comes
1168 1698 1356 1756 utilis?
1382 1696 1460 1753 lta
1493 1706 1605 1753 tum
1646 1695 1892 1763 discessi,
1940 1704 2002 1751 ut
2027 1709 2089 1751 se

488 1811 847 1863 tractaturum
874 1800 1105 1857 diceret.

561 1897 650 1953 12.
679 1897 885 1956 Postea
906 1908 1031 1951 cum
1059 1890 1270 1948 videret
1311 1904 1399 1946 me
1424 1888 1452 1927 ι’
1484 1886 1759 1943 abstinere
1779 1885 1847 1941 ab
1871 1885 2085 1956 episco-

488 1992 596 2065 pis,
626 1991 719 2063 qui
751 1986 1233 2046 eommuuicabant
1289 1984 1366 2051 ei,
1397 1982 1485 2039 vel
1513 1981 1603 2053 qni
1638 1980 1869 2051 aliquos,
1899 1978 2088 2035 devios

484 2085 615 2142 licet
640 2097 671 2139 a
705 2080 835 2149 fide,
890 2078 959 2135 ad
990 2092 1181 2135 necem
1210 2075 1511 2146 petebant;
1544 2083 1849 2130 commotus
1876 2072 1957 2127 eis
1970 2072 2090 2144 jus-

483 2177 556 2233 sit
584 2189 673 2232 me
694 2174 814 2231 sine
842 2186 996 2229 mora
1025 2168 1262 2241 regredi.
1295 2169 1407 2239 Ego
1426 2182 1558 2224 vero
1584 2166 1968 2231 libenter,,ets|
1998 2179 2087 2221 me

483 2269 732 2342 plerique
768 2278 791 2307 ο
818 2265 1046 2322 insidias
1089 2276 1385 2320 evasurum
1407 2275 1513 2316 non
1536 2259 1847 2325 crederent,
1879 2258 2089 2331 ingres-

481 2377 576 2420 sus
600 2376 719 2417 sum
742 2359 871 2425 iter,
895 2358 998 2413 hoc
1018 2356 1140 2412 solo
1158 2352 1347 2410 dolore
1366 2351 1622 2423 percitus,
1648 2350 1791 2423 quod
1816 2350 2085 2422 llyginum

480 2457 801 2529 episcopum
826 2465 1013 2508 senem
1037 2450 1091 2504 in
1110 2446 1363 2505 exsilium
1388 2445 1511 2501 duci
1542 2443 1805 2516 comperi,
1839 2442 1925 2498 cui
1951 2441 2085 2498 nihil

482 2547 596 2619 jam
634 2534 757 2601 nisi
779 2552 1059 2600 extremus
1106 2546 1425 2611 superesset
1461 2537 1709 2609 spiritus.
1739 2536 1873 2592 Cum
1914 2534 1984 2591 de
2020 2548 2089 2591 eo

486 2637 840 2697 convenirem
870 2633 1101 2691 comites
1141 2631 1284 2703 ejus,
1318 2645 1387 2686 ne
1415 2629 1538 2687 sine
1564 2638 1736 2695 veste,
1770 2628 1889 2684 sine
1916 2624 1944 2665 ει
1970 2627 2089 2699 plu-

485 2731 659 2788 mario
678 2735 1003 2801 paterentur
1029 2721 1256 2780 extrudi
1285 2737 1496 2788 senem,
1521 2731 1776 2777 extrusus
1801 2721 1916 2791 ipse
1942 2735 2085 2777 sum.

562 2824 652 2879 15.
686 2820 816 2876 Haec
858 2828 942 2874 est
970 2815 1238 2887 expositio
1282 2812 1569 2886 legationis
1607 2828 1765 2869 mem.
1796 2812 1951 2879 Vale,
1984 2812 2089 2868 lm-

487 2924 711 2989 perator
739 2930 755 2981 ;
787 2921 843 2968 et
880 2920 1001 2968 esto
1028 2909 1198 2964 tutior
1228 2907 1492 2964 adversus
1522 2905 1796 2963 hominem
1823 2904 1976 2978 pacis
2006 2907 2087 2962 in-

483 3010 709 3067 volucra
736 3005 939 3063 bellum
972 3008 1271 3075 tegentem.

882 3122 1047 3195 392
1088 3128 1113 3158 ο
1142 3116 1479 3176 EPISTOLA
1510 3115 1680 3173 xxv.

1857 264 2104 325 SANC'I'I
2143 265 2467 326 Αιιιιιιοειι

3643 263 3759 321 ιθιο

2268 383 2505 451 missum,
2538 391 2594 437 ut
2624 390 2795 437 tamen
2815 388 2988 436 utatur
3005 381 3297 447 clnnentia,
3324 380 3584 454 expedire.
3616 380 3758 446 Qum

2267 474 2321 529 in
2346 490 2453 529 rem
2474 471 2670 529 Christi
2695 474 2985 530 adulteram
3009 474 3275 529 mulierem
3292 472 3601 528 absolventis
3614 488 3760 525 exem-

2268 568 2413 638 plum
2441 569 2666 641 promit;
2694 578 2743 623 et
2767 584 2861 623 cur
2880 567 3171 624 communia
3186 566 3459 641 judicilrus
3476 564 3755 637 capitalibus

2268 660 2506 734 neganda
2533 677 2638 717 non
2658 661 2746 729 sit,
2777 661 3021 734 explicat.

2702 774 2719 813 ί
2753 788 3043 833 Αιιιιιοειιιε
3069 789 3282 833 srumo.

2269 868 2321 924 1.
2354 868 2709 941 Recognosce
2732 883 2881 939 purse
2907 867 3161 925 aﬂectum
3188 866 3414 936 mentis,
3442 873 3501 925 et
3520 865 3640 923 fidei
3666 872 3762 921 stu-

2193 962 2363 1030 dium,
2395 972 2452 1018 et
2492 962 2705 1018 Domini
2754 962 2927 1018 nostri
2970 961 3100 1019 Iesu
3146 961 3352 1018 Christi
3401 962 3674 1018 timorem.
3704 959 3764 1016 De

2193 1070 2301 1127 quo
2320 1055 2485 1112 etiam
2507 1069 2609 1127 ego
2628 1069 2856 1112 vererer
2882 1069 3208 1125 responsum
3240 1053 3491 1111 referre:
3522 1054 3767 1110 constric-

2195 1159 2282 1206 tus
2309 1150 2508 1216 altera,
2539 1148 2686 1221 quod
2715 1157 2805 1207 est
2840 1148 3192 1205 commissum
3220 1147 3380 1205 vobis
3419 1158 3643 1221 propter
3664 1163 3767 1204 eus-

2193 1243 2397 1300 todiam
2430 1244 2611 1317 legum
2640 1260 2656 1310 ;
2683 1242 2861 1300 altero
2888 1251 3069 1300 autem
3101 1252 3327 1315 propter
3355 1242 3763 1300 misericordiam

2193 1344 2250 1394 et
2277 1336 2532 1409 gratiam,
2564 1336 2670 1392 nisi
2696 1336 2766 1394 de
2800 1335 2906 1393 hoc
2932 1334 3305 1407 Apostolicam
3334 1335 3568 1393 haberes
3598 1344 3766 1393 aucto-

2193 1429 2408 1486 ritatem
2435 1446 2450 1485 :
2485 1428 2623 1496 Quia
2648 1445 2755 1484 non
2778 1429 2891 1484 sine
2915 1444 3074 1484 causa
3092 1427 3330 1500 gladium
3349 1436 3546 1499 portat,
3572 1429 3659 1500 qui
3685 1431 3765 1502 js-

2192 1522 2336 1578 dicat
2356 1521 2535 1595 (Rom.
2566 1538 2684 1589 snt,
2708 1520 2766 1593 4)
2792 1538 2807 1589 ;
2842 1521 2940 1579 Dei
2960 1522 3109 1578 enim
3136 1520 3339 1578 vindex
3360 1531 3448 1578 est
3473 1522 3530 1579 in
3558 1536 3673 1588 eos,
3691 1520 3767 1594 qui

2194 1617 2335 1675 male
2360 1627 2546 1686 agunt.
2574 1674 2581 1683 ,

2261 1709 2319 1767 2.
2343 1708 2499 1778 Quod
2525 1720 2704 1768 tamen
2726 1711 2830 1767 etsi
2855 1711 3133 1785 cognitum
3159 1710 3257 1768 tibi
3288 1710 3456 1779 foret,
3475 1725 3585 1768 non
3614 1709 3767 1767 otiose

2118 1793 2165 1853 Β
2193 1805 2579 1862 sciscitandum
2612 1810 2831 1878 putasti.
2874 1807 3007 1863 Nam
3053 1817 3202 1875 sunt,
3246 1816 3272 1856 s
3302 1816 3459 1864 extra
3491 1807 3764 1864 Ecclesiam

2194 1909 2372 1955 tamen
2395 1942 2409 1966 ,
2440 1899 2529 1970 qui
2557 1914 2653 1955 eos
2685 1899 2739 1955 in
2762 1901 3207 1956 communionem
3238 1915 3349 1957 non
3377 1908 3579 1957 vocent
3604 1915 3769 1956 sacra-

2191 2003 2501 2049 mentorum
2532 1992 2860 2058 emlestium,
2889 1992 2983 2064 qui
3011 1992 3066 2048 in
3091 1993 3306 2063 aliquos
3328 1993 3623 2064 capitalem
3656 2007 3767 2049 sen-

2189 2087 2414 2143 tentiam
2481 2085 2762 2143 ferendam
2815 2085 3246 2143 aestimaverunt.
3304 2085 3563 2158 Plerique
3618 2087 3766 2143 etiam

2189 2190 2386 2252 sponte
2413 2193 2477 2236 se
2502 2179 2814 2236 abstinent:
2847 2191 2902 2237 et
2948 2181 3238 2236 laudantur
3265 2179 3513 2251 quidem,
3555 2195 3654 2237 nec
3680 2180 3767 2250 ipsi

2188 2291 2284 2334 eos
2305 2290 2596 2348 possumus
2613 2291 2721 2332 non
2743 2274 3047 2348 praedicare
3069 2295 3083 2331 :
3107 2276 3201 2348 qui
3224 2276 3611 2332 auctoritatem
3638 2276 3767 2347 Apo-

2189 2372 2315 2429 stoli
2343 2379 2571 2429 eatenus
2600 2372 2953 2429 observamus
2980 2413 2994 2438 ,
3027 2379 3088 2428 ut
3113 2372 3181 2429 iis
3201 2370 3649 2427 communionem
3673 2385 3767 2426 non

2188 2465 2486 2523 audeamus
2515 2480 2736 2537 negare.

2259 2560 2314 2614 '5.
2345 2558 2511 2615 Vides
2540 2559 2703 2630 igitur
2729 2558 2855 2630 quid
2878 2558 3174 2616 auctoritas
3198 2558 3424 2624 tribuat,
3451 2556 3484 2596 ιι
3502 2558 3631 2630 quid
3657 2573 3767 2614 sua-

2187 2652 2314 2709 deat
2335 2652 2730 2709 misericordia.
2758 2652 3183 2710 Excusationem
3202 2654 3453 2723 habebis,
3480 2655 3526 2712 si
3554 2654 3763 2712 feceris:

2186 2745 2424 2814 laudem,
2454 2746 2498 2802 si
2532 2761 2638 2803 non
2665 2746 2881 2804 feceris.
2907 2747 3016 2805 Sed
3045 2748 3092 2803 si
3141 2764 3247 2803 nou
3292 2750 3544 2820 potueris
3570 2750 3763 2814 facere;

2196 2839 2211 2879 ί
2245 2856 2347 2897 nec
2369 2850 2551 2897 tamen
2571 2849 2834 2898 nocentes
2862 2849 3100 2898 atterere
3124 2841 3384 2914 squalore
3404 2843 3666 2909 carceris,
3686 2840 3768 2898 sed

2185 2933 2493 2999 absolvere,
2532 2934 2653 3004 plus
2691 2934 2847 3005 quasi
2869 2934 3128 2991 sacerdos
3150 2933 3766 3006 probabo.Potesteuim

2187 3026 2302 3082 ﬂeri
2330 3035 2387 3082 nt
2410 3040 2578 3083 causa
2602 3026 2839 3098 cognita,
2866 3028 3167 3098 recipiatur
3187 3028 3255 3084 ad
3279 3029 3613 3086 sententiam
3638 3045 3765 3096 reas,

2187 3119 2279 3192 qui
2331 3128 2517 3190 postea
2566 3128 2659 3174 aut
2700 3119 3090 3192 indulgentiam
3130 3120 3235 3177 sibi
3280 3131 3463 3193 petat,
3502 3131 3601 3179 aut
3634 3131 3768 3179 certe

487 3224 692 3281 Srumo
722 3234 846 3274 num
874 3190 980 3272 sibi
996 3190 1067 3270 in
1096 3230 1211 3270 reos
1231 3213 1540 3270 sententiam
1570 3217 1706 3286 ferre
1737 3213 1929 3281 liceret,
1960 3228 2084 3267 con-
2111 3190 2159 3256 δ
2188 3190 2306 3269 sine
2334 3212 2484 3284 gravi
2514 3213 2805 3269 severitate
2830 3190 2875 3281 ,ἡ
2895 3213 3039 3285 quod
3069 3190 3292 3286 quidam
3319 3216 3438 3284 ait,
3494 3216 3697 3273 habitet
3721 3218 3769 3273 in

557 3314 744 3372 sulenti
766 3309 1043 3383 respondet
1078 3309 1184 3380 ipsi
1208 3308 1415 3378 quidem
1459 3324 1610 3362 usum
1638 3307 1806 3380 gladii
1830 3324 1940 3363 esse
1966 3323 2076 3379 per-

556 3456 812 3514 tlNomen
864 3450 1028 3518 hujus
1076 3449 1296 3507 comitis
1338 3450 1491 3507 varie
1531 3450 1833 3521 reperitur;
1887 3464 2081 3505 omnes

486 3532 632 3589 enim
676 3526 810 3583 edit.
841 3524 1091 3580 scribunt
1129 3521 1395 3577 Balionem
1429 3537 1448 3576 :
1490 3537 1623 3577 mss.
1656 3522 1927 3586 nonnulli,
1957 3521 2087 3576 Bal;

488 3604 717 3665 tionem;
766 3595 859 3651 alii
888 3594 1108 3649 demum
1155 3596 1313 3665 longe
1345 3595 1586 3663 plurimi,
1625 3592 1943 3665 Valliouem.
1975 3594 2085 3664 Op-

487 3676 618 3730 time
644 3664 796 3726 sane.
822 3667 898 3722 lta
926 3680 1159 3736 namque
1184 3664 1458 3721 de’eodem
1479 3665 1717 3728 Paculus
1739 3667 1791 3737 in
1816 3664 2080 3737 Panegyr.

487 3748 686 3802 citato:
731 3737 905 3793 Vallia
935 3737 1342 3808 triumphalis...
1371 3746 1485 3807 post
1515 3736 1866 3808 amplissimos
1890 3736 2084 3807 magis-

489 3825 678 3880 tratus,
719 3820 767 3865 et
809 3824 1071 3882 purpuras
1101 3808 1433 3882 consulares,
1486 3818 1533 3862 et
1577 3816 1903 3882 contractum
1944 3809 2086 3882 intra

489 3878 1197 3946 unamidom'um'quemdam
1226 3878 1481 3934 honorum
1510 3889 1743 3934 senatum
1772 3881 1879 3934 vita
1916 3895 1971 3935 se
1994 3880 2085 3934 ab-

490 3961 667 4015 dicare
691 3954 989 4024 compulsus
1010 3961 1105 4024 est.

565 4031 591 4071 b
622 4026 778 4097 Quod
810 4020 1153 4097 ’Ambrosius
1199 4022 1398 4097 asserit
1434 4036 1494 4078 se
1523 4022 1857 4097 abstinuisse
1878 4039 1906 4078 a
1935 4038 2087 4080 com-

492 4092 756 4161 munione
802 4096 1211 4168 episcOporum,
1241 4092 1334 4166 qui
1379 4109 1500 4168 eum
1544 4094 1775 4168 maximo
1802 4110 2086 4168 sacrorum

493 4164 1291 4234 societatem'couservabant‘,
1346 4166 1484 4220 nihil
1526 4167 1817 4231 miramur;
1866 4166 2088 4237 quando

494 4249 673 4316 ipsum
701 4254 922 4316 quoque
969 4237 1263 4316 Misimum
1299 4238 1775 4316 a_comm_unione_,
1796 4249 1878 4316 _ut
1900 4247 2090 4316 narrat

497 4307 756 4373 Rutiliana
785 4307 851 4368 ἰιι
866 4310 984 4381 ejus
1015 4307 1135 4363 Vita
1155 4350 1170 4375 ,
1208 4309 1474 4381 rescidit;
1506 4308 1688 4381 divina
1712 4309 1957 4381 ultione,
1981 4310 2088 4381 nisi

464 4404 619 4446 -eum
652 4379 960 4457 pmniteret,
991 4379 1330 4457 gravissimis
1356 4381 1538 4457 verbis
1562 4380 1899 4457 denuntiata.
1930 4380 2089 4457 Quod

494 4452 678 4515 autem
705 4457 770 4511 ad
799 4454 936 4509 alios
952 4452 1267 4523 episcopos,
1291 4467 1430 4523 quos
1456 4453 1542 4507 hic
1571 4452 1794 4517 indicat,
1819 4452 1961 4508 haud
1989 4452 2090 4508 du-

498 4532 585 4587 hie
615 4526 905 4590 lthacium,
948 4522 1187 4580 ldacium
1218 4522 1517 4593 eorumque
1546 4523 1785 4579 fautores
1811 4524 2085 4595 intelligit,

495 4603 588 4672 qui
619 4598 1017 4672 Priscillianum
1036 4636 1051 4660 ,
1078 4595 1295 4651 devium
1322 4610 1352 4649 a
1372 4595 1499 4672 _fide
1538 4594 1766 4662 scilicet,
1804 4594 2089 4672 usquead

498 4666 730 4746 capitale
757 4667 1386 4746 supplicium-persecuti
1424 4673 1587 4733 sunt;
1634 4666 2088 4739 quemadmodum

498 4738 693 4802 rursus
721 4738 951 4813 epistola
974 4738 1045 4813 26
1066 4738 1425 4813 significatur.

573 4786 896 4873 2153;12'3'6
902 4786 1012 4867 '36
1015 4786 1462 4879 inafp'é'riééiahi
1492 4808 1821 4880 respiciebat
1853 4809 2092 4867 Ambro—
2114 4786 2170 4847 D

500 4891 636 4959 sius,
660 4902 786 4945 cum
815 4886 869 4940 in
893 4881 1105 4959 funebri
1132 4882 1441 4959 laudatione
1461 4879 1707 4959 ejusdem
1722 4879 2088 4938 Valentiniani

498 4952 684 5019 dolere
712 4973 794 5022 se,
825 4954 969 5027 quod
998 4953 1175 5009 minas
1202 4967 1233 5008 a
1256 4952 1488 5009 Maximo
1514 4954 1620 5010 sibi
1642 4954 1935 5011 intentatas
1966 4970 2093 5011 eva-

502 5034 655 5097 serit,
686 5037 932 5086 testatur.

570 5104 597 5141 d
629 5093 980 5163 Plumarium,
1013 5093 1067 5151 id
1092 5101 1196 5168 est,
1224 5096 1504 5166 plumacea
1547 5096 1771 5153 culcitra
1794 5139 1808 5164 ,
1844 5105 1903 5153 ut
1929 5098 2091 5168 paulo

503 5176 719 5233 mollius
748 5173 915 5227 fracta
947 5168 1073 5223 boni
1120 5166 1265 5222 illius
1292 5170 1438 5223 senis
1469 5169 1710 5224 membra
1756 5166 2085 5227 mutitarent.

496 5248 766 5304 Caeterum
793 5240 1100 5312 suspicatur
1122 5237 1389 5294 Barouius
1414 5239 1480 5312 ad
1506 5255 1596 5295 an.
1623 5238 1727 5312 58]
1760 5240 1903 5295 hunc
1928 5240 2091 5312 Hygi-

499 5333 631 5374 num
677 5309 929 5373 eumdem
970 5324 1094 5368 esse
1136 5319 1299 5381 atque
1348 5311 1636 5381 Adiginum
1679 5309 2089 5368 Cordubense'm

497 5391 835 5461 episcopum,
878 5400 907 5461 a
938 5397 1048 5453 quo
1075 5380 1306 5461 primum
1335 5380 1904 5461 guttatitesadversus
1948 5383 2091 5461 Ρριί-

495 5450 704 5516 ιιξιηιιιιὶ
743 5450 1048 5514 concitatos
1104 5459 1291 5506 narrat
1334 5450 1573 5506 Severus
1603 5451 1695 5506 lib.
1726 5467 1763 5505 ιι
1812 5453 1951 5508 llist.
1983 5454 2089 5509 Ve-

496 5542 800 5587 rumtamen
825 5543 949 5585 eum
978 5540 1045 5580 ex
1084 5521 1275 5578 eodem
1323 5520 1607 5585 historico.
1669 5523 1930 5593 Adiginus
1974 5525 2086 5591 ille,

495 5618 590 5658 seu
613 5602 795 5665 lginus
823 5598 958 5655 utin
987 5594 1347 5665 sequentibus
1388 5594 1712 5665 appellatur,
1738 5596 2091 5658 priseilianis-

497 5681 583 5727 tas
608 5665 884 5725 admiserit
904 5670 958 5722 in
984 5666 1446 5737 communionem,
1471 5665 1523 5721 id
1551 5681 1674 5721 cum
1698 5665 1891 5737 Hygini
1918 5666 2092 5723 nostri

495 5742 856 5811 generositate
880 5754 987 5811 non
1011 5736 1251 5811 cohaeret
1275 5754 1291 5803 ;
1319 5738 1422 5811 nisi
1452 5737 1590 5794 forte
1620 5739 1666 5792 is
1685 5736 1863 5811 exsilii
1890 5753 2091 5809 propo-

499 5808 589 5872 iiti
631 5808 917 5882 asperitate
941 5808 1256 5879 deterritus,
1284 5810 1521 5880 priorem
1549 5808 1910 5868 constantiam
1940 5808 2090 5883 abje-

2188 3319 2434 3363 carcere.
2461 3305 2591 3361 Scio
2612 3313 2794 3362 tamen
2817 3306 3110 3377 plerosque
3132 3308 3421 3380 gentilium
3442 3310 3675 3381 gloriari
3694 3325 3771 3367 sa-

2185 3447 2348 3523 cerit,
2373 3444 2517 3519 quod
2540 3446 2832 3503 Ambrosio
2858 3448 3036 3503 adhuc
3068 3448 3121 3503 in
3134 3447 3353 3523 reditus
3381 3449 3584 3509 itinere
3615 3453 3771 3523 posito

2188 3519 2536 3576 innotescere
2564 3533 2903 3589 nequaquam
2933 3521 3192 3586 potuerit.

2261 3601 2284 3662 ἐ
2317 3591 2528 3661 Scripta
2561 3598 2685 3662 post
2715 3605 2913 3646 annum
2942 3591 3072 3658 585,
3104 3602 3160 3648 et
3184 3601 3314 3649 ante
3339 3607 3547 3650 annum
3576 3596 3698 3653 587.

2266 3660 2285 3700 ί
2312 3660 2482 3736 Εάἰιζ,
2511 3660 2811 3736 Ambrosius
2834 3665 3104 3736 episcopus
3128 3664 3360 3731 Studia;
3388 3683 3548 3735 mss.,
3578 3669 3772 3724 Anha-

2186 3735 2295 3809 sius
2318 3734 2507 3791 Studia
2525 3733 2751 3809 ;_Gem.,
2777 3733 3049 3809 Studiose.
3074 3736 3200 3792 Fuit
3218 3746 3399 3809 autem
3421 3733 3650 3797 Studius
3671 3741 3773 3809 qui-

2187 3807 2310 3881 dam
2329 3820 2514 3881 c_o_mes
2533 3805 2599 3859 R.
2627 3805 2689 3881 ξ),
2708 3821 2806 3881 an.
2828 3807 3201 3881 ltllLlegegﬂ
3226 3808 3296 3864 de
3322 3806 3491 3865 Bonis
3514 3805 3769 3881 Proscrip.

2187 3887 2243 3934 et
2268 3877 2329 3949 P.
2351 3876 2422 3933 υ.
2448 3892 2595 3949 anno
2622 3876 2752 3945 404,
2783 3877 2892 3949 leg.
2919 3879 2989 3934 15
3009 3876 3077 3935 de
3099 3878 3281 3949 Episc.
3307 3881 3416 3939 Sed
3441 3892 3625 3939 utrum
3648 3876 3769 3939 ideis

2189 3950 2283 4006 ille
2309 3948 2493 4015 fuerit,
2533 3948 2603 4024 ad
2629 3964 2791 4024 gnem
2838 3948 2955 4005 haec
2978 3959 3038 4007 et
3075 3948 3311 4021 seqiiens
3339 3955 3575 4024 epistola
3623 3954 3773 4011 desu-

2189 4029 2337 4093 natag
2354 4032 2521 4089 sunt,
2550 4020 2766 4077 deﬁniri
2791 4030 2944 4078 certo
2970 4036 3076 4078 non
3109 4020 3309 4093 potest.

2264 4103 2289 4141 s
2320 4092 2396 4147 lta
2425 4107 2555 4148 mss.
2579 4107 2793 4149 summo
2815 4108 3082 4149 consensu
3108 4092 3123 4147 Ξ
3149 4103 3261 4151 vet.
3286 4095 3422 4152 edit.
3456 4112 3489 4152 a
3509 4098 3665 4154 nobis
3683 4098 3774 4155 mi-

2192 4163 2339 4236 nime
2358 4163 2755 4236 discreparent,
2789 4166 2891 4221 nisi
2920 4167 3262 4236 negationem
3291 4169 3396 4223 hoc
3422 4169 3589 4225 modo
3623 4171 3773 4228 inse-

2192 4234 2446 4312 ruissem,
2494 4234 2614 4312 nam
2651 4234 3039 4312 nou_sunt:_at
3065 4236 3225 4293 Rom.
3272 4240 3410 4295 edit.
3442 4243 3772 4312 negatione.

2190 4305 2407 4379 quidem
2440 4306 2650 4377 rejecit,
2679 4307 2777 4364 sed
2803 4309 2963 4381 simul
2994 4324 3210 4381 quoque
3235 4312 3444 4367 exemit
3470 4305 3679 4370 e'textu
3696 4329 3773 4371 se-

2190 4388 2421 4455 quentes
2450 4392 2614 4455 voces
2639 4420 2653 4444 ,
2674 4390 2842 4455 cura
2863 4379 3154 4455 Ecclesium
3192 4392 3364 4438 tamen
3389 4399 3409 4438 :
3455 4400 3770 4455 perperam;

2192 4450 2392 4507 etenim
2422 4450 2644 4506 nimiam
2674 4449 2813 4507 hanc
2837 4454 3186 4510 severitatem
3214 4449 3525 4513 non'fuisse
3554 4449 3770 4514 catholi-

2191 4535 2384 4594 corum
2416 4522 2579 4578 verba
2611 4522 2839 4579 inferius
2867 4524 3040 4594 posita
3070 4525 3233 4592 plane
3251 4525 3635 4585 demonstrant
3657 4547 3674 4582 :
3710 4526 3771 4581 Et

2191 4593 2307 4649 ideo
2332 4594 2559 4668 majores
2591 4593 2880 4668 maluerunt
2915 4596 3319 4668 indulgentiores
3349 4615 3461 4656 esse
3485 4601 3623 4655 circa
3632 4601 3770 4668 judi-

2192 4680 2297 4733 res,
2321 4674 2423 4739 etc.
2446 4665 2729 4739 ‘Eamdem
2766 4665 3085 4739 remetiam'
3105 4676 3295 4739 aperte
3332 4670 3584 4727 deﬁnivit
3622 4665 3770 4728 luno-

2192 4737 2406 4814 cenlius
2446 4736 2489 4807 l,
2518 4738 2695 4814 epist.
2726 4738 2856 4814 '5__ad
2886 4736 3154 4809 Exuper.,
3175 4741 3333 4810 cujus
3369 4744 3554 4798 verbis
3593 4757 3770 4814 super.

2193 4810 2467 4882 sedemus.
2518 4809 2824 4882 Verisimile
2869 4825 3000 4882 ergo
3063 4809 3313 4882 putamus
3356 4828 3466 4869 non
3512 4809 3770 4871 alios'bic

2195 4879 2468 4957 designari
2516 4896 2683 4957 quam
2709 4879 3049 4957 lflovatia—nos
3138 4884 3240 4957 qui,
3284 4884 3430 4940 inter
3468 4885 3573 4940 alia
3596 4927 3614 4951 ,
3657 4898 3772 4957 qua:

2196 4951 2549 5024 ati'ectabant,
2586 4951 2859 5024 rigidioris
2888 4951 3195 5023 disciplinae
3211 4951 3771 5023 documenta,etillud

2195 5023 2515 5098 adjecerint.
2536 5033 2594 5098 ut
2608 5023 2844 5098 iudicem
2861 5025 2952 5093 qui
2975 5040 3127 5082 reum
3149 5026 3295 5095 iuste
3314 5026 3508 5098 capitis
3524 5027 3773 5085 condem-

2196 5105 2400 5163 nasset,
2431 5095 2500 5151 ab
2524 5096 2708 5152 altaris
2734 5099 3117 5154 communione
3144 5095 3511 5155 removerent.

2269 5164 2298 5244 1}
2323 5167 2441 5244 gon
2466 5167 2810 5244 pauci__mss.,
2836 5170 2961 5240 quid
2980 5167 3186 5244 studeat
3214 5171 3572 5244 misericordia
3595 5171 3622 5224 .9

2278 5238 2291 5275 ί
2325 5239 2526 5293 Omnes
2570 5238 2705 5312 edit.
2748 5254 2813 5295 ac
2850 5238 3177 5312 msstlouge
3206 5243 3462 5310 plurimi,
3492 5258 3586 5297 nec
3614 5251 3772 5298 tanta

2194 5310 2529 5374 innocentes;
2557 5309 2713 5366 Gem.
2746 5325 2878 5366 vero
2902 5311 2970 5367 et‘
2987 5309 3162 5379 Pratl,
3193 5309 3286 5367 nec
3323 5322 3495 5369 tamen
3522 5324 3769 5369 nocentes.

2200 5380 2266 5456 El
2291 5395 2421 5435 sane
2440 5382 2529 5456 sie
2550 5381 2839 5456 legendum
2870 5381 3017 5456 hunc
3043 5383 3221 5456 locum
3248 5384 3452 5440 evincit
3473 5385 3616 5456 quod
3644 5383 3769 5439 sub-

2195 5451 2362 5526 ditur,
2394 5453 2511 5521 plus
2532 5451 2683 5526 quasi
2719 5453 2957 5526 sacerdos
2979 5453 3245 5526 probabo;
3275 5451 3504 5524 quando
3524 5457 3772 5512 innoceo-

2196 5469 2362 5516 unur,
2394 5469 2511 5521 plus
2532 5469 2683 5579 (fuas:
2719 5469 2957 5508 saceraos
2979 5469 3207 5526 proaaao
3224 5471 3245 5520 ;
3275 5469 3495 5524 quando
3524 5470 3772 5512 innoceo-

2196 5530 2277 5577 tes
2305 5524 2357 5577 in
2377 5526 2537 5578 vincn
2564 5526 2606 5599 i_s
2620 5524 2803 5599 teneri
2826 5540 3110 5599 nemonon
3140 5527 3435 5596 improbat.
3479 5526 3773 5599 lnterjectis

2196 5608 2325 5651 vero
2352 5609 2459 5651 non
2482 5596 2664 5651 multis
2690 5596 2893 5665 verbis,
2912 5597 3003 5653 ubi
3020 5612 3213 5653 omnes
3240 5612 3375 5654 mss.
3399 5612 3465 5655 ac
3484 5608 3596 5655 vet.
3620 5596 3769 5662 δάκει..

2196 5666 2478 5739 recipiatur
2497 5666 2568 5721 ad
2599 5669 2904 5723 sententiam
2928 5684 3068 5736 reus,
3097 5666 3230 5724 inde
3258 5668 3421 5727 Rom.
3456 5669 3591 5727 edit.
3634 5682 3773 5725 rese-

2196 5738 2432 5807 caverat,
2456 5738 2527 5795 ad
2554 5740 2874 5795 sententiam.
