3996 6292
265 295 399 354 1041

1483 289 1966 348 EPISTOLARUM
1992 288 2274 346 CLASSIS
2308 289 2345 343 1.

3427 295 3449 350 1
3461 294 3567 352 042

267 413 415 482 litos,
451 422 476 451 ⁸
502 413 644 484 quod
676 414 1014 470 incruentam
1043 411 1111 467 de
1142 409 1613 466 administratione
1637 410 1856 481 provin—
1882 409 1936 469 Α
1963 406 2290 476 baptizatus,
2325 415 2346 443 ο
2378 410 2437 458 ιιι
2469 403 2846 473 paenitentiam
2873 413 3051 473 gerat,
3083 414 3134 459 et
3167 419 3369 476 corpus
3403 419 3565 462 suum

266 508 390 564 ciali
413 509 650 564 securim
675 508 998 564 revexerint.
1033 507 1087 562 Si
1114 504 1216 562 hoc
1238 503 1498 575 gentiles,
1523 503 1655 576 quid
1680 503 1859 560 chris-

268 603 398 658 tiani
427 600 607 660 facere
635 602 882 660 debent?

336 697 390 752 4.
426 695 507 752 Ad
536 696 718 750 omnia
753 705 930 752 tamen
973 694 1156 764 accipe
1197 707 1521 765 responsum
1555 692 1860 748 Salvatoris

269 790 448 864 (Joan.
479 806 594 858 vm,
626 792 661 846 5
688 799 734 845 et
762 789 919 862 seq.).
954 788 1086 845 Nam
1127 803 1250 844 cum
1279 787 1583 843 adulteram
1617 786 1859 855 reperis-

267 895 388 942 sent
417 884 612 949 .ludaii,
658 885 976 942 obtulerunt
1020 899 1138 940 eam
1169 881 1459 947 Salvatori,
1489 882 1769 951 captantes
1799 892 1860 937 ttt

266 981 312 1036 si
359 979 665 1036 absolveret
692 995 835 1044 eam,
866 979 1030 1051 893
1061 979 1336 1033 videretur
1387 976 1586 1048 Legem
1617 975 1855 1042 solvere,

265 1076 355 1146 qui
386 1075 638 1132 dixerat:
675 1073 799 1129 Non
825 1075 940 1129 veni
973 1072 1171 1146 Legem
1200 1074 1420 1141 solvere,
1453 1074 1542 1128 sed
1575 1074 1860 1144 adimplere

267 1169 484 1243 (Matth.
517 1187 569 1237 v,
600 1169 690 1242 l7)
723 1185 738 1225 :
770 1169 816 1224 si
846 1168 1152 1235 damnaret,
1181 1169 1460 1224 videretur
1498 1168 1762 1224 adversus
1791 1168 1858 1222 ii-

261 1282 390 1321 nem
418 1267 632 1323 venisse
656 1265 925 1338 propositi
952 1266 1057 1321 sui.
1094 1265 1207 1322 Hoc
1236 1265 1402 1337 igitur
1422 1265 1727 1336 praevidens
1756 1265 1858 1320 Do-

266 1360 444 1415 minus
469 1359 630 1416 Jesus
658 1402 672 1425 ,
722 1359 984 1415 inclinato
1032 1359 1214 1430 capite
1236 1400 1250 1426 ,
1293 1359 1565 1415 scribebat
1602 1358 1658 1414 in
1689 1366 1854 1414 terra.

263 1452 400 1521 Quid
430 1454 721 1520 scribebat,
753 1454 855 1509 nisi
883 1452 1018 1509 illud
1047 1454 1452 1525 propheticum:
1475 1452 1661 1520 Terra,
1698 1462 1856 1515 terra,

263 1547 427 1601 scribe
451 1547 544 1602 hos
566 1548 703 1603 viros
729 1547 998 1602 abdicatos
1036 1546 1253 1619 (Jerem.
1288 1562 1418 1613 mi,
1443 1545 1538 1618 29)
1563 1563 1576 1613 ;
1611 1546 1758 1618 quod
1789 1545 1857 1602 de

263 1639 523 1697 Jechonia
553 1640 886 1710 descriptum
921 1649 1006 1695 est
1037 1640 1090 1694 iu
1118 1639 1391 1696 Hieremia
1424 1639 1734 1710 propheta?

336 1736 390 1792 5.
420 1736 553 1791 Cum
581 1735 749 1791 Judaei
778 1735 1152 1806 interpellant,
1177 1739 1230 1790 in
1257 1744 1399 1791 terra
1422 1736 1734 1791 scribuntur
1762 1748 1858 1788 no—

264 1831 409 1885 mina
436 1829 784 1885 Judaeorum:
832 1846 955 1885 cum
989 1830 1191 1886 adeunt
1234 1831 1544 1897 christiani,
1580 1847 1685 1885 non
1715 1831 1852 1886 scri-
1887 1807 1933 1868 Β

264 1921 466 1976 buntur
497 1922 550 1976 in
591 1931 732 1978 terra
763 1922 1002 1979 ﬁdelium
1049 1923 1265 1978 nomina
1291 1965 1306 1992 ,
1354 1923 1448 1979 sed
1482 1923 1555 1977 'in
1600 1923 1761 1979 ctelo.
1795 1920 1853 1975 In

265 2024 407 2070 terra
439 2024 617 2071 autem
645 2016 967 2072 scribuntur
990 2016 1222 2073 abdicati
1249 2031 1278 2071 a
1309 2024 1462 2088 patre
1489 2016 1730 2088 proprio,
1764 2016 1854 2085 qui

263 2115 473 2177 patrem
507 2115 741 2176 tentant,
773 2118 827 2164 et
855 2109 1217 2164 contumelias
1251 2108 1494 2180 irrogant
1533 2108 1739 2164 auctori
1771 2120 1856 2161 sa-

261 2197 409 2254 lutis.
441 2198 576 2255 Cum
607 2200 963 2270 interpellant
988 2200 1185 2264 Judaei,
1218 2200 1444 2256 inclinat
1471 2208 1635 2270 caput
1659 2198 1852 2264 Jesus;

257 2300 314 2347 et
343 2291 468 2362 quia
497 2307 603 2346 non
647 2293 809 2347 habet
838 2293 928 2348 ubi
977 2293 1206 2348 reclinet
1251 2303 1414 2363 caput
1438 2308 1618 2357 suum,
1658 2293 1852 2346 iterum

263 2385 449 2454 erigit,
483 2385 637 2456 quasi
681 2385 926 2441 dicturus
974 2385 1324 2451 sententiam,
1358 2394 1415 2441 et
1438 2385 1548 2440 ait:
1598 2385 1700 2452 Qui
1743 2383 1856 2439 sine

260 2485 471 2546 peccato
520 2488 615 2544 est,
649 2479 794 2547 prior
824 2477 1023 2548 lupidet
1065 2494 1177 2532 eam
1219 2477 1436 2549 (Matth.
1466 2493 1582 2540 vttt.
1622 2475 1738 2548 20).
1783 2475 1854 2531 Et

262 2569 459 2625 iterum
485 2569 750 2626 inclinato
777 2571 975 2640 capite,
1000 2570 1273 2626 scribebat
1301 2570 1352 2624 in
1385 2579 1551 2625 terra.

332 2663 385 2718 6.
420 2662 718 2718 Audientes
749 2662 824 2717 illi
853 2664 1002 2718 exire
1032 2670 1315 2732 coeperunt
1335 2661 1555 2732 singuli,
1591 2660 1857 2732 incipien-

262 2763 343 2810 tcs
370 2771 398 2809 a
429 2755 736 2812 senioribus
767 2749 952 2827 (Joan.
983 2771 1100 2822 vnt,
1133 2752 1187 2826 7)
1220 2771 1233 2808 :
1279 2755 1364 2810 vel
1393 2754 1536 2824 quod
1572 2754 1670 2824 ipsi
1699 2754 1852 2824 plura

262 2849 530 2906 haberent
554 2849 805 2914 crimina,
829 2850 917 2919 qui
950 2848 1040 2903 diu
1070 2849 1352 2904 vixerant:
1387 2849 1470 2903 vel
1501 2848 1622 2918 quia
1647 2849 1856 2917 priores

261 2944 368 2998 vim
403 2943 787 3000 intellexerunt
835 2944 1141 3011 sententiae,
1175 2945 1329 3014 quasi
1357 2943 1756 3014 prudentiores,
1799 2953 1855 2999 et

261 3044 544 3105 creperum
571 3050 665 3090 sua
715 3037 887 3106 magis
917 3045 1137 3106 peccata
1166 3035 1390 3103 deﬂere,
1423 3036 1512 3106 qui
1543 3035 1710 3090 alieni
1740 3037 1852 3092 cri~

262 3128 421 3184 minis
447 3139 709 3184 venerant
737 3140 1104 3185 accusatores.

335 3222 388 3276 7.
418 3221 820 3279 Recedentibus
849 3238 980 3294 ergo
1013 3223 1118 3278 illis
1140 3264 1154 3289 ,
1199 3224 1464 3278 remansit
1492 3222 1645 3278 solus
1669 3222 1848 3289 Jesus,

263 3324 318 3372 et
345 3317 562 3372 elevans
597 3325 756 3387 caput
783 3317 849 3371 ad
877 3317 1184 3381 mulierem,
1230 3317 1340 3370 ait:
1383 3315 1481 3372 Ubi
1507 3327 1648 3381 sunt,
1688 3317 1778 3388 qui
1807 3325 1857 3370 te

261 3410 570 3466 accusabant
599 3411 624 3465 ἶ)
666 3409 692 3448 b
721 3409 892 3466 Nemo
919 3419 966 3466 te
996 3409 1245 3480 lapidavit
1268 3411 1293 3465 .9
1319 3410 1387 3464 Et
1410 3411 1503 3464 illa
1542 3410 1810 3481 respondit
1837 3426 1855 3464 :

266 3501 457 3558 Nemo.
491 3503 627 3558 Dicit
654 3506 700 3560 ei
723 3503 922 3560 Iesus:
954 3503 1066 3558 Nec
1095 3520 1186 3574 ego
1215 3514 1262 3558 te
1295 3505 1574 3559 damnubo.
1610 3503 1779 3569 Vade,
1807 3515 1858 3560 et

261 3598 379 3654 vide
394 3599 579 3654 amodo
600 3616 665 3655 ne
685 3615 856 3668 pecces
878 3597 928 3672 (1
936 3599 1066 3667 bid.,
1085 3599 1170 3664 10,
1194 3597 1304 3667 li).
1321 3599 1436 3655 Non
1450 3600 1689 3666 damnat,
1705 3599 1858 3671 quasi

263 3689 594 3762 redemptio;
627 3691 874 3762 corrigit,
919 3691 1072 3761 quasi
1115 3690 1223 3745 vita
1254 3708 1268 3745 :
1309 3693 1461 3762 quasi
1492 3692 1629 3758 fons,
1663 3693 1853 3748 abluit.

267 3781 335 3838 Et
363 3783 489 3855 quia
517 3783 736 3856 quando
777 3798 837 3838 se
884 3784 1107 3839 inclinat
1144 3783 1328 3851 Jesus,
1361 3785 1484 3841 ideo
1531 3786 1772 3852 inclinat,
1804 3796 1862 3840 ut

259 3874 509 3945 jacentes
534 3877 747 3943 elevet;
779 3876 900 3934 ideo
926 3879 1004 3934 ait
1029 3877 1284 3935 remiSsio
1326 3889 1671 3949 peccatorum
1700 3899 1713 3934 :
1747 3878 1859 3934 Nec

263 3981 359 4036 ego
383 3979 429 4022 te
455 3969 731 4024 damnabo.

338 4061 392 4118 8.
425 4062 604 4120 Habes
629 4065 771 4136 quod
803 4067 1090 4137 sequaris;
1123 4075 1308 4137 potest
1333 4067 1478 4121 enim
1515 4065 1655 4134 ﬁeri,
1687 4075 1745 4121 ut
1771 4067 1861 4122 ille

265 4154 590 4213 criminosus
619 4157 789 4226 possit
815 4158 1016 4214 habere
1043 4175 1197 4230 spem
1233 4160 1596 4216 correctionis
1622 4177 1634 4211 :
1666 4159 1710 4213 si
1744 4161 1861 4214 sine

268 4247 540 4320 baptismo
585 4260 704 4318 cst,
741 4261 797 4306 ut
841 4252 1009 4323 possit
1058 4253 1307 4322 accipere
1349 4254 1767 4310 remissionem:
1813 4253 1858 4307 si

341 4421 365 4448 ι·
393 4411 481 4466 Isti
506 4411 966 4488 dlCUILlllEGI‘tFCB
993 4419 1262 4488 ἀναιμαᾳςτὶ
1291 4415 1574 4488 imperium
1593 4415 1859 4470 adminis-

268 4492 434 4585 trarle,
469 4486 626 4566 quale
647 4485 711 4540 Τ.
735 4486 1061 4585 Vespasiani.
1079 4485 1510 4585 traditummcujus
1540 4503 1641 4542 vox
1668 4496 1772 4585 est:
1797 4501 1856 4541 se
1883 4524 1938 4585 Β

267 4557 430 4629 malle
469 4557 645 4629 perire
670 4599 684 4624 ,
731 4573 890 4627 quam
934 4558 1181 4629 perdere.
1227 4559 1298 4612 ita
1340 4557 1624 4614 Nannius:
1658 4559 1856 4629 quibus

268 4627 434 4682 ctiam
461 4627 662 4684 addere
689 4627 952 4699 potuisset
977 4646 1008 4685 a
1038 4628 1343 4699 Capitolino
1368 4629 1570 4683 dictmn
1598 4627 1862 4684 de'Anto-

268 4701 408 4773 nino
427 4700 552 4755 Pio:
579 4699 735 4756 Solus
755 4702 984 4756 omnium
1025 4718 1186 4773 prope
1205 4701 1498 4773 principum
1519 4718 1730 4772 prorsus
1751 4702 1863 4755 sine

271 4772 411 4825 civili
441 4774 690 4843 sanguine
716 4783 762 4827 et
791 4774 988 4840 hostili,
1032 4783 1281 4842 quantum
1319 4772 1387 4826 ad
1424 4788 1478 4825 se
1507 4773 1677 4840 ipsum
1704 4774 1864 4840 perti-

270 4852 381 4920 net,
396 4844 542 4920 vixit.
559 4845 889 4920 Ἀναίμακτον
902 4860 1116 4920 quoque
1136 4843 1424 4914 imperium
1448 4844 1658 4898 Severo
1675 4843 1867 4898 tribuit

273 4915 571 4983 Lamprid,
597 4926 650 4969 at
676 4915 808 4975 lalso
834 4918 1011 4972 titulo.

345 4985 373 5023 ι)
401 4989 554 5041 Itoni.
581 4988 738 5055 udit.,
758 4989 922 5044 Nemo
945 4999 992 5043 te
1015 4986 1367 5042 condemnavit
1391 5003 1410 5053 ;
1439 4985 1561 5042 alite
1585 4999 1708 5042 cum
1733 5001 1865 5043 mss.

272 5059 549 5124 omnibus,
575 5059 846 5132 lapidavit.

349 5141 371 5168 ο
401 5128 686 5187 Canoniém
717 5133 1054 5204 paenitentia:
1078 5129 1294 5204 labores
1321 5128 1452 5184 olim
1487 5131 1872 5204 tantihtamque

272 5202 516 5256 diuturni
545 5202 727 5270 erant,
760 5213 818 5259 ut
860 5221 965 5284 non
1006 5203 1299 5284 immerito.
1322 5215 1421 5271 pro
1445 5202 1660 5284 capitali
1689 5216 1871 5270 poena,

277 5285 553 5346 tamquam
574 5291 719 5328 mors
737 5276 982 5346 quaedam
1008 5274 1392 5345 importunior,
1407 5273 1602 5346 subjici
1631 5284 1872 5346 possent.

352 5345 378 5382 ιι
404 5348 607 5402 Omnes
631 5342 786 5408 editi,
813 5347 1036 5411 Studia;
1059 5342 1248 5399 omnes
1271 5360 1432 5406 mss.,
1466 5342 1669 5399 Iremeo
1692 5359 1710 5397 :
1731 5344 1879 5399 exci-

279 5417 463 5489 piendi
496 5426 674 5472 tamen
718 5417 840 5472 cod.
871 5417 1062 5482 Carb.,
1094 5415 1280 5472 Germ.
1313 5425 1370 5472 et
1411 5416 1558 5484 Ful.,
1599 5416 1652 5470 in
1682 5417 1880 5489 quibus

280 5487 650 5557 prtetermissa
673 5491 844 5558 prima
875 5489 1168 5554 sententia,
1191 5491 1541 5544 continuatur
1569 5503 1694 5544 cum
1715 5487 1877 5556 epist.

279 5564 349 5618 ad
374 5560 682 5623 Bellicium,
707 5575 826 5628 quae
849 5561 901 5613 in
928 5561 1059 5614 edit.
1085 5561 1253 5629 antiq.
1281 5561 1370 5623 75,
1393 5561 1446 5614 in
1475 5562 1634 5616 Rom.
1659 5573 1791 5614 vero
1811 5559 1882 5613 45

281 5641 629 5689 numeratur.
653 5631 872 5687 Certum
895 5631 1111 5701 quidem
1135 5640 1219 5686 est
1243 5648 1310 5686 ex
1336 5642 1661 5703 argumento
1683 5631 1882 5703 notrad

281 5706 453 5762 alium
478 5704 736 5774 scriptam
768 5717 893 5774 esse,
936 5706 1074 5757 hanc
1101 5702 1430 5772 epistolam,
1475 5719 1636 5773 quam
1668 5702 1734 5756 ad
1759 5717 1884 5774 eum

283 5779 374 5831 cui
400 5773 651 5844 superiOr
679 5773 1027 5828 inscribitur:
1056 5789 1242 5845 verum
1276 5789 1343 5829 ex
1373 5775 1476 5830 hoc
1504 5775 1626 5845 ipso
1646 5773 1884 5845 credibi-

284 5849 392 5903 lius
433 5842 523 5901 eSt
552 5845 618 5900 ab
638 5845 933 5900 editoribus
959 5860 1050 5912 pro
1083 5842 1278 5897 lrenmo
1302 5842 1539 5913 positum
1563 5845 1728 5900 fuisst‘.
1758 5844 1886 5899 Stti-

1963 514 2061 572 pro
2087 497 2308 555 Christo
2334 496 2546 553 oll'erat.
2583 497 2815 564 Quanta:
2843 503 2971 550 sunt
3001 495 3066 550 ad
3098 496 3335 552 salutem
3365 498 3466 553 via:
3507 499 3520 552 !

2034 601 2090 656 9.
2124 599 2196 655 Et
2219 598 2347 655 ideo
2376 598 2618 666 majores
2638 597 2949 652 maluerunt
2980 593 3414 665 indulgentiores
3442 611 3566 653 esse

1961 691 2338 762 circajudices
2364 710 2377 758 ;
2413 701 2470 746 ut
2494 689 2622 745 dum
2649 688 2863 760 gladius
2890 703 3078 743 eorum
3106 688 3352 754 timetur,
3387 689 3564 759 repri-

1961 797 2202 844 meretur
2223 787 2491 844 scelerum
2519 784 2698 850 furor,
2727 795 2783 840 et
2809 797 2917 838 nou
2941 781 3267 837 inuitaretur
3293 800 3306 835 :
3340 782 3486 852 quod
3515 782 3562 838 si

1960 892 2254 954 negaretur
2290 879 2626 944 communio,
2674 876 2954 933 videretur
2979 875 3404 930 criminosorum
3433 875 3555 930 vin-

1961 976 2139 1032 dicata
2170 989 2356 1046 poena.
2386 973 2691 1028 Maluerunt
2736 970 2899 1042 igitur
2928 970 3144 1041 priores
3189 969 3389 1034 nostri,
3419 978 3478 1024 ut
3505 969 3562 1026 in

1931 1054 1936 1060 ’
1961 1069 2246 1125 voluntate
2280 1067 2452 1138 magis
2479 1063 2829 1132 abstinentis,
2864 1079 3026 1133 quam
3055 1063 3108 1117 in
3140 1062 3473 1119 necessitate
3495 1064 3566 1118 sit

1960 1165 2118 1234 legis.
2148 1162 2306 1230 Vale,
2333 1171 2387 1218 et
2433 1176 2532 1217 nos
2564 1159 2768 1232 dilige;
2803 1159 2930 1230 quia
2957 1147 3055 1214 nos
3087 1173 3306 1229 quoque
3348 1171 3400 1214 te
3439 1158 3561 1214 dili-

1960 1272 2157 1329 gimus.

2371 1369 2540 1443 39:.
2572 1367 2911 1426 EPISTOLA
2942 1365 3138 1422 xxvr.

1963 1515 2276 1585 Argumento
2317 1509 2595 1581 superioris
2641 1493 2875 1579 epistola:
2923 1507 3180 1575 repetito,
3231 1507 3299 1560 ad
3334 1505 3551 1562 Juda’os

2033 1606 2318 1660 adulteram
2347 1600 2553 1660 Christo
2579 1603 2813 1656 sistentes
2851 1599 3022 1666 redit,
3065 1600 3249 1670 quibus
3280 1601 3555 1670 episcopos

2034 1715 2235 1753 reorum
2264 1708 2475 1751 mortem
2507 1705 2866 1766 prosequentes
2893 1704 3180 1766 comparat.
3217 1692 3357 1748 Hinc
3385 1694 3554 1748 locum

2034 1793 2120 1848 ubi
2149 1793 2324 1847 oblata
2355 1793 2452 1862 fuit
2476 1791 2678 1855 mulier,
2713 1805 2996 1859 exponens,
3028 1789 3092 1843 de
3118 1790 3420 1842 remissione
3440 1805 3564 1858 pec-

2033 1897 2265 1941 catorum
2293 1887 2456 1940 multa
2480 1885 2731 1957 disputat.
2760 1883 3031 1939 Postremo
3062 1884 3298 1954 singulas
3326 1882 3558 1957 ejusdem

2032 1983 2262 2038 historiw
2301 1990 2473 2052 partes
2511 1995 2575 2034 ea:
2627 1977 2913 2050 Evangelia
2965 1988 3192 2034 recenset
3239 1986 3392 2048 atque
3431 1993 3558 2031 enu-

2033 2079 2183 2131 cleat.

2463 2180 2752 2221 AIIBROSIUS
2780 2161 2805 2200 ἀ
2830 2180 3060 2220 meum.

2036 2304 2083 2357 1.
2118 2303 2233 2357 Etsi
2253 2302 2366 2371 jam
2395 2300 2680 2370 superiore
2709 2299 2938 2370 epistola
2969 2299 3130 2365 hanc,
3161 2314 3327 2367 quam
3363 2313 3564 2370 propo-

1959 2381 2113 2450 suisti
2141 2436 2154 2459 ,
2193 2395 2644 2464 qumStiunculam
2693 2393 3071 2458 absolverim;
3117 2401 3299 2448 tamen
3355 2394 3560 2463 aliquid

1957 2487 2174 2558 plenius
2206 2486 2508 2556 requirenti
2542 2486 2660 2552 tibi,
2685 2492 2744 2540 ut
2765 2485 2898 2555 ﬁlio,
2924 2485 3123 2542 all'crre
3153 2495 3316 2557 atque
3346 2487 3562 2543 exscul-

1959 2596 2088 2652 pere
2118 2595 2224 2635 non
2253 2580 2687 2650 supersederim.

2027 2673 2082 2729 2.
2121 2675 2199 2728 Ac
2222 2687 2440 2743 semper
2475 2672 2696 2742 quidem
2724 2672 3011 2729 decantata
3038 2675 3292 2744 quaestio,
3327 2683 3382 2731 et
3409 2675 3554 2731 cele-

1957 2765 2072 2822 bris
2099 2765 2369 2820 absolutio
2404 2763 2503 2820 fuit
2532 2765 2778 2821 mulieris
2801 2765 2942 2836 ejus,
2977 2781 3098 2835 qua:
3129 2767 3184 2820 in
3215 2766 3353 2820 libro
3379 2766 3561 2822 Evan-

1956 2857 2088 2928 gelii
2119 2855 2302 2926 (Joan.
2336 2873 2453 2923 viti,
2484 2857 2597 2928 il).
2628 2858 2771 2927 quod
2804 2857 3102 2912 secundum
3135 2857 3397 2912 Joannem
3425 2859 3563 2913 scri-

1960 2949 2127 3016 bitur,
2151 2951 2405 3006 adulterii
2451 2965 2541 3005 rea
2573 2949 2751 3005 oblata
2798 2961 2884 3005 est
2912 2947 3155 3004 Christo.
3190 2948 3246 3004 ld
3286 2950 3434 3005 enim
3465 2949 3560 3005 Ju-

1959 3041 2202 3095 daeorum
2231 3050 2254 3077 θ
2277 3047 2642 3094 commentata
2665 3049 2748 3094 est
2778 3039 3158 3110 tergiversatio
3182 3055 3196 3104 ;
3227 3049 3283 3094 ut
3304 3039 3352 3094 si
3373 3049 3563 3094 contra

1962 3132 2160 3203 Legem
2193 3133 2596 3193 absolveretur,
2632 3139 2824 3186 contra
2857 3130 3055 3202 Legem
3086 3131 3300 3200 prolata
3347 3131 3562 3186 Domini

1960 3223 2088 3280 Jesu
2117 3223 2386 3280 sententia
2418 3232 2725 3279 teneretur:
2758 3225 2802 3280 sl
2831 3233 3012 3279 autem
3036 3223 3291 3279 damnata
3319 3235 3463 3280 esset
3491 3240 3558 3280 ex

1966 3317 2131 3388 Lege,
2164 3331 2357 3371 vacare
2385 3315 2584 3372 Christi
2613 3316 2888 3372 videretur
2909 3317 3106 3388 gratia.

2038 3412 2092 3465 5.
2117 3410 2222 3466 Sed
2241 3409 2620 3465 vehementior
2643 3410 2780 3465 facta
2804 3419 2909 3474 cst,
2937 3420 3291 3481 posteaquam
3314 3411 3558 3480 episcOpi

1968 3518 2094 3559 reos
2134 3503 2421 3558 criminum
2475 3503 2924 3574 gravissimorum
2968 3503 3022 3557 in
3074 3503 3310 3574 publicis
3343 3503 3565 3573 judiciis

1974 3595 1990 3634 ί
2018 3611 2298 3661 accusare,
2335 3595 2424 3650 alii
2456 3606 2512 3652 et
2539 3611 2734 3667 urgere
2775 3611 2947 3668 usque
2994 3597 3062 3652 ad
3089 3597 3330 3668 gladium
3367 3613 3564 3669 supre-

1969 3703 2222 3760 mamque
2267 3698 2536 3756 mortem,
2580 3690 2672 3744 alii
2716 3691 3098 3746 accusationes
3137 3690 3452 3762 hujusmodi
3508 3702 3565 3748 et

1964 3791 2222 3837 cruentos
2251 3781 2595 3836 sacerdotum
2629 3781 2934 3851 triumphos
2974 3782 3212 3853 probare
3251 3793 3558 3855 cmperunt.

1963 3876 2103 3946 Quid
2134 3877 2280 3931 enim
2329 3876 2476 3931 aliud
2523 3877 2613 3932 isti
2652 3876 2861 3942 dicunt,
2905 3893 3066 3946 quam
3092 3879 3348 3935 dicebant
3385 3879 3558 3936 «ιυᾱωί

1965 3987 2092 4026 reos
2119 3971 2406 4027 criminum
2439 3970 2650 4040 legibus
2689 3986 2813 4026 esse
2849 3971 3081 4042 publicis
3112 3973 3458 4041 puniendos;
3509 3985 3566 4030 et

1967 4066 2090 4122 ideo
2120 4067 2362 4121 accusari
2407 4081 2504 4121 eos
2531 4067 2695 4121 etiam
2739 4081 2769 4120 a
2815 4065 3194 4122 sacerdotibus
3233 4067 3285 4120 in
3330 4065 3562 4137 publicis

1960 4159 2184 4232 judiciis
2223 4159 2538 4229 oportuisse
2565 4201 2579 4224 ,
2615 4175 2754 4231 quos
2779 4170 3034 4216 asserunt
3063 4159 3364 4218 secundum
3411 4161 3562 4232 leges

1964 4253 2271 4324 oportuisse
2313 4253 2538 4324 puniri?
2577 4253 2778 4311 Eadem
2821 4268 2986 4310 causa
3028 4263 3137 4322 est,
3171 4253 3267 4310 sed
3301 4269 3564 4311 numerus

1965 4416 2074 4479 dio,
2106 4431 2270 4488 quam
2302 4431 2400 4485 pro
2429 4414 2620 4471 Studia
2648 4430 2677 4468 a
2724 4415 3086 4488 scriptoribus
3129 4413 3332 4488 [remeo
3363 4417 3568 4473 substi-

1966 4486 2161 4543 tutum.
2184 4487 2364 4556 Quare
2385 4502 2506 4542 cum
2531 4489 2576 4541 is
2604 4487 2669 4543 ad
2692 4486 2851 4558 quem
2875 4487 3014 4543 datae
3037 4496 3167 4543 sunt
3188 4486 3393 4543 eaedem
3417 4489 3564 4557 epis-

1967 4560 2109 4626 tolae,
2135 4559 2357 4614 Studius
2377 4558 2613 4615 lrenreus
2646 4561 2822 4613 vocari
2851 4559 3105 4629 potuerit,
3153 4558 3285 4614 nihil
3311 4558 3562 4629 prohibet

1964 4631 2090 4701 quin
2121 4633 2269 4702 prior
2300 4631 2464 4700 priori
2493 4632 2756 4687 vocabulo
2782 4672 2796 4696 ,
2837 4632 3108 4702 posterior
3149 4640 3332 4688 autem
3372 4640 3558 4702 poste-

1967 4703 2096 4757 riori
2132 4703 2391 4772 inscripta
2418 4703 2598 4757 fuerit.

2044 4784 2066 4845 ἦ
2098 4773 2240 4829 Edit.
2271 4784 2326 4845 et
2344 4774 2565 4844 quidam
2592 4789 2746 4839 mss.,
2775 4785 3059 4845 commenta
3081 4784 3161 4828 est
3187 4774 3560 4845 tergiversatio.

2050 4844 2067 4881 ί
2102 4845 2229 4901 Mss.
2260 4843 2454 4907 Corb.,
2483 4845 2669 4899 Germ.
2695 4855 2750 4899 et
2782 4843 2928 4910 Ful.,
2957 4843 3381 4900 accusarent'alii
3403 4855 3451 4898 et
3472 4860 3566 4897 ur-

1972 4927 2231 4989 gerent
2251 4917 2342 4971 alii
2375 4917 2726 4989 accusationes
2747 4933 2765 4982 ;
2786 4916 3000 4989 Germ”
3029 4927 3355 4972 accusatores
3383 4917 3567 4989 hujus-

1972 4986 2112 5042 inodi
2221 4988 2509 5058 improbare
2535 4997 2817 5054 eruperunt.
2848 4986 3074 5042 Veritati
3116 4998 3294 5058 autem
3335 4986 3572 5058 maxime

1974 5056 2390 5130 congruumest,
2409 5059 2553 5130 quod
2575 5059 2913 5130 Hermaunus
2933 5059 3027 5112 lib.
3044 5074 3073 5110 v
3095 5056 3417 5130 VitzeAmbr:
3448 5071 3568 5126 cap.

1975 5130 2033 5199 4,
2057 5127 2112 5187 ei
2133 5131 2228 5186 lib.
2245 5147 2319 5185 vn
2337 5127 2455 5200 cap‘.
2471 5132 2495 5186 i
2511 5173 2524 5196 ,
2545 5143 2646 5184 nec
2667 5145 2774 5185 non
2795 5129 3219 5184 Thaumassinus
3235 5137 3366 5200 tom.
3393 5127 3571 5200 lpart.

1978 5197 2027 5268 t,
2050 5204 2142 5257 lih.
2175 5219 2230 5262 ιι.
2262 5216 2382 5273 cap.
2404 5197 2494 5268 Η,
2522 5203 2785 5267 sentiunt,
2805 5202 3058 5256 nimirum
3078 5197 3344 5273 nonalios
3365 5199 3577 5267 episco-

1983 5290 2078 5344 pos
2101 5274 2189 5328 hic
2211 5269 2502 5342 designari,
2528 5288 2689 5344 quam
2725 5273 3059 5344 Ithacianos;
3108 5269 3306 5344 quippe
3343 5284 3576 5344 quorum

1984 5340 2220 5414 impulsu
2262 5340 2527 5416 Maximus
2547 5340 2824 5416 tyrannus
2851 5341 3229 5416 Priscilianum
3250 5340 3475 5411 jusserit
3500 5341 3581 5396 af—

1985 5411 2076 5487 lﬁici
2097 5415 2388 5487 supplicio,
2420 5425 2475 5469 ut
2503 5411 2634 5470 Sev.
2669 5415 2938 5484 Sulpicius
2965 5411 3062 5466 lib.
3093 5427 3142 5487 tt_
3160 5423 3572 5487 commemorat.

1983 5482 2254 5544 Caeterum
2303 5497 2640 5558 quantoliere
2682 5482 2966 5558 abeorum
3013 5483 3334 5558 crudelitate
3381 5482 3583 5558 abhor-

1987 5560 2156 5614 ruerit
2177 5555 2494 5613 mitissimus
2513 5555 2787 5612 Ambrosii
2813 5556 3025 5608 animus
3048 5569 3154 5609 non
3187 5555 3361 5608 solum
3386 5568 3452 5608 ex
3482 5555 3583 5609 hac

1987 5641 2041 5686 et
2069 5630 2338 5702 superiori
2366 5629 2530 5702 epist._
2556 5635 2724 5702 pa_tet,
2753 5625 2848 5681 sed
2877 5625 3039 5678 etiam
3069 5640 3136 5680 ex
3160 5626 3371 5702 iis_qua:
3397 5625 3466 5680 ah
3486 5641 3580 5702 eo-

1988 5702 2112 5758 dem
2138 5695 2336 5757 iradita
2365 5695 2490 5753 sunt
2519 5695 2571 5752 iii
2604 5697 2742 5752 Psal.
2778 5711 2937 5751 cxvtu
2963 5737 2977 5763 ,
3023 5710 3186 5752 serm.
3213 5695 3279 5764 8,7
3302 5711 3452 5752 nttm.
3479 5695 3572 5765 bl,

1989 5783 2044 5828 ct
2076 5775 2166 5828 lib.
2193 5788 2231 5826 ll
2257 5772 2409 5826 Oilic.
2443 5783 2562 5837 cap.
2593 5767 2682 5822 2i.
