3996 6292
414 5616 442 5688 l

473 273 607 330 1047

1841 263 2089 324 SANC'I'I
2125 264 2449 326 AMBROSII

3633 267 3764 324 1048

472 402 499 427 τί
565 389 934 451 Abominanda
1004 392 1147 464 apud
1205 389 1485 463 Eggplios
1562 384 1886 439 immolemus
1958 381 2071 438 Deo
2098 384 2149 445 A
2175 381 2378 440 habeat
2401 385 2613 455 ignavia
2641 402 2655 452 ;
2687 386 2839 442 aiunt
2860 386 3007 442 enim
3035 402 3049 441 :
3086 384 3276 441 Omnes
3297 385 3493 440 diuitiis
3514 384 3759 457 etgloria,

470 480 671 555 (Exod.
706 496 829 550 vni,
870 482 988 555 26).
1022 479 1132 539 Sed
1158 481 1394 538 habuisti
1437 492 1546 549 quo
1602 477 1746 531 istud
1789 474 2068 540 solveres;

470 575 599 646 quia
627 575 683 630 in
711 573 915 633 Genesi
947 575 1213 645 scriptum
1245 582 1330 627 est
1356 568 1499 641 quod
1525 565 1769 639 Egyptii
1798 574 2073 637 pastorem

474 681 742 738 pecorum
795 668 1251 724 abominabantur
1302 662 1456 736 (Gen.
1488 677 1638 728 xui,
1677 660 1793 731 54),
1823 674 1931 715 non
1962 660 2075 714 uti-

470 776 581 833 que
605 770 832 833 propter
862 761 1159 827 hominem,
1192 757 1287 815 sed
1312 764 1536 828 propter
1561 768 1784 825 pecora.
1813 753 1900 809 illi
1925 753 2072 810 enim

474 865 665 912 aratro
721 864 931 912 terram
993 852 1339 910 lnvertebant
1391 868 1404 904 :
1456 848 1733 905 Abraham
1773 856 1978 911 autem,
2019 855 2077 901 et

473 947 663 1013 Jacob,
698 956 753 1004 et
774 955 960 1018 postea
980 945 1194 1017 Moyses
1222 952 1278 1000 et
1304 940 1473 998 David
1498 940 1526 980 ι’
1558 950 1808 1012 pastores
1834 937 2073 1006 fuerunt,

472 1041 717 1112 regalem
769 1038 1060 1112 quamdam
1102 1036 1157 1092 in
1207 1035 1313 1092 hoc
1340 1048 1572 1092 munere
1609 1032 1959 1104 disciplinam
1990 1030 2076 1087 in-

477 1135 730 1193 duentes.
1214 1178 1223 1181 -

547 1230 601 1284 2.
643 1227 885 1284 Oderant
911 1238 1043 1295 ergo
1065 1220 1308 1294 Egyptii
1352 1231 1375 1260 ο
1399 1220 1677 1276 immolata
1706 1220 2000 1288 sacrificia,
2024 1220 2077 1276 id

474 1332 580 1390 est,
633 1318 874 1391 perfecta
904 1317 1084 1373 studia
1137 1317 1425 1382 virtutum,
1456 1324 1511 1371 et
1563 1313 1724 1385 plena
1749 1314 2074 1385 disciplinae.

475 1414 633 1483 Quod
673 1427 805 1483 ergo
832 1410 1013 1468 vitiosi
1042 1409 1303 1476 oderunt,
1333 1408 1438 1464 hoc
1483 1407 1626 1479 apud
1670 1407 1841 1464 bonos
1893 1407 2078 1464 since-

473 1522 595 1562 rum
642 1520 705 1561 ac
747 1504 897 1574 pium
930 1510 1036 1559 est.
1090 1502 1240 1572 Opus
1270 1500 1491 1556 virtutis
1538 1498 1844 1554 detestatur
1870 1495 1895 1535 ιι
1922 1499 2075 1555 luxu-

475 1600 681 1664 riosus,
737 1596 923 1653 helluo
976 1594 1192 1667 refugit.
1246 1592 1563 1666 Egyptium
1615 1593 1798 1662 itaque
1855 1606 2074 1662 corpus,

477 1690 624 1763 quod
664 1690 957 1747 illecebras
1003 1687 1203 1761 diligit,
1235 1697 1526 1744 aversatur
1573 1687 1773 1742 anima:
1822 1686 2074 1754 virtutes,

480 1886 536 1936 et
561 1878 745 1933 omnia
775 1891 964 1948 opera,
996 1892 1118 1948 qua:
1148 1873 1467 1945 hujusmodi
1496 1881 1645 1930 sunt.

552 1974 608 2028 5.
648 1973 782 2041 Qua:
809 1986 942 2042 ergo
986 1970 1278 2043 Egyptius
1316 1968 1539 2040 refugit,
1569 1967 1861 2041 Egyptius
1906 1968 1999 2024 ille
2027 1979 2084 2025 et

484 2080 595 2120 non
625 2064 815 2132 homo,
862 2063 981 2120 haec
1027 2074 1081 2118 tu
1110 2063 1467 2135 amplectere,
1512 2062 1604 2132 qui
1631 2061 1801 2119 habes
1828 2061 2076 2118 humani-

489 2161 618 2216 tatis
672 2159 981 2216 scientiam.
1029 2157 1125 2213 llla
1175 2167 1360 2214 autem
1418 2156 1675 2227 declina,
1715 2171 1836 2226 quae
1871 2156 1948 2212 illi
1998 2169 2085 2211 se-

484 2260 722 2324 quuntur
758 2260 925 2322 atque
953 2251 1195 2322 eligunt;
1229 2250 1487 2322 quoniam
1515 2249 1626 2306 duo
1676 2250 1778 2307 sibi
1808 2249 1910 2305 ista
1955 2264 2088 2306 con-

478 2359 679 2417 gruere
709 2359 820 2400 non
846 2352 1098 2416 possunt,
1133 2343 1419 2413 prudentia
1443 2351 1501 2399 et
1528 2342 1866 2413 insipientia.
1901 2342 2088 2413 Itaque

484 2436 717 2492 sicutiis
736 2452 857 2507 quae
904 2437 959 2491 in
1004 2435 1239 2507 quodam
1267 2448 1440 2490 censu
1482 2433 1871 2505 imprudentia:
1925 2444 2089 2506 atque

487 2528 925 2600 intemperantia:
956 2537 1105 2594 sunt,
1162 2527 1389 2584 abdicat
1415 2541 1479 2584 se
1526 2527 1837 2599 prudentia,
1874 2526 2099 2591 abdicat

488 2623 826 2680 continentia
854 2640 869 2677 :
901 2621 978 2676 ita
1032 2634 1224 2677 eorum
1255 2634 1453 2677 exsors
1480 2621 1659 2677 omnis
1695 2620 1961 2691 insipiens
2004 2630 2092 2675 est

490 2724 657 2788 atque
712 2715 1081 2781 incontinens,
1133 2729 1255 2785 qua:
1288 2714 1344 2769 in
1387 2712 1549 2770 bonis
1576 2722 1739 2785 atque
1777 2713 1833 2768 in
1860 2711 2093 2787 haeredi-

492 2819 604 2869 tate
623 2809 895 2881 sapientis
936 2809 1040 2864 viri
1065 2816 1194 2864 sunt
1224 2817 1280 2862 et
1301 2806 1659 2863 continentis.

558 2905 617 2960 4.
659 2905 903 2975 Denique
946 2910 1150 2958 sancta:
1188 2901 1301 2958 illa:
1340 2901 1432 2957 tali
1476 2901 1731 2972 conjugio
1772 2900 1865 2957 Lia
1893 2909 1950 2956 et
1986 2899 2091 2955 Ra.

487 3000 635 3069 chel,
670 3015 775 3056 una
832 2998 1129 3065 laboriosa,
1186 2996 1361 3053 altera
1410 2996 1671 3066 aspiratio
1716 2994 1891 3063 fortis,
1943 2994 2093 3051 refu-

487 3097 702 3167 gientes
747 3107 857 3149 non
905 3092 1125 3164 generis
1182 3090 1672 3157 necessitudinem,
1729 3088 1827 3146 sed
1878 3104 2092 3144 morum

2174 491 2327 544 quam
2346 477 2468 534 tulit
2499 477 2642 534 Deus
2666 480 2800 552 patri
2830 488 3026 546 nostro,
3054 478 3199 534 nobis
3217 479 3337 545 erit,
3365 490 3414 535 et
3435 478 3563 548 ﬁliis
3584 478 3762 534 nostris

2176 566 2366 641 (lbid.,
2393 568 2511 642 26).
2542 570 2758 638 Merito,
2787 570 2897 627 Deo
2915 571 3141 637 arbitro,
3169 570 3360 626 dicunt
3387 583 3512 626 esse
3535 570 3756 634 sublata,

2174 659 2301 728 quia
2322 658 2439 729 ipse
2465 670 2552 717 est
2590 670 2786 718 auctor
2813 662 3103 729 bonorum,
3154 661 3311 732 cujus
3364 661 3539 733 gratia
3594 660 3761 732 ignavi

2174 754 2637 824 exuuntur;quia
2655 754 2910 812 decorem
2941 754 3276 811 bmreditatis
3325 753 3528 810 divina:
3575 769 3762 826 capere

2177 845 2408 917 improbi
2436 856 2600 919 atque
2621 848 2822 905 infirmi
2850 864 2957 905 non
2984 859 3229 921 queunt:
3267 858 3291 886 ε
3321 848 3569 905 succedit
3595 858 3763 906 autem

2177 938 2439 1004 intentus,
2467 951 2524 996 et
2547 942 2795 1011 spiritum
2826 942 2881 998 in
2905 958 2966 999 se
2992 942 3150 999 fortis
3179 942 3406 999 habens.
3435 944 3571 1011 Quis
3596 953 3764 1000 autem

2176 1030 2334 1089 fortis
2358 1034 2464 1089 nisi
2491 1035 2644 1091 solus
2674 1036 2839 1101 Deus,
2869 1036 2964 1106 qui
2989 1036 3173 1091 omnia
3197 1044 3418 1092 coercet
3437 1046 3493 1091 et
3513 1036 3651 1107 regit
3678 1036 3702 1090 2

2247 1126 2302 1181 6.
2344 1125 2442 1183 His
2454 1142 2586 1199 ergo
2614 1128 2845 1184 debetur
2865 1128 3154 1184 hast‘editas
3180 1128 3298 1185 Dei.
3317 1128 3473 1185 Unde
3497 1138 3555 1185 et
3583 1128 3761 1185 Esaias

2178 1218 2313 1275 dicit
2346 1236 2360 1272 :
2388 1217 2486 1273 Est
2527 1218 2802 1275 Itwreditas
2834 1217 2853 1257 ί
2897 1220 3221 1276 credentibus
3257 1220 3311 1274 in
3356 1217 3584 1275 Domino
3609 1218 3759 1293 (laci.

2180 1328 2288 1376 LIV,
2314 1309 2428 1383 l7).
2461 1313 2527 1367 Et
2554 1311 2779 1382 pulchre
2828 1313 2946 1368 ait:
2984 1312 3076 1370 Est
3122 1313 3429 1379 luereditas;
3463 1313 3581 1383 ipsa
3626 1312 3761 1368 enim

2179 1406 2293 1463 sola
2318 1405 2605 1462 haereditas
2631 1415 2736 1473 est,
2787 1406 2893 1462 alia
2925 1421 3033 1463 non
3059 1415 3166 1463 est.
3201 1405 3386 1477 Neque
3410 1407 3561 1462 enim
3603 1418 3763 1460 cacus

2181 1500 2471 1557 thesaurus
2518 1499 2808 1557 hmreditas
2827 1510 2931 1570 est,
2959 1517 3132 1573 neque
3161 1501 3366 1558 caduca
3394 1501 3576 1557 omnia
3602 1500 3761 1555 haere-

2181 1592 2366 1647 ditatis
2388 1590 2589 1649 habent
2609 1593 2953 1649 commodum
2984 1610 2997 1646 :
3024 1593 3142 1648 sola
3155 1603 3241 1649 est
3270 1593 3356 1647 illa
3380 1594 3687 1661 hereditas,
3716 1594 3761 1647 in

2181 1684 2376 1755 quibus
2392 1695 2479 1741 est
2499 1686 2678 1756 portio
2701 1685 2865 1743 Deus.
2898 1697 2923 1733 κ
2957 1685 3109 1743 Unde
3131 1694 3351 1742 sanctus
3380 1687 3597 1743 Domini
3622 1688 3759 1744 dicit:

365 1796 373 1802 '
478 1783 826 1840 abominetur
856 1782 1168 1854 imperium,
1218 1780 1416 1852 refugit
1445 1781 1708 1837 virtutum
1736 1779 2076 1851 disciplinas,
2108 1785 2156 1845 Β
2185 1776 2367 1832 Portio
2414 1794 2525 1833 mea
2550 1776 2805 1835 Dominus
2827 1777 2999 1850 (Psal.
3033 1794 3330 1845 chxxvtn,
3353 1780 3448 1850 57)
3477 1795 3492 1843 ;
3520 1788 3578 1835 et
3600 1779 3721 1835 alibi
3749 1802 3761 1835 :

2188 1869 2369 1926 Heres
2387 1875 2555 1943 factus
2582 1889 2698 1928 sum
2743 1874 3148 1929 testimoniorum
3175 1884 3380 1928 tuorum
3405 1872 3595 1943 (lbid.,
3628 1873 3763 1942 ill).

2193 1965 2354 2021 Vides
2383 1982 2503 2037 qua:
2535 1966 2812 2036 possideat
2849 1967 3052 2037 justus,
3110 1966 3366 2024 mandata
3396 1966 3520 2035 Dei,
3568 1966 3765 2022 oracula

2186 2060 2326 2131 ejus,
2359 2071 2629 2133 praecepta
2654 2062 2796 2132 ejus.
2827 2061 2884 2117 ln
2906 2062 2991 2119 his
3009 2063 3165 2119 dives
3191 2072 3298 2130 est,
3326 2063 3382 2118 in
3411 2062 3500 2119 his
3523 2062 3764 2134 pascitur,

2188 2154 2241 2208 in
2274 2153 2360 2209 his
2389 2153 2713 2223 delectatur,
2744 2156 2899 2226 quasi
2927 2157 2984 2211 in
3019 2156 3272 2212 omnibus
3299 2154 3527 2212 divitiis.

2261 2248 2313 2302 7.
2357 2247 2485 2304 Haec
2509 2263 2641 2320 ergo
2667 2249 3009 2319 possidentes
3034 2248 3129 2306 Lia
3174 2258 3232 2306 et
3266 2248 3500 2315 Rachel,
3527 2263 3657 2321 opes
3683 2263 3767 2320 pa-

2189 2338 2320 2395 trias
2350 2354 2456 2395 non
2481 2341 2859 2412 requirebant,
2890 2342 2946 2396 in
2972 2341 3172 2412 quibus
3198 2350 3319 2398 erat
3370 2346 3599 2413 pecunia
3628 2340 3768 2396 adul-

2192 2443 2330 2500 tera,
2362 2433 2745 2491 irrationabilis
2772 2435 2984 2505 species
3001 2476 3017 2501 ,
3045 2445 3102 2491 et
3125 2434 3389 2505 spiritalis
3414 2448 3613 2505 expers
3638 2434 3769 2505 vigo-

2190 2525 2287 2581 ris.
2319 2524 2560 2596 Denique
2583 2526 2742 2596 quasi
2758 2525 2954 2582 divites
2982 2536 3037 2582 et
3056 2525 3239 2581 libera:
3267 2541 3375 2581 non
3399 2540 3525 2582 eum
3541 2525 3767 2590 divitem,

2190 2621 2287 2676 sed
2317 2630 2568 2691 egentem
2601 2620 3026 2677 arbitrabantur.
3057 2621 3247 2677 Omnis
3274 2620 3420 2676 enim
3451 2621 3705 2676 bonarum
3722 2629 3773 2674 et

2193 2713 2503 2771 liberalium
2558 2730 2787 2771 consors
2839 2716 3254 2787 disciplinarum
3287 2713 3314 2752 ¹³
3349 2717 3622 2772 neminem
3652 2715 3770 2770 insi-

2193 2809 2457 2881 pientium
2483 2809 2706 2866 divitem
2738 2820 2909 2880 putat,
2931 2811 3028 2867 sed
3071 2810 3294 2882 inopem
3323 2818 3490 2882 atque
3532 2824 3771 2881 egenum,

2193 2903 2462 2974 abjectum
2515 2919 2758 2976 quoque;
2804 2905 2907 2962 etsi
2951 2906 3225 2976 regalibus
3250 2905 3457 2962 divitiis
3486 2904 3684 2973 afﬂuat,
3724 2912 3773 2960 et

2195 2997 2466 3067 superbus
2490 3013 2624 3054 auro
2644 3012 2797 3055 suam
2838 2999 3013 3068 jactet
3040 3000 3364 3069 potentiam.

2267 3093 2321 3147 8.
2368 3091 2641 3164 Fugienda
2667 3104 2752 3149 est
2779 3095 2940 3166 igitur
2969 3095 3155 3163 talium
3177 3096 3436 3163 societas,
3459 3096 3660 3153 etiamsi
3676 3110 3769 3166 qua

490 3185 953 3258 discrepantiam;
1002 3201 1124 3241 cum
1184 3182 1289 3240 viri
1328 3183 1559 3240 exerciti
1611 3182 1781 3239 Jacob
1835 3196 2092 3238 sermone
2116 3185 2164 3250 Ο
2194 3186 2413 3258 generis
2440 3187 2766 3257 copulentur
2788 3187 3192 3244 necessitudine
3227 3209 3242 3245 :
3274 3190 3454 3245 noxiae
3493 3198 3621 3244 sunt
3643 3187 3771 3244 enim

490 3280 701 3337 edoctae
747 3286 957 3345 essent,
986 3276 1133 3349 quod
1163 3275 1335 3333 vellet
1365 3274 1678 3342 discedere,
1710 3282 1770 3330 ut
1809 3274 1997 3331 Laban
2038 3283 2097 3331 et

492 3373 729 3429 filiorum
772 3371 892 3442 ejus
935 3368 1198 3426 invidiam
1242 3368 1548 3426 declinaret
1583 3377 1748 3439 atque
1796 3367 2093 3439 ignaviam,

488 3465 897 3536 responderunt
925 3481 939 3516 :
960 3460 1229 3532 Numquid
1251 3471 1325 3517 est
1339 3461 1485 3517 nobis
1504 3462 1677 3533 portio
1705 3471 1796 3516 aut
1819 3462 2098 3517 hereditas

489 3549 546 3615 in
573 3560 727 3615 domo
764 3557 930 3629 patris
960 3556 1168 3612 nostri?
1196 3554 1388 3611 Nonne
1415 3556 1549 3610 sicut
1575 3554 1760 3610 aliena:
1786 3555 2100 3610 aestimantur

494 3653 587 3707 ei?
624 3651 869 3707 Vendidit
894 3650 1031 3705 enim
1082 3658 1196 3716 nos,
1226 3659 1273 3705 et
1301 3649 1563 3705 devoravit
1590 3650 1813 3720 pretium
1866 3660 2099 3706 nostrum

495 3745 648 3820 (Gen.
679 3760 843 3810 xxxi,
875 3744 965 3811 14,
996 3742 1110 3812 15).
1153 3744 1292 3799 Ecce
1316 3743 1580 3813 primum,
1625 3744 1750 3815 quia
1781 3744 2010 3815 ignavus
2040 3755 2097 3801 et

492 3838 717 3896 invidus
740 3837 1071 3895 laboriosam
1114 3845 1172 3893 et
1211 3836 1519 3907 disciplinae
1544 3848 1791 3895 tenacem
1831 3838 2098 3895 alienata

492 3948 557 3990 se
584 3948 651 3989 ac
696 3931 927 4004 defugit,
960 3945 1192 4002 seseque
1219 3929 1386 4004 899
1410 3933 1562 4003 cupit
1609 3946 1907 4004 separare;
1958 3947 2096 4004 quo-

493 4030 642 4083 niam
682 4043 777 4084 eas
806 4027 966 4084 oneri
1014 4041 1138 4083 esse
1182 4025 1363 4082 cernit
1408 4028 1536 4096 sibi,
1569 4037 1726 4099 putat
1777 4042 1837 4085 se
1886 4028 2097 4084 lucrum

492 4120 710 4186 fecisse,
742 4119 885 4191 quod
909 4120 1307 4187 alienaviteas,
1341 4127 1397 4175 et
1436 4119 1540 4176 hoc
1588 4135 1711 4177 esse
1756 4135 1913 4176 suum
1964 4136 2091 4193 pre-

492 4216 626 4270 tium
644 4213 875 4285 judicat,
897 4228 1133 4286 eumque
1159 4214 1394 4270 fructum
1420 4215 1712 4286 voluptatis
1741 4230 1876 4271 sum.

563 4312 620 4366 5.
660 4310 814 4395 lﬂunc
838 4311 1124 4367 audiamus
1135 4310 1411 4383 quomodo
1435 4325 1558 4382 qua:
1571 4310 1738 4370 habet
1759 4313 1953 4380 virtus,
1980 4328 2090 4369 non

2197 3280 2638 3337 conversationes
2681 3295 2805 3336 cum
2861 3281 3267 3352 insipientibus,
3326 3291 3384 3338 et
3422 3282 3667 3339 inliciunt
3697 3295 3771 3336 so-

2199 3371 2373 3428 briam
2424 3381 2662 3429 mentem
2706 3388 2772 3429 ac
2796 3373 3152 3440 decolorant;
3183 3374 3312 3446 quia
3338 3375 3488 3431 sicut
3511 3374 3772 3431 adhaerens

2199 3476 2391 3523 sancto
2434 3477 2655 3525 sanctus
2679 3468 2815 3537 eris,
2858 3469 2931 3524 ita
2976 3483 3099 3524 cum
3153 3484 3420 3539 perverso
3452 3469 3469 3507 ί
3507 3481 3771 3540 perversos

2201 3562 2310 3617 eris
2341 3559 2514 3633 (Psal.
2539 3577 2670 3629 xvu,
2701 3562 2793 3630 26,
2817 3561 2930 3633 27).
2958 3561 3297 3633 Frequenter
3310 3563 3459 3620 enim
3492 3563 3704 3630 accidit,
3726 3570 3772 3617 ut

2201 3656 2325 3727 quis
2353 3665 2546 3713 contra
2579 3658 2916 3729 propositum
2971 3671 3130 3713 suum
3185 3658 3647 3729 intemperantem
3693 3672 3771 3712 au-

2198 3749 2375 3817 diens,
2399 3765 2521 3806 cum
2553 3751 2685 3807 velit
2710 3750 2827 3822 ipse
2851 3750 3202 3807 continentiae
3213 3750 3562 3823 disciplinam
3589 3760 3770 3811 tenere.

2196 3843 2322 3900 fuco
2355 3842 2687 3915 insipientia:
2715 3843 3012 3911 coloretur,
3041 3844 3346 3916 meritoque
3375 3844 3667 3900 contraria:
3687 3841 3770 3899 sibi

2198 3948 2326 3995 sunt
2350 3948 2406 3996 et
2436 3948 2805 4011 repugnantes
2830 3938 3113 4009 disciplina
3141 3949 3308 4012 atque
3337 3939 3650 3996 insolentia.

2271 4033 2325 4087 9.
2368 4031 2524 4089 Unde
2569 4048 2691 4089 cum
2743 4032 2824 4089 vir
2853 4032 3186 4090 exercitatus
3240 4048 3429 4090 earum
3469 4033 3772 4091 sententiam

2199 4135 2501 4195 qumreret,
2559 4139 2747 4180 vocem
2802 4125 3060 4180 emittunt
3101 4123 3346 4196 probatae
3380 4125 3496 4196 jam
3544 4125 3773 4181 diuturno

2199 4218 2462 4275 exercitio
2492 4218 2705 4273 virtutis
2730 4235 2743 4270 :
2769 4215 3039 4288 Numquid
3064 4227 3138 4274 est
3167 4219 3315 4274 nobis
3341 4221 3518 4288 portio
3536 4220 3773 4275 autnat-

2199 4312 2333 4368 ditas
2382 4315 2438 4368 in
2485 4312 2636 4368 domo
2688 4312 2851 4382 patris
2879 4312 3043 4366 nostri
3074 4310 3225 4381 (Gen.
3263 4328 3413 4382 xxxi,
3444 4312 3582 4384 id)?
3610 4311 3661 4369 id
3685 4322 3770 4378 est,

492 4455 594 4515 tat,
627 4460 847 4522 necnon
866 4453 1092 4522 propter
1111 4449 1530 4522 persecutiones
1549 4447 1835 4522 obphrisli
1863 4449 2094 4520 gloriam
2126 4461 2175 4522 ι)
2200 4447 2342 4522 forte
2396 4448 2690 4522 immolata
2732 4445 2999 4522 sacrificia
3045 4444 3187 4522 idem
3235 4455 3364 4501 sunt
3391 4446 3501 4503 hoc
3541 4448 3679 4522 loco,
3714 4462 3771 4503 ac

490 4517 766 4592 constanti
815 4517 1312 4592 animo__toleratas
1361 4519 1583 4592 laudat;
1636 4518 1763 4575 hinc
1792 4517 1934 4576 forte
1984 4535 2092 4576 non
2127 4517 2159 4522 ⁷
2203 4518 2948 4592 perfecta;quaudoquidem
2995 4517 3063 4574 ad
3107 4532 3298 4574 eorum
3345 4520 3629 4589 spectabat
3669 4534 3777 4591 per-

488 4591 610 4646 sine
641 4587 854 4643 ratione
903 4587 1195 4659 colligatur
1219 4589 1474 4647 eumdem
1504 4591 1653 4647 inter
1695 4592 1930 4647 clericos
1976 4593 2092 4648 Me-

490 4661 841 4733 diolanenses
871 4667 1118 4733 tempore
1147 4661 1437 4718 concitatas
1485 4677 1516 4718 a
1545 4661 1777 4720 Justinia
1834 4677 2093 4733 persecu-

494 4731 661 4790 tionis
689 4730 865 4802 vitami
882 4729 1129 4802 degisse.

565 4813 591 4842 ι
602 4802 777 4879 Rom.
800 4801 1113 4879 gdit._.Na1n
1132 4803 1537 4879 abgminqtiones
1552 4805 1927 4879 (Egyptiorum
1941 4810 2096 4863 sacri-

492 4875 760 4946 ﬁcabimus
790 4872 1014 4946 Domino
1045 4873 1174 4946 Deo.
1193 4873 1329 4946 Cod.
1349 4877 1499 4933 Prat.
1521 4886 1578 4933 et
1592 4872 1744 4935 Gem.
1758 4923 1773 4946 ,
1798 4881 2093 4935 abominata

490 4944 632 5016 apud
654 4944 936 5019 Egyptios
963 4945 1228 5019 immolata
1255 4945 1396 5015 Deo;
1427 4948 1656 5019 reliqui,
1700 4944 1768 5007 ac
1792 4961 1899 5007 vet.
1931 4951 2089 5015 edit.,

494 5015 813 5073 iinmolemus
846 5015 972 5071 Deo.
1005 5018 1213 5072 Rursus
1232 5033 1365 5074 vero
1390 5015 1578 5076 eadem
1608 5015 1742 5078 edit.
1775 5023 1933 5078 Rom.
1966 5037 2089 5078 cum

488 5104 598 5145 uno
624 5088 748 5143 cod.
779 5087 896 5159 Vat.
929 5088 1069 5159 quod
1093 5088 1266 5142 studio
1315 5091 1538 5147 solveres
1569 5109 1589 5146 :
1618 5104 1676 5150 at
1725 5104 1939 5151 caetera:
1966 5109 2090 5150 cum

488 5159 722 5229 reliquis
751 5158 955 5229 aptius,
986 5174 1087 5227 quo
1109 5159 1250 5213 istud
1277 5161 1522 5217 solveres.

558 5231 745 5285 bPost
795 5244 984 5307 vocem
1013 5237 1270 5302 pastores,
1312 5231 1473 5287 Rom.
1532 5233 1664 5290 edit.
1717 5238 1835 5294 sola
1885 5238 2091 5307 repetit

487 5318 733 5379 pecorum
767 5318 786 5355 :
823 5301 917 5379 ubi
960 5301 1141 5379 autem
1187 5311 1300 5357 vet.
1326 5316 1395 5379 _ac
1441 5319 1575 5379 m_ss.
1631 5308 1793 5379 longe
1842 5301 2085 5379 plurimi,

488 5372 823 5441 disciplinam
886 5372 1190 5439 induentes;
1240 5373 1434 5429 eadem
1479 5375 1643 5432 Rom.
1693 5372 1816 5434 cum
1844 5372 2088 5436 'duobus

485 5445 716 5520 omnino
736 5444 886 5520 cod._,
917 5442 1250 5520 disciplinam
1270 5446 1582 5520 innitentes,
1606 5447 1724 5520 Non
1769 5449 2090 5520 displiceret

485 5516 748 5581 ineuntes;
771 5514 866 5569 sed
896 5514 1184 5584 receptiori
1214 5516 1587 5572 lectioninihil
1612 5514 1975 5575 detrahimtts.

564 5597 588 5625 α
617 5586 692 5641 lta
726 5584 1036 5657 vet,edit.et
1056 5586 1564 5651 mss.;Rom.autem
1587 5590 2087 5657 edit.,immoculata

490 5657 781 5733 sacriﬁcia:
798 5655 1063 5733 Nimirum
1093 5672 1164 5733 βξ
1185 5657 1428 5713 Philonis
1456 5659 1549 5715 lib.
1593 5661 1662 5717 de
1689 5655 1960 5733 Profugis,
1991 5664 2084 5720 ubi

491 5721 685 5812 i=3???)
700 5727 879 5812 Δῖέὶξεεξ
901 5730 1004 5812 νδξρ
1017 5724 1322 5812 Miser.“
1350 5732 1589 5812 animi
1609 5735 1790 5812 ἀρετᾷ
1823 5751 1836 5787 =
1860 5721 2085 5812 "duilius

491 5789 677 5850 verbis
697 5794 893 5850 similia
910 5789 1083 5852 'et'iam
1114 5789 1365 5867 leguntur
1392 5789 1469 5856 'in
1503 5801 1598 5860 lib.
1644 5789 1945 5861 'deSacri'f.
1974 5789 2081 5864 Sed

2199 4590 2514 4655 lectionem,
2545 4590 2763 4645 utmola
2787 4592 2928 4661 salsa
2955 4599 3410 4661 aspergerentur;
3436 4592 3583 4649 unde
3606 4590 3781 4649 immo-

2198 4663 2345 4719 landi
2377 4670 2608 4718 tractum
2638 4670 2724 4717 est
2752 4659 3003 4717 verbum.

2268 4734 2297 4772 ά
2323 4734 2525 4805 Omnes
2552 4732 2684 4788 edit.
2710 4747 2776 4795 ac
2818 4747 2952 4788 mss.
3007 4733 3235 4805 aliquot,
3268 4733 3575 4791 luxuriosus
3601 4735 3779 4799 helluo,

2196 4806 2390 4878 refugit
2439 4803 2865 4879 AEgyptiuszita
2928 4803 3117 4879 corpus
3162 4814 3310 4872 etc.;
3373 4806 3572 4879 reliqui
3616 4816 3780 4879 autem

2196 4876 2332 4934 mss.
2361 4879 2451 4949 qui
2499 4876 2556 4933 et
2566 4876 2945 5001 dprobatiores,
2980 4877 3117 4957 ut'in
3148 4885 3321 4959 textu.
3362 4876 3541 4945 Quam
3581 4878 3782 4947 quidem
3834 4940 3837 4947 _

2196 4949 2487 5001 lectionem
2542 4948 2560 5001 i
2602 4962 2687 5001 em
2734 4946 2888 5001 Phllo
2936 4947 2991 5001 in
3023 4947 3162 5001 libro
3203 4956 3375 5001 crtato
3416 4952 3485 5001 de
3530 4950 3782 5001 Profneis.
3811 4948 3834 4980 ν’

2196 4946 2487 5006 lectionem
2542 4946 2687 5003 idem
2717 4946 2888 5020 _Phi|o
2936 4947 2991 5002 in
3023 4947 3162 5020 libro
3203 4949 3375 5005 citato
3416 4952 3485 5007 de
3530 4946 3782 5020 Prefugis.
3811 4948 3834 4980 ν

2197 5023 2340 5077 unde
2390 5035 2497 5076 non
2523 5033 2690 5088 pauca
2716 5017 2820 5073 huc
2869 5019 3129 5074 translata
3178 5028 3324 5082 sunt,
3371 5017 3783 5078 conﬁrmathic

2194 5091 2442 5168 enim__ibi_
2462 5134 2476 5156 ,
2511 5092 2578 5147 Τὸ
2599 5091 2868 5168 psi-Mi:
2886 5089 3161 5168 ᾼίγῦζτιον
3191 5090 3535 5168 ﬁcitur-rerum
3556 5102 3721 5168 eiust:

2270 5174 2294 5202 ο
2334 5164 2552 5220 Ultima:
2597 5161 2732 5219 edit.
2782 5161 2983 5231 Parisi,
3015 5161 3259 5219 Succedit
3287 5176 3463 5220 autem
3488 5161 3647 5223 intus;
3679 5163 3785 5221 Non

2195 5237 2340 5293 bono
2367 5249 2554 5291 sensu.

2270 5306 2290 5347 ί
2332 5306 2493 5362 Rom.
2522 5305 2658 5361 edit.
2684 5306 2824 5372 sola,
2856 5306 3190 5361 servientibus
3216 5306 3468 5365 Domino.

2266 5389 2292 5427 8
2323 5378 2482 5434 Rom.
2513 5377 2674 5442 edit.,
2710 5376 2863 5433 Unde
2883 5377 3055 5432 David
3079 5389 3289 5433 sanctus
3328 5381 3539 5438 inuitat.

2262 5448 2292 5487 h
2332 5449 2544 5529 '[iillius
2568 5448 2788 5529 quidem
2838 5449 3115 5529 paradoxa
3144 5450 3339 5529 ultimo
3367 5453 3551 5511 solum
3583 5457 3790 5529 sapien:

2193 5521 2545 5598 temdivitem
2568 5535 2695 5577 esse
2719 5520 2996 5598 disputat:
3020 5522 3116 5598 sed
3142 5521 3337 5598 eadem
3358 5520 3791 5598 sententia'apud

2190 5591 2478 5719 Ξιιίιυιῖθιη
2506 5607 2727 5665 quoque
2752 5592 3018 5663 repetitur
3051 5593 3193 5650 libro
3215 5594 3330 5665 jam
3355 5595 3600 5671 laudato,
3632 5591 3835 5673 qtiemJ

2223 5680 2361 5719 onsu
2384 5680 2437 5719 e.

2189 5678 2437 5722 εοηειιιθ.

2268 5734 2289 5814 ἦ
2334 5736 2566 5804 Vocibus
2597 5752 2859 5808 perversus
2885 5739 3011 5807 eris,
3062 5736 3214 5794 addit
3268 5736 3436 5796 Rom.
3464 5743 3630 5814 edin,
3663 5741 3792 5800 sinit

2190 5808 2437 5879 scriptum
2458 5814 2558 5863 est.
