3996 6292
224 291 362 348 loti)

1440 283 1922 342 EPISTOLARUM
1962 283 2243 342 CLASSIS
2285 285 2326 340 Ι.

3383 293 3524 351 1050

222 402 464 459 consulis
499 417 600 458 nos
627 410 805 458 utrum
836 401 1064 456 velimus
1083 399 1151 454 ab
1181 413 1248 456 eo
1279 398 1579 454 recedere?
1610 406 1634 434 α
1662 397 1828 466 Quasi
1855 401 1905 462 Α
1933 399 2095 455 seria.
2133 398 2296 455 Vides
2322 399 2468 455 enim
2507 400 2965 470 quemadmodum
3005 405 3258 462 convivia
3301 411 3534 480 gentiles

220 511 351 551 vero
379 513 486 551 non
517 495 838 566 cognoveris
867 493 1010 564 quod
1039 492 1241 547 nullam
1274 491 1574 546 habeamus
1605 489 1822 560 cupidi-

221 596 384 644 tatem
445 588 563 658 ejus
605 585 905 652 societatis,
963 599 1136 655 neque
1183 598 1283 638 nos
1312 581 1340 620 ι)
1371 582 1546 638 dulcis
1581 582 1826 652 pluribus

221 677 564 734 smcularium
594 677 903 733 divitiarum
928 676 1203 747 cupiditas
1234 685 1438 739 teneat,
1466 687 1562 730 aut
1593 675 1827 731 luxuria:

221 773 451 828 laetitia?
493 772 619 826 Haec
674 782 800 827 sunt
850 787 971 842 quae
999 787 1098 827 nos
1126 771 1345 837 misera,
1375 785 1438 825 ac
1462 771 1619 825 nobis
1645 770 1826 825 aliena

223 867 476 922 duximus
505 883 524 922 :
557 866 676 922 haec
716 877 842 922 sunt
867 867 1036 939 900
1061 881 1184 938 qua:
1233 865 1393 936 plena
1438 863 1636 935 impiae
1665 872 1827 934 atque

224 961 484 1035 egestatis
507 960 860 1017 arbitramur.

297 1056 386 1112 10.
428 1055 709 1125 Adjiciunt
736 1055 903 1111 etiam
931 1070 1152 1110 causam
1181 1054 1531 1121 secessionis,
1575 1055 1700 1124 quia
1737 1070 1829 1110 ve-

222 1162 338 1203 ram
367 1149 618 1218 gloriam,
648 1127 704 1204 et
737 1147 863 1202 boni
919 1147 1162 1204 thesauri
1189 1148 1376 1218 copias
1407 1148 1590 1203 amisit
1619 1147 1822 1215 Laban,

229 1251 250 1278 ε
286 1241 339 1294 in
365 1241 559 1312 quibus
584 1241 880 1296 nascimur.
919 1241 1088 1312 Vigor
1115 1241 1277 1297 datus
1306 1242 1628 1307 estmentis,
1657 1251 1713 1297 et
1734 1240 1828 1296 bo-

227 1349 292 1388 na
321 1343 539 1390 moneta
562 1334 815 1406 imaginis
847 1335 940 1391 Dei
973 1344 1030 1390 et
1055 1334 1462 1400 similitudinis;
1515 1333 1641 1405 quia
1668 1334 1830 1403 spiri-

225 1428 347 1483 talis
397 1436 631 1484 moneta.
687 1429 906 1493 Amisit,
968 1428 1091 1499 quia
1121 1427 1408 1498 Splendida
1437 1429 1607 1498 magis
1636 1429 1825 1484 smculi

223 1521 412 1592 elegit,
441 1537 602 1592 quam
633 1537 759 1577 vera
783 1532 837 1578 et
866 1523 1020 1578 utilia
1053 1523 1183 1577 vita:
1215 1537 1327 1578 suae
1355 1540 1365 1575 ;
1395 1537 1626 1593 quorum
1663 1521 1829 1577 decor

223 1629 503 1689 expertem
531 1618 839 1674 divinorum
863 1619 1133 1675 bonorum
1157 1620 1396 1690 prmterit
1418 1637 1431 1684 ;
1457 1619 1715 1689 quoniam
1737 1619 1828 1674 ille

223 1725 346 1780 qua:
400 1719 551 1781 putat
605 1711 854 1780 pulchra,
884 1711 936 1766 in
968 1712 1034 1766 iis
1059 1727 1119 1767 se
1145 1711 1283 1767 fallit
1311 1712 1484 1783 ipsum
1515 1723 1570 1767 et
1600 1711 1822 1782 decipit.

223 1802 381 1860 Unde
410 1804 537 1860 audi
567 1805 684 1876 ejus
714 1805 902 1869 verba,
927 1815 982 1861 et
1005 1805 1206 1876 judico.

297 1899 388 1953 Η.
429 1898 665 1955 Secutus
701 1910 950 1956 sanctum
987 1899 1156 1956 Jacob
1175 1901 1386 1956 etlilias
1403 1915 1558 1966 suas;
1591 1917 1658 1958 ne
1687 1901 1825 1956 forte

224 1993 370 2064 apud
399 2009 496 2050 eas
524 2010 745 2049 suorum
774 1996 1030 2050 vitiorum
1059 1998 1327 2068 reperiret
1353 1997 1650 2067 aliquid,et
1669 2013 1824 2052 revo-

221 2086 382 2142 candi
412 2087 479 2142 ad
509 2103 576 2143 se
602 2087 827 2145 haberet
855 2091 1257 2156 auctoritatem,
1277 2105 1578 2161 coarguens
1598 2091 1824 2160 justum,

220 2191 349 2233 eum
377 2179 590 2235 ratione
614 2191 762 2236 esset
788 2182 1132 2252 redargutus,
1167 2194 1223 2238 et
1253 2183 1385 2238 nihil
1405 2184 1741 2254 respondere
1765 2199 1828 2240 ac

221 2269 432 2327 referre
459 2280 667 2342 posset,
696 2289 805 2344 quo
835 2291 957 2330 eum
991 2275 1219 2330 deberet
1249 2286 1434 2331 tenere
1466 2294 1478 2330 :
1516 2276 1576 2331 Si
1619 2294 1826 2331 annuu-

224 2364 431 2429 tiasses,
487 2365 681 2435 inquit,
744 2367 894 2422 mihi.
927 2364 952 2402 ἀ
986 2368 1265 2422 emisissem
1296 2379 1343 2422 te
1372 2367 1561 2439 (lbid.,
1611 2367 1727 2437 27).
1772 2369 1826 2423 In

221 2471 333 2526 quo
363 2457 603 2527 prodidit
624 2458 751 2529 quid
776 2459 956 2528 justus
984 2459 1204 2530 fugerit,
1231 2476 1298 2516 ne
1319 2476 1442 2515 eum
1473 2476 1829 2532 prosequere-

221 2558 334 2618 tur,
366 2565 434 2604 nc
456 2549 778 2616 deduceret,
799 2568 866 2608 ne
895 2552 990 2607 tali
1019 2553 1283 2608 comitatu
1310 2557 1540 2624 stipatus
1564 2555 1826 2624 procede-

221 2653 326 2698 ret.
353 2643 594 2698 Primum
616 2645 761 2714 quod
785 2645 1075 2700 multorum
1099 2645 1444 2702 dominorum
1472 2649 1745 2718 mancipio
1767 2664 1829 2704 se

221 2737 496 2807 subjicere
527 2753 637 2794 non
687 2739 911 2804 debuit;
948 2747 1005 2794 ut
1049 2740 1117 2796 ab
1157 2755 1224 2794 eo
1258 2749 1530 2812 tamquam
1578 2743 1829 2798 servulus

219 2830 611 2887 dimitteretur.
650 2832 856 2888 Deinde
885 2833 1009 2903 quia
1041 2835 1122 2888 vir
1175 2835 1436 2890 exercitio
1481 2835 1746 2902 intentus,
1776 2845 1832 2892 et

220 2940 483 2997 qumrens
508 2943 690 2983 veram
719 2928 858 2982 viam
889 2928 955 2982 ad
997 2929 1256 2984 virtutem
1281 2932 1550 3002 persequi,
1604 2947 1708 2986 non
1733 2933 1832 2988 ho-

223 3019 426 3074 minem
457 3019 834 3086 deductorem,
888 3020 984 3076 sed
1017 3027 1232 3076 oracula
1285 3024 1536 3093 qtuesivit
1562 3025 1828 3081 cmlestia.

222 3113 358 3181 Quae
382 3129 486 3179 me,
518 3116 710 3186 inquit,
730 3116 853 3171 hinc
876 3127 1253 3186 praeceperunt
1277 3117 1450 3186 abire,
1486 3127 1539 3174 et
1568 3134 1712 3174 nunc
1738 3133 1831 3174 co-

224 3209 490 3263 mitantur
517 3209 780 3266 viantem.

303 3299 390 3354 12.
433 3300 542 3357 Sed
565 3303 840 3372 quomodo
862 3318 950 3359 me
985 3304 1329 3360 dimisisses?
1381 3307 1464 3360 An
1493 3319 1618 3360 eum
1645 3303 1830 3358 laetitia

227 3400 342 3457 tua,
367 3409 483 3462 quae
510 3394 668 3462 plena
683 3405 768 3450 est
794 3396 1208 3458 moestitudinis.
1234 3412 1356 3452 cum
1388 3397 1664 3469 tympanis
1685 3396 1833 3451 scili-

225 3495 496 3557 celatque
521 3489 742 3558 organis
772 3500 796 3527 ε
828 3489 1185 3544 immoderata
1208 3489 1632 3554 modulantibus,
1663 3499 1717 3545 et
1740 3504 1831 3544 so-

228 3579 318 3635 nis
341 3581 591 3636 tibiarum
621 3581 883 3638 suavibus
923 3585 1168 3638 insuavia
1211 3584 1630 3649 resultantibus,
1683 3584 1836 3640 sonis

227 3675 487 3740 dissonis,
521 3678 816 3748 crepitibus
859 3678 1316 3748 discrepantibus,
1369 3678 1595 3735 vocibus
1647 3678 1834 3742 mutis.

227 3770 495 3841 cymbalis
525 3771 760 3826 animam
778 3771 1130 3828 ferientibus?
1161 3773 1253 3828 His
1280 3789 1365 3829 me
1387 3773 1650 3830 delectari
1677 3789 1838 3842 posse

229 3865 552 3921 credidisti?
591 3865 674 3921 his
703 3866 993 3921 revocari?
1026 3866 1154 3922 Haec
1178 3878 1304 3922 sunt
1352 3883 1474 3938 quze
1526 3882 1629 3938 ego
1657 3868 1767 3938 fugi
1802 3886 1813 3920 :

232 3973 339 4015 nec
367 3973 560 4014 vereor
577 3959 869 4015 verborum
895 3969 1107 4015 tuorum
1141 3961 1419 4015 invidiam.
1455 3960 1612 4031 Fugi,
1644 3976 1714 4016 ne
1754 3974 1842 4016 me

233 4053 360 4108 talia
391 4061 772 4121 sequerentur,
798 4069 865 4107 ne
888 4052 1016 4124 quid
1035 4053 1103 4108 de
1135 4054 1241 4107 tuis
1263 4052 1542 4122 accipiens
1569 4053 1798 4108 abirem.

310 4147 398 4200 15.
442 4145 556 4200 Non
589 4147 731 4202 enim
777 4147 975 4202 talibus
1023 4146 1410 4202 deductoribus
1441 4146 1507 4200 ad
1541 4147 1841 4201 Ecclesiam

236 4238 445 4295 Christi
498 4241 828 4311 pervenitur,
891 4241 955 4295 ad
985 4256 1144 4312 quam
1178 4240 1430 4295 tendebat
1463 4239 1666 4304 Jacob;
1695 4249 1753 4294 ut
1777 4253 1843 4296 eo

234 4332 536 4389 deduceret
589 4335 916 4404 populorum
967 4335 1174 4403 ecpias,
1231 4333 1516 4389 inveheret
1563 4334 1844 4388 nationum

233 4428 478 4494 divitias,
501 4429 874 4498 posteritatem
892 4427 1224 4492 infunderet,
1248 4427 1459 4496 fugiens
1479 4426 1700 4481 umbras
1729 4427 1845 4480 ina-

237 4521 388 4578 nium
417 4537 624 4586 rerum,
657 4521 953 4593 prteferens
975 4521 1384 4576 insensibilibus
1409 4519 1719 4574 simulacris
1735 4519 1844 4574 vir—

1929 491 2220 555 adornent,
2273 492 2409 548 festa
2460 494 2954 552 annuntientzsed
3009 513 3072 553 ea
3126 500 3232 569 piis
3259 503 3534 562 mentibus

1928 583 2211 641 infestiora
2240 594 2400 652 sunt;
2423 587 2548 658 quia
2593 588 2660 644 iis
2689 589 2932 662 plerique
2956 591 3322 663 decipiuntur,
3357 596 3534 655 dulci-

1928 679 2030 735 bus
2052 680 2344 751 capiuntur
2395 682 2590 752 epulis,
2633 684 2923 755 capiuntur
2954 686 3265 744 saltantium
3309 689 3533 749 choris:

1927 773 2057 829 dum
2101 774 2308 845 jejunia
2348 784 2533 832 nostra
2574 775 2806 848 fugiunt,
2835 777 2964 834 dum
2989 795 3056 835 ea
3085 781 3188 838 sibi
3211 797 3406 854 aspera
3433 799 3532 857 pu-

1931 878 2068 936 tant,
2096 869 2223 924 dum
2251 871 2468 941 corpori
2494 872 2657 928 noxia
2684 882 2737 928 et
2770 875 2998 930 molesta
3023 877 3384 936 arbitrantur.

2002 961 2089 1016 14.
2133 963 2214 1016 An
2273 964 2527 1034 opinatus
2576 980 2637 1021 es
2677 967 2804 1038 quia
2849 983 3038 1024 aurum
3069 979 3219 1026 tuum
3253 972 3532 1032 desidera-

1930 1058 2093 1113 rem?
2118 1059 2225 1115 Sed
2254 1075 2362 1116 non
2392 1061 2560 1117 habes
2609 1077 2802 1120 aurum
2844 1063 2968 1134 igne
2997 1068 3390 1136 examinatum,
3423 1086 3532 1142 quo

1924 1151 2055 1223 juSIi
2088 1153 2387 1224 probantur
2413 1154 2583 1228 (Psal.
2617 1173 2693 1222 xt,
2727 1156 2807 1230 7).
2835 1158 2919 1213 An
2947 1161 3072 1230 quia
3119 1173 3400 1232 argentum
3436 1180 3532 1221 cu-

1930 1247 2157 1317 perem?
2189 1247 2294 1304 Sed
2322 1263 2428 1304 non
2454 1249 2621 1306 habes
2670 1262 2975 1322 argentum,
3012 1252 3033 1290 ί
3080 1257 3171 1325 qui
3207 1272 3313 1311 nou
3367 1256 3532 1314 habes

1931 1339 2279 1410 splendorem
2337 1343 2560 1413 alloquii
2602 1344 2862 1400 caelestis.
2897 1345 3004 1401 Sed
3034 1345 3267 1405 fortasse
3316 1351 3529 1420 speravi

1931 1433 2074 1502 quod
2105 1433 2378 1504 adjiceres
2403 1435 2537 1490 mihi
2593 1436 2660 1491 ad
2688 1436 3008 1507 obsequium
3064 1439 3317 1496 servulos
3359 1450 3480 1497 tuos
3510 1442 3534 1496 ?

1929 1526 2090 1598 θοι
2123 1526 2238 1598 Ego
2258 1542 2390 1582 vero
2427 1528 2635 1606 liberos
2664 1545 2873 1600 quaero,
2910 1530 3058 1602 fugio
3079 1547 3272 1589 servos
3297 1536 3530 1605 peccati.

1932 1620 2040 1674 Sed
2069 1619 2208 1675 forte
2229 1622 2458 1676 comites
2485 1622 2720 1690 itineris,
2762 1632 2818 1678 et
2845 1623 3014 1679 duces
3039 1625 3250 1680 viarum
3275 1641 3531 1684 necessa-

1933 1715 1996 1768 rii
2024 1713 2272 1770 fuerunt?
2300 1717 2513 1771 Utinam
2546 1719 2700 1784 sequi
2725 1720 2984 1786 possent!
3011 1733 3111 1790 ego
3132 1719 3239 1775 illis
3261 1733 3534 1778 monstra-

1855 1823 1904 1884 B
1932 1822 2044 1862 rem
2070 1807 2284 1862 Domini
2315 1809 2450 1864 vias.
2485 1808 2591 1864 Sed
2621 1812 2711 1880 qui
2739 1810 2908 1865 Deum
2955 1812 3202 1877 nescitis,
3254 1814 3368 1869 vias
3412 1813 3533 1885 ejus

1929 1901 2204 1971 quomodo
2223 1901 2486 1956 novistis?
2514 1901 2642 1957 Vias
2671 1902 2790 1972 ejus
2832 1903 3211 1974 ingrediuntur
3237 1906 3397 1965 electi
3428 1909 3534 1964 Do-

1931 1994 2076 2049 mino
2106 2012 2119 2047 :
2153 2010 2259 2050 non
2283 1995 2610 2067 quicumque
2642 1996 2847 2052 intrant
2871 2011 2986 2064 eas,
3027 1998 3122 2054 sed
3155 2008 3335 2056 tamen
3368 2015 3530 2057 nemo

1930 2086 2258 2142 excluditur.

2007 2179 2092 2234 15.
2135 2181 2409 2252 Sequatur
2435 2183 2526 2252 qui
2572 2192 2794 2253 paratus
2830 2194 2935 2252 est,
2991 2184 3334 2255 ingrediatur
3387 2187 3530 2244 viam

1930 2292 2052 2346 quae
2081 2276 2233 2331 ducit
2262 2277 2328 2332 ad
2358 2277 2832 2348 Mesopotamiam;
2863 2288 2922 2334 ut
2975 2281 3066 2350 qui
3107 2295 3228 2336 eam
3258 2282 3412 2352 petit,
3440 2298 3537 2352 per

1931 2386 2100 2441 aquas
2128 2382 2370 2428 transeat
2397 2415 2410 2438 ,
2444 2389 2611 2442 aquas
2642 2374 2818 2444 Tigris
2845 2384 3008 2444 atque
3044 2373 3360 2446 Euphratae,
3390 2376 3540 2432 forti-

1931 2467 2137 2522 tudinis
2195 2478 2358 2540 atque
2398 2469 2660 2539 justitize,
2716 2484 2812 2538 per
2850 2469 3120 2540 lacrymas
3170 2471 3530 2539 paenitentiae,

1932 2559 2262 2629 baptismum
2311 2559 2575 2630 gratizeﬁﬂ
2606 2559 2664 2614 In
2721 2576 2781 2614 ea
2831 2570 2914 2616 est
2941 2563 3024 2615 via
3077 2563 3354 2617 exercitus
3399 2562 3535 2628 Dei;

1932 2668 2123 2707 omnes
2148 2654 2290 2707 enim
2319 2654 2407 2720 qui
2432 2663 2557 2706 sunt
2582 2653 2633 2706 in
2668 2652 2935 2719 Ecclesia,
2965 2653 3074 2707 Deo
3103 2653 3359 2708 militant.
3393 2654 3450 2708 In
3473 2668 3536 2710 ea

1933 2752 2018 2800 est
2046 2760 2178 2815 grex
2204 2744 2297 2798 ille
2325 2745 2553 2815 insignis
2582 2745 2924 2800 diversarum
2949 2746 3230 2812 virtutum,
3261 2761 3421 2817 quem
3446 2745 3538 2802 Ja-

1934 2837 2039 2892 col)
2068 2836 2169 2892 sibi
2202 2836 2364 2906 elegit
2383 2853 2399 2901 ;
2418 2837 2597 2890 omnis
2623 2838 2768 2892 enim
2797 2839 2914 2892 sine
2944 2836 3100 2908 signo
3125 2839 3328 2904 anima,
3354 2835 3543 2893 indoc-

1937 2939 1986 2984 ta
2019 2940 2072 2985 et
2095 2929 2363 2985 inerudita
2391 2940 2495 2997 est,
2521 2930 2932 3000 disciplinarum
2961 2932 3142 2987 nescia
3177 2947 3190 2983 :
3221 2945 3341 2999 qua:
3356 2939 3536 2985 autem

1936 3022 2213 3092 insignita,
2231 3021 2420 3077 eadem
2443 3021 2596 3078 dives
2620 3039 2868 3092 operum,
2901 3034 2954 3079 et
2983 3024 3281 3095 gratiarum
3333 3027 3538 3094 opima.

2009 3114 2096 3170 16.
2139 3113 2220 3170 Ad
2251 3129 2370 3170 eam
2399 3115 2492 3186 qui
2522 3116 2690 3181 venit,
2723 3116 2917 3170 iratum
2953 3116 3172 3172 fratrem
3220 3116 3540 3174 reconciliet

1853 3213 1898 3274 C
1931 3209 2104 3279 prius.
2135 3208 2217 3263 Ad
2248 3223 2368 3264 eam
2396 3210 2486 3278 qui
2512 3214 2679 3275 venit,
2711 3209 3006 3266 Sichimam
3063 3211 3360 3277 pretiosam
3391 3211 3538 3265 illam

1935 3314 1990 3360 ct
2020 3311 2298 3358 actuosam
2342 3303 2610 3360 inhabitet
2638 3304 2900 3358 virtutum
2938 3303 3238 3370 oflicinam,
3272 3303 3363 3358 ubi
3396 3303 3540 3358 laesa:

1936 3396 2200 3452 castitatis
2230 3397 2412 3465 gravis
2441 3403 2524 3450 est
2555 3395 2711 3450 ultio.
2769 3394 2852 3449 Ad
2884 3410 3004 3449 eam
3043 3398 3133 3465 qui
3165 3398 3336 3460 venit,
3370 3395 3515 3449 lucte

1940 3504 2025 3549 tur
2055 3509 2179 3548 cum
2213 3493 2362 3559 Deo;
2389 3502 2445 3547 ut
2477 3493 2543 3546 ad
2593 3492 2952 3547 imitationem
2983 3492 3103 3556 ejus
3147 3507 3207 3546 se
3238 3499 3534 3557 exerceat,

1938 3590 2005 3642 ad
2038 3587 2399 3643 humilitatem
2431 3585 2633 3641 Christi
2661 3593 2718 3639 et
2738 3585 3022 3656 passiones
3049 3583 3169 3654 ejus
3219 3583 3516 3654 congredia

1941 3689 2049 3736 tur.
2092 3680 2272 3735 Tullat
2322 3694 2541 3735 crucem
2582 3693 2761 3744 suam,
2818 3687 2874 3733 et
2927 3677 3205 3733 Christum
3257 3687 3540 3748 sequatur,

1943 3772 2165 3846 (Matth.
2226 3787 2334 3838 χιιι,
2385 3769 2501 3831 26).
2559 3771 2802 3839 Denique
2854 3771 3030 3826 bonus
3077 3785 3404 3840 congressor
3435 3786 3544 3826 tton

1943 3866 2250 3928 aemulatur.
2283 3879 2390 3920 non
2423 3865 2677 3928 inflatur;
2709 3879 2875 3918 nnmo
2901 3864 3066 3918 etiam
3117 3863 3392 3921 benedicit
3414 3878 3514 3920 con

1943 3959 2282 4030 gredientem
2310 3958 2412 4012 sibi
2442 3957 2531 4011 tali
2564 3972 2812 4012 munere.

2021 4052 2108 4105 l7.
2152 4050 2460 4120 Sequamnr
2481 4065 2611 4121 ergo
2657 4058 2904 4104 sanetum
2933 4048 3126 4112 Jacob,
3163 4057 3217 4104 et
3245 4049 3360 4104 vias
3385 4048 3504 4118 ejus
3531 4065 3544 4113 ;

1947 4156 2005 4201 ut
2032 4146 2410 4216 perveniamus
2439 4145 2507 4200 ad
2539 4161 2632 4200 eas
2663 4145 2962 4215 passiones,
2991 4143 3057 4198 ad
3089 4157 3183 4199 eas
3209 4143 3551 4214 congressio-

1949 4237 2110 4307 nes,h
2140 4241 2517 4309 perveniamus
2537 4239 2604 4295 ad
2634 4239 2941 4303 humerum,
2973 4238 3356 4310 perveniamus
3370 4237 3438 4292 ad
3459 4253 3553 4308 pa-

1950 4335 2193 4390 tientiam
2228 4343 2458 4389 matrem
2492 4333 2754 4398 fidelium,
2783 4341 2836 4387 et
2859 4331 2926 4386 ad
2957 4341 3166 4402 patrem
3194 4328 3367 4394 Isaac,
3391 4328 3446 4384 id
3469 4339 3554 4385 est

1942 4426 2299 4496 jucunditatis
2325 4440 2605 4497 capacem,
2637 4425 2838 4479 lartitia:
2861 4423 3279 4478 redundantem.
3310 4420 3414 4477 Ubi
3437 4423 3549 4492 jam

1949 4522 2233 4594 patientia,
2263 4521 2336 4576 ibi
2368 4520 2588 4586 laetitia;
2622 4519 2743 4591 quia
2777 4529 2900 4589 pust
2927 4518 3311 4574 tribttlationes
3341 4517 3549 4587 patien-

239 4625 416 4671 tutum
446 4615 742 4685 spirantem
773 4614 1046 4680 decorem,
1092 4614 1486 4684 plausibilibus
1515 4629 1838 4683 praeponens
1869 4604 1916 4663 Ι)
1947 4616 2041 4681 tia,
2071 4613 2328 4686 patientia
2353 4623 2535 4669 autem
2563 4612 2940 4683 probationem
2959 4621 3241 4682 operatur,
3268 4610 3449 4681 inqua
3471 4618 3557 4665 est

314 4784 338 4845 ξι
383 4772 507 4845 Mss.
550 4787 657 4827 non
683 4773 865 4842 pauci,
894 4771 1056 4839 Quasi
1077 4788 1195 4831 vero
1211 4790 1302 4828 nos
1324 4776 1640 4845 cognoveris.

310 4843 339 4883 ι’
381 4843 455 4899 lta
494 4853 604 4899 vet.
646 4845 780 4900 edit.
811 4854 866 4899 et
894 4845 1073 4899 cuncti
1106 4859 1272 4910 tnss.;
1309 4856 1365 4902 at
1389 4843 1554 4902 'llom.
1610 4850 1724 4906 edit
1751 4865 1837 4905 re-

235 4918 446 4974 seeavit
477 4932 665 4973 vocem
712 4915 967 4984 pluribus.

316 5000 339 5027 ε
380 4989 583 5044 Omnes
637 4988 770 5044 edit.
821 4997 878 5042 et
925 5002 1055 5042 mss.
1081 4988 1353 5055 nonnulli,
1382 4991 1638 5060 inquibus
1668 4996 1838 5048 maxi-

235 5079 357 5116 mus
377 5063 520 5132 vigor
547 5062 698 5132 datus
723 5071 865 5114 est...
897 5061 1017 5131 quia
1047 5061 1334 5129 spiritalem
1364 5074 1618 5118 monetam
1638 5066 1830 5128 amisit,

235 5135 382 5206 quia.
425 5131 530 5188 etc.
564 5131 672 5189 Sed
721 5141 1078 5206 praeterquam
1108 5133 1251 5202 quod
1294 5134 1455 5203 triplo
1511 5135 1684 5205 major
1740 5153 1838 5190 nu-

239 5204 427 5260 merus
454 5219 584 5260 mss.
618 5204 902 5259 lectionem
931 5214 1172 5259 nostram
1199 5208 1558 5274 constituunt,
1592 5204 1640 5262 ei
1665 5209 1830 5264 etiam

235 5293 435 5334 sensus
462 5277 815 5345 perspicuitas
842 5275 1232 5346 patrocinatur.

317 5347 344 5385 (ι
386 5348 514 5402 Post
564 5349 841 5402 emisissem
863 5357 910 5402 te
938 5348 1211 5420 subjungit
1237 5351 1371 5405 edit.
1402 5351 1585 5416 liom.,
1613 5369 1728 5407 cum
1748 5352 1841 5405 ιω-

240 5422 360 5476 titia
390 5431 434 5474 et
463 5420 739 5492 cymbalis.
762 5423 832 5472 At
858 5419 1052 5492 melius
1106 5420 1192 5474 illa
1245 5425 1588 5492 praetermitti
1635 5423 1841 5479 indicat

238 5489 780 5559 subjecladuhitatio
805 5507 817 5543 :
850 5489 956 5545 Sed
977 5492 1234 5560 quomodo
1250 5489 1338 5548 'me
1361 5496 1680 5550 dimisisses?

322 5569 345 5594 υ
390 5563 546 5616 Rom.
577 5561 688 5617 edit
708 5563 840 5626 sola,
866 5561 1205 5633 immodulata
1231 5567 1620 5622 modulautibus
1649 5584 1668 5622 :
1695 5566 1836 5633 aliae,

239 5635 884 5699 acmss.,immoderata;
953 5632 1144 5688 horum
1191 5639 1458 5702 nonnulli,
1511 5632 1843 5694 immoderate

239 5705 656 5779 modulantibus.
693 5704 834 5758 infra
869 5719 1018 5779 vero,
1065 5705 1152 5760 ubi
1183 5723 1376 5766 omnes
1427 5711 1588 5778 edit.,
1619 5719 1842 5779 excepta

239 5776 502 5853 Ameria,
526 5776 732 5853 vocibug
752 5777 942 5853 mutis;
971 5791 1163 5832 omnes
1188 5795 1515 5853 prOpentss.
1548 5776 1846 5853 praeferunt

239 5850 460 5917 veribus
483 5847 675 5904 multis.
700 5846 806 5914 Sed
833 5847 1158 5924 scriptorum
1187 5846 1582 5920 imperitiwhoc
1606 5853 1845 5909 tribueno

1946 4779 2108 4844 dum;
2140 4779 2226 4834 hic
2254 4778 2398 4832 enim
2449 4777 2776 4847 respiciebat
2803 4778 3128 4833 Ambrosius
3178 4777 3268 4833 illa
3304 4775 3549 4833 Philonis
3619 4797 3670 4828 ν’

1945 4853 2152 4926 κτῖξπτέιν
2180 4851 2448 4926 ᾇνάρρρων
2472 4854 2562 4926 atati
2574 4850 2790 4926 etM/mu.

2023 4923 2041 4958 τ
2085 4919 2291 4977 Eadem
2311 4919 2468 4976 Rom.
2499 4919 2810 4992 edit.,'quia
2830 4921 3157 4990 splendorem
3182 4919 3399 4989 alloquii
3446 4935 3545 4973 cm-

1946 4993 2085 5048 lettis
2111 4993 2362 5061 abiecisti.
2463 5047 2466 5050 .

2020 5074 2044 5111 ε
2085 5065 2287 5120 Omnes
2313 5063 2471 5128 edit.,
2500 5065 2553 5118 in
2577 5080 2636 5119 ea
2661 5074 2733 5118 est
2764 5067 2960 5130 virtus;
2987 5079 3177 5120 omnes
3209 5077 3367 5130 mss.,
3402 5063 3455 5116 in
3485 5078 3544 5117 ea

1945 5145 2018 5190 est
2045 5137 2146 5189 uia.

2016 5207 2044 5246 ¹ι
2072 5207 2194 5263 Vet.
2219 5207 2352 5264 edit.
2377 5216 2433 5263 et
2453 5216 2630 5263 cunet.
2655 5221 2813 5268 mss.,
2847 5207 3208 5262 Perveniamus
3229 5206 3298 5258 ad
3320 5220 3542 5271 murum;

1946 5278 2076 5335 edit.
2109 5279 2269 5334 Rom.
2303 5277 2671 5335 Perveniamus
2697 5280 2764 5332 ad
2791 5279 3082 5332 humerum.
3122 5277 3296 5344 Quam
3325 5276 3544 5343 quidem

1949 5351 2346 5406 correctionem
2396 5365 2502 5406 non
2549 5352 2827 5419 potuimus
2858 5365 2965 5403 non
2994 5350 3253 5403 retinere.
3289 5347 3546 5403 Manifes-

1950 5433 2060 5476 tum
2087 5423 2287 5493 quippe
2325 5433 2410 5478 est
2441 5424 2735 5480 Sichimam
2762 5421 2867 5476 hoc
2897 5420 3016 5493 loco
3041 5419 3348 5487 designari,
3381 5434 3544 5490 quam

1949 5490 2136 5550 vocem
2171 5490 2494 5551 Ambrosius
2523 5508 2814 5561 numquam
2835 5506 2941 5545 non
2967 5490 3250 5545 humerum
3283 5493 3550 5561 interpre-

1953 5575 2114 5621 tatur.
2149 5567 2349 5622 Evolve
2373 5566 2646 5636 superiori
2671 5574 2820 5636 torno
2844 5561 2938 5616 lib.
2973 5578 2989 5616 ι
3017 5561 3084 5636 de
3117 5562 3388 5636 Abraham
3417 5577 3540 5636 cap.

1949 5638 2004 5707 2,
2038 5654 2189 5692 num.
2225 5639 2280 5702 5.
2313 5648 2364 5694 et
2400 5633 2495 5694 lib.
2532 5654 2590 5702 ll,
2620 5651 2742 5707 cap.
2770 5635 3102 5707 5,_num._8;
3132 5633 3222 5707 lib.
3255 5635 3323 5707 de
3340 5633 3544 5706 Joseph

1949 5704 2068 5780 cap.
2097 5710 2152 5774 5,
2179 5726 2332 5765 ιιιιιη.
2364 5709 2398 5766 9
2425 5727 2438 5774 ;
2475 5709 2548 5764 lib
2579 5708 2648 5764 de
2676 5705 2956 5764 Benedict.
3011 5704 3315 5764 Patriarcli.
3339 5704 3539 5779 cap.'3.

1953 5797 2101 5837 num.
2137 5781 2227 5837 Η.
2256 5790 2361 5837 etc.
3463 5804 3466 5807 -
3534 5784 3537 5788 '

1953 5797 2101 5838 nttm.
2137 5790 2227 5850 Η,
2256 5790 2361 5838 etc.
3463 5804 3466 5807 -
