3996 6292
201 319 340 378 1055

1410 310 1895 370 EPISTOLARUM
1936 309 2222 368 CLASSIS
2260 311 2297 366 Ι.

3351 309 3487 364 ιοῆι

195 437 392 501 mibus,
423 433 539 489 dies
567 442 624 488 et
655 442 840 488 noctes
880 433 934 486 in
977 431 1142 488 lucris
1166 444 1388 500 ponere,
1421 439 1473 484 et
1507 429 1576 484 de
1613 428 1781 483 lucris
1809 438 1856 493 Α
1908 410 1912 414 ’
1961 428 2054 482 illa
2084 436 2342 483 recreetur
2381 429 2562 482 oculus
2595 440 2797 492 noster,
2834 438 2986 498 atque
3024 427 3198 482 anima
3237 431 3494 483 nutriatur

196 542 416 596 semper
443 525 707 596 cogitare,
733 535 782 580 et
813 524 950 580 sicut
971 523 1340 578 mercenaries
1363 521 1612 577 diurnam
1643 535 1786 576 mer-

194 619 379 675 cedem
429 633 700 688 quaerere,
732 628 918 685 atque,
951 623 1009 670 ut
1034 614 1252 670 cicadas
1288 617 1462 676 aiunt,
1493 627 1620 667 aura
1648 627 1781 683 qua-

194 711 316 766 dam
349 710 501 780 pasci
529 710 927 780 cupiditatum?
955 707 1096 764 Vere
1126 709 1266 762 sicut
1290 706 1529 772 cicadas,
1562 707 1685 775 quia
1714 704 1783 759 de

192 805 281 860 die
321 805 373 858 in
405 804 546 859 diem
577 804 783 868 vivunt,
813 812 841 840 ι
867 811 1064 874 questu
1097 812 1420 871 rumpuntur
1468 815 1590 855 suo.
1642 799 1782 867 Quid

191 897 333 953 enim
356 894 498 950 aliud
527 904 649 949 sunt
677 894 925 949 homines
950 894 1151 962 nullius
1168 892 1673 964 pontleris,inuilius
1703 889 1784 946 di-

191 991 458 1062 sciplinte,
491 990 594 1044 nisi
627 999 684 1044 ut
713 988 998 1044 videantur
1034 988 1177 1043 sicut
1198 985 1422 1054 cicadae,
1451 989 1518 1040 ad
1551 995 1784 1040 mortem

192 1085 304 1139 nati
331 1084 602 1146 diurnam,
627 1092 934 1152 strepentes
958 1083 1128 1153 magis
1150 1097 1310 1152 quam
1335 1079 1653 1151 loquentes?
1679 1078 1783 1146 Qui

187 1180 290 1234 sub
317 1177 512 1233 ardore
536 1177 863 1233 ferventimn
891 1177 1244 1246 cupiditatum
1269 1192 1328 1231 se
1357 1176 1630 1231 mulceant
1656 1189 1783 1230 can-

188 1283 244 1328 tu
276 1275 376 1328 sibi
418 1273 604 1337 noxio,
647 1271 938 1342 statimque
969 1271 1241 1336 occidant,
1294 1271 1502 1326 nullum
1547 1269 1780 1325 fructum

187 1366 449 1434 ferentes,
499 1365 634 1420 nihil
677 1365 942 1421 habentes
981 1365 1196 1436 gratiae.
1248 1365 1450 1420 llorum
1496 1365 1659 1436 igitur
1681 1363 1783 1419 vite

188 1461 364 1514 noxia:
412 1470 777 1530 tortuosacque
806 1459 1166 1530 serpentium,
1200 1458 1289 1529 qui
1323 1467 1597 1515 venenato
1627 1458 1782 1527 lapsu

183 1553 430 1624 corporis
457 1567 579 1610 sese
593 1553 837 1620 trahunt,
867 1562 1030 1624 atque
1050 1549 1078 1589 ι)
1098 1550 1153 1606 in
1181 1551 1387 1620 spiram
1414 1549 1672 1620 nequitia.-
1697 1564 1785 1605 se-

181 1660 242 1700 se
273 1645 557 1717 colligunt,
591 1654 645 1700 et
673 1646 884 1716 erigere
912 1661 1020 1699 non
1050 1653 1256 1714 queunt
1279 1642 1348 1698 ad
1373 1643 1617 1699 caelestia

254 1737 308 1794 6.
353 1737 728 1809 ingrediantur
757 1746 937 1792 autem
972 1747 1155 1808 portas
1187 1737 1428 1816 Domini,
1465 1745 1650 1808 portas
1671 1736 1782 1808 jus-

1957 522 2248 590 spondens;
2282 538 2341 576 eo
2373 522 2509 592 quod
2533 522 2618 575 hic
2643 522 2832 576 animae
2852 521 2996 574 cibus
3018 523 3104 586 sit,
3134 523 3283 592 cujus
3315 522 3493 590 cogni-

1956 618 2146 672 tionem
2176 618 2366 671 sanctis
2405 616 2541 670 Deus
2572 617 2789 682 revelat,
2823 631 3072 686 quemque
3110 615 3277 668 David
3303 617 3490 684 culiide

1956 709 2240 780 indagavit.
2306 708 2417 763 Hoc
2467 709 2654 763 bonum
2703 709 2976 780 diligenter
3025 710 3294 762 tenendum
3341 724 3490 776 esse;

1954 803 2164 874 quando
2190 802 2324 857 idem
2352 803 2522 872 ipsum
2548 803 2646 866 sit,
2680 802 2817 870 quod
2852 802 3285 856 annuntiatterunt
3321 799 3492 856 Euan-

1956 898 2170 970 gelistaa,
2194 897 2392 951 scilicet
2411 895 2699 952 Christum.
2729 895 2842 950 Hoc
2871 897 3060 950 bonum
3089 897 3176 965 qui
3206 913 3320 949 cum
3347 894 3490 949 deti-

1956 987 2099 1045 derio
2120 990 2371 1056 hauserit,
2388 1007 2502 1045 eum
2525 990 2594 1043 ad
2616 991 2977 1061 mysteriorum
2999 990 3262 1043 scientiam
3286 1005 3493 1058 perven-

1955 1093 2160 1149 turum,
2192 1094 2238 1137 et
2271 1085 2386 1155 jam
2427 1084 2783 1156 neglecturum
2815 1098 2928 1151 qua:
2963 1090 3083 1136 sunt
3119 1083 3389 1152 corporis,
3422 1082 3490 1134 ad

1953 1178 2092 1246 quod
2137 1178 2417 1246 Apostolus
2459 1194 2552 1232 nos
2593 1177 2922 1233 adhortatur.
2971 1176 3287 1231 Elevandam
3334 1179 3493 1250 igitur

1955 1272 2183 1325 animum
2195 1272 2258 1326 ab
2277 1272 2562 1340 alfectibus,
2581 1284 2634 1327 ut
2655 1277 2855 1344 feratur
2866 1275 2933 1326 ad
2953 1275 3139 1327 bonum
3157 1273 3312 1338 illud,
3325 1275 3378 1328 in
3393 1291 3492 1344 quo

1957 1369 2072 1437 fons
2113 1369 2230 1420 vita:
2273 1377 2347 1420 est
2373 1407 2387 1430 ,
2441 1377 2488 1421 et
2526 1383 2627 1436 quo
2665 1367 2871 1420 nonnisi
2921 1367 3109 1420 uirtute
3142 1366 3492 1436 perducimur.

1969 1459 2152 1514 Verum
2176 1462 2599 1532 perseverantiam
2618 1461 2685 1513 ad
2708 1461 2762 1514 id
2783 1477 2912 1531 opus
2938 1476 3047 1516 esse
3061 1473 3108 1514 et
3123 1462 3490 1515 constantiam.

2255 1621 2565 1675 Auunosws
2605 1620 2820 1677 insulso
2857 1621 3108 1676 salutem.

1961 1757 2495 1829 Linterlegendum,
2519 1775 2638 1815 cum
2667 1759 2944 1831 paululum
2961 1764 3355 1831 requievisscm
3375 1765 3492 1820 ani-

184 1829 340 1899 tititc,
372 1845 504 1900 quas
528 1831 712 1900 justus
733 1831 824 1900 qui
854 1829 1015 1886 fuerit
1041 1831 1340 1901 ingressus,
1364 1831 1656 1888 conﬁtetur
1676 1831 1778 1887 Do-

1904 1863 1992 1916 no,
2023 1861 2046 1886 ε
2067 1851 2190 1921 quia
2215 1851 2587 1907 lucubratione
2610 1854 2950 1924 destiteram,
2977 1857 3309 1911 versiculum
3339 1858 3488 1914 iiillm

184 1924 335 1978 mino
356 1922 712 1996 (Psal.cxvu,
741 1924 854 1993 l9).
884 1923 993 1980 Sed
1028 1924 1141 1979 haec
1171 1938 1463 1994 paucorum
1489 1924 1772 1994 ingressio,

184 2016 327 2070 unde
356 2017 615 2071 Dominus
639 2017 736 2083 ait,
759 2019 884 2088 quia
906 2027 1128 2091 angusta
1152 2029 1324 2087 porta,
1352 2028 1398 2072 et
1420 2029 1564 2074 arcta
1576 2029 1650 2074 est
1671 2021 1776 2085 uia,

180 2127 298 2180 qua:
329 2110 471 2164 ducit
505 2112 574 2166 ad
607 2113 800 2178 vitam;
828 2122 876 2167 et
910 2114 1060 2183 pauci
1089 2122 1227 2179 sunt,
1264 2114 1351 2183 qui
1380 2115 1641 2168 inveniunt
1667 2129 1780 2168 eam

184 2201 403 2273 (Matth.
430 2219 522 2270 vn,
548 2202 660 2274 M).
686 2203 817 2259 Lata
841 2213 1020 2258 autem
1043 2215 1194 2273 porta
1215 2212 1270 2259 et
1291 2207 1527 2274 spatiosa
1547 2206 1652 2270 via,
1672 2220 1777 2275 qua

181 2295 339 2350 multi
360 2296 702 2366 gradiuntur,
732 2296 799 2351 ad
828 2307 1057 2354 mortem
1081 2298 1290 2369 dirigit,
1317 2311 1370 2354 et
1390 2300 1623 2355 viatores
1649 2314 1778 2355 suos

181 2403 248 2444 eo
273 2387 442 2444 ducit.

251 2475 416 2552 905
453 2481 506 2534 7.
547 2479 629 2536 Sit
655 2495 784 2551 ergo
808 2481 892 2536 via
921 2492 1107 2538 nostra
1137 2482 1438 2553 angustior,
1472 2485 1617 2538 virus
1645 2500 1780 2540 exu-

183 2573 478 2639 berantior,
507 2587 708 2630 trames
737 2577 1001 2646 pressior,
1029 2578 1162 2633 ﬁdes
1188 2579 1494 2646 sublimior,
1516 2581 1672 2635 callis
1693 2598 1782 2635 ur-

181 2668 342 2735 ctior,
373 2670 523 2740 vigor
546 2670 743 2726 mentis
770 2673 1073 2740 exundans,
1098 2676 1305 2730 semita:
1329 2687 1519 2741 rectm;
1546 2679 1669 2747 quia
1693 2679 1773 2733 iii-

184 2761 440 2818 llcxibilia
479 2773 606 2818 sunt
639 2763 898 2819 virtutum
939 2768 1184 2837 vestigia.
1215 2767 1365 2824 Unde
1393 2767 1651 2825 Salomon
1689 2788 1700 2824 :
1734 2771 1779 2827 0

182 2857 272 2927 qui
298 2856 674 2930 dereliquerunt
703 2861 912 2915 semitas
941 2873 1106 2917 rectas
1137 2862 1321 2935 (Prov.
1351 2882 1412 2931 ιι,
1445 2866 1566 2937 15)ῑ

255 2947 308 3003 8.
333 2948 410 3003 Sit
435 2965 658 3020 gressus
674 2951 740 3006 ad
771 2954 1088 3022 superiora;
1112 2957 1235 3026 quia
1266 2958 1459 3014 melius
1480 2969 1564 3014 ost
1591 2976 1782 3017 ascen-

182 3042 334 3098 dere.
390 3044 655 3116 Denique,
687 3049 827 3102 sicut
860 3048 1056 3103 lectum
1103 3061 1186 3106 est
1230 3051 1392 3107 hodie
1421 3071 1432 3106 :
1471 3054 1561 3110 Vae
1587 3057 1674 3124 iis,
1697 3061 1788 3126 qui

183 3138 495 3194 descendunt
535 3142 588 3194 in
621 3140 910 3213 ﬂgyptum
951 3143 1119 3215 (Esai.
1151 3161 1299 3211 xxxi,
1327 3146 1398 3216 ι)ι
1441 3147 1560 3204 Non
1599 3151 1783 3220 utique

1879 1941 2023 2011 capi
2043 1955 2252 1998 mecum
2270 1946 2510 2008 volvere,
2535 1945 2552 1982 τ
2570 1962 2675 2016 quo
2691 1950 2904 2016 vestieri
2928 1949 2978 2002 in
3004 1949 3202 2019 vigiliis
3218 1951 3295 2002 nsi
3313 1951 3489 2005 iuera-

1881 2048 2001 2090 mus
2017 2053 2030 2089 :
2046 2045 2071 2081 ii
2092 2035 2288 2114 Ὠραῖος
2307 2038 2473 2094 κάλλει
2486 2041 2629 2114 παρὰ
2645 2043 2766 2102 τοὺς
2784 2043 2927 2104 υἱοὺς
2953 2049 3050 2097 τῶν
3069 2042 3378 2118 ἀνθρώπω-αξ(
3393 2041 3482 2097 Ρε.

1886 2139 2034 2196 XLIV,
2062 2129 2141 2200 5).
2165 2131 2254 2192 Ὠς
2276 2134 2459 2207 ὡραῖοι
2488 2134 2530 2188 οἱ
2558 2132 2708 2196 πόδες·
2739 2142 2838 2189 τῶν
2861 2131 3312 2208 εὗαγίελιζομένων
3335 2137 3483 2192 αὐτὸν

1882 2219 2040 2292 (Isat'.
2085 2237 2176 2286 ιιι,
2211 2224 2288 2295 7).
2319 2226 2382 2280 Et
2415 2241 2542 2281 rere
2573 2229 2707 2282 nihil
2740 2226 2764 2264 δ
2793 2230 3096 2298 speciosius
3131 2233 3222 2285 illo
3271 2246 3486 2286 summo

1883 2315 2045 2383 bono,
2081 2319 2429 2388 cujusgetiani
2466 2321 2784 2390 praedicatio
2812 2325 3058 2392 Speciosa
3091 2337 3170 2378 est
3201 2325 3383 2390 nimis,
3429 2331 3485 2380 et

1882 2411 2121 2466 maxime
2155 2417 2556 2482 perseverantis
2600 2419 2873 2471 sermonis
2906 2434 3215 2486 processus,
3245 2429 3299 2472 et
3329 2434 3480 2488 quie-

1881 2503 2002 2560 dam
2049 2507 2362 2577 apostolicae
2409 2509 2804 2578 prtl‘diCatiOItiS
2841 2510 3085 2580 Vestigia.
3118 2511 3226 2567 Sed
3260 2509 3348 2564 illa
3381 2513 3472 2582 qui

1879 2600 2144 2670 possunt?
2175 2602 2379 2668 Quibus
2405 2599 2630 2658 d‘ouavit
2659 2603 2822 2670 Deus,
2865 2619 2970 2660 non
3003 2605 3178 2660 solum
3210 2615 3267 2660 ut
3291 2605 3481 2662 Chris-

1882 2699 1993 2746 tum
2026 2696 2436 2762 annttntiarent,
2469 2697 2560 2752 sed
2591 2698 2752 2752 etiam
2787 2713 2883 2768 pro
2909 2697 3002 2753 illo
3033 2709 3367 2770 paterentur.

1952 2786 2007 2840 2.
2048 2787 2158 2843 Nos
2197 2801 2456 2860 quantum
2490 2805 2797 2860 possumus,
2850 2793 3196 2847 intendamus
3243 2791 3335 2846 illo
3365 2795 3482 2848 titti-

1886 2895 2056 2946 mttm,
2088 2894 2143 2938 et
2174 2885 2226 2938 in
2261 2884 2354 2938 illo
2384 2886 2575 2950 simus,
2612 2886 2742 2940 illud
2777 2887 2960 2940 animo
2998 2895 3301 2953 teneamus,
3333 2886 3480 2957 qttod

1884 2984 1965 3028 est
1996 2975 2297 3045 puli-hrum,
2325 2977 2606 3040 decorum,
2636 2979 2858 3045 bonum,
2885 2987 2943 3034 ut
2971 2979 3066 3034 liat
3087 2980 3482 3035 illuminatione

1885 3065 2001 3134 ejus
2025 3075 2078 3120 et
2104 3067 2309 3137 fulgore
2355 3071 2602 3139 speciosa
2635 3072 2811 3124 anima
2845 3080 3049 3134 nostra,
3079 3075 3133 3125 et
3161 3086 3314 3126 mens
3340 3071 3480 3125 dilu-

1885 3161 2024 3216 cida.
2058 3160 2191 3215 Nam
2212 3163 2254 3216 si
2287 3163 2430 3217 oculi
2451 3167 2755 3220 nostricutn
2782 3166 2956 3236 aliqua
2981 3165 3326 3220 obducuntur
3348 3166 3481 3221 caii-

185 3236 418 3290 transire
441 3235 493 3290 in
521 3235 812 3308 Egyptttm
839 3241 1194 3295 criminosum
1215 3252 1330 3296 est:
1353 3242 1446 3298 sed
1475 3245 1705 3300 transire
1737 3248 1778 3300 in

1904 3257 2039 3326 giae,
2071 3268 2370 3327 pascuntur
2414 3269 2668 3330 agrorum
2711 3235 2987 3316 viriditate
3015 3261 3269 3330 etspecie
3299 3276 3484 3315 nemo-

185 3343 366 3384 mores
386 3328 786 3402 Egyptiorum,
811 3333 1042 3388 transire
1069 3333 1120 3388 in
1149 3349 1339 3389 eorum
1365 3347 1387 3374 ο
1405 3336 1646 3404 perfidia:
1671 3351 1774 3393 ste-

183 3420 428 3487 vitatcm,
465 3432 518 3476 et
569 3422 796 3478 luxuria:
839 3423 1260 3481 deformitatem.
1309 3427 1411 3494 Qui
1439 3443 1504 3484 eo
1559 3436 1772 3498 transit,

181 3514 466 3568 descendit
503 3533 514 3568 :
549 3516 636 3584 qui
667 3515 970 3585 descendit,
1004 3519 1169 3574 cadit.
1209 3521 1550 3578 Declinemus
1597 3523 1779 3594 itaque

182 3604 496 3676 {Egyptiqu
529 3605 822 3675 hominem,
854 3619 909 3666 et
940 3625 1046 3665 non
1079 3612 1270 3668 Deum.
1313 3612 1464 3668 Vitiis
1492 3617 1635 3670 enim
1665 3618 1780 3673 suis

179 3701 346 3754 etiam
376 3701 493 3768 ipse
521 3717 615 3756 rex
645 3701 1026 3776 [Egyptiorum
1057 3707 1108 3760 in
1135 3716 1460 3776 potestatem
1487 3718 1570 3764 est
1594 3709 1774 3779 datus,

178 3795 334 3863 cuius
365 3799 774 3867 comparatione
803 3799 1017 3868 Moyses
1047 3801 1188 3855 Dotts
1217 3803 1517 3857 aestimatus
1538 3813 1641 3870 est,
1671 3805 1770 3858 int-

133 3933 137 3936 .
182 3891 379 3956 perans
407 3895 607 3960 regnis,
643 3891 941 3962 subjiciens
964 3893 1065 3948 sibi
1096 3902 1409 3962 potestates.
1444 3894 1594 3951 Unde
1623 3897 1670 3950 ei
1693 3896 1775 3952 di~

179 3991 326 4036 ctum
348 3984 575 4054 legimus
593 4004 605 4038 :
631 3984 844 4042 Faciant
861 3997 908 4041 te
918 3988 973 4042 in
991 3986 1153 4042 Deum
1168 3992 1272 4060 regi
1289 3988 1559 4045 Pharaoni
1574 3989 1770 4062 (Exod.

181 4091 276 4142 vtt,
315 4075 386 4149 l).
423 4077 573 4146 Vale,
603 4089 658 4135 et
687 4096 810 4148 nos,
843 4093 899 4136 ut
932 4081 1082 4149 lacis,
1111 4085 1261 4154 quasi
1288 4084 1428 4140 ﬁlius
1455 4085 1638 4157 dilige.

659 4170 685 4208 ά
729 4173 1061 4231 EPISTOLA
1104 4175 1300 4232 XXIX.

183 4263 630 4320 Pulchritudinem
652 4266 850 4323 summi
864 4269 980 4324 boni
1003 4271 1333 4335 quaerendam
1351 4272 1554 4341 suadet,
1587 4278 1700 4344 fore
1721 4285 1778 4330 ut

258 4414 287 4478 ai
325 4403 444 4458 Vet.
477 4399 644 4478 edit.,
670 4414 1000 4476 quwstuque;
1047 4407 1205 4462 Rom.
1229 4449 1244 4472 ,
1282 4412 1600 4478 questuque;
1641 4415 1774 4467 mss.

1885 3349 1981 3409 ris,
2025 3347 2107 3400 vel
2147 3347 2302 3404 collis
2328 3349 2491 3422 905
2543 3349 2757 3405 herbosi
2798 3366 3015 3405 omnem
3058 3351 3477 3420 ina-qualitatem

1880 3444 2224 3511 aegrescentis
2240 3443 2461 3499 obtutus
2485 3445 2778 3514 repellunt,
2803 3453 2852 3500 et
2879 3446 3108 3516 quadam
3130 3445 3326 3499 salubri
3352 3460 3479 3515 spc-

1880 3534 1962 3588 cie
2013 3535 2230 3606 pupillae
2292 3536 2422 3606 ipsa:
2474 3546 2639 3607 atque
2692 3538 2853 3592 orbes
2904 3538 3136 3592 colorari
3190 3536 3480 3601 vitientur,-

1880 3635 2082 3698 quanto
2121 3630 2293 3698 magis
2323 3629 2408 3683 hic
2441 3629 2640 3684 mentis
2667 3630 2854 3683 oculus
2883 3641 3002 3684 eum
3049 3629 3177 3684 illud
3209 3643 3476 3682 smnmum

1882 3720 2124 3775 intuetur
2156 3721 2378 3788 bonum,
2410 3731 2463 3776 et
2498 3725 2547 3776 in
2593 3737 2657 3777 eo
2700 3734 2972 3788 versatur,
3018 3733 3184 3792 atque
3213 3737 3276 3775 eo
3311 3721 3486 3790 pasci-

1885 3820 1989 3874 tur,
2015 3813 2344 3881 Splendescit
2371 3823 2534 3884 atque
2582 3814 2771 3879 enitet,
2800 3827 2854 3869 ut
2886 3815 2978 3868 llat
3009 3815 3136 3869 illttd
3169 3814 3309 3884 quod
3343 3815 3478 3867 scri-

1886 3917 2034 3974 ptum
2072 3915 2154 3961 est
2195 3924 2207 3960 :
2240 3905 2530 3979 Tamquam
2565 3909 2720 3977 adipe
2769 3921 2814 3964 et
2865 3911 3178 3982 pinguedine
3219 3908 3480 3978 repleattt'r

1883 4000 2057 4053 anima
2098 4013 2211 4054 mea
2241 3999 2416 4074 (Psal.
2453 4017 2565 4067 XXI,
2592 4000 2717 4073 2i)!
2751 4001 2990 4072 Denique
3019 4001 3106 4071 qui
3139 4003 3372 4054 scienter
3418 4019 3480 4053 a-

1884 4094 2096 4162 gnoscit
2116 4096 2328 4150 animas
2349 4099 2530 4167 gregis
2548 4098 2653 4162 sui,
2675 4107 2861 4152 curam
2892 4096 3110 4150 adhibet
3133 4094 3318 4149 herbis
3339 4107 3484 4148 raui-

1885 4189 2184 4256 pestribus,
2229 4198 2285 4244 ut
2316 4191 2422 4246 sint
2455 4194 2503 4248 ei
2556 4203 2752 4263 pascua
2789 4191 3059 4260 plurima;
3114 4187 3293 4243 herbis
3341 4187 3485 4242 enim

1881 4283 2228 4341 saevioribus
2254 4294 2313 4342 et
2339 4287 2461 4356 agni
2491 4288 2806 4358 pinguiorcs
2840 4283 2994 4349 fiunt,
3028 4291 3083 4339 et
3108 4287 3303 4338 slt‘ccits
3331 4281 3485 4336 lactis

1886 4415 2119 4489 perﬁdia:
2145 4423 2418 4477 swvitatem
2441 4441 2460 4488 ;
2492 4422 2698 4488 Albin.,
2723 4424 3024 4487 cwcitatem,
3061 4431 3166 4478 etc.

178 4477 440 4557 omittunt
467 4477 718 4566 copulam
749 4493 880 4566 qua).
911 4493 1018 4566 nep
1050 4478 1428 4566 incommode;
1471 4483 1778 4566 sed_tttin_us
1806 4505 1857 4566 ι)
1886 4477 1896 4489 ”
1955 4477 1988 4527 θ’
2023 4491 2230 4566 Scripta
2262 4495 2410 4551 circa
2436 4477 2562 4550 ann.
2597 4477 2718 4551 587'.

181 4547 446 4632 concinne
484 4560 678 4632 quwstu
711 4563 805 4632 per
827 4549 1220 4632 diphthongum
1248 4552 1512 4632 oliorum.
1557 4554 1772 4632 Etenim

180 4619 274 4743 Eia
301 4635 420 4761 rigin
454 4619 682 4676 obscure
717 4619 981 4676 aliuditnr
1018 4622 1082 4676 ad
1131 4623 1259 4678 illud
1309 4623 1453 4695 Virg.
1492 4640 1555 4682 ex
1594 4626 1689 4682 lib.
1716 4643 1773 4683 tu

233 4705 295 4745 Bo
370 4707 435 4746 ,ἶ

337 4784 397 4835 Et
417 4795 560 4836 cantu
583 4786 805 4850 querulae
826 4791 1058 4850 rumpent
1083 4787 1279 4838 arbusta
1303 4788 1500 4838 cicadae.

181 4875 334 4944 Quod
376 4885 554 4931 autem
593 4879 813 4934 easdem
868 4875 1084 4934 cicadas
1127 4885 1254 4932 abra
1299 4881 1543 4937 victitare
1582 4886 1778 4941 asserit

180 4958 402 5022 sanctus
426 4949 625 5022 ﬁnesid
646 4992 660 5015 ,
687 4953 790 5006 etsi
825 4952 1096 5022 respicere
1130 4952 1362 5020 potuerit
1388 4959 1480 5005 aut
1507 4954 1571 5007 ad
1603 4955 1773 5012 AriSt.

178 5020 276 5076 lib.
309 5020 424 5094 l_d_e
455 5020 590 5076 Hist.
622 5020 1042 5094 Attima|.,fcap.
1078 5023 1130 5081 7-.
1165 5032 1258 5077 aut
1286 5023 1351 5094 ad
1398 5024 1554 5079 Plinii
1589 5027 1681 5081 lib.
1713 5043 1772 5094 ll,

179 5107 302 5162 cap.
328 5092 422 5158 26,
448 5095 680 5149 maxime
700 5109 829 5149 vero
846 5093 909 5149 ad
935 5093 1084 5166 Virg.
1107 5094 1293 5165 Eclog.
1319 5093 1373 5162 5,
1395 5096 1481 5150 ubi
1508 5097 1732 5168 legimus
1757 5092 1770 5154 ἐ

336 5183 564 5248 Dumque
589 5178 754 5248 thymo
786 5193 1045 5248 pascentur
1075 5198 1214 5250 apes,
1251 5187 1366 5235 dum
1402 5201 1517 5236 rore
1541 5189 1738 5238 cicadas.

88 5253 98 5268 ’
177 5266 404 5324 Certum
425 5277 608 5324 tamen
631 5281 710 5323 est
731 5271 1086 5325 imitationem
1107 5269 1192 5325 hic
1214 5269 1459 5326 Philonis
1481 5289 1601 5327 esse
1621 5277 1775 5330 t-xci-

179 5348 293 5397 tato
307 5339 469 5407 libro,
493 5341 646 5408 Quod
667 5344 829 5396 omnis
848 5341 1035 5409 probus
1062 5343 1187 5396 liber
1207 5359 1312 5397 non
1329 5343 1486 5411 longe
1510 5344 1577 5398 ab
1597 5347 1769 5402 initio.

251 5411 278 5449 δ
318 5412 445 5489 aias.
474 5415 711 5489 aliquot.
730 5415 800 5489 in
825 5412 1115 5484 sphaeram;
1155 5414 1246 5470 alii
1288 5426 1341 5470 et
1387 5416 1518 5471 edit.
1542 5459 1556 5482 ,
1587 5418 1638 5470 in
1669 5421 1775 5489 spi-

176 5499 312 5538 rant.
350 5484 498 5554 Virg.
529 5486 622 5539 lib.
657 5501 693 5540 tt
719 5484 951 5554 Georg.:

335 5576 616 5638 Squameus
633 5579 680 5624 In
703 5576 881 5638 spiram
907 5583 1063 5626 tractu
1087 5589 1144 5626 se
1167 5577 1354 5640 colligit
1372 5582 1565 5641 anguis.

253 5674 274 5699 ε
319 5660 443 5714 Vet.
486 5660 616 5713 edit.
659 5670 712 5713 et
756 5675 884 5714 mss.
933 5675 1038 5732 non
1083 5665 1260 5731 pauci.
1306 5659 1599 5732 perﬁdiam,
1649 5667 1777 5719 ρεταιν

173 5734 545 5806 cupiditatem,
583 5733 836 5806 luauriw;
867 5731 1083 5806 quidam
1104 5775 1117 5797 ,
1153 5731 1450 5789 auiditatem
1480 5747 1527 5789 et
1555 5735 1779 5791 luxurii:

173 5803 597 5882 deformitatem;
629 5805 846 5882 Pratell.
877 5813 932 5859 et
954 5803 1121 5882 _Getn.
1148 5850 1161 5871 ,
1189 5811 1459 5882 perfidiam
1480 5819 1607 5864 esca:
1633 5811 1779 5882 'cupis

173 5876 361 5954 ditata,
405 5888 452 5931 et
497 5877 712 5942 luxuria;
750 5876 1105 5948 deformitate;
1151 5876 1374 5950 alii,_ac
1418 5882 1574 5939 Rom.
1617 5876 1775 5954 edit.,

1956 4571 1980 4638 ’ξ
2022 4562 2166 4638 Edit.
2191 4608 2204 4630 ,
2241 4577 2342 4619 non
2371 4570 2486 4631 quia
2515 4568 2755 4621 innocens
2779 4566 3116 4638 approbatur.

1958 4633 1976 4672 ί
2029 4637 2101 4710 bo
2133 4638 2321 4710 primis
2351 4639 2546 4710 vigiliis
2581 4649 2700 4706 quae
2729 4633 2912 4710 statim
2945 4642 3115 4710 prima
3141 4639 3316 4694 noctis
3350 4641 3479 4694 hora

1882 4709 2336 4775 persolvebantur
2361 4751 2375 4773 ,
2408 4709 2493 4764 hic
2535 4709 2688 4764 locus
2726 4720 2828 4765 est.
2866 4709 3162 4766 De'iisdem
3199 4711 3361 4765 etiam
3396 4713 3478 4765 lo-

1880 4780 2062 4846 quitur
2090 4779 2450 4852 Hieronymus
2474 4780 2630 4852 t‘piSl.
2663 4783 2716 4846 7,
2745 4783 2809 4834 ad
2842 4782 3066 4843 L-etam,
3101 4782 3251 4837 hisce
3277 4783 3476 4847 verbis,

1878 4865 2188 4921 accensaque
2239 4849 2447 4906 lacerna
2497 4849 2710 4908 reddere
2764 4856 3074 4923 sacri/icium
3113 4855 3474 4920 vespertinum,

1880 4923 2072 4990 supple
2106 4934 2404 4979 assucsral.
2452 4925 2496 4978 A
2532 4926 2748 4980 lucet-na
2783 4936 2960 4979 autem
2997 4925 3275 4979 dicebatur
3307 4926 3481 4976 lucer-

1881 4997 2091 5069 narium
2118 5037 2132 5059 ,
2177 4997 2243 5049 dc
2283 5013 2389 5064 quo
2429 4998 2694 5069 Epiphun.
2738 4998 2790 5051 in
2835 4997 3113 5066 Anaceph.
3142 5038 3156 5060 ,
3204 4996 3372 5069 Basil:
3409 4995 3479 5069 de
3548 5032 3554 5038 -

1880 5063 2091 5140 Spiritu
2126 5063 2313 5122 sancto
2357 5063 2489 5139 cap."
2524 5069 2633 5134 29-⁹
2680 5079 2734 5123 et
2775 5063 3058 5140 Cltrysost.
3115 5069 3260 5121 hom.
3317 5065 3380 5119 i9
3409 5067 3476 5140 ad

1881 5137 2134 5193 Antioch.
2170 5140 2337 5195 Porro
2363 5137 2436 5195 de
2461 5143 2582 5195 aliis
2611 5141 2820 5195 duabus
2843 5137 3039 5209 vigiliis
3067 5155 3184 5207 qua:
3217 5148 3269 5191 et
3302 5137 3476 5191 media

1881 5221 2062 5270 noete,
2090 5222 2143 5264 et
2173 5213 2273 5266 sub
2303 5227 2480 5266 ortum
2519 5214 2648 5266 solis
2681 5215 2983 5281 agebantur
3006 5253 3018 5276 ,
3061 5213 3204 5263 clare
3237 5210 3478 5281 loquitur

1879 5281 2200 5353 Ambrosius
2232 5285 2317 5338 lib.
2361 5286 2472 5338 ttlc
2502 5279 2860 5353 Abrahfcap.
2911 5284 2966 5347 9,
3014 5283 3106 5335 lib.
3153 5281 3220 5334 de
3266 5279 3380 5333 Elia
3423 5289 3479 5333 et

1875 5352 2081 5423 jejunio
2112 5370 2233 5426 cap.
2271 5355 2335 5411 15
2356 5398 2369 5422 ,
2407 5358 2457 5410 in
2492 5357 2623 5427 psal.
2665 5352 2825 5410 xxxvi
2857 5370 2996 5410 vers.
3031 5353 3121 5416 25,
3152 5363 3204 5406 et
3233 5353 3282 5405 in
3311 5367 3474 5407 cxvtn

1879 5439 2044 5480 serm.
2082 5429 2169 5480 19.
3053 5450 3061 5458 ·

1953 5527 1978 5564 ε
2021 5517 2173 5574 Hunc
2203 5534 2416 5575 versum
2457 5519 2525 5574 de
2566 5533 2828 5586 corporea
2873 5516 3072 5572 Christi
3105 5517 3284 5585 specie
3313 5517 3474 5587 vulgo

1885 5590 2309 5660 interpretantur
2357 5593 2476 5644 novi
2527 5591 2822 5660 Theologi;
2876 5605 2996 5642 cum
3046 5602 3254 5642 veteres
3286 5590 3472 5646 Patres

1885 5659 2121 5718 ett'm’de
2170 5663 2283 5718 sola
2340 5663 2581 5716 interiori
2634 5659 3033 5731 puleiiritudtne
3084 5661 3470 5725 intellexerint,

1887 5749 2166 5808 corporea;
2197 5739 2383 5791 forma:
2412 5736 2800 5808 ignobilitatem
2830 5736 2895 5789 ad
2923 5733 3278 5808 humilitatem
3302 5736 3478 5790 incar-

1891 5801 2124 5867 nationis
2170 5801 2451 5878 pertinere
2481 5801 2876 5866 existitnantes.
2918 5813 3033 5879 Qua
3063 5807 3128 5864 de
3165 5826 3222 5862 rc
3255 5808 3482 5865 consule

1888 5883 2102 5954 Rigaltii
2131 5879 2572 5954 dissertationein
2615 5884 2681 5945 de
2715 5883 3123 5942 Pulchritudine
3152 5879 3374 5942 Christi.
