3996 6292
488 263 634 325 10δὸ
1843 254 2089 315 SANCTI
2130 254 2457 314 MIBBOSII
3671 247 3810 305 £058

486 381 782 441 salubrior.
834 380 1047 452 Quibus
1071 379 1289 451 pascuis
1335 378 1419 435 usi
1446 384 1576 434 sunt
1604 376 1801 434 divites
1848 375 1948 445 illi,
1997 374 2089 445 qui
2116 379 2170 440 Α
2195 375 2434 431 tentibns
2469 389 2547 429 se.
2596 373 2696 430 llic
2734 381 2820 431 est
2863 371 3154 429 thesaurus
3194 375 3431 436 noster,
3479 367 3576 423 hic
3612 375 3701 423 est
3732 368 3810 422 ris

491 478 938 536 manducaverunt
958 485 1008 531 et
1035 475 1383 532 adoraoerunt
1431 471 1609 546 (Psat.
1643 488 1779 540 χιιι,
1827 472 1905 545 1);
1960 480 2091 527 sunt
2193 479 2418 537 nostra,
2467 468 2557 525 hic
2601 476 2685 525 est
2736 467 3000 538 sapientia
3052 473 3243 521 nostra
3271 506 3287 529 ,
3333 461 3553 534 iustitia
3608 469 3810 527 nostra,

489 574 638 631 enim
679 572 825 629 bona
852 568 981 628 ﬁdei
1010 582 1215 642 pascua
1236 568 1290 624 in
1317 566 1513 639 quibus
1539 565 1842 623 collocatur
1861 571 2088 623 sanctus
2194 571 2384 635 pastor
2412 572 2632 630 noster,
2664 570 2721 618 et
2746 568 2936 633 pastor
2964 559 3163 626 bonus,
3197 557 3290 615 hic
3316 565 3407 615 est
3445 556 3561 611 vita
3607 563 3808 611 nostra.

496 665 622 724 Dei.
2197 658 2362 714 Vides
2385 667 2584 729 quanta
2613 658 2763 714 hona‘
2783 656 2837 712 in
2868 670 2978 711 uno
3008 654 3155 710 bono
3183 654 3196 709 !

561 760 617 814 5.
661 758 757 815 Est
776 772 908 830 ergo
938 766 994 813 et
1026 756 1236 823 fenum,
1271 770 1383 827 quo
1409 754 1631 811 aluntur
1657 766 1853 824 greges
1882 751 2092 817 ovium,
2270 753 2324 807 7.
2368 751 2495 806 llaec
2528 751 2667 807 bona
2708 749 2865 805 nobis
2909 747 3211 820 praedicant
3251 744 3657 816 Evangelistt.
3699 742 3813 801 ﬂes

492 853 588 927 qui
614 853 875 910 emittunt
896 851 1101 907 vellera
1128 850 1434 921 sapientiae,
1456 858 1513 904 et
1531 846 1665 903 dant
1686 846 1946 902 amictum
1971 860 2099 915 pru-
2200 845 2339 902 bona
2373 844 2656 915 requirens
2683 841 2856 898 David
2874 883 2891 910 ,
2922 843 2998 896 ait
3037 860 3050 896 :
3089 841 3221 910 Quis
3252 838 3486 896 ostendit
3510 840 3668 894 nobis
3697 839 3813 893 bene

354 930 374 943 ’
493 948 715 1006 (lentiae.
763 948 831 1004 Et
872 946 1109 1003 fortasse
1137 943 1245 1001 hoc
1297 951 1385 999 est
1429 942 1611 999 fenum
1654 948 1992 1007 montanum,
2041 937 2097 993 in
2202 937 2376 1011 (Psal.
2422 953 2513 1004 tv,
2555 938 2654 1008 6)?
2700 936 2772 992 Et
2798 934 3041 993 ostendit
3066 936 3243 1006 ipsum
3275 949 3409 992 esse
3443 934 3628 999 bona,
3660 933 3814 1005 subii-

495 1043 643 1116 quod
672 1041 838 1099 verba
860 1039 1202 1098 descendunt
1227 1036 1507 1109 propheta:
1532 1052 1547 1091 :
1571 1036 1705 1092 sicut
1732 1035 1823 1090 nia:
1850 1049 2006 1106 super
2026 1035 2103 1104 fe-
2204 1033 2355 1089 eiens
2390 1050 2403 1086 :
2433 1030 2705 1103 Signatum
2733 1039 2807 1085 est
2835 1031 2888 1085 in
2904 1030 3050 1084 nobis
3071 1028 3245 1085 tamen
3266 1029 3443 1083 vultus
3473 1028 3553 1081 tui
3584 1025 3810 1098 (lbid.,).

496 1152 626 1192 nunt
653 1133 836 1210 (Deut.
878 1149 1051 1199 xxx",
1078 1130 1173 1205 2);
1205 1140 1260 1188 et
1285 1130 1435 1203 quod
1466 1129 1756 1202 diligenter
1784 1127 1991 1199 colligit
2017 1140 2106 1181 sa-
2206 1125 2340 1195 Quis
2360 1134 2541 1179 autem
2562 1123 2747 1178 lumen
2769 1122 2949 1177 vultus
2972 1122 3169 1188 Patris,
3192 1121 3299 1176 nisi
3321 1118 3599 1190 Splendor
3618 1120 3811 1190 gloria,

502 1230 681 1302 piens,
714 1238 772 1285 ut
799 1228 911 1284 sint
936 1227 987 1284 ei
1016 1242 1147 1282 oves
1190 1225 1259 1280 ad
1295 1224 1576 1292 vestitum,
1607 1220 1875 1294 spiritalis
1919 1218 2107 1290 utique
2207 1231 2265 1279 et
2288 1221 2465 1293 imago
2486 1219 2778 1275 invisibilis
2800 1218 2894 1274 Dei
2920 1216 3108 1289 (Hebr.
3140 1232 3181 1283 ι,
3205 1216 3290 1287 3),
3318 1216 3374 1270 in
3402 1228 3521 1286 quo
3541 1223 3600 1270 et
3621 1214 3813 1269 videtur

501 1320 793 1379 velamiuis
814 1319 1005 1393 (Prov.
1037 1334 1207 1387 xsvu,
1232 1316 1346 1390 25).
1378 1316 1552 1373 Habet
1581 1330 1712 1387 ergo
1738 1313 1919 1370 cibum
1948 1325 2106 1368 suum
2210 1323 2265 1370 et
2285 1312 2619 1369 clarificatur
2639 1311 2823 1379 Pater,
2844 1310 2987 1368 sicut
3013 1310 3131 1382 ipse
3152 1308 3420 1366 clarificat
3440 1307 3653 1364 Filium
3676 1322 3813 1364 suum

501 1429 558 1475 et
586 1418 846 1473 amictum
883 1416 1257 1486 anima,'qu:e
1289 1412 1368 1469 illi
1412 1425 1626 1467 summo
1670 1410 1814 1465 bono
1842 1406 2106 1470 adhaeret,
2214 1407 2393 1481 (Joan.
2427 1422 2567 1475 χιιι,
2601 1406 2697 1477 5)?

502 1510 649 1583 quod
691 1517 777 1567 est
822 1507 1073 1564 divinum
1125 1524 1139 1562 :
1175 1503 1320 1577 quod
1364 1502 1649 1575 apostolus
1681 1501 1875 1557 Petrus
1923 1498 2115 1554 suadet
2286 1500 2340 1557 8.
2382 1501 2503 1571 Ipse
2530 1508 2616 1556 est
2646 1514 2777 1572 ergo
2803 1499 3069 1555 Dominus
3096 1498 3259 1556 Jesus
3289 1512 3573 1554 summum
3606 1495 3811 1559 bonum,

504 1602 894 1676 quaerendum;
929 1610 987 1656 ut
1018 1614 1116 1672 per
1155 1600 1275 1670 eius
1317 1595 1650 1670 cognitionis
1695 1592 2111 1665 acquisitionetu
2215 1592 2357 1665 quod
2383 1592 2538 1649 nobis
2568 1592 2947 1647 annuntiatum
2980 1608 3010 1646 a
3038 1590 3345 1663 prephetis,
3375 1588 3738 1662 prmdicatnm
3759 1588 3814 1641 sb

502 1693 706 1751 divinae
734 1693 907 1750 simus
933 1699 1216 1748 consortes
1247 1697 1455 1745 naturae
1487 1687 1555 1760 (Il
1586 1684 1734 1741 Petr.
1762 1700 1801 1753 ι,
1830 1684 1909 1755 4).
2217 1687 2458 1758 angelis,
2498 1687 2824 1757 promissum
2864 1702 2895 1742 a
2932 1686 3129 1754 Patre,
3175 1685 3628 1758 evangelizatum
3660 1692 3737 1740 est
3761 1682 3814 1736 ab

574 1789 631 1844 1.
684 1784 854 1857 liuius
878 1783 1246 1856 cognitionem
1283 1780 1463 1852 aperit
1483 1778 1686 1834 sanctis
1716 1775 1832 1832 suis
1855 1775 1998 1830 Deus
2016 1772 2115 1829 ho-
2144 1767 2193 1828 B
2218 1778 2485 1850 apostolis
2520 1779 2566 1854 (Ι
2592 1777 2730 1833 Tim.
2762 1795 2843 1845 tn,
2869 1777 2983 1848 16).
3024 1778 3126 1848 Qui
3157 1779 3316 1834 nobis
3350 1787 3620 1849 tanquam
3661 1786 3812 1832 matu-

510 1895 641 1946 uus,
672 1888 730 1937 et
750 1878 918 1935 donat
944 1878 1047 1933 hoc
1068 1876 1137 1933 de
1157 1875 1416 1931 thesauro
1439 1888 1540 1929 suo
1566 1872 1731 1938 bono,
1755 1869 1898 1926 sicut
1924 1866 2117 1925 testili-
2218 1874 2356 1930 ritas
2388 1873 2609 1930 advenit
2648 1890 2663 1928 :
2706 1888 2809 1929 nec
2846 1873 3021 1928 solum
3061 1882 3320 1943 [annnam
3365 1872 3697 1939 maturitas,
3737 1869 3813 1927 sed

506 1970 765 2028 calurlex
787 1983 942 2026 sacra
958 1967 1148 2026 dicens
1164 1984 1179 2023 ε
1197 1965 1543 2039 Ωκεαὶιιΐαυίι
1560 1961 1815 2018 Domini“
1833 1970 1861 1998 ⁸
1881 1958 2119 2032 ﬂauum
2220 1979 2476 2041 tanquam
2508 1969 2793 2024 maturitas
2818 1968 2874 2023 in
2895 1968 3179 2025 montibus
3205 1967 3363 2024 adest
3387 1985 3403 2033 ;
3436 1976 3497 2022 ut
3522 1966 3660 2022 nihil
3684 1980 3811 2021 acer-

511 2066 616 2122 tuis
641 2066 768 2119 dare
796 2063 889 2120 tibi
907 2072 953 2119 et
979 2063 1184 2135 aperire
1213 2061 1512 2118 thesaurum
1538 2075 1690 2115 suum
1716 2058 1907 2113 bonum
1937 2053 2115 2128 (Deut.
2222 2061 2350 2117 bum
2376 2103 2391 2129 ,
2426 2061 2561 2117 nihil
2591 2061 2940 2117 immaturum
2977 2062 3032 2117 in
3060 2062 3265 2118 nostris
3292 2061 3546 2116 consiliis
3571 2059 3674 2127 sit,
3702 2058 3815 2116 nihil

510 2170 705 2229 xxvut,
725 2156 934 2230 11,12)
967 2175 981 2213 :
1012 2157 1081 2213 de
1111 2171 1219 2228 quo
1241 2156 1506 2213 thesauro
1526 2152 1739 2210 caelesti
1762 2152 1856 2207 dat
1884 2150 2119 2222 pluviam
2224 2156 2455 2221 immite,
2490 2155 2622 2211 nihil
2655 2169 2908 2226 asperum
2967 2156 3019 2210 in
3047 2154 3303 2224 Operibus
3330 2169 3397 2210 ac
3426 2153 3695 2217 moribus,
3742 2153 3816 2222 qui

512 2262 676 2309 terra;
696 2267 832 2319 suae,
856 2250 1192 2308 benedicere
1210 2249 1394 2306 omnia
1416 2263 1580 2320 opera
1605 2261 1864 2303 manuum
1882 2253 2120 2300 tuarum.
2226 2253 2436 2325 primus
2463 2250 2859 2324 Evangelizans
2885 2249 3025 2306 bona
3056 2248 3250 2305 adfuit.
3291 2247 3451 2306 Unde
3478 2258 3536 2305 et
3565 2248 3644 2302 ait
3678 2264 3692 2301 :
3720 2244 3818 2319 Ipse

514 2345 645 2402 Haec
675 2353 764 2402 est
784 2345 964 2416 pluvia
984 2344 1268 2415 eloquium
1293 2342 1478 2414 Legis,
1502 2339 1646 2412 quod
1663 2339 1865 2395 irrorat
1886 2337 2123 2394 animam
2232 2359 2254 2388 c
2286 2348 2377 2418 qui
2406 2348 2656 2417 loquebar
2675 2389 2689 2413 ,
2722 2348 2928 2411 adsum,
2960 2344 3013 2401 id
3053 2357 3171 2414 est,
3200 2345 3298 2417 qui
3329 2342 3599 2416 loquebar
3626 2343 3680 2398 in
3709 2355 3817 2413 pro-

516 2440 665 2495 illam
698 2438 988 2495 fecundam
1019 2446 1074 2494 et
1101 2437 1336 2494 fertilem
1360 2436 1631 2492 bonorum
1656 2448 1918 2506 operum;
1952 2440 2011 2487 ut
2032 2432 2127 2488 ba-
2229 2445 2411 2518 ριιειίε,
2439 2443 2628 2515 (Πρω,
2662 2461 2701 2511 ι,
2736 2444 2815 2515 ι),
2842 2442 3034 2499 adsum
3062 2444 3115 2499 ίη
3155 2455 3392 2514 σοι-νοτε
3412 2484 3429 2507 ,
3457 2438 3604 2511 quod
3632 2438 3819 2507 suscepi

523 2534 651 2591 beal-
681 2534 964 2590 Ιιιιωοῐειι]
990 2532 1182 2604 ςτθῑὶω
1204 2530 1386 2604 (θεῖαι
1419 2546 1599 2597 ιιιιῐν
1626 2529 1711 2600 2)·
2231 2552 2299 2596 ex
2339 2538 2561 2609 Virgine
2609 2556 2622 2592 :
2666 2536 2855 2592 adsum
2897 2535 3125 2592 interior
3164 2535 3347 2606 imago
3388 2534 3521 2598 Dei,
3563 2532 3817 2589 character

596 2627 653 2683 5.
699 2626 875 2697 Huius
920 2626 1046 2682 boni
1083 2624 1450 2696 cognitionem
1482 2622 1769 2695 quarebat
1797 2622 1965 2679 David
1992 2622 2132 2679 sicut
2232 2631 2588 2697 subsuntim;
2629 2639 2687 2686 et
2712 2629 2902 2685 adsum
2947 2636 3009 2683 nt
3043 2627 3230 2683 homo.
3275 2625 3384 2684 Sed
3416 2626 3545 2695 quis
3568 2621 3818 2694 cognoscit

528 2720 651 2792 ipse
673 2717 966 2790 signiﬁcat,
1000 2717 1192 2774 dicens
1228 2736 1241 2772 :
1278 2716 1447 2773 Unam
1480 2718 1635 2789 petivi
1662 2734 1695 2771 a
1725 2716 1965 2781 Domino,
1999 2717 2132 2770 hanc
2233 2725 2366 2781 me?
2404 2724 2689 2779 Hominem
2729 2722 2875 2778 enim
2915 2721 3199 2787 viderunt,
3239 2719 3337 2776 sed
3384 2717 3648 2790 operibus
3679 2729 3816 2786 supra

526 2814 813 2881 requiram,
839 2821 893 2866 ut
921 2810 1199 2867 inhabilem
1224 2811 1279 2865 in
1305 2811 1457 2865 domo
1483 2808 1697 2866 Domini
1724 2826 1901 2866 omnes
1926 2810 2035 2866 dies
2058 2810 2135 2864 υἱ·
2236 2816 2509 2873 hominem
2540 2814 2911 2871 crediderunt.
2956 2815 3038 2869 An
3065 2828 3171 2868 non
3204 2820 3263 2867 ut
3292 2811 3485 2878 homo,
3517 2826 3642 2867 cum
3670 2809 3817 2865 Laza-

527 2916 595 2961 ιω
619 2920 764 2972 ntere,
801 2913 849 2959 et
868 2904 1073 2958 uideam
1100 2903 1464 2958 delectationes
1492 2901 1791 2969 Domini,et
1817 2902 2135 2958 considerem
2238 2925 2359 2966 rum
2391 2908 2549 2965 ﬂeret
2578 2907 2756 2982 (Joan.
2786 2924 2861 2974 ιιι,
2889 2907 3016 2979 ’55);
3046 2915 3103 2964 et
3124 2920 3315 2962 rursus
3344 2920 3514 2977 supra
3546 2903 3814 2968 hominem,

531 2999 783 3071 templum
807 2997 920 3069 ejus
941 2995 1120 3069 (Psal.
1144 3011 1294 3063 xxvx,
1326 2997 1407 3067 4).
1439 2995 1681 3066 Denique
1710 2995 1816 3051 hoc
1838 3010 1963 3052 esse
1990 3009 2137 3050 Slllll-
2238 3019 2364 3060 cum
2387 3018 2511 3059 eum
2539 3002 2895 3059 resuscitat“
2913 3002 2937 3057 Ἰ
2981 3003 3064 3060 Αη
3092 3016 3202 3057 non
3231 3008 3290 3056 ut.
3316 2998 3510 3064 homo,
3538 3013 3652 3054 cum
3672 3011 3816 3067 rapu-

538 3107 688 3147 tnum
737 3090 940 3147 bonum
989 3090 1278 3146 subtexuit
1322 3090 1505 3145 statim
1542 3090 1596 3145 in
1627 3089 1820 3147 eodem
1871 3090 2084 3160 psalmo
2121 3106 2134 3142 :
2184 3165 2210 3168 _
2240 3098 2415 3166 “rei;
2452 3107 2510 3154 ει
2550 3111 2741 3154 rursus
2766 3112 2934 3168 supra
2964 3096 3274 3163 hominem,
3312 3110 3441 3151 cum
3468 3094 3633 3151 totius
3656 3087 3814 3147 mundi

536 3184 701 3241 Credo
719 3185 891 3240 videre
911 3182 1275 3240 bonaDomini
1295 3184 1504 3239 interra
1522 3185 1797 3239 viventium
1816 3182 2007 3256 (Ibid.,
2025 3183 2137 3256 15).
2167 3165 2213 3230 C
2244 3199 2525 3262 peccatum
2555 3190 2773 3246 tolleret
2817 3165 2999 3263 (doan.
3031 3204 3071 3255 ι,
3096 3186 3190 3259 29)
3214 3187 3240 3242 ?

536 3278 637 3336 Hic
667 3280 815 3335 enim
843 3280 1134 3351 quaeritur,
1165 3279 1280 3334 illic
1308 3278 1446 3334 facie
1475 3278 1544 3334 ad
1574 3278 1769 3335 faciem
1802 3278 1964 3350 plene
1987 3278 2141 3334 vide—
2317 3284 2374 3339 9.
2415 3281 2497 3338 Ad
2525 3281 2679 3338 il1um
2719 3281 2883 3353 igitur
2916 3295 3275 3353 properemus
3294 3322 3311 3347 ,
3341 3281 3394 3334 in
3435 3294 3546 3352 quo
3583 3290 3807 3335 summum

541 3375 710 3431 hitur.
748 3373 863 3429 Hoc
902 3372 1105 3429 bonum
1149 3374 1202 3428 in
1248 3372 1411 3429 domo
1439 3372 1537 3429 Dei
1563 3381 1668 3440 est,
1719 3374 1775 3428 in
1801 3372 1898 3428 illo
1931 3382 2143 3430 secreto
2245 3387 2332 3433 est
2374 3376 2612 3442 bonum;
2664 3375 2922 3446 quoniam
2966 3374 3085 3445 ipse
3125 3373 3387 3438 bonitas,
3431 3373 3553 3445 ipse
3598 3368 3807 3444 patientia
3928 3368 3929 3439 ξ

536 3467 658 3538 eius
687 3482 753 3523 ac
773 3480 1015 3522 recessu.
1046 3466 1202 3523 Unde
1233 3466 1432 3540 iterum
1456 3467 1533 3521 ait
1564 3484 1577 3520 :
1612 3465 1949 3537 Replebimur
1977 3467 2032 3521 in
2059 3468 2148 3521 bo-
2247 3469 2413 3526 Israel
2433 3510 2448 3536 ,
2481 3471 2574 3540 qui
2614 3468 2681 3524 ad
2718 3468 3093 3540 paenitentiam
3131 3476 3185 3525 te
3213 3477 3369 3523 vocat
3397 3483 3413 3532 ;
3461 3482 3532 3522 ne
3575 3466 3740 3521 venias
3769 3463 3806 3516 in

548 3562 629 3616 nis
645 3560 832 3615 domus
854 3558 1153 3633 tute(Psal.
1170 3575 1313 3625 utv,
1336 3560 1416 3629 5).
1442 3558 1586 3615 Alibi
1603 3573 1818 3630 quoque
1839 3558 1979 3616 hanc
1998 3575 2147 3615 sum—
2244 3561 2507 3634 judicium
2539 3601 2554 3625 ,
2603 3558 2699 3618 sed
2754 3560 2988 3631 accipias
3040 3559 3423 3616 remissionem
3485 3566 3805 3628 peccatorum.

544 3670 691 3711 mam
718 3669 841 3711 esse
868 3653 1267 3711 benedictionis
1289 3653 1592 3725 expressit,
1616 3652 1805 3710 dicens
1834 3652 2147 3708 :Benedicat
2250 3656 2431 3727 Agite,
2465 3654 2675 3726 inquit,
2706 3654 3050 3723 paenitentiam
3084 3652 3314 3724 (blatta.
3342 3668 3418 3717 tv,
3452 3651 3584 3724 17).
3627 3651 3728 3721 Ipse
3749 3656 3809 3703 est

546 3755 596 3800 te
624 3746 873 3800 Dominus
899 3761 965 3800 ea:
982 3744 1135 3813 Sion,
1159 3753 1206 3800 et
1234 3745 1409 3800 videas
1445 3761 1561 3813 ante
1584 3746 1718 3800 bona
1745 3756 1863 3801 sunt
1893 3744 2147 3800 Hierusa-
2249 3748 2322 3803 de
2359 3761 2469 3817 quo
2506 3746 2700 3801 clamat
2742 3745 2909 3801 Amos
2959 3744 3223 3816 propheta
3277 3760 3291 3798 :
3346 3741 3624 3814 Exquirite
3668 3743 3808 3795 bam
3928 3802 3929 3813 χ

544 3840 645 3896 lem
675 3838 850 3911 (Psal.
883 3854 1084 3904 cxxvn,
1116 3840 1195 3909 5).
1228 3840 1356 3896 Ideo
1383 3839 1577 3897 beatus
1597 3840 1689 3911 qui
1720 3839 1832 3896 illic
1861 3839 2068 3895 habitat
2092 3840 2144 3894 in
2242 3844 2435 3915 (Amos
2471 3860 2527 3910 ν,
2562 3843 2676 3913 ﬂ).
2706 3841 2827 3912 Ipse
2856 3850 2942 3897 est
2966 3855 3237 3896 summum
3266 3840 3504 3905 bonum,
3538 3838 3627 3910 qui
3656 3834 3810 3892 nullius

544 3932 792 4004 ingressu
810 3932 963 4001 fidei,
988 3932 1335 4005 hospitioque
1358 3934 1582 4001 mentis,
1608 3931 1917 3990 devotionis
1938 3916 2148 3988 habita-
2255 3935 2479 4007 indiget,
2513 3944 2569 3990 et
2594 3935 2829 3991 abundat
2858 3934 3129 3989 omnibus.
3164 3932 3344 3988 Facile
3372 3930 3634 3997 abundat,
3663 3930 3708 3984 in
3733 3939 3809 3996 quo

543 4026 689 4095 culo,
719 4027 1136 4083 conversatione
1162 4026 1399 4081 virtutis.
2255 4029 2538 4099 plenitudo
2582 4028 2882 4085 divinitatis
2932 4029 3141 4085 habitat
3196 4026 3558 4099 corporaliter
3612 4023 3808 4099 (Colon.

618 4119 672 4177 6.
713 4119 772 4176 Iu
829 4120 923 4176 illo
972 4121 1133 4192 igitur
1187 4119 1383 4188 simus,
1415 4128 1581 4192 atque
1612 4122 1666 4177 in
1701 4135 1769 4177 eo
1799 4135 2146 4183 maneamus.
2257 4137 2317 4189 tt,
2350 4120 2427 4193 9).
2479 4122 2662 4178 Facile
2690 4122 2930 4178 abundat
2955 4162 2970 4187 ,
3002 4121 3072 4178 de
3108 4124 3266 4193 cujus
3302 4121 3638 4192 plenitudine
3666 4128 3809 4174 omnes

543 4211 656 4270 bde
683 4228 794 4286 quo
828 4221 885 4271 et
903 4213 1092 4270 Esaias
1119 4212 1279 4270 dicit:
1298 4212 1466 4281 Quam
1492 4214 1709 4286 speciosi
1749 4213 1904 4284 pedes
1935 4230 2155 4286 evange-
2256 4218 2571 4288 accepimus
2592 4258 2610 4285 ,
2642 4226 2699 4274 et
2728 4218 2780 4273 in
2813 4217 2907 4274 illo
2936 4218 3129 4289 repleti
3171 4230 3392 4284 sumus,
3433 4225 3497 4273 ut
3524 4215 3654 4273 dicit
3677 4213 3809 4270 Evsao

543 4306 816 4361 lisantium
842 4322 1044 4379 pacem,
1077 4306 1542 4378 euangelizantium
1568 4303 1902 4379 bona‘(Esai.
1934 4322 2031 4373 ut,
2054 4307 2111 4376 7)
2136 4309 2149 4362 l
2256 4311 2451 4384 gelista
2490 4311 2667 4382 (Joan.
2697 4330 2736 4381 t,
2764 4312 2845 4385 9).

545 4396 648 4465 Qui
689 4407 816 4454 sunt
852 4399 946 4470 qui
972 4399 1368 4471 evangelicum,
1399 4399 1507 4455 nisi
1543 4398 1762 4465 Petrus,
1795 4399 1901 4456 nisi
1927 4399 2153 4465 Paulus,
2332 4404 2420 4461 10.
2463 4404 2577 4461 Hoc
2609 4406 2776 4477 igitur
2795 4421 2982 4463 verum
3013 4415 3069 4463 et
3091 4420 3364 4462 summum
3386 4404 3617 4471 bonum,
3643 4401 3666 4440 δ
3686 4401 3722 4456 si
3739 4398 3810 4454 illo

549 4491 655 4547 nisi
681 4505 874 4548 omnes
903 4493 1175 4563 apostoli?
1219 4492 1361 4561 Quid
1405 4492 1785 4569 evangelizant
1826 4493 2007 4561 nobis,
2051 4495 2154 4551 nisi
2186 4568 2215 4570 _
2260 4498 2677 4569 concupiscibili
2700 4513 2802 4556 suo
2826 4508 2884 4556 et
2909 4498 3221 4556 delectabili
3249 4501 3433 4554 anima
3462 4495 3808 4570 gustantibd

551 4585 845 4642 Dominum
891 4587 1077 4644 Jesum
1114 4587 1158 4660 (l
1185 4588 1308 4644 Cor.
1342 4606 1379 4656 I,
1408 4586 1503 4661 1)?
1542 4588 1641 4645 Hic
1675 4568 1762 4646 est
1798 4604 1904 4660 pax
1944 4598 2152 4659 nostra,
2182 4568 2237 4629 Ῑ)
2261 4568 2476 4647 duabus
2498 4590 2584 4647 bis
2607 4592 2850 4648 hauserit
2876 4591 3279 4658 affectionibus,
3304 4568 3601 4647 excludens
3620 4588 3806 4645 dolorem

552 4679 643 4736 hic
669 4688 756 4736 est
789 4681 989 4737 bonum
1028 4682 1160 4739 illud
1200 4697 1513 4752 summum;
1563 4682 1692 4754 quia
1731 4682 1847 4754 ipse
1882 4683 2060 4740 bonus
2088 4699 2158 4740 ex
2260 4696 2318 4745 et
2338 4686 3117 4754 formidinem,incredibiliter
3134 4694 3424 4743 exmstuat.
3447 4684 3687 4743 Osculata
3702 4678 3805 4738 enim

553 4774 730 4841 bono,
779 4790 846 4830 ex
887 4774 1085 4832 arbore
1121 4776 1268 4833 enim
1316 4776 1457 4834 bona
1503 4775 1679 4833 bonus
1716 4777 1925 4833 fruetus
1962 4776 2158 4849 legitur
2262 4781 2502 4839 Verbum
2528 4781 2646 4847 Dei,
2666 4779 2885 4836 modum
2909 4794 3018 4837 non
3035 4778 3201 4850 capit,
3226 4793 3332 4835 nec
3350 4776 3804 4849 expletur,di€en$.=

552 4868 773 4939 (Matth.
808 4885 903 4936 vu,
940 4872 1055 4942 18).
1088 4870 1330 4942 Denique
1359 4880 1418 4935 et
1444 4871 1671 4942 spiritus
1698 4871 1816 4941 eius
1844 4870 2045 4937 bonus,
2067 4871 2160 4941 qui
2266 4851 2458 4931 Suavis
2480 4890 2554 4941 es,
2585 4871 2830 4940 Domine,
2856 4883 2904 4928 et
2926 4873 2982 4926 in
2994 4871 3328 4945 jucunditate
3353 4881 3443 4925 tua
3464 4871 3591 4925 doce
3611 4862 3807 4940 mejssti-

554 4978 620 5021 ex
669 4964 1069 5036 ipso'accipit,
1109 4973 1167 5020 et
1206 4963 1429 5020 deducit
1482 4964 1579 5021 Dei
1627 4963 1876 5021 servulos
1923 4964 1978 5020 in
2016 4965 2160 5020 viam
2267 4968 2535 5038 ﬁcationes
2556 4976 2670 5022 tuas
2692 4963 3473 5039 (Psat.cxvut,68).Osculata
3493 4963 3587 5019 Dei
3608 4959 3805 5017 Verbum

554 5067 760 5117 rectam
793 5058 967 5132 (Psal.
1001 5074 1182 5126 cxut,
1218 5059 1330 5130 10).
1373 5058 1505 5129 Quis
1541 5067 1724 5117 autem
1754 5060 1963 5117 habens
1994 5060 2165 5131 Spiri—
2267 5063 2609 5134 concupiscit
2657 5075 2823 5132 super
2866 5074 3083 5117 omnem
3127 5059 3384 5115 decorem
3410 5099 3427 5125 ,
3481 5055 3649 5127 diligit
3688 5063 3806 5120 sape!

559 5164 670 5249 tum
694 5154 792 5211 Dei
821 5153 987 5227 θος
1017 5156 1069 5209 in
1098 5169 1193 5220 se,
1220 5164 1378 5225 neget
1414 5154 1643 5219 bonum,
1669 5170 1795 5211 cum
1825 5156 1943 5226 ipse
1971 5153 2120 5209 dicat
2147 5171 2161 5209 :
2268 5171 2488 5214 omnem
2530 5156 2774 5212 laetitiam
2800 5197 2815 5223 ,
2856 5154 3160 5211 delectatur
3197 5168 3363 5222 super
3389 5151 3571 5208 omnia
3598 5154 3804 5206 aromata.
3922 5160 3932 5249 η

560 5248 641 5303 An
657 5249 839 5303 oculus
860 5258 978 5303 tuus
998 5263 1216 5319 nequam
1237 5257 1332 5315 est,
1355 5250 1476 5315 quia
1503 5265 1597 5320 ego
1619 5249 1780 5305 bonus
1804 5266 1918 5304 sum
1943 5247 2161 5324 (Matth.
2267 5249 2415 5320 cupit
2454 5248 2771 5321 frequenter
2809 5247 3029 5311 videre.
3069 5262 3217 5317 saepe
3256 5245 3565 5309 intendere,
3600 5240 3722 5311 cupit
3748 5246 3805 5292 at-

560 5359 614 5411 x,
646 5342 778 5415 i5)?
827 5343 939 5400 lloc
979 5344 1183 5400 bonum
1224 5343 1407 5399 veniat
1433 5341 1490 5397 in
1518 5342 1755 5398 animam
1789 5351 2030 5398 nostram
2053 5383 2068 5409 ,
2109 5341 2164 5397 in
2269 5341 2435 5411 trahi,
2462 5350 2520 5396 ut
2548 5340 2704 5411 sequi
2732 5339 2923 5411 possit.
2960 5338 3310 5410 Unguentum,
3335 5337 3524 5406 inquit,
3550 5330 3803 5390 eam

563 5448 765 5496 uostrze
794 5437 996 5496 mentis
1024 5438 1266 5505 viscera,
1301 5436 1446 5509 quod
1479 5435 1745 5507 propitius
1781 5435 1924 5492 Deus
1947 5434 2041 5491 dat
2069 5449 2167 5507 pe-
2268 5448 2342 5494 est
2371 5453 2556 5493 nomen
2586 5446 2730 5491 tuum
2769 5434 2956 5509 (Cant.
2982 5453 3021 5504 ι,
3049 5434 3145 5507 2);
3197 5440 3483 5505 propterea
3515 5440 3566 5487 te
3591 5426 3801 5500 diligimus

637 5593 661 5621 α
701 5580 962 5639 Nonnulli
1006 5594 1165 5648 mss.,
1209 5575 1446 5651 patribus
1497 5576 1637 5645 tuis,
1678 5585 1742 5632 ut
1784 5576 2006 5646 aperiret
2051 5572 2161 5630 the—
2270 5574 2763 5661 loquebaturhetc.
2851 5648 2865 5661 .
3214 5642 3266 5661 η
3437 5642 3449 5654 ,
3517 5642 3527 5651 ,

568 5668 868 5779 “ﬂii...
899 5721 1031 5779 edit.
1059 5722 1195 5785 sola.
1227 5721 1292 5778 de
1318 5738 1419 5793 quo
1449 5729 1497 5776 et
1525 5718 1804 5793 Apostolus
1832 5718 1978 5773 dicit.
2262 5644 2792 5791 pisiilgiilsissuzlfquo"
2818 5648 2952 5705 dm
2975 5646 3110 5715 me"
3137 5643 3398 5717 qmdm‘
3430 5659 3485 5696 ἠ
3511 5640 3598 5697 ἀθ
3617 5681 3634 5710 ⁹
3660 5649 3799 5693 m

646 5804 668 5831 ε
707 5792 936 5861 Quidam
963 5804 1122 5860 mss.,
1151 5794 1237 5863 qui
1263 5788 1585 5863 (edicebatur;
1617 5790 1824 5861 adsum,
1854 5789 1910 5845 id
1939 5798 2034 5858 est,
2074 5788 2162 5853 qui
