3996 6292
161 312 300 368 1057

1363 301 1849 361 EPISTOLARUM
1889 302 2168 361 CLASSIS
2208 304 2242 359 Ι.

3307 311 3451 369 1058

157 422 599 489 adolescentium,
634 428 916 492 prepterea
947 427 1246 486 certamus,
1273 418 1367 474 sed
1397 420 1755 490 eomprehen-
1784 423 1828 482 Α
1863 419 2020 474 batur
2048 435 2078 474 a
2109 434 2363 492 corpore,
2393 420 2586 478 aderat
2617 421 2878 487 Domino;
2934 431 2992 481 et
3019 437 3141 479 cum
3189 438 3338 483 esset
3391 430 3447 486 in

157 516 291 572 dere
323 525 374 571 te
406 529 512 570 non
561 528 872 585 possumus.
923 514 1151 570 Attrahe
1205 528 1343 579 nos,
1383 522 1443 569 ut
1484 515 1756 584 possimus

155 625 385 667 currere
409 651 424 677 ,
458 618 517 665 ut
545 608 716 666 odore
743 616 1143 680 unguentorum
1185 618 1397 664 tuorum
1425 609 1754 680 accipiamus

153 705 412 760 virtutem
440 703 724 774 sequendi.

223 797 385 870 907
411 797 497 856 11.
541 795 785 854 Festinat
803 797 966 854 etiam
993 797 1208 854 interna
1235 797 1495 870 mysteria
1520 797 1733 866 videre,

154 892 329 961 ipsam
357 890 602 962 requiem
632 891 824 960 Verbi,
857 893 1028 964 ipsam
1061 893 1188 949 boni
1227 893 1370 950 illius
1413 895 1614 950 summi
1654 894 1750 950 ba-

152 985 497 1052 bitationem,
528 993 584 1041 et
608 985 784 1042 lucem
813 986 952 1056 ejus,
973 998 1026 1044 et
1059 989 1386 1045 claritatem.
1412 989 1468 1045 ln
1494 988 1590 1046 illo
1627 990 1750 1048 sinu

153 1092 217 1131 ac
243 1091 465 1133 recessu
513 1078 690 1149 patrio
719 1077 942 1135 festinat
976 1081 1166 1137 audire
1205 1097 1490 1139 sermones
1521 1083 1670 1153 ejus;
1695 1090 1754 1140 et

151 1184 275 1224 cum
307 1169 558 1237 audierit,
607 1183 773 1240 super
808 1185 1025 1228 omnem
1055 1173 1377 1229 suavitatem
1406 1174 1625 1245 accipit.
1651 1176 1752 1232 Do-

153 1271 276 1318 ceat
304 1273 356 1318 te
383 1261 679 1334 Propheta,
709 1264 799 1335 qui
829 1264 1086 1336 gustavit,
1119 1279 1176 1323 et
1215 1269 1330 1324 ait:
1365 1268 1533 1334 Quam
1572 1269 1750 1325 dulcia

154 1357 390 1427 faucibus
439 1358 565 1412 meis
595 1359 747 1412 verba
772 1368 884 1424 tua,
913 1376 1070 1428 super
1101 1361 1200 1416 mel
1224 1370 1272 1415 et
1320 1365 1496 1432 favum
1526 1363 1605 1417 ori
1632 1379 1744 1418 meo

155 1449 340 1518 (Psal.
361 1466 546 1516 cxvtu,
570 1451 672 1506 115
690 1450 732 1523 )l
751 1451 889 1520 Quid
917 1453 1060 1508 enim
1087 1453 1232 1509 aliud
1250 1454 1526 1512 desiderat
1542 1456 1744 1522 anima,

151 1539 278 1615 quae
297 1545 467 1600 semel
497 1547 822 1601 suavitatem
855 1546 1023 1602 Verbi
1065 1550 1389 1618 gustaverit,
1422 1566 1546 1621 quae
1573 1551 1745 1607 semel

155 1638 462 1693 claritatem
504 1638 623 1707 ejus
673 1637 896 1694 viderit?
943 1638 1157 1711 Moyses
1202 1642 1254 1695 in
1305 1651 1490 1698 monte
1535 1643 1748 1714 positus

148 1729 510 1802 quadraginta
559 1730 748 1786 diebus
808 1731 1002 1803 Legem
1045 1734 1340 1804 accipiens,
1395 1736 1575 1792 cibum
1625 1751 1748 1794 cor-

1859 513 2039 578 terris,
2075 529 2181 571 non
2213 515 2266 570 iu
2298 516 2552 595 terrenis,
2593 518 2686 573 sed
2716 517 2766 574 in
2805 517 3124 576 coelestibus
3153 535 3450 579 conversa-

1856 607 2036 663 batur.

1930 701 2016 758 M.
2063 703 2204 774 Ergo
2231 704 2412 760 anima
2451 714 2660 772 nostra,
2702 723 2823 780 qua:
2855 708 2965 765 Deo
2993 709 3108 765 vult
3151 712 3448 782 apprOpin-

1854 810 2045 867 quare,
2079 797 2253 852 elevet
2279 813 2340 853 se
2376 814 2406 853 a
2435 813 2686 870 corpore,
2739 794 2957 872 semper
2987 802 3062 858 illi
3099 817 3314 859 summo
3355 804 3450 860 ad-

1855 887 2078 953 htereat,
2101 888 2178 943 illi
2203 889 2342 945 bono
2366 890 2509 962 quod
2528 900 2612 947 est
2634 891 2902 960 divinum,
2929 894 3072 965 quod
3096 904 3441 966 estsemper,

1851 992 1908 1040 et
1929 984 2072 1055 quod
2095 992 2215 1040 erat
2233 985 2302 1039 ab
2332 983 2507 1053 initio,
2555 994 2612 1042 et
2635 987 2778 1057 quod
2804 996 2920 1044 erat
2946 989 3085 1058 apud
3118 990 3308 1057 Deum,
3333 990 3442 1046 hoc

1851 1083 1954 1141 est,
1989 1075 2084 1130 Dei
2136 1075 2390 1132 Verbum.
2423 1077 2604 1149 lpsum
2655 1089 2740 1136 est
2770 1079 2900 1136 illud
2947 1079 3214 1148 divinum,
3263 1090 3316 1136 in
3345 1099 3446 1152 quo

1852 1169 2088 1235 vivimus,
2109 1179 2157 1224 et
2183 1187 2386 1239 sumus,
2408 1181 2457 1226 et
2507 1189 2771 1228 movemur
2791 1173 2935 1246 (Act.
2963 1190 3098 1240 xvu,
3121 1172 3248 1246 9.8).
3269 1173 3452 1246 Ipsum

1851 1271 1936 1318 est
1961 1263 2104 1334 quod
2134 1275 2254 1320 erat
2286 1266 2339 1320 in
2369 1267 2659 1338 principio,
2706 1269 2882 1338 ipsum
2907 1279 2993 1326 est
3017 1271 3163 1342 quod
3193 1278 3280 1327 est
3309 1288 3325 1327 :
3357 1272 3454 1328 Dei

1853 1355 1989 1410 enim
2021 1353 2196 1411 Filius
2231 1357 2387 1414 Jesus
2416 1359 2652 1417 Christus
2678 1372 2700 1400 ο
2731 1364 2784 1417 in
2809 1363 2973 1430 vobis,
3010 1363 3204 1435 inquit,
3250 1374 3324 1421 est
3353 1381 3372 1419 :
3400 1367 3456 1422 in

1851 1463 1950 1517 quo
2001 1465 2103 1503 nou
2156 1451 2277 1521 fuit,
2337 1449 2432 1506 Est
2481 1462 2530 1506 et
2585 1452 2748 1519 Non;
2793 1456 2886 1510 sed
2944 1454 3040 1510 Est
3091 1457 3146 1510 in
3215 1457 3308 1512 illo
3353 1459 3456 1528 [uit

1853 1539 1930 1611 (ll
1951 1541 2071 1598 Cor.
2107 1559 2142 1609 ι,
2177 1542 2296 1614 19).
2331 1543 2450 1615 Ipse
2485 1545 2622 1602 dixit
2650 1547 2845 1619 Moysi,
2889 1549 3059 1622 908
3098 1558 3156 1606 ut
3187 1550 3402 1608 diceret
3435 1569 3449 1607 :

1855 1633 1956 1702 Qui
1984 1643 2078 1699 est,
2113 1637 2252 1691 misit
2279 1653 2360 1691 me
2393 1637 2603 1705 (Exod.
2638 1655 2718 1708 ιιι,
2758 1639 2880 1712 14).

1927 1727 2015 1784 15.
2057 1725 2191 1784 Cum
2225 1728 2325 1784 hoc
2355 1729 2517 1800 igitur
2545 1733 2724 1788 anima
2770 1742 2956 1791 nostra
2989 1736 3080 1804 sit,
3132 1746 3189 1792 et
3237 1738 3311 1794 sit
3358 1737 3442 1811 (si

152 1824 305 1895 poris
342 1839 448 1882 non
489 1824 807 1895 requirebat
835 1824 1043 1897 (Exod.
1096 1843 1277 1892 xxxiv,
1308 1827 1418 1899 as)
1458 1847 1470 1882 ε
1503 1829 1646 1884 Elias
1676 1829 1744 1886 ad
1776 1816 1825 1878 Β
1853 1818 1970 1876 ﬁeri
1993 1821 2192 1894 potest)
2215 1837 2456 1893 semper;
2480 1833 2538 1880 ut
2559 1835 2614 1881 et
2633 1835 2878 1882 nostrum
2903 1831 3218 1900 possitquis
3238 1830 3446 1888 dicere:

154 1918 308 1974 illam
333 1917 596 1974 festinans
628 1919 894 1991 requiem,
921 1921 1145 1992 rogabat
1171 1930 1230 1976 ut
1254 1923 1597 1994 acciperetur
1628 1939 1658 1979 a
1688 1939 1750 1982 se

155 2015 339 2068 anima
390 2028 486 2069 sua
531 2012 637 2085 (Ill
680 2013 810 2086 Reg.
865 2031 980 2081 xIx,
1027 2014 1096 2086 4)
1127 2033 1141 2072 :
1171 2016 1364 2072 Petrus
1398 2019 1669 2088 aspiciens
1697 2027 1754 2076 et

156 2108 276 2180 ipse
324 2108 378 2163 in
431 2118 615 2164 monte
665 2108 960 2164 Dominicte
1021 2111 1444 2167 resurrectionis
1493 2112 1747 2183 gloriam,

155 2200 378 2256 nolebat
399 2199 756 2268 descendere,
793 2200 982 2257 dicens
1017 2218 1035 2255 :
1061 2201 1299 2267 Domine,
1332 2203 1522 2258 bonum
1550 2215 1622 2260 est
1654 2222 1748 2260 uos

157 2297 242 2352 hic
287 2313 397 2352 esse
438 2295 654 2368 (Matth.
685 2298 928 2367 xvuJ).
963 2297 1176 2366 Quanta
1209 2298 1372 2370 igitur
1419 2300 1512 2356 illa
1552 2301 1752 2357 divinae

157 2389 476 2445 substantia:
502 2389 697 2460 gloria,
732 2399 931 2461 quanta
977 2389 1144 2446 Verbi
1193 2391 1354 2459 bona,
1387 2393 1441 2448 in
1477 2409 1599 2464 qme
1621 2410 1752 2450 con-

157 2484 447 2554 cupiscunt
478 2492 532 2538 et
557 2482 737 2553 angeli
768 2484 1082 2553 prospicere
1113 2483 1164 2553 (l
1193 2481 1339 2539 Pctr.
1371 2501 1410 2553 ι,
1448 2486 1584 2558 12)ῑ

232 2576 320 2631 12.
361 2576 552 2630 Anima
585 2574 748 2646 igitur
778 2591 896 2646 quae
925 2575 1056 2630 illud
1088 2576 1255 2644 videt,
1285 2579 1616 2648 corpushoc
1643 2597 1749 2639 non

159 2670 406 2742 requirit,
458 2669 846 2739 minimamque
893 2667 995 2724 sibi
1042 2668 1464 2727 familiaritatem
1510 2687 1633 2729 cum
1684 2689 1752 2729 eo

161 2781 286 2823 esse
308 2764 509 2821 debere
540 2762 815 2834 intelligit,
850 2763 1131 2820 renuntiat
1179 2764 1404 2834 saeculo,
1437 2765 1662 2822 abducit
1691 2783 1752 2824 se

160 2876 191 2915 a
221 2859 447 2914 vinculis
472 2857 674 2925 carnis,
703 2857 855 2912 exuit
876 2857 1131 2912 omnibus
1155 2859 1492 2929 voluptatum
1522 2861 1750 2917 istarum

163 2953 414 3009 nexibus.
441 2951 683 3022 Denique
713 2937 1024 3022 Stephanus
1051 2951 1234 3008 Jesum
1267 2953 1507 3022 videbat,
1537 2964 1592 3011 et
1615 2956 1753 3028 lapi-

163 3045 282 3102 dari
331 3061 438 3101 non
474 3043 827 3110 formidabat;
862 3045 1028 3100 immo
1071 3061 1196 3101 cum
1241 3047 1599 3117 lapidaretur,
1645 3065 1754 3107 non

163 3156 263 3213 pro
293 3155 375 3208 se,
398 3141 493 3197 sed
527 3155 623 3212 pro
652 3140 759 3196 illis
793 3156 824 3196 a
866 3140 1062 3210 quibus
1105 3141 1495 3212 perimebatur,
1531 3145 1758 3214 rogabat

165 3206 415 3308 (Act.vtt,
433 3234 501 3290 55
527 3206 577 3290 et
622 3234 782 3305 seq.).
809 3206 1008 3290 Paulus
1033 3206 1248 3306 quoque
1278 3247 1462 3307 raptus
1485 3206 1662 3308 usque
1691 3239 1759 3295 ad
1787 3206 1832 3271 C

165 3327 381 3384 tertium
406 3327 625 3395 ccelum,
656 3342 777 3382 cum
804 3342 1034 3397 corpore
1062 3336 1228 3394 esset,
1253 3344 1319 3384 an
1359 3330 1477 3386 sine
1505 3345 1757 3402 corpore,

165 3419 441 3477 nesciebat
481 3438 493 3474 :
531 3428 741 3490 raptus,
802 3419 1042 3490 inquam,
1093 3420 1148 3474 in
1205 3421 1538 3491 paradisum,
1601 3438 1758 3480 usum

165 3514 372 3585 proprii
390 3513 500 3584 jam
525 3528 630 3569 non
658 3512 928 3569 sentiebat
945 3514 1222 3584 corporis:
1248 3524 1303 3570 et
1329 3516 1563 3573 audiens
1589 3519 1761 3574 verba

163 3605 287 3670 Dci,
321 3602 590 3675 quomodo
620 3603 687 3662 ad
712 3603 958 3674 corporis
999 3604 1346 3662 infirmitates
1374 3606 1758 3677 descenderet,

163 3698 524 3755 erubescebat
546 3698 622 3770 (ll
647 3695 766 3754 Cor.
797 3714 894 3763 xu,
922 3698 1012 3768 2).

239 3793 328 3848 15.
373 3791 560 3862 Itaque
601 3793 780 3848 sciens
807 3792 934 3863 quid
969 3791 1195 3849 vidisset
1241 3793 1294 3848 in
1346 3795 1623 3864 paradiso,
1674 3799 1762 3854 vel

162 3884 294 3957 quid
345 3885 610 3950 audisset,
639 3884 911 3941 clamabat
959 3884 1358 3954 dicens:Quid
1405 3889 1574 3943 adhuc
1621 3891 1763 3945 velut

165 3977 400 4032 uidentes
433 3976 497 4032 de
545 3977 640 4032 hoc
669 3976 860 4032 mundo
902 3976 1202 4032 decernitis?
1231 3977 1316 4033 Ne
1361 3980 1650 4051 tetigeritis,
1700 3998 1762 4037 ne

164 4071 615 4137 attaminaueritis,
671 4086 732 4124 ne
780 4071 1110 4141 gustaueritis
1156 4086 1272 4140 qua:
1299 4081 1422 4126 sunt
1469 4073 1644 4127 omnia
1693 4074 1764 4128 ad

163 4166 515 4237 corruptelam
542 4165 654 4235 ipso
681 4181 781 4219 usu
811 4163 1048 4236 (Coloss.
1075 4179 1135 4230 tt,
1183 4164 1255 4220 20
1296 4174 1345 4219 et
1385 4164 1551 4237 seq.).
1596 4165 1761 4222 Volc-

165 4260 262 4316 bat
287 4259 433 4315 enim
465 4273 565 4313 nos
595 4267 620 4294 α
650 4258 702 4312 in
737 4257 905 4329 figura
952 4271 1075 4313 esse
1099 4257 1258 4312 istius
1289 4257 1499 4325 mundi,
1553 4273 1658 4314 non
1707 4260 1760 4315 in

165 4351 515 4424 possessione
561 4359 722 4422 atque
751 4365 887 4415 usu;
922 4359 980 4404 ut
1033 4349 1105 4404 ita
1149 4359 1364 4405 utamur
1407 4351 1512 4408 hoc
1555 4352 1763 4408 mundo

167 4455 442 4518 tamquam
474 4460 579 4502 non
610 4455 844 4511 utamur,
885 4452 1160 4514 tamquam
1195 4453 1615 4514 przetereuntes,
1648 4461 1758 4502 non

169 4550 444 4611 tamquam
471 4536 774 4595 residentes
808 4555 821 4590 ;
851 4536 1192 4594 ambulantes
1233 4545 1506 4608 tamquam
1539 4537 1591 4592 in
1623 4539 1761 4594 ima-

1857 1914 2046 1968 Am'ma
2073 1931 2184 1970 mea
2206 1917 2260 1970 in
2289 1917 2522 1973 manibus
2544 1919 2644 1974 tuis
2671 1921 2906 1992 semper(
2922 1920 3071 1978 Psal.
3091 1939 3282 1990 cxvut,
3303 1924 3449 1994 109).

1858 2005 1976 2060 Erit
2003 2016 2207 2074 autem,
2237 2009 2283 2064 si
2307 2025 2413 2064 non
2443 2010 2497 2064 in
2525 2025 2691 2068 carne
2715 2012 2808 2078 sit,
2836 2013 2932 2068 sed
2961 2014 3016 2068 in
3051 2015 3259 2086 Spiritu
3294 2017 3458 2085 :erit,

1856 2098 1904 2153 si
1953 2116 2012 2156 se
2044 2103 2277 2158 terrenis
2309 2117 2415 2157 non
2465 2104 2712 2162 misceat.
2765 2105 2904 2162 Cum
2935 2107 3080 2164 enim
3124 2108 3190 2164 ad
3217 2110 3457 2166 carnalia

1857 2191 2173 2259 reflectitur,
2209 2202 2333 2250 tunc
2360 2195 2410 2251 ei
2443 2196 2700 2254 illecebra
2732 2199 2946 2270 obrepit
3002 2202 3273 2271 corporis,
3329 2211 3460 2258 tunc

1856 2285 1932 2342 ira
1959 2297 2010 2343 et
2041 2289 2408 2360 indignatione
2429 2300 2715 2361 exaestuat,
2744 2303 2871 2350 tunc
2899 2296 3155 2352 mtestitia
3194 2296 3457 2365 afﬁcitur,

1855 2390 1982 2438 tunc
2009 2390 2036 2430 d
2061 2385 2345 2454 supinatur
2377 2401 2470 2456 per
2496 2390 2884 2459 arrogantiam,
2918 2399 3045 2448 tunc
3071 2391 3265 2449 dolore
3313 2391 3457 2448 affli-

1855 2475 2022 2546 gitur.

1933 2568 2019 2624 16.
2064 2568 2159 2625 Ha:
2199 2577 2328 2626 sunt
2373 2571 2722 2642 aegritudines
2764 2574 2960 2630 anima:
2999 2590 3218 2647 graves,
3253 2576 3457 2649 quibus

1858 2662 2176 2735 plerumque
2206 2664 2271 2721 ad
2296 2675 2526 2722 mortem
2565 2667 2808 2739 cogitur;
2841 2669 2968 2725 dum
3000 2670 3142 2726 oculi
3185 2673 3304 2742 ejus
3336 2687 3455 2729 ca:-

1856 2766 2068 2825 cantur,
2091 2765 2151 2812 ut
2173 2773 2281 2814 non
2304 2758 2531 2816 videant
2555 2776 2699 2816 vera:
2721 2762 2899 2819 lumen
2919 2763 3126 2834 glorise,
3154 2773 3210 2820 et
3234 2765 3459 2821 divitias

1858 2860 2078 2908 :eternrc
2126 2853 2480 2910 haereditatis.
2531 2855 2686 2925 Quod
2738 2859 2782 2913 si
2837 2873 2934 2914 eos
2959 2858 3028 2914 ad
3072 2861 3243 2916 Deum
3292 2876 3442 2918 sem-

1861 2959 1957 3014 per
1989 2945 2257 3014 intendat,
2289 2948 2519 3018 accipiet
2541 2963 2570 3002 a
2599 2948 2820 3004 Christo
2843 2949 3109 3020 fulgorem
3139 2952 3455 3022 sapientiae;

1876 3052 1933 3096 ut
1960 3042 2320 3098 illuminatum
2348 3044 2400 3099 in
2431 3044 2704 3115 agnitione
2727 3044 2822 3101 Dei
2861 3045 3057 3101 habeat
3084 3045 3354 3114 obtutum,
3383 3048 3464 3103 vi«

1860 3137 1982 3192 deat
2002 3137 2146 3192 illam
2169 3152 2318 3209 spem
2344 3148 2541 3195 nostra;
2564 3141 2887 3206 vocationis,
2905 3141 3134 3212 aspiciat
3155 3141 3290 3198 illud
3305 3142 3450 3214 quod

1865 3239 1950 3284 est
1978 3229 2199 3296 bonum,
2241 3241 2295 3286 et
2333 3232 2610 3300 placitum,
2648 3244 2706 3290 et
2753 3233 3075 3305 perfectum.
3107 3235 3264 3303 Quod
3311 3236 3460 3293 enim

1864 3322 2088 3390 bonum,
2119 3323 2505 3394 complacitum
2531 3325 2677 3381 Patri
2701 3344 2714 3380 :
2738 3326 2882 3398 quod
2903 3327 3310 3398 complacitum,
3336 3343 3464 3399 per-

1865 3414 2102 3480 fectum;
2127 3416 2264 3472 sicut
2289 3416 2458 3472 habes
2483 3417 2535 3472 in
2560 3419 2876 3490 Evangelia,
2906 3419 2996 3474 ubi
3021 3419 3154 3475 dicit
3175 3419 3456 3478 Dominus:

1864 3505 2084 3580 Diligite
2129 3509 2365 3564 inimicos
2415 3519 2632 3579 vestros,
2682 3521 2739 3566 ut
2766 3512 3038 3567 imitemini
3089 3511 3328 3583 Patrem,
3369 3515 3459 3586 qui

1864 3598 1997 3670 pluit
2043 3616 2195 3673 super
2214 3603 2388 3674 justas
2418 3612 2468 3658 et
2514 3604 2734 3674 injustas
2763 3603 3060 3675 (Matth.v,
3094 3605 3162 3660 44
3181 3615 3229 3660 et
3271 3605 3459 3678 seq.),°

1865 3690 2008 3762 quod
2040 3701 2126 3749 est
2179 3695 2362 3764 utique
2391 3694 2666 3750 bonitatis.
2699 3696 2768 3751 Et
2819 3705 3004 3767 postea
3036 3697 3333 3765 concludit,
3375 3698 3464 3755 di-

1865 3800 1994 3842 cens
2031 3805 2044 3842 ε
2077 3783 2259 3842 Estote
2284 3790 2498 3860 perfecti
2543 3790 2675 3845 sicut
2705 3790 2861 3845 Pater
2887 3801 3067 3857 vester,
3111 3793 3200 3863 qui
3241 3794 3294 3846 in
3321 3792 3460 3848 aclis

1865 3888 1961 3947 est,
1984 3882 2244 3952 perfectus
2266 3891 2338 3936 est
2365 3882 2382 3953 (
2399 3881 2552 3938 Rom.
2580 3899 2697 3950 χιιι,
2725 3883 2847 3956 10).
2871 3885 3126 3942 Charitas
3153 3887 3300 3944 enim
3331 3903 3460 3958 per-

1867 3973 2008 4030 fecta
2043 3984 2127 4030 est
2160 3993 2173 4031 :
2200 3974 2437 4046 denique
2464 3977 2742 4047 plenitudo
2764 3979 2924 4050 Legis
2969 3990 3073 4036 est.
3105 3981 3245 4050 Quid
3273 3975 3459 4038 autem

1868 4077 1975 4123 tam
2007 4067 2207 4124 bonum
2239 4085 2400 4140 quam
2428 4071 2688 4140 cbaritas,
2717 4089 2840 4144 qua:
2870 4074 3070 4129 malum
3102 4089 3208 4130 non
3235 4077 3461 4146 cogitat?

1942 4159 2029 4213 l7.
2076 4163 2098 4188 θ
2129 4159 2197 4215 Ει
2222 4160 2345 4216 ideo
2375 4169 2549 4218 terras
2580 4163 2772 4233 fugito,
2807 4165 2860 4219 in
2889 4164 3087 4236 quibus
3119 4167 3319 4222 invidia
3345 4175 3453 4235 est,

1868 4251 1957 4308 ubi
1981 4251 2227 4318 ambitio,
2252 4253 2344 4309 ubl
2374 4256 2676 4311 contentio.
2705 4256 2841 4312 Boni
2869 4272 3002 4330 ergo
3025 4258 3170 4314 illius
3201 4274 3460 4332 capacem

1865 4361 1926 4403 se
1964 4345 2147 4403 anima
2195 4356 2287 4404 tua
2318 4349 2589 4419 praebeat;
2623 4360 2682 4406 ut
2711 4365 2876 4424 supra
2910 4353 3082 4411 nubes
3109 4355 3278 4419 volet,
3321 4357 3465 4414 sicut

1866 4439 2045 4511 aquila
2091 4449 2400 4507 renovetur,
2437 4442 2578 4499 sicut
2620 4445 2797 4516 aquila
2848 4461 3055 4517 pennas
3098 4450 3348 4515 emittat;
3400 4459 3462 4508 ut

1867 4533 2142 4588 renovatis
2171 4536 2190 4574 ι
2219 4534 2430 4590 alarum
2461 4536 2722 4608 remigiis,
2754 4539 2861 4594 alta
2904 4549 3090 4610 petere
3134 4557 3244 4599 non
3283 4545 3458 4600 refor-

167 4632 298 4704 gine
325 4631 536 4698 saeculi,
570 4645 676 4687 non
706 4630 759 4684 in
802 4627 1119 4700 cupiditate,
1145 4628 1172 4667 ι)
1196 4639 1254 4684 ut
1278 4630 1616 4686 velocissima
1645 4631 1757 4687 dis-
1782 4614 1836 4675 D
1864 4625 2053 4693 midet,
2089 4625 2230 4682 hanc
2253 4625 2641 4685 habitationem
2669 4630 2980 4703 relinquat:
3011 4642 3285 4691 terrenum
3306 4636 3453 4693 enim

170 4724 474 4797 putatione.
493 4723 663 4793 ipsam
688 4721 976 4793 imaginem
1001 4719 1162 4791 hujus
1184 4719 1370 4775 mundi
1395 4729 1757 4778 transeamus.

170 4819 419 4892 Denique
448 4818 563 4890 ipse
587 4817 690 4873 fide
728 4815 1036 4885 ambulans,
1067 4830 1174 4870 non
1207 4815 1412 4884 specie,
1450 4815 1762 4885 peregrina-

249 4995 276 5024 α
315 4982 948 5058 Subobscurussermo,
993 4977 1168 5048 inquit
1192 4974 1437 5058 Nannius
1489 4994 1516 5058 :_
1549 4989 1768 5058 sensum

172 5058 325 5114 hunc
354 5057 553 5126 opinor
583 5072 596 5108 :
626 5053 854 5108 Volebat
882 5064 982 5106 nos
1011 5047 1220 5126 versari
1244 5050 1304 5126 _i_n
1353 5047 1576 5126 mundo,
1615 5047 1770 5118 quasi

175 5131 232 5185 in
259 5143 319 5183 re
343 5119 683 5195 imaginaria,
715 5134 770 5202 et
791 5139 912 5202 quae
940 5122 1101 5202 nu_ll_a_
1119 5119 1397 5202 soliditate
1423 5120 1768 5202 subsisteret.

171 5200 312 5256 Puto
334 5189 480 5254 enim
507 5189 933 5251 illum'allus'isse
955 5193 1020 5248 ad
1046 5190 1180 5248 illud
1206 5191 1401 5263 prima:
1424 5190 1490 5246 ad
1521 5189 1768 5246 Corinth.

171 5286 296 5341 cap.
355 5265 746 5346 vuguPrte‘terit
773 5268 929 5346 enim
969 5265 1140 5335 ﬁgura
1191 5263 1347 5346 hujus
1385 5263 1598 5345 mundi;
1650 5276 1773 5346 natn

172 5334 364 5413 postea
387 5339 535 5396 addit
560 5356 576 5405 ;
601 5337 931 5392 Ambulantes
957 5334 1220 5406 tamquam
1245 5334 1298 5389 in
1329 5335 1552 5406 imagine
1576 5334 1773 5389 seaculi.

175 5412 396 5485 ltaille:
512 5480 552 5485 _
1142 5477 1158 5485 -
1237 5476 1251 5485 .
1626 5476 1637 5485 .
1710 5475 1721 5485 .

246 5482 278 5522 ιι
320 5483 463 5538 Edit.
511 5480 668 5536 Eras.
697 5488 750 5534 et
791 5478 920 5534 Gill.
952 5493 1074 5534 cum
1126 5476 1337 5532 duobus
1368 5491 1526 5539 mss.,
1559 5476 1776 5530 velocis-

175 5555 312 5610 sima
353 5553 736 5624 dispositione;_
770 5549 954 5616 Rom.,
1010 5546 1335 5624 velocissima
1389 5547 1776 5624 prseteritione;

175 5625 406 5682 Amerh.
440 5616 512 5680 ἐι
537 5621 742 5700 _caet_eri
783 5634 1014 5700 mss._,...
1057 5616 1426 5700 disputatione.
1475 5616 1777 5700 Commodo

177 5711 379 5762 sensu;
419 5693 553 5750 nihil
582 5692 728 5747 enim
781 5688 1226 5762 aliudexprimit
1254 5688 1610 5762 Ambrosius,
1674 5688 1778 5762 nisi

1870 4717 2240 4775 habitaculum
2288 4731 2476 4790 gravat
2521 4722 2954 4808 animam(S_ap.
2987 4743 3063 4796 tx,
3117 4728 3236 4801 15).
3285 4730 3464 4786 Exuat

1870 4821 2079 4878 vetera,
2108 4811 2326 4883 abjiciat
2345 4814 2552 4872 erroris
2571 4815 2866 4886 desideria,
2891 4819 3075 4878 abluat
3100 4823 3287 4879 oculos
3309 4837 3460 4890 suos;

1874 4989 1996 5030 cum
2043 4973 2290 5043 pluribus
2313 4989 2446 5030 mss.
2472 4982 2523 5031 et
2554 4975 2712 5045 edit.,
2751 4977 2932 5034 aderat
2974 4978 3235 5044 Domino;
3278 4978 3462 5048 Rom.,

1873 5047 1962 5118 sed
2005 5045 2482 5118 adnathomino;
2517 5062 2660 5104 unus
2689 5063 2820 5105 mss.
2872 5051 3122 5118 exhibet,
3173 5051 3468 5109 adliceserat

1879 5117 2141 5182 Domino;
2161 5117 2325 5185 alter,
2365 5118 2663 5174 adhterebat
2689 5119 2816 5178 Deo.

1956 5199 1979 5228 ο
2022 5188 2181 5242 Rom.
2206 5189 2364 5256 edit.,
2386 5193 2474 5259 qui
2505 5191 2560 5246 in
2583 5191 2852 5266 vobisut,
2885 5209 2989 5249 non
3033 5193 3376 5266 fuit,inquit,
3410 5196 3467 5251 in

1881 5276 1974 5337 eo;
2003 5269 2113 5337 v_e_t.
2139 5268 2322 5315 autem
2341 5275 2417 5337 ac
2447 5273 2660 5337 mss._ut
2685 5263 2738 5337 in
2766 5263 3177 5337 contextu,_nisi
3199 5263 3342 5335 quod
3369 5281 3470 5337 pro

1879 5333 1935 5386 in
1962 5330 2122 5404 vobis,
2155 5340 2262 5404 vet.
2291 5330 2423 5404 edit.
2457 5333 2836 5404 praeferebant,
2864 5336 2920 5388 in
2941 5335 3105 5390 nobis.

1952 5405 1979 5444 ά
2019 5402 2284 5458 Describit
2308 5402 2516 5458 vultum
2538 5405 2780 5472 superbi,
2813 5405 2903 5474 qui
2933 5420 2994 5461 os
3011 5406 3245 5463 sublime
3272 5409 3326 5464 in
3356 5424 3470 5469 ete-

1880 5474 1990 5529 lum
2024 5473 2222 5548 erigit;
2253 5475 2560 5548 contrarius
2601 5483 2688 5548 est
2715 5473 3009 5543 demissus,
3037 5478 3128 5548 qui
3169 5478 3374 5537 vultum
3416 5485 3472 5542 in

1882 5553 2085 5614 terram
2109 5544 2313 5614 dejicit.
2349 5545 2426 5600 Ita
2455 5544 2716 5600 Nannius.

1959 5617 1982 5688 ξ’
2021 5612 2158 5688 Cod.
2177 5612 2358 5688 Reg,
2386 5614 2454 5669 Et
2480 5615 2594 5688 ideo
2622 5626 2822 5688 terrena
2853 5617 3040 5688 fugito.

1960 5677 1980 5715 ί
2023 5685 2158 5766 cum
2182 5686 2234 5741 id
2257 5677 2448 5740 a'vibus
2473 5685 2575 5766 alae
2596 5684 2726 5766 sint,
2753 5677 2898 5766 quod
2913 5677 3476 5766 remigiumnavibus;

175 5767 321 5823 vene
349 5755 409 5822 s'e
453 5778 618 5844 quem
646 5760 985 5831 paucissimis
1023 5755 1205 5844 verbis
1235 5759 1303 5815 de
1334 5759 1563 5828 imagine
1593 5757 1780 5844 mundi
1886 5756 2217 5844 “iniiinii?
2251 5755 3325 5844 iiiisgratiﬁcateesiaiee'Virsiiio.
3378 5755 3484 5833 ista

177 5825 488 5909 disputare:
537 5825 738 5888 lterum
773 5839 952 5887 autem
997 5840 1119 5902 post
1145 5829 1280 5885 duos
1319 5825 1531 5896 versus,
1562 5829 1654 5885 ubi
1683 5840 1783 5884 nos
1889 5826 2232 5898 metaphora,
2263 5826 2406 5882 unde
2425 5825 2571 5880 illam
2598 5827 2878 5892 transtulit
2902 5825 3248 5893 Ambrosiﬁs,

238 6033 265 6044 ,α
