3996 6292
476 246 615 303 1065

1831 236 2072 297 SANCTI
2113 238 2205 295 ΑΜ
2214 239 2432 299 BROSII

3641 234 3768 290 1064

473 359 652 432 possit
680 370 984 431 resurgere.
1015 355 1339 429 Hujusmodi
1382 368 1514 428 ergo
1538 354 1641 422 vir,
1669 367 1770 411 nec
1807 354 2066 425 templum
2095 358 2149 419 Α
2174 355 2450 412 inlusione
2473 356 2831 429 resplenduit,
2865 369 2961 429 per
2988 356 3135 430 quod
3166 356 3401 414 evanuit
3424 355 3562 412 illud
3593 359 3777 426 prona-

477 453 590 511 Deo
619 453 885 520 aedificat;
929 453 1055 525 quia
1097 467 1206 509 non
1255 450 1408 508 novit
1454 460 1666 521 tempus
1714 447 2075 506 correctionis

477 559 612 601 suae.
642 544 931 614 Quomodo
952 542 1099 601 enim
1122 549 1354 615 possunt
1375 540 1514 598 tales
1541 539 1791 596 homines
1814 539 2076 610 templum

479 638 773 705 aedificare,
799 638 892 712 qui
924 637 1080 711 quasi
1107 636 1238 695 ferte
1270 651 1333 692 ac
1366 635 1559 693 bestia:
1600 633 1655 690 in
1685 634 1885 705 spelaea
1932 632 2078 690 fera-

482 749 601 789 rum
652 741 710 790 et
737 733 1034 791 bestiarum
1073 730 1298 790 latibula
1330 744 1453 788 sese
1481 737 1798 800 receptant,
1835 734 1997 799 atque
2023 725 2080 782 in

482 826 668 885 foveas
706 843 767 885 se
803 828 1145 902 serpentium
1183 842 1339 884 more
1368 827 1716 899 demergunt,
1745 836 1801 882 et
1841 837 2078 883 consue-

482 920 670 976 tudine
698 919 1059 977 fraudulentm
1096 919 1277 992 vulpis
1308 917 1618 975 infodiunt?

554 1013 607 1066 7.
650 1011 758 1069 Sed
788 1026 890 1069 nec
919 1012 1231 1082 sepulcrum
1262 1010 1367 1067 sibi
1396 1010 1613 1076 condit,
1638 1008 1730 1081 qui
1770 1015 1897 1063 ante
1941 1014 2081 1064 tem-

483 1120 585 1177 pus
606 1105 857 1172 moritur;
881 1102 1071 1160 vivens
1095 1103 1261 1170 enim,
1293 1110 1547 1158 mortuus
1575 1108 1658 1157 est
1681 1100 1727 1173 (Ι
1748 1098 1887 1154 Tim.
1920 1112 1975 1164 v,
2000 1094 2079 1167 6):

485 1211 583 1254 nec
608 1195 758 1253 audit
785 1210 975 1252 vocem
1015 1195 1235 1269 Aggrei,
1276 1194 1330 1251 id
1364 1202 1481 1260 est,
1514 1202 1542 1231 «ι
1569 1191 1874 1264 epulantis,
1916 1198 1975 1245 ut
2004 1188 2085 1244 in-

482 1288 803 1360 terpretatio
847 1286 1122 1352 declarat;
1154 1285 1411 1358 quoniam
1438 1299 1545 1341 non
1576 1282 1881 1355 ingreditur
1906 1279 2086 1336 taber-

481 1381 735 1437 naculum
785 1379 928 1446 Dei,
970 1382 1025 1434 in
1070 1395 1191 1435 uoce
1219 1378 1582 1434 exercitationis
1631 1386 1681 1432 et
1724 1374 2084 1446 confusionis,

482 1489 638 1530 sonus
666 1472 925 1545 epulantis
954 1470 1130 1547 (Psal.
1165 1486 1278 1537 xu,
1310 1470 1388 1543 5).
1414 1468 1701 1540 Quomodo
1726 1466 1872 1525 enim
1894 1480 2084 1523 vocem

484 1565 603 1638 ejus
626 1565 798 1633 audit,
839 1564 930 1637 qui
958 1579 1124 1636 opera
1147 1564 1267 1635 ejus
1290 1578 1399 1619 non
1431 1561 1607 1618 videt?
1631 1562 1765 1617 Nam
1788 1560 1836 1616 si
1854 1558 2084 1627 videret,

485 1659 699 1717 audiret
722 1658 973 1725 verbum,
997 1656 1143 1729 quod
1187 1658 1243 1713 in
1269 1655 1389 1727 ejus
1414 1668 1579 1711 manu
1611 1655 1809 1711 factum
1856 1661 1958 1718 est,
1989 1650 2087 1708 de-

2181 449 2326 505 vium
2365 449 2621 507 vanitatis
2648 449 2703 506 in
2733 449 2989 517 Jesabel,
3027 467 3152 524 quae
3186 451 3417 507 inimica
3459 450 3697 516 veritati,
3730 460 3778 506 et

2181 545 2497 601 adversaria
2528 545 2918 617 prophetarum
2959 546 3217 617 eloquiis,
3244 546 3320 602 ita
3362 545 3669 602 dilacerata
3706 555 3780 601 est

2181 652 2378 694 canum
2416 639 2718 705 morsibus;
2758 649 2818 696 ut
2845 640 3057 696 nullum
3107 640 3231 712 ejus
3272 649 3600 713 superesset
3626 642 3780 697 vesti-

2182 731 2349 803 gium,
2369 732 2467 788 sed
2499 740 2612 789 toto
2641 748 2873 805 corpore
2894 748 2996 792 suo
3022 749 3144 790 cum
3172 734 3438 790 omnibus
3459 732 3781 805 posteritatis

2185 837 2299 881 suae
2346 825 2650 895 insignibus
2698 825 3138 898 cxstingueretur
3194 825 3291 898 (IV
3332 824 3470 898 Reg.
3502 840 3582 891 ιι,
3629 824 3698 880 55
3739 835 3781 879 et

2185 919 2344 990 seq.).
2371 917 2492 991 Ipse
2523 919 2686 992 igitur
2714 919 3020 977 Zorobabel
3041 935 3107 975 ex
3130 920 3275 975 tribu
3292 917 3457 983 Juda,
3492 918 3615 990 ipse
3637 916 3782 973 less:

2185 1026 2413 1086 magnus
2466 1014 2746 1082 sacerdos,
2790 1023 2848 1071 et
2886 1014 3030 1071 tribu
3060 1014 3380 1087 designatus
3430 1022 3490 1070 et
3540 1013 3777 1069 nomine:

2185 1105 2297 1163 duo
2343 1106 2633 1179 significari
2681 1106 2958 1176 videntur,
2998 1115 3056 1164 et
3086 1122 3228 1163 unus
3272 1105 3632 1179 exprimitur;
3673 1107 3779 1178 quia

2188 1198 2330 1255 idem
2360 1200 2514 1270 quasi
2542 1208 2738 1271 potens
2769 1212 2930 1256 natus
2968 1216 3035 1257 ex
3056 1208 3304 1272 potente,
3335 1202 3493 1272 quasi
3534 1200 3777 1271 redemp-

2188 1301 2274 1349 tor
2302 1304 2457 1349 ortus
2487 1309 2553 1349 ex
2568 1294 2797 1366 virgine,
2824 1294 2878 1349 in
2903 1294 3184 1366 utriusque
3207 1293 3358 1350 idem
3388 1303 3604 1349 natura:
3621 1293 3779 1351 diver-

2189 1387 2350 1442 sitate
2370 1385 2636 1454 div-idum,
2668 1387 2829 1444 unius
2867 1387 2993 1443 Filii
3021 1387 3115 1443 Dei
3147 1385 3443 1443 veritatem
3470 1385 3627 1459 gigas
3654 1387 3779 1442 sala-

2191 1485 2325 1539 taris
2354 1482 2618 1554 implevit.

2265 1580 2352 1634 11.
2396 1578 2744 1635 Excitaturus
2801 1589 2825 1623 κ
2878 1579 3061 1651 itaque
3108 1594 3141 1634 a
3199 1577 3442 1635 mortuis
3493 1574 3775 1633 Zorobabcl

2192 1680 2461 1739 sanctum,
2493 1672 2600 1728 ait:
2621 1671 2807 1727 Adhuc
2833 1672 2988 1726 semel
3007 1688 3104 1742 ego
3125 1671 3339 1726 movebo
3365 1670 3591 1735 caelum,
3620 1680 3668 1723 et
3688 1678 3775 1724 ter-

485 1752 716 1809 lectatus
759 1750 880 1822 ejus
908 1750 1123 1806 actibus
1147 1789 1162 1816 ,
1205 1749 1404 1821 quibus
1428 1747 1694 1821 pulsavit,
1739 1754 1797 1803 et
1834 1751 2086 1817 apertum

2195 1778 2303 1817 ram
2323 1804 2339 1829 ,
2371 1772 2419 1818 et
2446 1763 2615 1818 maria
2640 1803 2655 1827 ,
2687 1772 2735 1817 et
2785 1762 3041 1818 desertum
3068 1760 3275 1834 (Aggc.
3299 1776 3364 1829 ιι,
3393 1758 3517 1833 22).
3560 1758 3776 1814 Moverat

486 1852 572 1901 est
595 1844 670 1909 ei,
704 1851 761 1901 et
785 1841 1074 1899 descendit
1103 1840 1158 1897 in
1200 1841 1319 1912 ejus
1348 1841 1618 1906 animam;
1651 1847 1710 1895 ut
1749 1837 2001 1909 epuletur
2031 1836 2083 1891 in

481 1952 549 1994 eo
574 1936 906 1994 sinceritatis
931 1944 987 1991 et
1005 1933 1035 1973 ι)
1064 1932 1314 1990 veritatis
1339 1932 1513 1989 cibos.

554 2031 610 2088 8.
650 2030 795 2103 Ergo
832 2030 962 2101 quia
1007 2044 1114 2085 non
1170 2025 1412 2094 audivit,
1462 2025 1523 2082 lit
1557 2025 1762 2083 iterum
1816 2022 1869 2079 in
1922 2036 2086 2078 manu

480 2125 667 2199 Aggzei
690 2124 938 2192 verbum,
973 2134 995 2163 ο
1036 2132 1091 2180 et
1121 2121 1293 2179 dicit:
1325 2120 1545 2193 Surgite
1569 2120 1640 2176 de
1666 2118 1877 2175 caelatis
1906 2126 1962 2175 et
1991 2116 2088 2172 de-

483 2218 690 2291 pressis
717 2217 922 2273 malitia
965 2215 1243 2282 domibus,
1286 2222 1343 2270 et
1391 2212 1676 2269 ascendite
1733 2212 1789 2267 in
1845 2217 2087 2267 montem

483 2310 890 2382 Scripturarum
926 2308 1264 2374 ccelestium,
1296 2314 1353 2363 et
1379 2304 1575 2378 caedite
1623 2304 1823 2377 lignum
1873 2303 2089 2373 sapien-

400 2450 405 2456 .
486 2403 598 2470 tiae,
627 2402 834 2475 lignum
863 2403 1011 2469 vitae,
1034 2401 1239 2473 lignum
1262 2399 1621 2471 cognitionis:
1648 2406 1706 2455 et
1728 2397 1947 2471 dirigite
1973 2397 2090 2455 vias

485 2504 698 2552 vestras
718 2536 735 2562 ,
758 2493 1011 2551 ordinate
1034 2502 1190 2549 actus
1216 2503 1461 2557 vestros;
1486 2500 1545 2548 ut
1584 2488 1818 2547 habeant
1843 2488 2088 2545 ordinem

485 2595 646 2647 suum
674 2587 953 2657 debitum,
975 2587 1067 2659 qui
1096 2586 1440 2644 necessarius
1469 2594 1526 2642 et
1565 2585 1718 2642 utilis
1746 2593 1833 2641 est
1861 2583 1929 2640 ad
1958 2582 2091 2640 tedi-

487 2683 757 2742 licandam
783 2683 1001 2740 Domini
1025 2683 1246 2740 domum
1274 2682 1477 2757 (Aggae'.
1507 2699 1548 2749 ι,
1571 2681 1646 2752 8).

560 2780 616 2836 9.
655 2778 792 2836 Nam
837 2779 885 2835 si
932 2794 1042 2835 non
1066 2778 1343 2846 feceritis,
1371 2793 1462 2833 nec
1500 2777 1688 2832 caelum
1733 2776 1873 2832 dabit
1922 2791 2091 2832 rorem

484 2889 637 2930 suum
664 2871 858 2944 (lbid.,
889 2869 1004 2945 10),
1038 2870 1093 2927 id
1121 2878 1226 2937 est,
1271 2883 1456 2927 sermo
1500 2868 1764 2936 caelestis,
1809 2868 1901 2940 qui
1949 2868 2091 2924 sicut

483 2982 578 3024 ros
599 2964 891 3024 descendit
915 2978 1083 3036 super
1118 2963 1325 3030 fenum,
1353 2979 1465 3018 non
1496 2963 1821 3034 temperabit
1850 2961 2090 3020 fervidos

485 3060 857 3133 corporalium
886 3068 1068 3115 motus
1090 3057 1428 3129 passionum;
1463 3072 1565 3114 nec
1590 3056 1760 3128 ignita
1785 3056 2089 3127 restinguet

484 3155 822 3214 diversarum
865 3154 1074 3228 spicula
1123 3152 1517 3225 cupiditatum:
1550 3167 1642 3207 nec
1671 3160 1810 3206 terra
1859 3154 2005 3225 ejus,
2034 3148 2087 3204 id
2116 3133 2162 3197 C

489 3257 605 3319 est,
632 3246 661 3287 ά
691 3250 911 3317 anima,
944 3249 1146 3320 {ructus
1182 3245 1357 3313 dabit;
1389 3259 1456 3301 eo
1501 3243 1646 3314 quod
1690 3251 1941 3309 arescat,
1985 3242 2086 3298 nisi

488 3344 767 3416 repleatur
816 3342 1022 3416 irriguo
1073 3340 1225 3399 verbi
1279 3340 1379 3396 Dei
1406 3380 1421 3405 ,
1472 3346 1531 3396 et
1563 3337 1924 3410 perfundatur
1964 3350 2090 3391 rore

489 3438 738 3507 caelesti,
769 3436 1036 3509 spiritalis
1066 3435 1313 3492 ubertate
1339 3433 1548 3506 gratiae.

562 3534 654 3590 10.
702 3532 770 3587 Ει
798 3530 926 3603 quia
967 3529 1177 3587 sciebat
1224 3526 1442 3585 desides
1492 3541 1617 3584 esse
1668 3525 1979 3582 habitantes
2034 3524 2089 3579 in

491 3627 812 3702 hypogaeis,
859 3632 916 3683 et
959 3625 1297 3696 voluptatum
1345 3622 1676 3696 gurgustiis:
1731 3634 1755 3661 ο
1810 3618 2087 3685 Excitabo,

491 3722 702 3795 inquit,
750 3721 860 3777 illis
905 3720 1146 3793 spiritum
1190 3716 1474 3774 Zorobabel
1525 3717 1591 3772 de
1637 3715 1774 3771 tribu
1816 3713 1989 3780 Juda,
2043 3722 2093 3767 et

490 3815 673 3873 Iesum
706 3812 963 3871 Iosedech
1009 3812 1330 3869 sacerdotem
1382 3826 1628 3885 magnum
1654 3807 1852 3880 (Ibid..
1876 3807 2009 3879 24);
2033 3815 2095 3863 ut

488 3909 785 3967 incitentur
805 3906 873 3964 ad
896 3905 1312 3963 aedificationem
1339 3903 1536 3960 divina:
1560 3902 1777 3959 domus.
1804 3900 1925 3955 Nisi
1945 3901 2089 3956 enim

490 3999 751 4059 Dominus
777 4000 1110 4071 adiﬁeaverit
1139 3999 1237 4055 sibi
1266 4000 1477 4053 domum
1495 4040 1509 4063 ,
1540 3998 1595 4052 in
1618 4013 1808 4052 vanum
1829 3994 2087 4050 laborave‘

489 4104 611 4151 runt
641 4095 728 4166 qui
753 4092 1014 4163 aediﬁcant
1038 4108 1151 4147 eam
1178 4089 1353 4161 (Psal.
1382 4105 1568 4156 cxxvr,
1601 4088 1676 4161 1).
1727 4089 1848 4160 Ipse
1874 4092 1959 4144 est
1989 4087 2094 4143 Zo-

491 4186 720 4245 robabel
742 4186 892 4259 jugis
911 4184 1294 4252 redundantia,
1324 4193 1383 4239 ut
1410 4191 1536 4255 pote
1566 4181 1688 4238 fons
1707 4181 1854 4250 vitae,
1883 4191 1937 4237 et
1960 4180 2093 4237 Ver-

490 4281 619 4339 bum
648 4281 815 4355 913
839 4280 957 4348 Dei,
1000 4296 1092 4351 per
1116 4278 1255 4352 quod
1282 4280 1486 4345 omnia,
1515 4288 1562 4332 et
1603 4293 1666 4332 ea:
1691 4292 1791 4347 quo
1829 4274 2020 4339 omnia,
2046 4284 2094 4329 et

491 4374 667 4429 omnia
702 4374 758 4427 in
799 4373 915 4446 ipso
943 4371 1170 4443 (Coloss.
1204 4387 1244 4436 ι,
1271 4372 1366 4440 16,
1396 4370 1512 4441 17).
1542 4368 1670 4425 Haec
1716 4368 1852 4425 dicit
1892 4367 2094 4425 redun‘

491 4466 707 4524 dantia:
739 4465 803 4522 Si
821 4466 936 4538 quis
950 4452 1087 4533 sitit,
1113 4464 1288 4520 ueniat
1318 4463 1387 4518 ad
1415 4478 1515 4529 me,
1542 4470 1587 4517 et
1610 4460 1748 4517 bibat
1777 4460 1973 4534 (Joan.
1997 4477 2090 4529 vu,

2190 1862 2318 1913 ante
2349 1852 2466 1910 hrec
2488 1895 2503 1921 ,
2532 1868 2656 1910 cum
2685 1852 2754 1910 de
2790 1851 3023 1925 )Egypto
3054 1852 3321 1909 liberaret
3339 1850 3607 1923 populum
3638 1865 3774 1905 suum

2190 1945 2393 2017 (Exod.
2438 1962 2555 2016 xtv,
2586 1946 2659 2003 22
2685 1955 2737 2003 et
2776 1951 2938 2017 seq.),
2986 1945 3206 2018 quando
3263 1946 3319 2001 in
3358 1944 3506 2001 caelo
3545 1943 3773 1999 columna

2190 2047 2309 2093 erat
2339 2036 2482 2110 ignis
2508 2036 2707 2111 (Exod.
2731 2052 2849 2105 xm,
2872 2036 2989 2109 2i),
3012 2046 3153 2093 terra
3178 2036 3323 2092 inter
3342 2035 3541 2092 fluctus
3561 2076 3579 2103 ,
3606 2050 3772 2090 munis

2191 2129 2245 2184 in
2264 2116 2409 2184 mari
2432 2169 2449 2197 ,
2475 2129 2563 2184 via
2591 2129 2646 2185 in
2668 2143 2806 2200 aqua
2825 2169 2841 2195 ,
2872 2129 2927 2184 in
2956 2128 3177 2184 deserto
3226 2128 3428 2184 messis
3475 2127 3771 2198 quotidiana

2192 2222 2406 2295 frugum
2429 2223 2735 2281 caelestium
2764 2223 3251 2295 multiplicabatur,
3283 2233 3442 2294 petra
3484 2222 3775 2279 solvebam

2190 2314 2245 2371 in
2269 2314 2448 2373 fontes
2467 2331 2729 2387 aquarum
2756 2336 2770 2372 :
2803 2316 2900 2373 sed
2930 2319 3099 2373 movit
3126 2327 3184 2374 et
3211 2327 3405 2388 postea
3445 2316 3505 2373 in
3546 2318 3776 2389 passione

2191 2408 2408 2466 Domini
2435 2409 2565 2466 Jesu
2589 2408 2762 2483 (Luc.
2794 2427 2964 2478 xxttt,
2990 2410 3109 2483 44);
3140 2410 3364 2482 quando
3386 2411 3591 2469 celum
3628 2420 3770 2466 teuc-

2190 2502 2306 2558 bris
2343 2502 2677 2570 obductum,
2707 2504 2792 2560 sol
2845 2502 3070 2575 refugit,
3118 2516 3289 2576 petrae
3334 2506 3555 2570 scissae,
3605 2503 3774 2559 tumuli

2189 2593 2390 2665 aperti,
2415 2594 2615 2651 mortui
2645 2595 3179 2662 resuscitati,draco
3226 2596 3406 2653 victus
3435 2597 3491 2652 in
3542 2596 3775 2652 fluctibus

2192 2688 2309 2744 suis
2355 2687 2487 2744 vidit
2536 2689 2840 2759 piscatores
2888 2689 3206 2755 hominum,
3254 2704 3363 2746 non
3414 2689 3599 2746 solum
3643 2688 3775 2745 navi-

2189 2788 2383 2851 gantes
2402 2780 2456 2835 in
2483 2781 2647 2847 mari,
2675 2780 2772 2836 sed
2806 2780 2972 2837 etiam
3005 2780 3353 2837 ambulantes
3378 2781 3503 2837 sine
3535 2779 3771 2849 periculo.

2266 2873 2354 2929 12.
2406 2873 2690 2930 Desertum
2718 2890 2937 2947 quoque
2968 2885 3177 2931 motum
3202 2917 3218 2941 ,
3247 2875 3472 2947 quando
3497 2876 3774 2931 infructuo-

2190 2979 2285 3023 sus
2329 2966 2611 3023 nationum
2665 2968 2897 3039 populus
2945 2982 3124 3025 messe
3160 2969 3332 3039 coepit
3379 2969 3685 3025 devotionis
3726 2977 3771 3023 et

2192 3058 2318 3117 lidei
2349 3059 2748 3127 flavescere;et
2775 3060 3256 3132 eousqnedeserti,
3284 3071 3342 3117 et
3366 3062 3615 3132 gentium
3640 3076 3772 3118 corn-

2194 3151 2361 3207 motio
2387 3150 2525 3208 facta
2546 3160 2631 3208 est
2659 3159 2720 3207 ut
2739 3153 3114 3224 apostolorum
3139 3167 3279 3225 quos
3298 3152 3509 3210 direxit
3522 3153 3590 3210 ad
3611 3164 3769 3226 genta

2197 3246 2496 3315 vocandas,
2528 3255 2675 3302 tanta
2715 3256 2865 3306 esset
2892 3259 2948 3304 et
2975 3258 3083 3304 tam
3110 3249 3416 3305 vehemens
3462 3248 3764 3319 praedicatio:

2193 3350 2251 3397 ut
2274 3342 2329 3396 in
2369 3357 2572 3396 omnem
2603 3350 2794 3397 terram
2835 3342 3015 3397 exiret
3059 3358 3218 3397 sonus
3254 3358 3470 3408 eorum,
3503 3352 3555 3396 et
3595 3342 3647 3396 in
3668 3343 3768 3410 ﬁsa

2193 3433 2330 3489 orbis
2349 3443 2501 3490 terrm
2521 3432 2674 3489 verba
2698 3448 2880 3489 eorum
2902 3431 3026 3505 (Ps.
3047 3448 3206 3499 xvtu,
3222 3430 3304 3504 5).
3331 3432 3537 3500 Tanta,
3560 3433 3763 3504 inquam,

2192 3525 2491 3581 commotio
2530 3523 2770 3591 deserti,
2810 3533 2870 3580 ut
2908 3523 3094 3595 plures
3137 3524 3231 3579 ﬁlii
3293 3524 3493 3581 tierent
3546 3524 3763 3588 deserta,

2193 3631 2353 3686 quam
2376 3615 2498 3686 ejus
2525 3630 2647 3686 quas
2678 3613 2917 3672 habebat
2941 3616 3118 3671 virum
3148 3614 3328 3684 (Esai.
3362 3632 3474 3683 Liv,
3503 3618 3593 3688 1);
3618 3628 3667 3673 et
3687 3616 3762 3670 llo-

2195 3719 2341 3767 reret
2369 3709 2670 3776 desertum,
2698 3717 2758 3765 ut
2784 3709 2956 3765 lilium
2985 3708 3159 3780 (Esai.
3179 3725 3346 3778 xxxv,
3377 3711 3438 3781 1)
3463 3727 3477 3765 :
3511 3711 3765 3766 introirent

2195 3804 2365 3860 electa
2404 3804 2646 3875 gentium
2699 3802 2768 3858 ad
2816 3803 3067 3860 residuos
3122 3802 3346 3874 populi;
3406 3819 3518 3876 quo
3553 3802 3761 3874 reliquis:

2194 3900 2357 3955 salvae
2386 3899 2581 3956 fierent
2611 3914 2708 3970 per
2727 3897 3057 3955 electionem
3076 3899 3269 3969 gratiae
3294 3897 3481 3969 (Rom.
3515 3916 3587 3975 xi,
3612 3897 3681 3969 6).

2272 3995 2358 4051 15.
2391 3993 2461 4048 Et
2486 3993 2712 4066 replebo,
2739 3993 2935 4065 inquit,
2968 3990 2996 4030 ιι
3021 3993 3236 4049 domum
3267 3992 3408 4050 hanc
3430 4006 3651 4068 argento
3667 4007 3761 4049 meo

2197 4096 2255 4144 et
2280 4102 2413 4145 auro
2437 4088 2639 4161 (Agger.
2670 4104 2730 4155 ιι,
2758 4088 2840 4161 8);
2868 4088 3098 4159 eloquiis
3125 4090 3479 4160 caelestibus,
3526 4107 3642 4163 qua:
3663 4098 3759 4144 sunt

2196 4181 2337 4237 sicut
2376 4187 2661 4252 argentum
2718 4181 2843 4252 igne
2882 4182 3254 4238 examinatum
3306 4181 3485 4255 (Psal.
3518 4182 3682 4253 xt,7),
3719 4189 3761 4234 ct

2198 4274 2313 4332 veri
2335 4275 2581 4332 claritate
2610 4274 2853 4341 luminis,
2886 4275 3030 4332 sicut
3057 4291 3192 4332 auro
3227 4277 3471 4347 spiritali
3491 4277 3545 4332 in
3573 4284 3755 4331 sancto-

2198 4388 2317 4428 rum
2346 4371 2575 4429 occultis
2595 4368 2868 4428 mentibus
2890 4370 3214 4443 refulgente.
3252 4371 3364 4428 llas
3408 4372 3625 4428 divitias
3657 4384 3759 4426 con-

2199 4465 2305 4524 fert
2331 4466 2585 4523 Ecclesia:
2618 4480 2753 4533 suae,
2801 4466 2998 4537 quibus
3026 4465 3400 4537 intelligibiles
3434 4464 3664 4523 thesauri
3696 4478 3759 4517 rc-

490 4560 610 4635 37),
630 4560 736 4617 hoc
752 4526 861 4625 est,
886 4526 1589 4630 proﬂuviumindelicientis
1616 4526 1848 4614 meatus.
1877 4526 2090 4615 Protin;
2117 4526 2171 4588 Β
2199 4563 2431 4634 plentur,
2457 4570 2513 4619 et
2561 4526 2784 4633 gloria.i
2818 4526 3066 4634 augetur
3114 4526 3313 4617 domus
3367 4575 3537 4633 super
3560 4563 3756 4633 priorem

490 4656 639 4713 vium
663 4668 885 4727 quoque
936 4662 1268 4711 nocturnum
1304 4651 1323 4690 ι
1370 4651 1600 4724 legimus
1627 4651 1878 4709 Zabulon
1898 4694 1914 4721 ,
1945 4653 2088 4725 quod

487 4758 575 4833 est
619 4746 1046 4822 propheticum:
1095 4747 1192 4804 sed
1212 4746 1325 4819 jam
1365 4755 1422 4803 et
1474 4746 1649 4818 ipsum
1697 4746 1861 4818 hujus
1901 4746 2088 4805 ﬂuenti

563 4878 593 4908 ι
630 4869 891 4941 Aggaeum
916 4866 1077 4937 vulgo
1106 4865 1535 4941 interpretantur
1565 4863 1814 4941 festivum
1835 4906 1850 4932 ,
1894 4862 2094 4941 soletn-

489 4956 616 5013 nem
658 4934 1060 5013 e't'gyranteni:
1089 4936 1186 5013 sed
1217 4934 1359 5013 forte
1400 4934 1533 4991 illud
1566 4935 2095 5013 vocabulum_reddi-

489 5015 572 5071 dit
593 5008 918 5068 Ambrosius
944 5023 1042 5080 per
1069 5010 1129 5066 τὸ
1154 5009 1468 5080 epulantem,
1494 5008 1638 5079 quod
1684 5008 2092 5064 solemnitatum

493 5100 604 5143 non
632 5079 1007 5153 minimapars
1031 5082 1085 5137 in
1114 5080 1292 5152 epulis
1316 5079 1492 5153 soleat
1519 5093 1644 5153 esse
1676 5080 1873 5153 posita.

558 5154 591 5195 ι»
629 5154 753 5212 Vet.
783 5148 920 5210 edit.
949 5161 1007 5208 et
1028 5148 1166 5208 mss:
1194 5166 1302 5206 non
1328 5151 1507 5222 pauci,
1530 5150 1757 5205 ueritatis
1789 5150 1951 5207 cibus.
1973 5148 2092 5207 Non

490 5228 626 5284 satis
667 5233 853 5291 recte,
888 5223 991 5280 nisi
1031 5226 1154 5296 quis
1181 5224 1242 5280 τὸ
1296 5223 1531 5295 epuletur
1558 5222 1776 5293 passive
1829 5223 2087 5294 accipiat,

495 5314 597 5371 pro
626 5297 1007 5354 manducetur.

570 5382 593 5410 ο
634 5369 796 5425 Rom.
826 5369 959 5425 edit.
1007 5366 1157 5431 sola,
1186 5376 1233 5423 et
1259 5366 1385 5422 dicit
1413 5381 1432 5422 :
1457 5366 1718 5422 ascendite
1761 5366 1815 5422 in
1841 5375 2086 5433 montem,

494 5442 674 5501 aedile
701 5441 867 5513 ligna,
894 5447 943 5495 et
964 5438 1220 5509 wdiﬁcate
1250 5438 1486 5505 domum;
1516 5441 1663 5508 quasi
1691 5439 1871 5494 dicat:
1903 5437 2092 5510 Surgi-

496 5523 783 5641 “’f‘éhn.
810 5581 996 5653 Roma
1013 5581 1190 5637 anima
1213 5580 1443 5653 σσηιίηα
1469 5596 1563 5634 ⁸’⁴⁰
1584 5579 1746 5653 dqw'

584 5664 609 5693 ε
637 5654 719 5710 ita
756 5663 871 5709 vet.
895 5652 1027 5708 edit.
1062 5668 1128 5709 ac
1178 5651 1311 5707 mss.
1350 5652 1455 5710 nisi
1500 5651 1643 5710 uuod
1685 5652 1791 5707 illa:
1841 5652 2097 5709 omittunt

496 5721 680 5780 Iesum
706 5731 834 5779 ante
862 5723 1119 5778 Iosedech
1138 5739 1158 5778 :
1184 5730 1241 5777 at
1268 5723 1428 5780 Rom.
1460 5721 1595 5781 edit.
1627 5723 1710 5780 sic
1745 5722 2091 5780 emendavit:

500 5794 779 5863 Excitavit,
806 5793 999 5865 inquit,
1021 5793 1128 5848 illis
1160 5792 1417 5850 Dominus
1445 5796 1688 5867 spiritum
1716 5793 2092 5853 Zorobabel....

2195 4656 2449 4729 gloriam,
2473 4669 2636 4726 quam
2661 4654 2893 4726 populus
2922 4652 3110 4710 habuit
3140 4653 3154 4704 ι
3186 4654 3419 4711 electus.

2272 4751 2358 4806 M.
2401 4750 2512 4804 Pax
2543 4748 2689 4805 enim
2705 4757 2763 4805 et
2782 4748 3146 4820 tranquillitas
3166 4748 3366 4806 animae
3390 4762 3558 4821 super
3581 4760 3755 4805 omnetl

2201 4876 2249 4921 ⁸⁸
2278 4861 2679 4993 ἴρῦ¹ἔῖ¹¹¹¹ἑιῦῖ⁸⁸
2704 4861 3647 5008 ἔῗξξηίὲῗδθξίῖοῗέξῖάὲἓῖυτβῗηίξα
3681 4939 3751 4991 αι.

2201 4975 2693 5079 ρνορίιᾶἒὶιιῖἱξῖἐά
2706 4975 2939 5080 ’ἔῧὲῖὶἴὲι
2951 4975 3168 5078 ἐρῖἑὶιῖιζ
3180 4975 3755 5080 ἷίοἶῖἱζζῖὶᾘὲἷηὲἷσὲῐὶ

2202 5090 2274 5135 est
2301 5078 2684 5152 praplteticum,
2710 5089 2760 5133 et
2798 5078 2972 5150 ipsum
2995 5094 3014 5132 :
3044 5087 3101 5133 at
3129 5092 3262 5133 mss.
3297 5078 3497 5149 magno
3524 5087 3753 5134 consensu

2203 5149 2362 5207 nobis
2382 5149 2768 5220 Suﬂ'ragantur.

2278 5232 2303 5271 Β
2334 5222 2492 5278 Rom.
2525 5220 2657 5278 edit.
2691 5220 2809 5278 sola
2833 5236 2865 5278 e
2895 5229 3045 5278 textu
3074 5221 3266 5278 eximit
3288 5224 3351 5278 τὸ
3376 5237 3411 5276 a
3430 5220 3657 5276 mortuis.

2273 5292 2302 5330 h
2329 5294 2491 5348 Rom.
2520 5294 2656 5365 edit.
2674 5334 2692 5359 ,
2722 5292 2932 5347 domum
2978 5293 3112 5347 Itane
3149 5293 3351 5365 gloria,
3383 5292 3511 5349 dicit
3541 5288 3750 5365 Dominis

2198 5366 2538 5422 exercituum.
2565 5363 2619 5419 Μ
2627 5381 2742 5419 eum
2767 5374 2841 5419 est
2865 5361 3176 5436 argentum,
3203 5375 3253 5420 et
3272 5381 3440 5419 meum
3467 5373 3541 5421 est
3566 5361 3746 5423 eam}

2202 5437 2414 5509 Περιιυὶ
2437 5452 2561 5509 ergo
2586 5444 2824 5509 argento,
2849 5444 2955 5492 etc.

2278 5506 2295 5581 ξ
2322 5506 2551 5581 Quidam
2572 5506 2732 5581 mss"
2761 5517 2980 5581 augetur
3006 5507 3188 5564 domus
3214 5509 3478 5581 superiore
3496 5506 3665 5581 gloria.

2278 5579 2291 5631 ι
2342 5577 2549 5636 Eadem
2608 5579 2766 5647 edit.,
2814 5577 2933 5634 Hoc
2991 5581 3128 5635 enim
3198 5577 3457 5649 estquod
3500 5577 3745 5649 ’κφάίίῖτ

2203 5651 2400 5724 Magna
2427 5652 2524 5707 erit
2551 5650 2718 5722 gloria
2751 5644 2935 5707 domus
2976 5652 3127 5707 istius
3169 5644 3458 5708 novissima:
3482 5644 3743 5770 super

2203 5740 2339 5770 niam
2365 5765 2377 5770 -
2411 5723 2536 5770 dicit
2562 5721 2816 5770 Dominus
2839 5724 3155 5770 exercitum
3178 5739 3196 5770 :
3224 5730 3276 5770 et
3309 5724 3367 5770 in
3394 5722 3507 5770 loco
3526 5722 3619 5770 isto
3669 5713 3742 5770 tt“

2202 5713 2339 5779 mam
2364 5765 2378 5790 ,
2411 5723 2536 5777 dicit
2552 5713 2816 5779 'Dominus
2839 5724 3196 5780 exercituum:
3224 5730 3276 5778 et
3309 5724 3367 5778 iu
3394 5722 3507 5777 loco
3526 5713 3619 5774 isto
3641 5713 3742 5771 dolo

2198 5811 2400 5869 pacem.
2425 5794 2544 5851 Pax
2563 5797 2721 5864 enim,
2747 5802 2852 5852 etc.
