3996 6292
169 270 308 330 1065

1365 269 1854 329 EPISTOLARUM
1895 269 2178 328 CLASSIS
2216 269 2255 326 1.

3321 274 3462 332 1066

163 385 360 442 domus
388 385 615 458 gloriam
658 391 773 453 est;
804 385 929 457 quia
965 400 1066 457 pax
1106 394 1330 456 superat
1373 401 1589 442 omnem
1643 401 1768 441 sen-
1794 387 1847 446 Α
1872 383 1897 422 ά
1928 386 1996 441 de
2017 386 2171 441 bonis
2203 385 2412 441 meritis
2442 385 2770 450 decidisset;
2804 386 2876 442 ita
2912 387 3297 446 oﬂ‘endieulum
3326 392 3464 448 inci-

163 492 285 534 sum
315 478 520 551 (Agga-i
549 494 609 546 ii,
634 476 746 550 ill).
772 477 900 534 Haec
923 488 1007 533 est
1037 494 1138 548 pax
1173 477 1400 551 (Philip.
1426 495 1501 545 iv,
1521 478 1576 550 7)
1600 493 1765 548 super

163 584 511 640 pacem,quie
539 569 758 625 dabitur
790 578 912 640 post
935 569 1146 626 tertiam
1160 572 1587 625 commotionem
1615 571 1762 636 coeli,

160 661 353 729 maris,
383 671 560 728 terrai,
587 661 818 727 deserti;
849 660 1067 733 quando
1096 662 1342 717 destruet
1386 678 1577 718 omnes
1605 662 1762 718 Pote-

162 759 334 807 states
361 761 414 808 et
443 751 810 815 Priucipatus.
845 750 1040 808 Ctelum
1064 752 1207 806 enim
1233 762 1278 807 et
1311 761 1449 806 terra
1471 753 1764 808 transibunt

160 841 378 912 (Hatria.
413 842 715 914 χειν,ι55),
746 851 806 897 et
833 843 1011 899 omnis
1040 844 1198 900 istius
1240 844 1428 900 mundi
1461 843 1663 916 ﬁgura:
1711 855 1764 901 et

158 935 534 1007 unusquisque
565 936 618 990 in
641 936 921 1009 romphaea
955 937 1200 1008 insurget
1225 939 1293 993 ad
1323 938 1548 994 fratrem
1576 954 1760 1006 suum,

155 1027 214 1084 id
235 1035 340 1094 est,
361 1027 529 1101 915
552 1028 720 1085 verbo
739 1039 1060 1100 penetrante
1090 1031 1357 1087 medullas
1379 1033 1573 1088 animae
1597 1033 1757 1104 (Heb.

156 1134 231 1186 iv,
265 1119 394 1191 li);
420 1130 479 1175 ut
509 1119 826 1176 destruatur
843 1121 1108 1192 quidquid
1128 1131 1214 1178 est
1239 1123 1573 1178 contrarium
1595 1165 1610 1185 ,
1639 1137 1763 1178 cur-

158 1226 256 1268 rus
296 1226 359 1267 ex
388 1209 662 1281 prrteni,
688 1222 743 1268 et
780 1229 953 1284 equus
983 1230 1046 1268 ex
1099 1214 1458 1281 Hierusalem,
1484 1227 1539 1270 ut
1560 1215 1764 1270 Zacha-

152 1307 266 1363 rias
306 1305 446 1361 dixit
471 1305 657 1376 (Zach.
691 1323 764 1373 ix,
794 1307 903 1380 10).
941 1308 1007 1362 Et
1035 1309 1114 1363 sic
1140 1309 1248 1363 erit
1289 1325 1392 1378 pax
1430 1325 1526 1378 per
1555 1310 1757 1374 omnia,

153 1399 321 1456 nullis
347 1398 739 1457 obsistentibus
773 1401 1023 1471 corporis
1053 1403 1400 1471 passionibus
1419 1445 1434 1468 ,
1461 1415 1552 1458 aut
1582 1407 1762 1459 incre-

149 1490 294 1548 dulzn
322 1492 520 1547 mentis
552 1491 981 1563 impedimentis;
1009 1502 1066 1547 ut
1097 1494 1190 1547 fiat
1211 1494 1264 1548 in
1287 1495 1540 1548 omnibus
1571 1496 1757 1550 omnia

153 1584 410 1641 Christus
429 1627 444 1651 ,
473 1585 696 1641 subdita
718 1585 864 1642 Patri
899 1587 1169 1643 exhibens
1195 1588 1359 1642 corda
1386 1590 1760 1645 universorum

157 1677 204 1750 (Ι
232 1677 355 1733 Cor.
386 1695 476 1746 xv,
505 1679 621 1750 28).

1867 477 2015 534 disse
2054 488 2403 547 peccatorum
2451 477 2666 550 ﬂagitiis
2689 521 2702 545 ,
2735 489 2792 533 ut
2847 480 2971 536 odia
3003 483 3373 551 contraheret,
3407 495 3463 540 et

1866 570 2275 641 inquinamento
2307 572 2626 641 impietatis,
2652 587 2714 627 ac
2737 574 2982 640 perﬁdia:
3009 575 3259 632 obsoleta
3283 577 3464 633 sordi-

1865 665 2001 730 bus,
2036 666 2333 721 miserabili
2375 675 2521 722 esset
2565 665 2889 735 despectui,
2938 669 3100 740 longe
3144 680 3347 726 mutata
3395 673 3466 727 ab

1863 758 2010 812 illius
2050 757 2280 828 Sponsae
2319 759 2520 829 gratia,
2565 775 2686 829 quae
2738 770 2865 816 ante
2915 775 3190 820 meruerat
3234 765 3462 820 audire:

1866 848 2138 919 Sponsabo
2169 863 2217 905 te
2251 851 2379 905 mihi
2415 852 2470 906 in
2519 852 2624 920 ﬁde
2654 861 2700 906 et
2747 855 2960 926 justitia
3007 865 3058 910 et
3105 857 3463 912 misericordia

1868 941 2016 1014 (Ose.
2045 959 2104 1008 ιι,
2140 943 2250 1015 i9).

1935 1037 1990 1090 2.
2032 1035 2142 1092 Nec
2174 1037 2449 1094 immerito
2484 1039 2854 1095 lamentabilis
2903 1044 3315 1112 pronuntiatur,
3343 1062 3464 1117 quae

1867 1136 2143 1183 tantorum
2185 1145 2471 1186 munerum
2505 1132 2767 1186 amiserat
2808 1134 3046 1202 pretium
3073 1176 3085 1197 ,
3117 1147 3171 1190 et
3201 1138 3461 1192 virtutum

1865 1220 2128 1276 dotalinin
2167 1233 2273 1277 tam
2324 1238 2490 1294 grave
2521 1225 2764 1279 subierat
2791 1225 3157 1296 dispendium,
3187 1239 3247 1284 ut
3275 1231 3324 1284 ei
3355 1231 3464 1286 vir—

1863 1315 2063 1384 ginalis
2105 1315 2350 1384 Sponsus
2399 1317 2724 1385 eriperetur.
2782 1317 2998 1375 Nostris
3066 1322 3210 1375 enim
3259 1324 3467 1377 meritis

1866 1407 2103 1464 Verbum
2154 1409 2249 1463 Dei
2283 1411 2442 1466 nobis
2487 1419 2582 1465 aut
2626 1412 2780 1475 vivit,
2809 1423 2902 1467 aut
2947 1416 3201 1479 moritur;
3255 1433 3374 1470 nam
3425 1423 3471 1474 si

1865 1503 2008 1558 bona
2032 1505 2208 1558 studia
2236 1515 2399 1576 atque
2432 1521 2595 1573 opera
2623 1516 2813 1562 nostra
2837 1509 2968 1573 sint,
2987 1509 3118 1562 vivit
3144 1520 3306 1580 atque
3337 1526 3469 1580 ope-

1865 1610 2014 1654 ratur
2042 1601 2094 1654 in
2121 1601 2277 1655 nobis
2310 1601 2402 1656 Dei
2427 1600 2664 1656 Verbum
2694 1620 2706 1655 :
2736 1605 2778 1656 si
2823 1605 3134 1660 tenebrosa:
3177 1605 3469 1675 cogitatio-

1865 1710 1964 1749 nes
2004 1696 2462 1765 operationes'tue
2511 1703 2715 1751 nostrae
2742 1698 2882 1764 sint,
2931 1698 3138 1754 occidit
3175 1700 3335 1754 nobis
3385 1701 3470 1755 sol

226 1771 320 1826 ίδο
361 1769 611 1864 υηάθᾉθι
657 1771 725 1828 ad
781 1773 957 1841 ipsum
1011 1773 1189 1828 50mm
1247 1776 1476 1845 πηγειίοθ
1523 1776 1758 1831 dieitur:
1791 1784 2322 1860 Bjiistitichllalac.
2359 1807 2434 1858 iv,
2475 1791 2557 1861 2).
2587 1792 2754 1864 915
2786 1791 2850 1844 Et
2893 1792 3018 1847 ideo
3060 1792 3469 1849 lamentandiim

153 1864 382 1919 Sumam
413 1875 482 1928 te,
508 1862 816 1932 Zorobabel,
841 1875 888 1919 et
933 1881 1124 1934 ponam
1146 1874 1194 1919 te
1219 1867 1350 1919 sicut
1401 1869 1726 1940 signaculum
1747 1886 1766 1934 ;

151 1959 281 2027 quia
322 1967 370 2011 te
391 1957 522 2028 elegi
543 1957 746 2030 (Aggwi
775 1974 834 2023 ii,
860 1957 978 2029 24).
1005 1959 1220 2014 Etenim
1253 1976 1374 2015 cum
1400 1961 1563 2016 fuerit
1589 1963 1768 2016 anima

152 2063 345 2107 nostra
388 2051 632 2121 paciﬁca,
664 2060 722 2106 ut
749 2051 962 2107 dicatur
982 2052 1074 2108 ei:
1108 2052 1435 2121 Convertere,
1477 2064 1769 2109 convertere

153 2142 452 2199 Suriamitis
501 2142 690 2216 (Cant.
721 2160 794 2211 vi,
829 2143 954 2216 12):
989 2145 1132 2215 quod
1165 2146 1443 2214 paciﬁcam
1476 2148 1763 2216 signiﬁcat,

154 2243 211 2291 et
241 2244 300 2290 ut
325 2244 418 2291 tiio
448 2235 669 2291 nomine
714 2246 836 2290 utar
865 2238 1145 2312 ii’pmizr'w;
1181 2249 1308 2292 tunc
1333 2238 1563 2308 accipiet
1607 2240 1658 2292 in
1706 2255 1766 2294 se

155 2325 301 2381 sicut
330 2327 674 2397 signaculum
699 2325 1008 2394 Christum;
1039 2328 1091 2383 id
1147 2338 1253 2396 est,
1307 2330 1601 2401 imaginem
1644 2330 1763 2397 Dei,

153 2433 214 2481 ut
233 2425 308 2480 sit
338 2425 406 2480 ad
434 2426 724 2497 imaginem
751 2443 766 2492 ;
801 2427 1058 2496 quoniam
1087 2427 1260 2497 qualis
1290 2428 1534 2492 ccclesiis,
1566 2428 1692 2481 tales
1719 2436 1766 2481 et

155 2521 382 2577 cielestes
408 2521 451 2591 (l
471 2519 593 2576 Cor.
622 2537 712 2583 xv,
745 2519 861 2591 48).
896 2519 966 2575 Et
993 2528 1214 2591 oportet
1244 2535 1346 2576 nos
1379 2529 1606 2591 portare
1633 2521 1766 2576 ima-

154 2616 333 2688 ginem
368 2616 633 2685 caalestis,
655 2617 708 2672 id
736 2624 845 2684 est,
873 2631 1083 2687 pacem.
1601 2661 1606 2664 .

228 2711 318 2767 16.
361 2710 542 2782 Atque
569 2717 630 2766 ut
657 2711 893 2766 sciamus
917 2725 1104 2766 verum
1130 2723 1274 2775 esse,
1298 2707 1468 2764 habes
1494 2707 1550 2763 in
1582 2707 1767 2763 Canti-

156 2801 257 2869 cis,
282 2802 335 2857 in
354 2802 554 2858 ultimo
580 2803 692 2874 jam
725 2801 983 2873 perfectae
1008 2803 1206 2857 animae
1233 2802 1362 2868 dici,
1391 2801 1536 2872 quod
1574 2811 1630 2857 et
1670 2801 1763 2856 tibi

158 2893 302 2951 dicat
329 2895 598 2950 Dominus
625 2894 814 2951 Jesus:
846 2894 992 2950 Pone
1013 2911 1094 2950 me
1120 2905 1177 2948 ut
1197 2895 1526 2966 signaculum
1556 2895 1612 2948 in
1649 2893 1768 2947 bra-

159 2985 334 3041 chium
385 2997 528 3041 tuum
553 2985 734 3059 (Cant.
763 3003 878 3054 vni,
914 2988 996 3058 6);
1031 2998 1088 3042 ut
1115 2987 1293 3043 luceat
1337 3003 1442 3058 pax
1491 2986 1546 3041 in
1595 2985 1767 3042 corde

175 3090 288 3150 tuo,
313 3092 373 3138 et
401 3081 454 3137 in
480 3082 737 3152 operibus
761 3081 870 3136 tuis
891 3081 1165 3148 Christus,
1195 3089 1252 3136 et
1291 3081 1560 3136 formetur
1610 3080 1666 3134 in
1715 3089 1766 3134 te

1873 1885 2128 1953 princepit
2150 1900 2250 1955 pro
2279 1900 2339 1940 ea
2366 1885 2568 1939 anima.
2599 1885 2729 1938 Nam
2766 1886 2907 1940 sicut
2945 1885 3053 1940 illis
3083 1888 3468 1956 gratulandum

1871 1985 1926 2031 et
1955 1977 2284 2046 epulandum
2319 1985 2433 2042 est,
2476 1991 2598 2032 cum
2629 1976 2827 2047 quibus
2862 1978 3108 2047 Sponsus
3136 1988 3254 2047 est;
3292 1981 3364 2034 ita
3391 1979 3468 2035 illi

1869 2069 2064 2123 animai
2086 2070 2404 2140 lugendum,
2439 2070 2525 2124 cui
2559 2070 2810 2138 Sponsus
2840 2069 3003 2125 fuerit
3041 2079 3262 2140 ereptus
3284 2113 3297 2136 ,
3328 2072 3475 2128 sicut

1868 2159 1936 2215 de
1956 2162 2218 2230 apostolis
2241 2162 2502 2230 scriptum
2531 2161 2689 2215 estin
2715 2162 3040 2232 Evangelia:
3071 2164 3326 2231 quoniam
3355 2180 3473 2218 cum

1868 2256 2136 2323 auferetur
2157 2253 2221 2306 ab
2251 2254 2321 2306 eis
2365 2253 2620 2322 Sponsus,
2656 2264 2774 2308 tunc
2795 2255 3114 2328 jejunabunt
3144 2257 3196 2310 in
3222 2258 3328 2312 illis
3361 2258 3473 2313 die-

1869 2345 1962 2398 bus
1986 2345 2200 2417 (Matth.
2232 2361 2310 2407 tx,
2340 2345 2453 2411 15).

1937 2437 1992 2492 5.
2036 2436 2182 2506 Ergo
2212 2447 2265 2491 et
2310 2438 2427 2493 haec
2473 2437 2654 2492 anima
2690 2439 2925 2494 habebat
2955 2450 3081 2497 ante
3128 2442 3374 2498 laetitiam
3423 2455 3477 2499 et

1866 2531 2313 2594 exsultationem,
2347 2545 2469 2584 cum
2497 2529 2727 2586 haberet
2751 2535 3049 2609 παρθενικὸν
3072 2534 3235 2610 λόγον.
3263 2535 3332 2591 Ει
3352 2536 3476 2592 ideo

1868 2638 1975 2678 non
1999 2623 2304 2693 jejunabal,
2333 2624 2456 2695 quia
2488 2624 2606 2681 dies
2633 2635 2792 2680 erant
2819 2627 3104 2696 epularum
3135 2640 3189 2685 et
3221 2628 3478 2687 refectio-

1865 2715 1986 2784 nis;
2022 2732 2144 2770 cum
2171 2717 2392 2772 adesset
2422 2715 2691 2786 Sponsus,
2729 2719 2992 2774 invehens
3034 2723 3232 2792 quibus
3263 2725 3472 2792 aderat,

1871 2819 1893 2846 ε
1924 2811 2189 2865 ubertatis
2210 2810 2543 2874 aiﬂuentias,
2571 2811 2813 2867 caelestis
2842 2813 3085 2869 alimenti
3125 2817 3332 2884 copias,
3361 2818 3472 2873 vini

1867 2903 2110 2974 rigatus,
2172 2918 2280 2973 quo
2341 2903 2504 2958 corda
2573 2902 2853 2959 hominum
2915 2905 3264 2961 lietilicantiir
3311 2926 3323 2961 :
3377 2909 3474 2963 sed

1869 2999 2221 3067 posteaquam
2266 2996 2537 3066 Sponsum
2580 2995 2738 3050 factis
2779 2996 2894 3052 suis
2937 2998 3143 3063 amisii,
3171 2999 3393 3070 jubetnr
3420 3003 3474 3056 in

1869 3088 2050 3142 cilicio
2100 3103 2261 3158 agere
2304 3087 2684 3156 paenitentiam
2734 3097 3082 3157 peccatorum
3121 3106 3367 3162 suorum,
3419 3106 3475 3150 et

160 3177 457 3244 sapientia.
497 3175 813 3246 Eliuslilia.
869 3183 925 3230 et
972 3174 1300 3246 redelnplio-
1341 3173 1516 3238 V818"
1549 3173 1647 3238 ﬁli.
1704 3181 1764 3227 θι
1788 3177 1834 3241 C
1867 3180 2072 3236 deﬂere
2103 3180 2488 3250 semetipsam;
2516 3181 2642 3251 quia
2673 3189 2921 3236 mortuus
2959 3191 3045 3239 est
3075 3195 3129 3238 et
3178 3187 3474 3244 cruciﬁxus

161 3285 262 3328 nos
285 3270 480 3342 dilige;
502 3270 628 3343 quia
655 3284 756 3326 nos
780 3279 832 3326 te
855 3267 1156 3340 diligimus.

647 3417 673 3444 ι
711 3405 1048 3463 EPISTOLA
1088 3403 1285 3461 XXXI.

167 3522 427 3592 Quaerenti
454 3521 668 3578 [menso
694 3538 820 3576 num
847 3538 930 3576 eos
954 3521 1041 3588 qui
1071 3519 1246 3573 statim
1275 3535 1306 3572 a
1329 3517 1551 3588 pueritia
1572 3558 1586 3582 ,
1617 3525 1665 3570 et
1685 3531 1769 3570 eos

235 3618 323 3688 qui
336 3618 453 3689 jam
479 3625 625 3672 (etate
653 3616 998 3689 provectiores
1026 3612 1365 3678 crediderint,
1396 3611 1600 3664 diversa
1643 3610 1766 3663 cha-

250 3710 408 3764 ritate
453 3707 594 3763 Deus
627 3709 848 3780 diligat;
898 3705 1175 3777 respondet
1220 3715 1428 3759 sanctus
1471 3701 1677 3757 Prtesul
1717 3703 1771 3755 in

236 3800 516 3871 Scriptura
541 3798 710 3853 Deum
733 3799 1050 3872 Synagogaz,
1074 3813 1189 3868 quin
1213 3797 1358 3868 prius
1375 3796 1547 3863 fidelis
1574 3795 1768 3863 fuerat,

240 3896 448 3966 lapsum
504 3893 768 3960 doluisse;
827 3900 1002 3962 postea
1052 3900 1224 3945 tamen
1273 3889 1577 3943 charitatem
1619 3902 1770 3941 suam

238 3989 564 4044 transtulisse
591 3989 662 4042 ad
691 3984 983 4041 Ecclesium
1006 4025 1022 4050 ,
1072 3993 1129 4036 ut
1162 3999 1252 4052 per
1281 3982 1413 4035 duas
1442 3996 1628 4034 uxores
1655 3977 1767 4032 Da-

237 4083 342 4148 vid,
373 4099 468 4138 nec
495 4098 598 4137 non
627 4078 826 4152 Moysis
852 4081 916 4134 de
938 4077 1154 4132 muliere
1174 4074 1379 4146 captiva
1407 4075 1583 4129 locum
1611 4071 1772 4145 signi-

239 4176 447 4244 ﬁcatur.

551 4270 858 4326 Ausuosws
894 4265 1112 4322 liii-amo
1141 4263 1397 4320 salutem.

179 4385 190 4399 ’
244 4406 294 4460 1.
337 4403 654 4461 Din‘erentia
705 4402 990 4458 charitatis
1040 4410 1221 4457 utrum
1267 4398 1340 4452 sit
1396 4394 1578 4483 aliqua
1625 4391 1795 4464 apud-

174 4500 371 4567 Deum,
414 4515 606 4558 eorum
632 4499 724 4569 qui
771 4514 800 4553 a
828 4497 1068 4568 pueritia
1109 4494 1468 4559 crediderint,
1495 4501 1770 4548 eteorum

1875 3287 1976 3343 pro
2023 3288 2087 3326 ea
2139 3272 2423 3339 Christus,
2469 3274 2560 3343 qui
2613 3282 2697 3328 est
2745 3277 3040 3348 παρθενικὸς
3084 3277 3230 3351 λόγος
3285 3279 3472 3351 (Psal.

1875 3379 1992 3431 cui,
2036 3366 2149 3434 15).

1943 3457 2001 3511 4.
2041 3457 2096 3511 Si
2129 3471 2159 3510 a
2201 3457 2375 3527 prima
2405 3464 2567 3511 aetate
2595 3458 2870 3522 convenit,
2907 3474 3009 3516 nec
3038 3462 3266 3518 alterius
3296 3466 3477 3524 anima

1875 3550 1989 3604 haec
2020 3548 2241 3604 videtur
2268 3558 2495 3618 experta
2535 3549 2824 3619 copulam;
2864 3552 2960 3606 sed
2992 3568 3022 3606 a
3063 3553 3330 3627 principio
3367 3559 3476 3614 viro

1871 3642 2106 3712 ginalem
2139 3641 2260 3695 fidei
2294 3657 2406 3696 sua:
2436 3641 2627 3698 ﬂorem
2670 3641 2892 3697 Chri~to
2921 3643 3144 3708 dicavit,
3179 3659 3342 3719 atque
3369 3651 3472 3723 ipsi

1873 3737 2064 3805 primis
2105 3735 2370 3790 fcederata
2397 3736 2615 3804 pietatis
2643 3736 2925 3806 mysteriis
2956 3753 3144 3794 sacros
3179 3741 3472 3811 juvencula

1871 3833 2050 3888 cultus
2089 3833 2336 3902 recepit;
2391 3831 2504 3898 ipsa
2554 3841 2638 3886 est
2683 3831 2979 3888 Israelitica
3019 3837 3199 3888 anima
3227 3835 3248 3875 ί
3273 3842 3474 3893 veteris

1873 3926 2142 3997 prosapiae
2176 3940 2241 3978 ex
2282 3939 2483 3995 genere
2520 3923 2980 3994 patriarcharum,
3007 3942 3128 3997 qua:
3155 3929 3198 3982 si
3240 3930 3468 3986 inoﬂen-

1871 4034 1988 4074 suni
2023 4018 2147 4073 lidei
2178 4027 2453 4072 servasset
2481 4016 2813 4071 curriculum
2835 4058 2849 4082 ,
2884 4019 3061 4088 magni
3103 4021 3284 4076 meriti
3330 4023 3473 4080 foret

1873 4113 2086 4183 Sponsa
2131 4110 2294 4166 Verbi
2334 4109 2645 4180 virginalis,
2688 4119 2961 4180 tamquam
2994 4111 3086 4165 illa
3128 4128 3248 4182 qua:
3272 4131 3470 4186 appre-

1872 4206 2066 4262 hendit
2086 4203 2374 4275 justitiam,
2398 4213 2452 4259 et
2472 4202 2718 4258 obviabit
2737 4202 2814 4256 illi
2836 4203 2993 4272 quasi
3018 4213 3214 4271 mater,
3239 4217 3295 4262 et
3315 4212 3470 4279 quasi

1872 4298 2070 4354 mulier
2098 4313 2126 4350 a
2154 4295 2466 4367 virginitate
2493 4293 2757 4364 suscipiet
2787 4295 2932 4349 illam
2966 4295 3136 4366 (Eccl.
3161 4313 3254 4365 xv,
3282 4299 3360 4370 2).

1943 4393 1996 4449 5.
2039 4394 2221 4448 Altera
2266 4405 2482 4461 quoque
2530 4400 2614 4445 est
2660 4390 2922 4460 acquisita
2969 4405 3037 4446 ex
3077 4393 3367 4463 gentibus,
3415 4405 3472 4453 et

1873 4495 2102 4554 utraque
2152 4485 2358 4555 Sponsa
2414 4484 2576 4538 unius
2625 4481 2829 4549 Verbi,
2883 4483 3028 4553 quod
3077 4495 3161 4540 est
3209 4504 3468 4560 maguum

173 4595 262 4666 qni
283 4594 583 4665 iuventutis
602 4592 630 4631 δ
661 4602 753 4646 ant
776 4588 1094 4661 posterioris
1123 4588 1304 4643 aetatis
1330 4601 1611 4659 processu,
1636 4601 1762 4656 pru-
1793 4572 1850 4634 D
1873 4578 2212 4651 mysterium.
2242 4575 2407 4647 quue
2431 4575 2526 4630 tibi
2552 4574 2958 4630 demonstratur
2988 4576 3040 4630 in
3066 4576 3208 4633 libro
3249 4578 3468 4652 Regna-

175 4684 363 4742 denter
389 4683 778 4755 requirendum
813 4681 1040 4752 putasti;
1068 4695 1190 4735 nam
1223 4680 1327 4734 hoc
1351 4693 1566 4749 quoque
1587 4677 1772 4748 Scrip-

176 4786 293 4834 tura
319 4780 506 4833 ilivina
532 4793 638 4833 non
674 4775 1058 4846 praetermisit,
1099 4788 1275 4844 neque
1324 4772 1586 4828 intactum
1644 4770 1773 4825 reli-

177 4873 310 4942 quit.
335 4871 614 4942 Siquidem
638 4870 904 4925 Dominns
927 4868 1070 4922 Deus
1101 4873 1286 4920 noster
1308 4863 1374 4918 ad
1397 4863 1514 4918 Joel
1535 4861 1771 4932 pronlie-

177 4971 282 5020 tam
312 4981 420 5020 non
445 4967 620 5021 otiose
649 4965 760 5019 ait:
791 4961 1100 5017 Lamentare
1125 4958 1193 5011 ad
1222 4973 1299 5012 me
1324 4971 1483 5024 super
1511 4954 1770 5025 Sponsam

183 5065 206 5094 °
236 5059 565 5126 prtecinctam
593 5073 741 5110 sacco
769 5057 823 5110 in
868 5055 1036 5109 uirum
1061 5054 1178 5124 ejus
1209 5047 1511 5120 virginalem
1564 5044 1708 5113 (Joel
1728 5062 1768 5114 i,

177 5145 257 5219 9),
311 5149 504 5206 dolens
549 5149 926 5221 Synagogam,
963 5159 1082 5214 quae
1127 5151 1288 5196 antea
1321 5138 1632 5209 virginitate
1673 5153 1767 5192 sua

180 5238 506 5312 desponsata
536 5243 631 5299 Dei
655 5241 835 5300 Verbo
863 5239 1039 5304 foret,
1070 5236 1157 5293 vel
1198 5234 1437 5290 animam
1473 5243 1625 5289 certe
1649 5248 1772 5304 quae

248 5387 273 5416 α
299 5378 514 5448 Scripta
543 5380 686 5435 circa
715 5396 840 5436 ann.
864 5377 991 5434 587.

244 5448 272 5488 1’
299 5447 457 5522 Boni.
501 5451 659 5515 edit.,
685 5463 774 5504 aut
804 5447 1133 5522 provectioris
1163 5447 1351 5522 (elatis.

249 5532 269 5558 ε
305 5521 434 5578 Mss.
464 5507 678 5592 aliquot
700 5564 714 5584 ,
746 5507 1078 5591 praecinctum
1105 5535 1166 5571 ac
1209 5507 1361 5590 super
1384 5517 1584 5583 virum;
1625 5514 1780 5581 edit.,

182 5593 521 5662 prtccinctam
541 5610 691 5647 sacco
719 5610 874 5660 super
899 5593 1084 5646 virum.

257 5657 284 5698 ἀ
313 5662 442 5718 Mss.
472 5665 741 5731 nonnulli,
766 5657 830 5719 de
858 5663 1004 5718 bonis
1033 5661 1240 5716 utentis.

264 5744 286 5770 ε’
317 5733 518 5790 Omnes
546 5736 676 5791 edit.
702 5730 756 5792 et
782 5749 914 5790 mss.
944 5731 1174 5802 aliquot,
1204 5732 1453 5804 ubertatis
1478 5730 1784 5804 afﬂuentiam

195 5804 411 5860 cariestis
439 5807 694 5875 alimenti,
720 5808 869 5879 copia
901 5804 1008 5860 vini
1035 5805 1270 5875 rigatus;
1301 5803 1394 5861 alii
1419 5819 1552 5860 mss.
1586 5813 1646 5860 ut
1686 5817 1787 5859 nos

362 5900 640 5966 Panos.
720 5900 868 5964 XVI
881 5942 895 5957 .

1872 4689 1990 4728 rum
2023 4671 2065 4743 (1
2101 4669 2228 4739 Reg.
2263 4685 2389 4733 xxv,
2415 4666 2545 4737 59);
2576 4667 2621 4721 si
2650 4667 2868 4736 quidem
2901 4667 3070 4724 David
3099 4669 3235 4726 duas
3264 4689 3471 4732 uxores

1872 4764 2060 4820 habuit
2103 4760 2402 4817 Ai-liinaaiii
2442 4759 2848 4826 Jezrahelitem,
2881 4769 2937 4814 et
2969 4761 3248 4833 Abigzeam
3279 4767 3469 4835 aequi-

1869 4859 2029 4912 sitam
2058 4855 2162 4910 sibi
2189 4861 2373 4922 postea
2399 4871 2411 4906 :
2438 4853 2584 4907 illam
2615 4853 2948 4924 rigidiorem,
2977 4855 3133 4910 istani
3160 4859 3472 4914 misericor-

1871 4953 1974 5008 diie
2005 4951 2221 5021 plenam
2253 4960 2308 5002 et
2334 4949 2541 5017 gratiae,
2580 4947 2906 5016 hospitalem
2938 4963 3004 5004 ac
3043 4950 3322 5004 liberalem
3353 4951 3473 5006 ani-

1877 5059 2055 5110 mam,
2100 5056 2219 5111 quin
2263 5041 2501 5095 revelata
2553 5038 2692 5094 facie
2738 5039 2954 5095 Patrem
3003 5040 3162 5105 vidit,
3196 5044 3474 5111 speculata

1878 5139 1996 5208 ejus
2033 5136 2292 5208 gloriam;
2343 5149 2463 5203 quae
2510 5134 2750 5204 suscepit
2779 5133 3021 5187 divinum
3052 5133 3202 5186 illuni
3233 5145 3474 5203 paterna:

1877 5231 2066 5304 gratia:
2103 5243 2309 5295 rorem,
2339 5235 2401 5282 ut
2429 5226 2594 5282 habet
2633 5227 2869 5282 nominis
2904 5227 3300 5295 interpretatio.
3336 5227 3478 5294 Quid

1890 5371 1943 5426 in
1979 5378 2146 5428 textu.
2180 5366 2370 5439 paucis
2400 5367 2663 5435 exceptis,
2703 5366 2754 5419 iii
2786 5363 2980 5439 quibus
3017 5361 3201 5439 halies,
3235 5364 3485 5422 ubertatis

1890 5435 2427 5513 aﬁliientiafctelestis
2472 5438 2891 5513 alinieiiti_c0pia
2929 5435 3038 5486 vini
3073 5435 3308 5504 rigatus;
3354 5439 3478 5493 cod.

1890 5506 2086 5581 Long,
2116 5514 2232 5565 vino
2254 5512 2470 5582 rigatus.
2504 5510 2612 5562 lloc
2636 5506 2878 5582 nltininiii
2905 5521 3013 5582 non
3033 5516 3164 5558 satis
3183 5518 3328 5578 apte,
3356 5525 3478 5565 cum

1889 5577 2087 5655 rigatus
2117 5585 2189 5638 sit
2217 5583 2269 5636 in
2297 5577 2489 5655 quarto
2515 5593 2642 5655 casu
2672 5591 2795 5655 pro,
2820 5577 3133 5655 rigatioiies.

1968 5654 1987 5693 ί
2024 5658 2138 5708 Duo
2161 5647 2567 5717 niss.,'ueritati's
2586 5647 2874 5722 prosapiaz;
2899 5647 3092 5722 melius
3115 5647 3483 5722 aliilotidcm,

1893 5727 2119 5782 veritatis
2146 5723 2428 5794 prosapia;
2456 5732 2613 5783 unus,
2647 5717 2852 5785 pietatis
2876 5719 3152 5790 prosapite.
3182 5719 3358 5779 Minus
3379 5717 3489 5782 elo;

1891 5808 2104 5870 ganter.

2859 5881 2937 5946 3h
