3996 6292
467 293 601 350 1071

1817 286 2062 346 SANCTI
2099 286 2424 347 AMBROSII

3624 293 3745 351 1072

545 415 598 470 6.
637 412 787 470 Unde
814 421 868 468 et
899 411 1120 484 quidam
1171 421 1380 466 natura:
1430 410 1666 482 perdicis
1719 411 1880 467 etiam
1925 409 2432 477 istudAodibilem
2467 451 2483 477 ,
2543 408 2770 466 alteram
2822 410 3151 475 amabilem;
3221 425 3331 466 non
3395 407 3744 480 perfunctorie

470 508 767 582 aptandum
799 515 1082 577 putarunt,
1123 520 1190 561 eo
1234 503 1378 576 quod
1409 502 1582 559 aliena
1614 502 1835 573 diripiat
1866 519 1987 571 ova,
2015 512 2071 560 et

469 603 654 660 foveat
701 616 800 656 suo
839 613 1092 669 corpore,
1123 606 1289 668 atque
1335 596 1438 652 hac
1495 611 1594 651 sua
1644 595 1831 652 fraude
1888 604 2069 666 partus

472 696 686 753 alienos
713 692 932 748 studeat
984 691 1292 761 acquirere.
1342 687 1448 745 Sed
1481 687 1502 761 (
1528 688 1670 758 quod
1701 688 1872 755 aiunt,
1899 697 1925 724 ἰ
1949 701 2071 744 cor-

471 789 580 846 nici
605 787 863 851 oculum;
915 784 1116 841 habent
1156 782 1300 838 enim
1351 792 1404 837 et
1452 781 1694 836 volatilia
1720 796 1846 837 suas
1871 780 2068 852 artes)

468 881 563 936 ubi
613 878 757 935 istud
787 876 1106 942 adverterit,
1132 874 1287 944 cujus
1338 883 1431 928 aut
1458 872 1669 944 singula
1698 887 1799 928 ova
1825 871 2064 944 direpta,

475 980 574 1028 aut
619 968 804 1026 cubile
854 967 1018 1023 fuerit
1063 967 1333 1033 invasum,
1381 974 1472 1020 aut
1516 964 1806 1020 sollicitata
1853 964 2068 1021 soboles

479 1064 508 1105 δ
532 1080 720 1122 errore
748 1061 1141 1127 similitudinis,
1196 1059 1398 1132 speciei
1443 1059 1790 1117 simulatione
1817 1059 2062 1131 decepta,

471 1161 578 1217 etsi
626 1158 894 1215 infirmior
947 1155 1172 1222 viribus,
1231 1155 1404 1210 induit
1456 1169 1515 1210 se
1543 1164 1707 1225 atque
1744 1162 1922 1210 armat
1947 1169 2069 1210 ver-

464 1253 606 1309 sutia
632 1269 647 1318 ;
680 1261 734 1306 et
761 1265 883 1306 cum
909 1249 1064 1305 labor
1090 1248 1270 1303 omnis
1295 1248 1576 1318 impensus
1601 1249 2064 1304 nutrimentorum

465 1344 786 1402 educantem
812 1342 1150 1409 exhauserit,
1203 1350 1369 1412 atque
1409 1340 1728 1397 adolescere
1784 1341 1918 1411 pulli
1959 1355 2070 1398 cm-

463 1435 667 1508 perint,
704 1446 830 1490 tunc
862 1449 1049 1490 vocem
1085 1431 1309 1500 emittit,
1335 1442 1390 1488 et
1416 1433 1648 1503 quadam
1675 1433 1895 1504 pietatis
1944 1434 2068 1488 tuba

471 1529 682 1600 prolem
711 1528 964 1584 advocat.
995 1528 1128 1595 Qua:
1156 1527 1392 1582 naturali
1438 1527 1670 1598 quodam
1703 1526 1889 1582 auditu
1917 1527 2071 1583 exci-

464 1631 577 1679 tata
627 1623 876 1694 agnoscit
928 1629 1235 1692 parentem,
1269 1631 1324 1676 et
1355 1621 1706 1678 simulantem
1730 1621 1956 1678 deserit.
1989 1622 2066 1677 Ita

463 1731 589 1773 cum
637 1717 754 1772 vult
779 1729 1110 1786 congregare
1141 1729 1263 1785 qua:
1292 1729 1400 1770 non
1434 1715 1668 1786 peperit,
1702 1714 1904 1770 amittit
1932 1730 2069 1785 quos

463 1810 790 1867 nutriendos
836 1810 1074 1881 putavit.
1318 1810 1324 1816 ‘

534 1904 590 1958 7.
614 1902 730 1958 Non
757 1902 1037 1972 superﬂuo
1064 1901 1228 1973 igitur
1251 1909 1307 1958 et
1329 1900 1489 1956 Jesus
1513 1901 1810 1964 clamavit;
1847 1910 1907 1957 ut
1934 1901 2061 1972 quia

463 1997 629 2054 totius
660 1995 851 2052 mundi
874 1995 1107 2067 populus
1129 2010 1263 2051 voce
1295 1995 1554 2065 perdicis,
1581 1995 1882 2060 blanditiis,
1916 2004 2058 2063 arte,

457 2090 648 2162 specie
699 2090 964 2160 deceptus
1009 2090 1078 2144 ab
1134 2099 1358 2145 auctore
1413 2089 1638 2160 praprio
1702 2088 2061 2155 deviaverat,

454 2180 699 2238 lubricas
730 2189 878 2237 artes
905 2189 1158 2247 secutus,
1183 2180 1295 2236 veri
1322 2180 1562 2250 parentis
1595 2195 1734 2236 voce
1777 2188 2063 2236 revocatus

454 2271 708 2328 fallacem
737 2271 1097 2343 relinqueret,
1150 2281 1320 2342 atque
1352 2271 1403 2326 in
1433 2269 1662 2327 dimidio
1692 2269 1908 2327 dierum
1945 2271 2064 2342 ejus

455 2363 864 2422 fraudulentum
906 2364 1213 2431 desereret,
1269 2364 1323 2420 id
1353 2375 1458 2431 est,
1521 2375 1647 2422 ante
1691 2366 1852 2436 hujus
1903 2367 2062 2423 ﬁnem

457 2458 674 2525 saeculi,
702 2458 789 2513 cui
820 2472 922 2512 nos
962 2458 1161 2526 eripuit
1217 2458 1480 2514 Dominus
1509 2458 1690 2527 lesus,
1723 2469 1779 2514 et
1807 2458 1872 2514 ad
1898 2461 2064 2515 vitam

465 2556 727 2605 aeternam
767 2547 1003 2602 vocavit.
1041 2547 1231 2618 Itaque
1263 2563 1405 2602 nunc
1467 2551 1666 2605 mortui
1724 2549 1949 2617 mundo,
1980 2551 2066 2606 vi-

463 2643 643 2700 vimus
698 2644 811 2699 Deo
836 2641 1033 2716 (Rom.
1065 2659 1137 2711 vi,
1166 2643 1200 2700 8
1232 2643 1274 2714 ).

539 2737 595 2792 8.
637 2733 775 2790 Cum
821 2736 987 2807 igitur
1038 2734 1227 2805 perdix
1269 2734 1373 2791 iste
1403 2737 1619 2807 penitus
1666 2753 1695 2793 a
1748 2737 1898 2793 falsis
1937 2738 2067 2794 ﬁliis

464 2828 768 2886 derelictus
798 2827 986 2892 fuerit,
1021 2837 1146 2882 tunc
1176 2828 1282 2883 erit
1307 2829 1506 2884 stultus
1535 2829 1648 2896 ille,
1690 2845 1852 2900 quem
1898 2830 2068 2901 elegit

460 2922 643 2990 Deus,
673 2931 726 2977 et
755 2922 1057 2993 sapientem
1084 2920 1356 2987 confudit,
1382 2923 1596 2988 salvus;
1639 2925 1898 2994 quoniam
1944 2940 2066 2996 qua:

457 3015 628 3070 stulta
665 3023 792 3070 sunt
821 3013 1034 3080 mundi,
1069 3013 1234 3085 elegit
1257 3013 1418 3069 Deus.
1469 3014 1709 3086 Ideoque
1740 3017 1786 3072 si
1829 3018 1952 3088 quis
1981 3017 2063 3072 vi-

458 3107 618 3164 detur
643 3109 863 3178 sapiens
907 3121 1031 3164 esse
1067 3108 1120 3161 in
1148 3107 1254 3162 hnc
1275 3108 1498 3174 saeculo,
1523 3109 1721 3164 stultus
1746 3109 1860 3176 ﬁat,
1894 3119 1954 3164 ut
1993 3110 2065 3165 sit

2172 511 2354 559 motus
2399 501 2625 568 videris,
2683 517 2752 558 ne
2806 501 2946 558 forte
2991 503 3128 559 duas
3164 503 3376 558 animas
3438 503 3602 558 istum
3653 502 3743 558 sibi

2171 596 2469 652 adscivisse
2493 595 2689 667 aliquis
2716 595 3022 667 intelligat:
3066 595 3210 668 quod
3252 595 3373 652 ﬁeri
3423 609 3743 667 nequaquam

2171 695 2370 758 potest.

2240 778 2297 834 2.
2346 777 2549 835 Verum
2580 778 2696 850 ipse
2729 796 2834 836 non
2862 780 3080 851 ignoras
3109 781 3252 853 quod
3276 780 3553 838 interdum
3582 781 3743 852 Scrip-

2173 879 2294 926 tura
2323 885 2446 926 cum
2486 871 2800 943 allegoriam
2831 873 2985 941 dicit,
3018 873 3124 930 alia
3180 873 3248 930 ad
3303 875 3545 944 speciem
3593 873 3746 946 Syna-

2168 978 2343 1035 gngas,
2371 965 2476 1019 alia
2502 965 2571 1020 ad
2601 965 2860 1020 Ecclesiae
2883 966 3053 1022 refert
3087 985 3102 1022 :
3131 967 3233 1022 alia
3266 965 3336 1022 ad
3373 967 3635 1033 animam,
3657 966 3746 1022 alia

2168 1058 2236 1113 ad
2269 1057 2434 1114 Verbi
2464 1059 2804 1130 mysterium,
2833 1059 2939 1115 alia
2960 1060 3027 1115 ad
3051 1059 3299 1116 diversas
3319 1060 3532 1130 species
3557 1067 3614 1116 et
3635 1075 3748 1130 qus-

2170 1151 2350 1208 litates
2399 1153 2742 1208 animarum:
2775 1168 2899 1224 quae
2927 1153 3203 1218 discernit,
3233 1153 3324 1225 qui
3348 1153 3613 1224 diiudicat
3651 1153 3748 1224 spi-

2168 1243 2298 1301 ritu.
2329 1243 2485 1303 Unde
2523 1247 2774 1317 sequenti
2799 1247 3036 1316 capitulo
3058 1247 3216 1318 Legis
3241 1262 3349 1302 non
3371 1246 3510 1302 duas
3528 1246 3748 1312 animas,

2168 1339 2266 1395 sed
2305 1338 2552 1396 diversas
2573 1340 2861 1410 qualitates
2895 1340 3056 1396 unius
3098 1342 3296 1397 anima:
3339 1340 3749 1410 comprehensas

2168 1449 2290 1490 esse
2313 1433 2569 1490 arbitror.
2596 1434 2695 1490 Est
2721 1435 2863 1491 enim
2893 1435 3140 1492 amabilis
3160 1436 3357 1491 animae
3385 1435 3622 1507 species,
3648 1451 3749 1504 qua

2169 1528 2509 1598 concupiscit
2533 1527 2860 1598 voluptaria,
2884 1543 3006 1598 qua:
3037 1527 3277 1584 laborem
3294 1527 3454 1599 fugit,
3479 1542 3748 1598 compunc-

2168 1621 2370 1677 tionem
2409 1619 2684 1686 declinat,
2725 1619 2988 1691 judicium
3015 1620 3112 1676 Dei
3145 1621 3388 1692 negligit.
3415 1619 3544 1676 Ideo
3570 1619 3753 1675 amabi-

2168 1715 2259 1782 lis,
2309 1713 2434 1784 quia
2482 1713 2656 1770 dulcis
2699 1722 2756 1769 et
2783 1714 2965 1771 suavis
3002 1713 3071 1770 ad
3110 1723 3327 1785 tempus
3376 1713 3614 1780 videtur,
3650 1729 3753 1784 quae

2092 1801 2142 1862 B
2171 1816 2410 1862 mentem
2442 1820 2548 1860 non
2578 1805 2809 1873 afﬁciat,
2837 1805 2934 1862 sed
2954 1805 3212 1862 oblectet.
3242 1810 3312 1861 At
3334 1805 3426 1861 illa
3455 1805 3626 1862 altera
3647 1805 3752 1862 trise

2167 1896 2296 1962 tior,
2329 1913 2452 1968 quae
2497 1897 2618 1954 zelo
2657 1897 2752 1952 Dei
2803 1897 3144 1964 conﬁciatur,
3194 1898 3336 1953 sicut
3385 1911 3524 1952 uxor
3581 1911 3751 1953 severs

2162 1993 2393 2049 scortari
2443 2007 2754 2063 comparem
2785 2007 2940 2048 suum
2961 1992 3120 2058 nolit,
3152 2008 3255 2048 non
3281 1991 3541 2063 patiatur,
3569 2007 3670 2048 non
3691 1990 3754 2048 si-

2165 2093 2279 2152 nat,
2329 2084 2465 2140 nihil
2495 2083 2776 2155 indulgeat
2801 2083 3041 2156 corpori,
3065 2083 3195 2139 nihil
3220 2083 3486 2155 voluptati
3514 2094 3568 2140 et
3593 2084 3752 2139 delec-

2163 2180 2359 2237 tationi
2399 2179 2643 2247 relaxet,
2667 2178 2880 2235 abdicet
2903 2179 3115 2235 occulta
3153 2177 3445 2235 dedecoris
3467 2219 3483 2245 ,
3530 2177 3659 2234 dura
3683 2177 3750 2233 la-

2165 2274 2360 2330 borum
2405 2281 2684 2344 sequatur,
2717 2273 2899 2344 gravia
2927 2272 3318 2344 periculorum.

2237 2368 2292 2422 5.
2328 2367 2385 2424 Si
2441 2367 2605 2438 igitur
2636 2366 2948 2437 pepererint
2976 2365 3026 2422 ei
3052 2367 3252 2430 ambae,
3288 2381 3398 2421 non
3430 2365 3653 2436 poterit,
3680 2367 3751 2422 in-

2169 2461 2307 2533 quit,
2336 2460 2668 2532 primitivum
2697 2460 2865 2516 ﬁlium
2887 2457 3142 2516 amabilis
3163 2461 3216 2516 in
3245 2459 3586 2518 haereditatis
3614 2461 3752 2517 insti-

2169 2555 2379 2611 tutione
2416 2569 2738 2625 praeponere
2767 2553 3048 2625 primitivo
3075 2554 3189 2612 ﬁlio
3217 2555 3469 2622 odibilis;
3491 2572 3613 2612 cum
3636 2559 3754 2612 sciat

2167 2646 2388 2726 odibilis
2447 2646 2614 2701 ﬁlium
2666 2646 2995 2717 primitivum
3044 2661 3186 2704 esse.
3241 2647 3301 2704 In
3357 2663 3468 2720 quo
3509 2664 3616 2704 non
3659 2659 3751 2704 ta

2169 2739 2540 2811 prmlationem
2589 2738 2912 2810 simpliciter
2941 2738 3235 2810 signiﬁcari
3267 2748 3421 2810 puto,
3444 2742 3602 2812 quasi
3626 2742 3753 2797 inter

2170 2830 2481 2903 primitivos
2509 2830 2666 2896 duos,
2693 2846 2853 2902 quam
2879 2831 3299 2903 expressionem
3327 2832 3508 2888 solum
3553 2832 3753 2888 odibilis

2169 2921 2340 2978 ﬁlium
2394 2922 2652 2994 primitivi
2701 2921 2904 2978 habere
2959 2923 3402 2994 praerogativam.
3454 2923 3752 2980 Primitivus

2169 3016 2315 3072 enim
2374 3016 2768 3087 primogenitus
2817 3024 2926 3083 est,
2978 3017 3153 3073 sancti
3203 3026 3388 3075 autem
3428 3018 3752 3090 primogeniti

2171 3120 2302 3167 sunt
2322 3129 2337 3177 ;
2365 3110 2491 3182 quia
2518 3112 2686 3166 omnis
2702 3111 2967 3165 masculus
2991 3111 3297 3184 adaperiens
3314 3114 3548 3178 vulvam,
3566 3121 3747 3167 sanctus

454 3204 674 3274 sapiens
706 3205 723 3274 ζ
749 3203 770 3258 1
792 3201 914 3258 Cor.
958 3217 996 3267 ι,
1028 3201 1098 3255 9.7
1121 3200 1163 3273 ).
1197 3201 1327 3256 Vale
1347 3241 1362 3267 ,
1393 3201 1492 3268 ﬁli,
1519 3214 1574 3258 et
1617 3219 1716 3258 nos
1756 3202 1945 3275 dilige,
2002 3213 2060 3260 ut
2086 3196 2132 3262 C
2167 3204 2392 3261 Domino
2419 3205 2691 3261 vocabitur
2717 3206 2735 3277 (
2772 3202 2946 3259 Exod.
2970 3219 3089 3269 xm,
3134 3205 3206 3271 2;
3234 3203 3368 3260 Luc.
3399 3221 3463 3274 ιι,
3488 3205 3560 3261 ‘25
3581 3206 3618 3276 ).
3643 3204 3750 3260 Non

459 3296 630 3363 facis;
693 3297 946 3368 quoniam
989 3310 1091 3350 nos
1122 3303 1176 3350 te
1213 3294 1509 3364 diligimus.

899 3402 921 3429 ε
975 3387 1313 3445 EPISTOLA
1353 3387 1598 3444 XXXIII.

459 3485 679 3541 lassas!)
701 3485 867 3539 vereri
890 3499 945 3538 se
974 3499 1035 3537 ne
1074 3482 1188 3552 quis
1216 3498 1278 3536 ex
1310 3482 1422 3536 loco
1453 3482 1747 3554 Scriptura:
1775 3483 1838 3538 de
1865 3485 2066 3540 duabus

538 3577 786 3633 uxoribus
811 3576 942 3630 duas
962 3575 1016 3628 in
1045 3573 1225 3628 eodem
1258 3574 1468 3630 homine
1515 3574 1717 3630 animas
1765 3593 1874 3632 esse
1920 3577 2064 3631 arbi-

539 3679 721 3732 tretur,
752 3666 1113 3738 signiﬁcanti;
1159 3664 1333 3720 scribit
1378 3666 1550 3720 varias
1601 3665 1790 3720 ibidem
1844 3665 2070 3721 indicari

541 3762 730 3817 animae
753 3760 1030 3831 qualitates
1056 3776 1075 3826 ;
1101 3759 1154 3812 in
1195 3759 1411 3812 amabili
1459 3759 1596 3814 enim
1639 3761 1868 3818 animam
1889 3760 2070 3834 volup-

547 3856 640 3910 tati
691 3853 922 3909 deditam
964 3850 1286 3919 adumbrari,
1314 3851 1367 3906 in
1398 3851 1580 3905 odibili
1632 3867 1749 3906 vero
1794 3853 2070 3908 severiores

543 3950 759 4006 virtutes
788 3957 1206 4002 consectantem:
1236 3945 1397 4019 hujus
1447 3957 1621 4001 autem
1665 3948 1818 4003 unius
1880 3949 2073 4020 primo-

541 4045 738 4116 genitos
777 4059 886 4098 esse
941 4058 1059 4096 cum
1108 4058 1171 4096 ex
1200 4040 1365 4096 altero
1391 4041 1526 4108 loco,
1567 4051 1673 4096 tum
1707 4059 1770 4098 ea:
1812 4059 1871 4099 eo
1917 4045 2070 4099 etiam

540 4141 629 4210 qui
653 4139 751 4210 fuit
778 4137 1100 4208 propositus,
1146 4133 1391 4205 intelligi.

857 4232 1162 4286 Alannsws
1201 4228 1420 4284 lanugo
1450 4230 1708 4286 salutem.

545 4329 596 4382 l.
630 4325 658 4364 ἀ
704 4325 998 4395 Superiore
1028 4324 1257 4396 epistola
1287 4324 1608 4395 scripsimus
1639 4325 1974 4381 liberandam
2003 4327 2072 4384 ab

473 4417 804 4475 adversariis
832 4417 1067 4472 animam
1095 4427 1361 4483 nostram,
1404 4427 1461 4473 et
1490 4432 1613 4473 cum
1655 4432 1718 4473 ea
1749 4418 2071 4475 indissociao

475 4513 604 4568 bilis
650 4510 780 4565 vitae
822 4509 1161 4565 subeundum
1193 4509 1547 4566 consortium.
1607 4509 1674 4564 Et
1722 4510 1845 4580 quia
1891 4525 2074 4567 sermo

2174 3307 2354 3354 tamen
2377 3298 2558 3354 omnis
2584 3299 2981 3372 primogenitus
3006 3307 3263 3366 sanctus;
3291 3314 3404 3356 non
3431 3301 3580 3356 enim
3610 3313 3750 3356 sanc-

2172 3401 2260 3448 tus
2279 3389 2445 3458 Esau,
2467 3391 2561 3463 qui
2588 3391 2772 3464 utique
2794 3393 3209 3464 priniogenitus.

2241 3483 2298 3537 4.
2338 3484 2522 3540 Sancti
2553 3493 2734 3540 autem
2765 3485 3112 3557 primogeniti
3142 3495 3305 3552 sunt;
3337 3485 3580 3558 denique
3607 3486 3754 3543 habes

2171 3576 2228 3633 in
2276 3577 2619 3634 Numerisze
2651 3576 2790 3634 Ecce
2838 3581 2937 3635 tuli
2993 3581 3172 3635 levitas
3225 3581 3288 3637 de
3340 3582 3519 3637 medio
3546 3582 3755 3652 ﬁliorum

2173 3670 2453 3740 Israelpro
2478 3673 2617 3727 omni
2641 3675 3000 3746 primogenita,
3030 3675 3119 3745 qui
3138 3675 3304 3744 aperit
3325 3675 3558 3741 vulvam,
3589 3693 3622 3730 a
3647 3675 3754 3745 ﬁliis

2172 3764 2364 3820 Israel.
2397 3764 2534 3818 Mihi
2563 3765 2702 3819 enim
2726 3765 2780 3819 in
2809 3781 2911 3838 quo
2940 3766 3025 3820 die
3052 3767 3284 3837 percussi
3324 3783 3477 3823 omne
3511 3769 3753 3838 primoge-

2174 3856 2599 3929 nitunuEgypti,
2629 3859 2953 3929 sanctiﬁcavi
2981 3876 3131 3914 annue
3171 3860 3578 3934 primogenitum
3608 3859 3753 3917 Israel

2175 3949 2383 4020 (Num.
2411 3965 2490 4014 ιιι,
2522 3949 2654 4027 l3).
2687 3950 2828 4020 Ergo
2874 3951 3073 4007 levitas
3123 3967 3222 4022 pro
3267 3954 3648 4026 primogenitis
3677 3967 3752 4008 ac»

2173 4043 2344 4113 cepit,
2391 4043 2544 4114 quasi
2584 4052 2845 4112 sanctos;
2905 4055 3124 4101 sanctos
3179 4046 3326 4101 enim
3385 4048 3754 4121 primogenitos

2174 4150 2296 4192 esse
2325 4135 2708 4205 cognoscimus
2736 4150 2803 4192 ex
2835 4136 3062 4208 epistola
3084 4137 3151 4192 ad
3179 4136 3445 4194 Hebraeos
3468 4139 3684 4208 scripta,
3707 4139 3750 4192 in

2173 4245 2277 4300 qua
2309 4229 2610 4285 habemus:
2644 4230 2754 4286 Sed
2804 4232 3258 4304 appropinquastis
3300 4231 3436 4289 Sion
3491 4233 3668 4299 monti,
3712 4241 3751 4286 α

2175 4324 2372 4379 civitati
2411 4322 2758 4390 Hierusalem,
2791 4333 2837 4380 et
2865 4325 3040 4381 decem
3077 4326 3307 4382 millibus
3350 4329 3684 4401 angelorum;
3715 4332 3752 4379 et

2177 4417 2430 4473 Ecclesiae
2482 4417 2861 4488 primitivorum
2917 4417 3125 4492 (Hebr.
3156 4436 3250 4487 xu,
3283 4420 3356 4474 22
3383 4420 3425 4490 ).
3472 4421 3615 4492 Ergo
3639 4419 3751 4476 sicut

2178 4511 2530 4584 primogeniti
2560 4510 2829 4567 Ecclesia:
2858 4513 3057 4579 sancti,
3085 4514 3166 4568 sic
3195 4521 3251 4569 et
3268 4514 3449 4569 levita:
3473 4532 3489 4582 ;
3525 4512 3745 4585 quoniam

475 4607 583 4664 istc
612 4603 771 4661 nobis
797 4603 866 4660 de
908 4603 1333 4660 Deuteronomio
1357 4603 1376 4675 (
1400 4601 1552 4659 Deut.
1580 4619 1694 4670 xxi,
1744 4603 1853 4674 16)
1884 4619 2072 4662 exem-
2097 4597 2151 4658 D
2179 4602 2281 4674 ipsi
2319 4617 2538 4674 quoque
2568 4603 2935 4675 primogeniti.
2970 4604 3088 4660 Non
3117 4606 3261 4662 enim
3293 4607 3556 4662 nascendi
3578 4605 3747 4660 ordino

472 4699 624 4771 plum
654 4695 951 4766 assumpsit
973 4695 1295 4751 assertionis
1322 4710 1457 4762 suae,
1488 4712 1594 4766 quo
1625 4696 1730 4752 loci
1763 4695 2069 4768 subjectum

475 4803 560 4850 est
583 4790 750 4866 920
773 4788 842 4846 de
868 4788 1011 4856 viro,
1055 4790 1144 4861 qui
1192 4789 1326 4845 duas
1357 4804 1556 4847 uxores
1603 4790 1859 4860 habebat,
1907 4808 2070 4849 unam

549 4967 576 4997 ι
607 4954 778 5018 Edit.,
805 4951 1026 5007 cornicis
1079 4950 1335 5014 oculum;
1387 4964 1543 5011 mss.,
1602 4950 1796 5004 cornici
1841 4952 2070 5017 oculum,

478 5026 753 5104 quomodo
782 5025 948 5104 etiam
966 5020 1182 5077 Tullius
1211 5030 1348 5104 orat.
1384 5036 1482 5104 pro
1511 5020 1572 5076 L.
1603 5021 1814 5104 Flacco.
1845 5021 2075 5104 Videtur

479 5091 667 5159 autem
697 5093 1017 5152 Ambrosius
1049 5091 1398 5160 proverbium
1422 5091 1701 5160 Graecum,
1735 5092 1803 5148 de
1829 5109 1942 5165 quo
1963 5094 2075 5150 Ma-

484 5172 705 5230 crobius
735 5168 828 5223 lib.
854 5181 925 5220 vn
972 5165 1193 5218 Saturn.
1251 5165 1519 5229 meminit,
1564 5165 1792 5219 innuere
1822 5164 2081 5230 {scilicet

485 5244 677 5302 cornix
706 5238 909 5295 cornici
938 5236 1152 5291 oculum
1182 5232 1393 5298 effodit,
1427 5235 1478 5287 id
1507 5244 1610 5300 est,
1645 5235 1874 5290 callidus
1894 5235 2079 5291 eallidi
2179 5241 2386 5288 tantum
2415 5233 2745 5302 penultima;
2775 5249 2898 5289 cum
2926 5234 3073 5290 illam
3093 5232 3252 5292 'inter
3293 5246 3350 5294 et
3379 5232 3497 5292 eam

2177 4696 2374 4764 sancti,
2399 4697 2495 4752 sed
2518 4698 2968 4756 sanctiﬁcationis
3006 4715 3232 4756 munere
3256 4717 3272 4766 ;
3305 4698 3442 4757 Levi
3491 4701 3633 4758 enim
3661 4710 3752 4755 ter-

2179 4789 2286 4846 tius
2304 4787 2449 4844 ﬁlius
2480 4788 2582 4844 fuit
2598 4788 2729 4859 Line,
2756 4805 2864 4847 non
2889 4791 3096 4863 primus
3111 4792 3466 4866 utiquc(Gen.
3491 4791 3748 4864 arma).

2175 4947 2507 5091 gﬁtlftione
2551 4949 2783 5020 decepta.
2839 4948 2972 5018 Quae
3021 4948 3242 5021 quidem
3269 4950 3463 5021 _|ectio
3515 4967 3618 5009 non
3658 4951 3750 5008 dis-

2238 5036 2251 5074 ι
2350 5059 2363 5072 .

2238 5036 2363 5074 ιεθι.

2256 5102 2278 5161 ς
2309 5089 2521 5161 Scripta
2559 5091 2701 5146 circa
2734 5106 2860 5148 ann.
2906 5091 3032 5148 387.

2251 5159 2279 5198 ά
2312 5159 2593 5227 Superiore
2644 5162 2864 5232 epistola
2904 5177 3012 5218 non
3059 5165 3263 5238 ἀμὶσως
3317 5166 3621 5237 superiore,
3666 5164 3746 5220 sed

2251 5242 2386 5287 itum
2415 5233 2745 5293 penultima;
2775 5249 2898 5289 cum
2926 5234 3073 5290 illam
3108 5239 3252 5292 inter
3293 5246 3350 5293 et
3379 5255 3497 5292 eam
3536 5253 3652 5293 aute
3675 5236 3750 5292 hic

485 5323 682 5374 artem,
709 5325 814 5380 qua
842 5305 1215 5380 emitr-andem
1242 5305 1419 5380 facere
1451 5306 1798 5380 moliebatur,
1828 5308 2082 5362 astutiori
2183 5304 2395 5372 incipit.
2419 5303 2522 5358 alia
2539 5303 2786 5361 videatur
2808 5304 2981 5362 fuisse
3006 5307 3320 5378 interiecta,
3343 5318 3406 5365 ut
3428 5309 3483 5366 in
3497 5303 3747 5366 Adnionil.

485 5397 604 5443 arte
661 5375 887 5438 deludit.
945 5375 1082 5433 Vide
1119 5376 1290 5448 Adag.
1323 5376 1477 5432 Eras.
1536 5375 1668 5432 chil.
1728 5378 1779 5443 l,
1829 5389 1974 5435 cent.
2022 5381 2078 5445 ὅ,
2185 5387 2462 5448 ostensum
2494 5385 2597 5448 est.

483 5472 642 5529 prov.
697 5454 787 5509 75.
1242 5445 1260 5448 ⁷

2261 5448 2286 5477 °
2330 5445 2483 5529 [hinc
2515 5445 2693 5529 locum
2724 5449 2886 5505 etiam
2921 5448 2973 5504 in
3031 5449 3126 5506 lib.
3167 5466 3205 5506 ιι
3249 5449 3321 5529 de
3345 5450 3476 5529 Cain
3519 5463 3574 5510 et
3610 5448 3748 5517 Abel.

2183 5532 2303 5592 cap.
2350 5517 2601 5592 Ennium.
2653 5520 2708 5586 7,
2761 5529 3048 5592 tractatum
3097 5522 3366 5592 reperies.
3417 5523 3599 5582 Utrum
3640 5539 3752 5579 vero

2183 5589 2249 5663 ad
2277 5604 2404 5663 eum
2433 5589 2646 5663 librum,
2702 5607 2770 5645 an
2829 5591 2898 5647 ad
2943 5591 3080 5648 hanc
3115 5589 3403 5663 epistolam
3452 5596 3753 5652 Ambrosius

2181 5659 2250 5714 de
2305 5660 2494 5716 eodem
2551 5660 2910 5718 Numerorum
2959 5664 3077 5720 loco
3107 5659 3164 5720 in
3196 5665 3336 5722 libro
3377 5667 3447 5723 de
3490 5665 3750 5724 Benedict.

2179 5730 2483 5815 Patriarch.
2537 5733 2840 5815 disserens,
2889 5736 3151 5792 lectorem
3202 5738 3496 5804 remiserit,
3554 5739 3608 5794 in
3657 5736 3754 5793 Ad-

2181 5804 2372 5860 monit.
2402 5804 2849 5863 examinavimus.

555 5594 584 5633 ι)
609 5594 686 5648 lta
712 5589 868 5644 Eras.
894 5596 951 5644 et
976 5601 1089 5656 seq.
1111 5587 1243 5642 edit.
1267 5601 1388 5642 cum
1421 5601 1550 5642 mss.
1582 5585 1788 5654 aliquot
1813 5602 1828 5644 :
1858 5587 2080 5643 Amerb.

488 5673 670 5720 autem
689 5676 810 5715 cum
834 5659 954 5714 aliis
977 5658 1278 5722 nonnullis,
1293 5659 1486 5713 erroris
1507 5658 1869 5723 similitudine,
1895 5660 2082 5725 speciei
2107 5689 2110 5693 -

489 5732 848 5790 simulatione:
872 5730 1200 5801 Colb._unus
1225 5730 1396 5794 specie
1419 5730 1786 5794 simulationis,
1817 5732 2028 5801 decepta
2059 5747 2079 5791 :

493 5804 642 5870 Prat.
705 5815 857 5870 vero,
914 5807 970 5855 et
1019 5798 1200 5865 Gem.,
1232 5802 1414 5868 errori,
1465 5801 1822 5870 similitudine,
1888 5798 2074 5872 specie,
