3996 6292
259 310 398 369 i073

1458 316 1944 377 EPISTOLABUM
1983 316 2266 378 CLASSIS
2307 322 2346 376 Ι.

3408 319 3547 378 1074

329 425 382 479 5.
413 424 516 495 Qui
560 434 743 484 autem
789 427 1176 493 sanctiﬁcatur,
1228 429 1346 499 ipse
1393 429 1568 500 aperit
1608 429 1844 485 vulvam.
1875 433 1931 493 Α
1952 431 2246 489 conferens
2268 433 2582 504 patrimonii
2609 450 2622 487 :
2649 432 2759 488 lilio
2784 443 2966 490 autem
2988 433 3168 491 Sarrae
3188 435 3351 506 dupla
3371 434 3547 501 dedit,

257 517 428 586 Quam
463 519 720 577 vulvam?
747 520 884 576 Audi
931 522 1204 578 dicentem
1239 541 1252 577 :
1307 522 1628 578 Erraverunt
1666 539 1848 594 pecca-

256 621 390 666 tores
413 611 476 666 ab
505 623 650 669 utero
681 613 701 688 (
726 613 875 670 Paul.
905 631 1032 684 Lvrt,
1073 614 1108 670 4
1132 615 1174 687 ).
1208 615 1344 686 Quia
1388 617 1702 674 intellexisti
1735 618 1846 689 pri-

254 705 612 778 mogenitum,
669 708 758 779 qui
789 709 965 780 aperit
1018 709 1274 776 vulvam;
1331 710 1578 782 intellige
1631 721 1844 768 uterum

253 795 410 854 bona
429 800 640 867 matris,
688 815 852 872 aquo
881 816 988 856 non
1018 810 1206 857 errant
1257 803 1455 870 sancti,
1509 803 1605 859 sed
1655 819 1845 873 pecca-

253 899 416 948 tores.
444 891 645 949 Levita
673 902 852 950 autem
885 893 1206 951 auferuntur
1223 895 1293 952 de
1322 896 1500 951 medio
1549 897 1712 970 921
1763 897 1842 953 ls-

252 988 363 1044 rael
387 1004 402 1054 ;
433 989 558 1060 quia
586 988 721 1045 nihil
745 989 944 1046 habent
966 1005 1258 1048 commune
1286 1005 1408 1046 cum
1434 991 1656 1061 p0pulo,
1683 992 1838 1062 cujus

251 1081 607 1153 primogenita
670 1082 954 1138 sacularia
1017 1083 1396 1139 destruuntur.
1471 1082 1840 1152 Primogenita

250 1175 392 1229 enim
423 1174 607 1230 sa‘culi
634 1174 860 1231 alterius
883 1177 1076 1230 matris
1101 1184 1250 1242 sunt,
1279 1192 1309 1230 a
1340 1175 1495 1246 cujus
1549 1185 1702 1230 utero
1751 1190 1838 1230 se-

248 1275 502 1336 gregatus
532 1265 732 1322 Paulus
760 1276 866 1334 est,
901 1282 1022 1323 cum
1056 1267 1122 1323 ad
1163 1269 1392 1340 gratiam
1435 1276 1722 1323 vocaretur
1746 1267 1842 1323 Dei

249 1357 460 1431 (Galat.
494 1375 535 1426 ι,
571 1360 703 1433 15).
735 1360 798 1416 Et
831 1359 956 1417 ideo
977 1361 1047 1417 de
1074 1361 1252 1417 medio
1283 1362 1467 1432 populi
1506 1370 1838 1432 segregatus,

248 1450 486 1508 Verbum
513 1453 744 1525 recepit,
764 1454 910 1526 quod
956 1464 1038 1511 est
1062 1455 1298 1510 medium
1329 1456 1382 1510 in
1426 1455 1593 1512 corde
1627 1462 1839 1511 nostro.

249 1541 399 1600 Unde
421 1552 477 1600 et
504 1544 638 1601 illud
663 1545 867 1602 dictum
887 1555 971 1602 est
996 1563 1008 1601 :
1039 1545 1250 1602 Medius
1271 1561 1447 1603 autem
1464 1556 1687 1602 uestrum
1711 1555 1835 1612 stat,

244 1650 396 1704 quem
421 1652 506 1691 vos
532 1653 636 1692 non
662 1637 846 1691 videtis
869 1635 1065 1710 (loan.
1101 1653 1137 1703 ι,
1185 1637 1254 1694 26
1277 1635 1322 1710 ).

316 1729 372 1783 6.
411 1727 530 1785 Non
569 1730 779 1787 otiosus
827 1732 1008 1800 itaque
1067 1730 1227 1786 nobis
1271 1745 1302 1784 a
1345 1729 1489 1800 Lege
1543 1730 1594 1785 in
1641 1730 1838 1801 Legem

1950 528 2166 582 cuinon
2197 526 2370 582 solum
2423 526 2763 596 temporalia,
2817 525 2914 582 sed
2967 527 3132 583 etiam
3191 541 3432 599 superna
3489 536 3548 582 et

1951 628 2214 690 perpetua
2241 620 2444 676 collata
2466 629 2615 674 sunt.
2649 619 2803 685 Vale,
2833 628 2888 676 et
2910 633 3008 675 nos
3033 619 3236 690 dilige;
3290 619 3417 692 quia
3444 632 3548 676 nos

1951 719 2004 768 te
2027 710 2325 783 diligimus.

2419 817 2440 845 ο
2484 804 2816 864 EPISTULA
2863 803 3101 860 XXXIV.

1950 897 2340 955 HORONTIANUI
2369 914 2436 954 an
2462 900 2654 963 anina,
2693 898 2758 952 de
2786 914 2888 965 qua
2916 914 3071 967 praue
3116 897 3338 952 sentiunt
3368 897 3544 970 philo-

2018 991 2190 1064 sOphi,
2244 993 2463 1048 calcatis
2502 993 2804 1047 substantia:
2851 992 2959 1058 sit,
3009 1002 3318 1059 quaerentem
3372 993 3541 1063 primo

2018 1085 2229 1139 remittit
2258 1086 2327 1139 ad
2370 1085 2528 1140 libros
2575 1084 2802 1151 Esdra;
2831 1095 2938 1139 tum
2987 1085 3290 1157 dignitatem
3310 1089 3426 1160 ejus
3460 1102 3547 1142 os-

2019 1176 2231 1232 tendens
2260 1177 2416 1232 Pauli
2440 1177 2754 1242 testimonio,
2785 1195 2887 1249 qua
2909 1178 3115 1232 ratione
3151 1177 3344 1233 ibidem
3373 1181 3542 1233 omnis

2018 1281 2254 1326 creatura
2282 1273 2636 1344 ingemiscere,
2669 1290 2731 1327 ac
2759 1288 2941 1327 rursus
2991 1272 3261 1328 liberanda
3304 1289 3412 1329 esse
3456 1272 3541 1327 di-

2017 1371 2183 1428 catur,
2215 1365 2460 1432 explicat.

2232 1455 2536 1512 Alanosws
2589 1456 2942 1512 HORONTIANO
2993 1457 3247 1514 salutem.

2021 1547 2070 1609 1.
2103 1547 2357 1615 Quasiin
2387 1563 2416 1602 a
2446 1563 2534 1602 me
2572 1556 2750 1603 utrum
2779 1549 2959 1603 anima
3003 1550 3244 1605 caelestis
3289 1563 3414 1604 esse
3455 1551 3537 1603 vi-

1943 1639 2139 1695 deatur
2155 1642 2508 1703 substantia;
2533 1641 2562 1682 τὶ
2577 1655 2698 1698 'non
2721 1643 2864 1698 enim
2897 1652 2990 1698 aut
3007 1642 3172 1716 922
3193 1644 3538 1716 sanguinem,

1943 1740 2038 1786 aut
2069 1732 2272 1803 ignem,
2302 1742 2396 1788 aut
2427 1749 2718 1789 nervorum
2736 1733 3073 1790 harmoniam
3095 1737 3332 1790 animam
3356 1745 3538 1806 putas,

245 1834 510 1878 excursus
542 1821 661 1890 fuit,
714 1831 774 1878 ut
819 1823 1235 1892 primogenitum
1267 1837 1376 1878 non
1425 1837 1547 1878 esse
1593 1821 1844 1878 amabilis
1872 1830 1922 1892 Β
1946 1835 2007 1880 ιιι
2035 1827 2224 1898 vulgus
2251 1828 2694 1899 philosophorum
2748 1829 3184 1900 interpretatur:
3212 1840 3328 1896 aut,
3363 1839 3419 1884 ut
3449 1829 3539 1884 illa

244 1915 410 1982 illius,
437 1917 488 1972 id
519 1926 625 1984 est,
661 1917 996 1974 remissioris
1033 1927 1088 1974 et
1111 1917 1435 1988 voluptaria
1467 1918 1636 1972 lilium
1679 1916 1840 1973 doce-

241 2023 457 2078 remus;
500 2013 750 2083 quamvis
803 2013 1064 2083 propositi
1118 2012 1340 2084 capituli
1380 2012 1546 2069 verba
1584 2012 1688 2067 hoc
1741 2026 1838 2066 cx-

238 2101 502 2172 primant,
527 2104 749 2161 dicente
779 2105 1094 2177 Scriptura:
1123 2104 1242 2161 Non
1273 2105 1476 2176 poterit
1505 2104 1672 2162 lilium
1695 2119 1843 2160 ama—

234 2193 362 2250 bilis
385 2205 411 2232 δ
445 2196 781 2267 primitivum
809 2214 1151 2270 praponere,
1180 2215 1304 2256 cum
1333 2201 1468 2256 sciat
1497 2199 1662 2255 lilium
1715 2199 1835 2255 odi-

231 2285 359 2344 bilis
401 2289 736 2357 primitivum
768 2307 892 2347 esse
919 2292 939 2364 (
971 2291 1123 2348 Deut.
1150 2309 1268 2360 xxt,
1296 2294 1361 2348 l7
1391 2292 1434 2364 ).
1465 2293 1560 2348 Ille
1583 2302 1668 2348 est
1710 2308 1837 2350 vere

233 2380 569 2452 primitivus,
610 2384 702 2454 qui
755 2396 956 2440 sancta
1006 2386 1196 2440 matris
1251 2394 1474 2441 sanctus
1503 2394 1588 2440 est
1617 2394 1832 2456 partus;

229 2472 375 2528 sicut
398 2472 488 2531 illa
537 2490 663 2531 vera
702 2485 899 2543 mater,
929 2492 957 2531 a
988 2477 1146 2547 cujus
1177 2487 1333 2533 utero
1357 2492 1463 2532 non
1495 2487 1682 2532 errant
1719 2478 1834 2533 veri

230 2566 355 2635 lilii,
381 2567 478 2624 sed
501 2581 839 2638 peccatores.
862 2570 1004 2640 Ergo
1031 2570 1121 2625 ille
1151 2585 1261 2626 non
1292 2586 1434 2626 vera
1458 2571 1646 2626 matris
1668 2571 1831 2640 ﬁlius,

228 2674 341 2716 non
378 2661 692 2732 primitivus
731 2678 912 2730 verus,
956 2664 1053 2720 sed
1078 2665 1232 2736 quasi
1281 2665 1590 2736 primitivus
1612 2666 1833 2736 juvatur

225 2764 472 2824 sumptu,
505 2769 573 2810 ne
593 2765 785 2827 egeat;
817 2772 924 2812 non
959 2766 1018 2811 ut
1045 2756 1199 2812 dives
1231 2758 1321 2824 sit,
1357 2757 1700 2813 honoratur:
1743 2758 1833 2816 hic

225 2858 414 2903 autem
461 2847 623 2918 dupla
654 2865 722 2905 ex
764 2850 1016 2907 omnibus
1042 2852 1274 2922 accepit,
1307 2861 1364 2906 ut
1391 2851 1659 2917 abundet;
1690 2853 1832 2908 sicut

225 2940 396 2996 etiam
423 2941 476 2996 iu
522 2941 723 2999 Genesi
751 2942 918 3000 habes
965 2944 1306 3016 patriarchas
1334 2946 1557 3000 alratre
1605 2960 1706 3000 suo
1735 2944 1832 3000 Jo-

223 3031 364 3103 seph
389 3034 622 3104 gemina
651 3035 894 3106 singulos
931 3036 1090 3091 stola
1135 3037 1368 3091 donatos
1414 3051 1662 3101 munere,
1706 3052 1828 3092 cum

224 3124 644 3182 remitterentur
667 3126 734 3182 ad
759 3136 966 3198 patrem
997 3127 1162 3201 (Gen.
1195 3144 1330 3195 ην,
1355 3127 1486 3199 22),
1519 3125 1543 3165 δ
1578 3139 1635 3182 ιιι
1660 3129 1831 3198 signi-

1947 1922 2175 1992 patrlcia
2205 1922 2449 1992 quadam
2479 1938 2667 1978 eorum
2701 1923 2950 1994 prosapia
2984 1922 3229 1978 Platonis
3273 1922 3538 1994 disputat,

1943 2013 2086 2084 quod
2120 2014 2296 2084 ipsum
2325 2030 2387 2070 se
2414 2024 2618 2081 movet,
2652 2024 2708 2069 et
2736 2029 2840 2071 non
2873 2024 3123 2070 movetur
3166 2014 3236 2070 ab
3260 2014 3388 2078 alio,
3418 2015 3536 2084 ipsa

1945 2104 2042 2160 tibi
2069 2107 2249 2161 anima
2280 2107 2494 2162 videtur
2518 2124 2531 2161 :
2558 2109 2641 2162 vel
2674 2119 2824 2164 certe
2849 2120 2901 2162 ut
2937 2107 3265 2164 Aristoteles
3287 2107 3403 2163 acri
3457 2107 3542 2163 in-

1940 2198 2104 2267 genio
2150 2198 2394 2268 quintum
2450 2199 2722 2270 quoddam
2769 2199 3022 2255 elementi
3080 2214 3252 2270 genus
3301 2198 3537 2264 induxit,

1940 2288 2206 2359 probasti,
2235 2290 2289 2345 id
2320 2299 2405 2346 est
2429 2294 2768 2364 ἐντελέχειαν,
2823 2307 2893 2347 ex
2957 2305 3067 2363 quo
3093 2305 3455 2362 componeres
3483 2300 3539 2348 et

1939 2380 2086 2436 velut
2116 2384 2348 2453 lingeres
2377 2382 2570 2438 anima
2595 2384 2974 2438 substantiam.

2008 2475 2063 2530 2.
2099 2477 2175 2532 De
2200 2493 2308 2548 quo
2331 2477 2425 2534 tibi
2459 2487 2483 2516 ο
2516 2478 2706 2533 Esdra
2753 2479 2951 2534 librum
2979 2479 3268 2550 legendum
3300 2478 3534 2547 suadeo,

1935 2570 2025 2640 qui
2084 2576 2141 2625 et
2178 2569 2300 2624 illas
2356 2569 2805 2641 philosophorum
2850 2585 3019 2642 nugas
3069 2571 3428 2642 despexerit;
3476 2580 3535 2627 et

1935 2660 2205 2718 abditiore
2232 2661 2544 2732 prudentia,
2571 2678 2731 2733 quam
2755 2662 3052 2733 collegerat
3076 2679 3142 2720 ex
3167 2663 3532 2730 revelatione,

1935 2754 2323 2824 perstrinxerit
2359 2769 2453 2810 eas
2482 2755 2802 2811 subStantia
2831 2771 2955 2812 esse
2983 2757 3308 2827 superioris.

2007 2847 2060 2902 5.
2092 2845 2389 2916 Apostolus
2413 2861 2628 2917 quoque
2673 2847 2776 2902 etsi
2812 2847 2829 2884 π
2867 2863 2973 2902 non
3022 2862 3312 2923 expresse,
3349 2857 3529 2904 tamen

1932 2939 2346 3007 intelligendum
2376 2940 2535 2995 nobis
2565 2941 2798 3012 reliquit,
2832 2943 2985 3011 quasi
3043 2942 3219 2998 bonus
3249 2943 3530 3013 magister,

1935 3041 1990 3087 et
2037 3031 2300 3100 spiritalis
2336 3033 2595 3103 agricola,
2638 3033 2867 3088 occultis
2916 3033 3183 3090 doctrinae
3229 3035 3534 3092 seminibus

1933 3128 2178 3183 excitans
2206 3127 2597 3197 discipulorum
2629 3128 2865 3198 ingenia,
2897 3127 3041 3198 quod
3077 3129 3273 3184 anima
3329 3138 3529 3185 nostra

225 3214 456 3272 ﬁcarent
505 3219 642 3288 patri
683 3227 957 3290 repertum
1009 3220 1233 3291 Joseph,
1291 3236 1452 3314 quem
1505 3219 1822 3277 defunctum
1850 3219 1897 3282 C
1932 3222 2159 3291 potioris
2181 3230 2446 3277 creatura:
2483 3223 2612 3287 sint,
2660 3232 2716 3278 et
2745 3221 3021 3292 cujusdam
3057 3222 3525 3291 praestantissima

225 3321 352 3365 esse
381 3310 693 3367 crediderat
723 3323 896 3384 pater.

301 3405 356 3458 7.
401 3403 806 3478 Primogenitus
856 3409 1040 3481 itaque
1071 3408 1406 3464 hareditatis
1443 3409 1655 3479 accepit
1683 3424 1826 3479 pra.

224 3499 784 3570 rogativam,dieente
811 3502 1090 3572 Scriptura
1115 3521 1126 3557 :
1149 3503 1253 3558 Hic
1269 3511 1341 3558 est
1366 3505 1572 3557 initium
1596 3503 1826 3572 ﬁliorum

223 3593 372 3663 ejus,
401 3601 449 3646 et
475 3593 592 3648 huic
619 3593 865 3651 debentur
887 3595 1304 3667 primogenitulia
1325 3599 1342 3664 (
1365 3593 1522 3650 Deut.
1554 3611 1666 3661 xxt,
1694 3596 1762 3652 18
1781 3595 1822 3667 ).

222 3684 271 3737 Δ
322 3683 688 3756 primogenita
716 3686 881 3758 igitur
907 3687 1001 3742 Dei
1049 3687 1188 3743 Filio
1229 3687 1577 3758 primogeniti
1626 3687 1820 3752 sancti,

219 3778 382 3833 etab
411 3779 506 3834 illo
532 3780 691 3836 initio
719 3781 885 3853 (quia
929 3783 1044 3852 ipse
1089 3791 1172 3837 est
1210 3782 1404 3854 (Apoc.
1439 3797 1478 3847 ι,
1508 3780 1540 3836 8
1566 3782 1586 3852 )
1609 3781 1826 3835 initium

221 3881 282 3926 et
332 3871 480 3944 linis)
509 3873 720 3930 initium
746 3883 968 3931 sanctus
1001 3886 1362 3945 nuncupatur,
1397 3875 1612 3929 initium
1658 3874 1822 3942 ﬁlius,

217 3964 311 4020 cui
365 3963 600 4021 debetur
663 3967 1022 4037 primitiarum
1078 3968 1468 4040 praerogativa,
1525 3966 1824 4022 secundum

221 4057 360 4113 illud
385 4059 452 4113 ad
480 4058 756 4115 Abraham
802 4059 1007 4115 dictum
1040 4077 1053 4112 :
1088 4059 1235 4132 Ejice
1259 4058 1523 4122 ancillam,
1563 4067 1612 4111 et
1657 4059 1825 4128 ﬁlium

217 4153 341 4221 eius
371 4168 393 4218 ;
419 4168 524 4207 non
545 4155 678 4208 enim
704 4153 870 4210 Iueres
899 4155 994 4209 erit
1021 4154 1162 4224 [ilius
1192 4154 1400 4208 ancilla:
1431 4168 1547 4206 cum
1579 4153 1689 4221 ﬁlio
1716 4169 1828 4207 meo

216 4243 388 4299 Isaac
415 4243 582 4315 (Gen.
618 4261 710 4300 xxt
735 4287 750 4312 ,
783 4247 851 4301 10
873 4246 914 4317 ).

294 4337 354 4392 8.
400 4336 554 4405 Quod
582 4340 757 4409 magis
815 4339 880 4394 ad
929 4337 1301 4394 hareditatem
1329 4338 1592 4394 virtutum
1613 4378 1629 4404 ,
1663 4353 1824 4408 quam

215 4432 478 4501 pecunia
526 4442 774 4502 spectare
827 4433 1012 4488 divino
1059 4436 1281 4490 oraculo
1319 4433 1572 4501 docetur,
1605 4432 1826 4491 dicente

217 4527 466 4583 Domino
496 4544 509 4580 :
558 4525 748 4581 Omnia
769 4543 1103 4598 quacumque
1131 4529 1220 4583 tibi
1244 4529 1433 4584 dixerit
1461 4528 1650 4596 Sarra,
1701 4529 1828 4582 audi

1932 3322 2160 3368 natura.
2191 3313 2326 3369 Cum
2352 3313 2498 3368 enim
2535 3313 2689 3378 dicit,
2715 3314 2838 3384 quia
2871 3315 3083 3368 vanitati
3137 3324 3376 3370 creatura
3403 3316 3527 3370 sub-

1919 3410 2065 3480 jecta
2092 3417 2164 3462 est
2194 3423 2297 3461 non
2319 3416 2520 3474 sponte,
2561 3406 2652 3460 sed
2689 3415 2896 3479 propter
2937 3423 3052 3461 eum
3097 3409 3186 3478 qui
3229 3409 3446 3481 subjecit
3472 3409 3526 3464 in

1928 3514 2018 3569 spe
2031 3498 2313 3568 ;quoniam
2340 3508 2385 3552 et
2436 3497 2552 3565 ipsa
2596 3507 2834 3553 creatura
2861 3498 3163 3554 liberabitur
3209 3516 3241 3553 a
3285 3502 3530 3556 servitute

1930 3591 2282 3660 corruptionis
2310 3593 2363 3645 in
2385 3591 2669 3647 libertatem
2698 3592 2880 3663 gloria
2928 3593 3158 3661 ﬁliorum
3209 3592 3310 3648 Dei
3335 3593 3522 3666 (Rom.

1931 3699 2048 3748 vm,
2077 3683 2150 3739 20
2177 3692 2225 3738 et
2246 3700 2354 3754 seq.
2382 3683 2434 3756 );
2463 3683 2703 3739 ostendit
2733 3700 2841 3739 non
2867 3684 3196 3742 mediocrem
3221 3686 3527 3742 animarum

1929 3793 2054 3835 esse
2069 3779 2319 3850 gratiam,
2337 3793 2565 3848 quarum
2588 3779 2776 3849 vigore
2806 3788 2863 3834 et
2879 3779 3080 3835 virtute
3106 3780 3157 3834 in
3173 3781 3522 3851 adeptionem

1929 3871 2166 3927 ﬁliorum
2201 3873 2294 3928 Dei
2348 3873 2584 3942 assurgit
2626 3872 2918 3926 humanum
2960 3887 3164 3943 genus,
3218 3872 3425 3928 habens
3472 3873 3526 3929 in

1927 3980 1988 4021 se
2017 3965 2162 4036 quod
2192 3965 2257 4020 ad
2289 3965 2705 4022 similitudinem
2730 3974 2787 4022 et
2818 3965 3104 4034 imaginem
3137 3965 3233 4021 Dei
3263 3965 3525 4021 tributum

1929 4067 2015 4114 est
2039 4059 2160 4114 sibi.
2182 4056 2392 4113 Anima
2421 4059 2563 4113 enim
2593 4071 2769 4127 neque
2795 4065 2938 4111 tactu
2963 4057 3142 4127 aliquo
3167 4057 3531 4127 comprehen-

1929 4150 2154 4218 duntur,
2184 4165 2359 4220 neque
2385 4151 2503 4204 visu
2531 4164 2798 4219 corporeo
2824 4149 3075 4204 videntur
3099 4165 3113 4214 ;
3147 4158 3201 4204 et
3230 4148 3354 4204 ideo
3385 4164 3525 4218 pra-

1930 4245 2108 4300 lerunt
2133 4243 2275 4299 illius
2297 4244 2633 4314 incorporea
2655 4251 2710 4298 et
2732 4241 3022 4296 invisibilis
3043 4249 3249 4296 natura:
3272 4240 3528 4296 similitu-

1927 4335 2133 4401 dinem,
2159 4345 2211 4392 et
2233 4333 2715 4405 supergrediuntur
2734 4333 3034 4388 substantia
3065 4347 3162 4387 sua
3200 4345 3524 4402 corpoream

1928 4439 1984 4486 et
2009 4428 2320 4485 sensibilem
2343 4427 2678 4498 qualitatem.
2706 4426 2838 4493 Qua
2859 4425 3006 4481 enim
3026 4424 3296 4489 videntur,
3317 4434 3529 4497 tempo-

1929 4522 2060 4577 ralia
2080 4528 2229 4589 snnt,
2248 4519 2562 4592 temporalia
2582 4518 2908 4589 signiﬁcant,
2933 4517 3328 4589 temporalibus
3344 4519 3529 4592 agglu-

215 4636 405 4675 vocem
451 4621 564 4693 ejus
591 4637 610 4685 ;
658 4620 900 4688 quoniam
951 4620 1004 4673 in
1051 4618 1203 4674 Isaac
1229 4621 1489 4675 vocabitur
1510 4621 1604 4675 tibi
1654 4636 1827 4675 semen
1853 4613 1908 4674 D
1934 4617 2173 4671 linantur
2202 4632 2217 4681 ;
2269 4613 2364 4669 illa
2390 4623 2570 4669 autem
2599 4628 2720 4683 qua
2752 4628 2858 4667 non
2889 4611 3166 4678 videntur,
3193 4621 3399 4668 aterno
3447 4613 3527 4668 illi

217 4713 238 4784 (
264 4711 446 4777 lbid.,
500 4712 567 4766 l2
590 4713 632 4782 ).
661 4713 793 4780 Qua
823 4721 943 4767 erat
966 4712 1070 4766 alia
1100 4713 1152 4766 in
1185 4712 1356 4778 Isaac,
1387 4713 1487 4768 nisi
1517 4712 1826 4770 sanctitatis
1853 4756 1857 4760 ν

217 4805 547 4873 bareditas,
595 4821 715 4876 qua
739 4805 1054 4863 nobilitaret
1085 4815 1290 4876 patrem
1317 4805 1341 4858 ?
1371 4805 1440 4860 Et
1491 4805 1661 4860 lilium
1707 4806 1827 4876 qui-

215 4901 352 4958 dem
399 4900 614 4956 ancilla
663 4914 830 4971 super
851 4899 1105 4955 nationes
1136 4897 1397 4970 pralecit,
1447 4901 1601 4970 quasi
1633 4899 1825 4969 simpla

295 5080 323 5108 ιι
354 5070 437 5126 Ita
470 5083 662 5124 omnes
681 5066 815 5123 edit.
844 5081 909 5122 ac
931 5065 1174 5136 plerique
1196 5079 1328 5121 mss.
1353 5078 1460 5120 non
1493 5064 1632 5119 male
1650 5074 1827 5120 tamen

218 5145 384 5200 Prat.
413 5149 467 5195 et
489 5139 671 5205 Getn.,
702 5139 962 5208 primitiae
989 5152 1307 5208 praeponere.

298 5213 330 5252 δ
361 5213 570 5268 Omnes
596 5206 731 5266 edit.
763 5219 820 5264 et
848 5206 1015 5272 mss.';
1066 5206 1338 5272 nonnulli,
1391 5215 1448 5261 ut
1474 5206 1833 5279 signiﬁcarent

218 5291 494 5360 fratrem;
522 5282 619 5360 alii
646 5290 827 5336 tamen
881 5281 1064 5348 plures
1091 5294 1154 5334 ac
1189 5279 1548 5350 probatiores,
1579 5288 1636 5332 ut
1663 5279 1830 5351 signi-

216 5355 453 5429 ﬁcarent
482 5355 638 5429 patri.

300 5439 326 5468 ο
373 5425 592 5494 Scripta
616 5425 758 5479 circa
789 5437 918 5494 anu.
949 5422 1074 5476 587.

297 5500 328 5536 ά
401 5491 667 5566 Congerit
718 5493 1055 5566 Ambrosius
1108 5491 1834 5566 lere”(omriinm_philosof

217 5572 473 5645 phorum
519 5561 923 5645 opiniones__de
973 5563 1500 5645 anima._Siquidem
1527 5561 1836 5645 'Xeuocrati

215 5635 419 5698 'anima
448 5651 601 5692 mens
627 5646 711 5692 est
739 5635 890 5690 nullo
917 5651 1170 5705 corpore,
1198 5635 1402 5689 Zen0ni
1433 5636 1596 5704 ignis,
1627 5635 1838 5688 Aristo-

218 5714 320 5770 teli
346 5709 545 5779 quinta
569 5707 816 5778 quadam
863 5707 1122 5779 essentia,
1147 5721 1310 5775 quam
1341 5705 1705 5779 entelechiatn
1737 5717 1840 5758 no-

217 5775 438 5843 minat,
463 5775 794 5833 Aristoxeno
813 5777 1319 5844 corporisjntentio
1344 5776 1615 5844 quadam,
1649 5775 1844 5843 Empe-

220 5793 438 5843 minat,
463 5793 794 5833 Artstoxeuo
813 5793 1319 5844 corportsmteutto
1382 5793 1615 5840 uanam,
1649 5793 1844 5843 unpe-

220 5852 378 5912 rlocli
412 5849 567 5904 cordi
586 5848 790 5903 all'usus
812 5848 1053 5915 sanguis,
1073 5847 1315 5915 Euripidi
1338 5793 1501 5911 Betis,
1527 5846 1844 5915 Pvlhagora

1935 4723 1990 4769 et
2016 4728 2228 4768 summo
2254 4713 2532 4768 adharent
2562 4712 2724 4778 hono,
2769 4722 2928 4784 atque
2975 4714 3028 4768 in
3062 4713 3180 4783 ipso
3212 4713 3422 4779 vivunt,
3471 4722 3529 4768 et

1935 4818 2081 4874 sunt,
2110 4815 2166 4861 et
2212 4813 2497 4859 moventur
2525 4804 2545 4876 (
2575 4804 2688 4858 Act.
2735 4819 2863 4868 xvn,
2903 4804 3041 4874 l8);
3084 4820 3184 4860 nec
3223 4806 3290 4860 ab
3317 4818 3422 4868 eo,
3481 4804 3529 4858 si

1935 4899 2066 4956 boni
2093 4897 2405 4960 consulunt,
2438 4910 2498 4950 se
2528 4895 2806 4964 patiuntur
2833 4896 3080 4966 separari
3111 4910 3176 4950 ac
3205 4895 3390 4950 dividi.

1939 5065 2174 5129 numeri,
2207 5063 2519 5120 Dicaearcho
2550 5078 2751 5119 nomen
2785 5063 2970 5129 inane,
3005 5061 3318 5116 Democrito
3342 5060 3532 5115 atomi.

1939 5137 2067 5192 llac
2099 5136 2158 5190 P.
2199 5136 2480 5198 Nannius;
2509 5135 2706 5206 quibus
2730 5137 2895 5190 etiam
2927 5132 3193 5206 pramisit
3231 5132 3457 5206 relatam
3483 5145 3533 5206 _a

1937 5218 2129 5264 sancto
2178 5207 2419 5263 Prasule
2467 5201 2711 5262 Platonis
2759 5201 3084 5261 sententiam
3139 5217 3203 5256 ex
3249 5203 3344 5257 lib.
3401 5216 3432 5253 v
3463 5201 3532 5255 de

1925 5279 2175 5348 Legibus
2219 5282 2440 5348 petitam
2491 5293 2635 5333 esse.
2686 5275 2881 5348 Adisis
2909 5287 3126 5343 quoque
3157 5273 3254 5348 l_i_l_i.
3297 5271 3367 5348 de
3416 5269 3533 5327 Noe

1940 5294 2016 5334 Le
2057 5294 2175 5333 unus
2219 5294 2440 5348 pellium
2491 5294 2635 5333 esse.
2686 5294 2868 5331 flatus
2909 5294 3126 5343 quoque
3157 5294 3254 5327 nu.
3297 5294 3367 5328 ut:
3416 5294 3532 5327 um:

1940 5361 1996 5422 et
2011 5294 2175 5416 cha,
2195 5364 2318 5422 cap.
2334 5349 2428 5416 25,
2451 5363 2601 5404 num.
2637 5347 2728 5412 92,
2750 5355 2808 5401 et
2825 5343 3145 5398 Ciceronem
3165 5342 3261 5396 lib.
3283 5357 3302 5396 ι
3325 5342 3532 5410 Quast.

1935 5421 2244 5548 Tufcﬂber
2267 5491 2333 5546 IV
2364 5490 2554 5545 Esdra
2597 5488 2699 5541 hoc
2750 5486 2870 5540 loco
2914 5480 3217 5553 indicatur,
3276 5481 3344 5538 de
3381 5483 3540 5553 cujus

1942 5564 2268 5619 auctoritate
2297 5571 2476 5616 actum
2503 5557 2745 5628 reperies
2776 5557 2830 5610 in
2879 5551 3165 5610 Adtnonit.
3214 5553 3284 5610 ad
3329 5553 3425 5608 lib.
3450 5551 3543 5609 'de

1946 5635 2099 5689 Bono
2147 5633 2354 5688 Mortis.

2023 5703 2042 5742 ι
2077 5705 2230 5758 [ει-εις,
2284 5711 2496 5768 “seq.
2554 5696 2712 5760 edit.,
2763 5712 2866 5751 non
2916 5695 3460 5766 expressit.;Amerb.
3492 5706 3553 5752 et

1949 5789 2144 5830 omnes
2173 5788 2331 5838 tuss.,
2362 5786 2465 5824 non
2513 5782 2776 5836 expresse.
