3996 6292
485 295 622 353 1075

1822 291 2070 350 SANC'I'I
2107 289 2430 348 AMBROSII

546 409 604 464 4.
680 406 1030 478 Unaqtneque
1077 421 1208 478 ergo
1251 405 1430 464 anima
1461 401 1657 460 videns
1710 415 1769 456 se
1812 415 2081 464 corporeo
2107 401 2162 464 Α
2187 407 2310 454 sunt
2337 407 2538 460 tamen,
2569 403 2626 454 et
2653 395 2720 452 ad
2749 396 3130 467 quotidianum
3166 392 3542 450 ministerium
3573 393 3767 450 vel'snr.

481 501 587 556 isto
613 501 856 556 clausam
897 501 1199 571 gurgustio,
1233 515 1354 570 quin
1399 507 1579 554 tamen
1636 505 1868 551 terrena:
1917 493 2075 562 hujus

481 593 840 650 habitationis
868 594 1148 648 consortio
1168 607 1274 648 non
1306 590 1744 661 degeneraverit,
1767 587 2076 657 ingetuiscit

485 695 707 756 gravata
734 686 979 754 corporis
1033 684 1194 756 hujus
1236 683 1658 752 conjunctione;
1686 683 1809 751 quia
1849 695 2079 749 corrup-

483 780 637 836 tibile
684 795 884 850 corpus
909 786 1097 851 gravat
1131 779 1368 834 animant
1397 777 1418 844 (
1451 776 1492 834 Il
1520 776 1638 832 Cor.
1665 791 1730 841 v,
1762 775 1796 829 4
1825 773 1870 844 ),
1915 785 1964 828 et
1991 773 2073 827 in-

488 873 658 928 clinat
711 879 991 928 torrenum
1061 869 1430 926 habitaculum
1499 876 1735 922 mentem
1787 866 2076 922 multarum

489 964 874 1036 cogitationum
903 963 924 1035 (
952 962 1085 1033 Sep.
1127 978 1204 1029 is,
1239 960 1348 1033 l5)
1383 979 1396 1015 :
1443 959 1712 1030 simulque
1741 971 2080 1029 cognoscens

487 1059 610 1127 quia
635 1073 734 1127 per
763 1055 925 1112 ﬁdem
953 1054 1214 1120 ambulat,
1259 1070 1368 1110 non
1399 1069 1497 1124 per
1531 1052 1792 1122 speciem,
1839 1051 2074 1120 peregri-

487 1151 605 1204 nari
688 1147 804 1204 vult
867 1149 938 1204 de
990 1149 1253 1219 corpore,
1307 1157 1362 1202 et
1414 1145 1609 1200 adesse
1671 1143 1737 1199 ad
1792 1142 2079 1198 Dominum

487 1239 577 1312 (ll
603 1239 724 1297 Cor.
759 1256 814 1307 ν,
839 1239 933 1306 7).

553 1335 606 1391 5.
641 1336 1001 1390 Advertatnus
1051 1335 1214 1404 igitur
1240 1331 1515 1403 quomodo
1568 1329 1793 1388 vanitati
1833 1338 2081 1386 creatura

485 1427 726 1497 subjecta
754 1428 826 1482 sit
848 1426 870 1497 (
895 1427 1049 1482 Rom.
1101 1442 1214 1492 vni,
1245 1425 1352 1496 i0)
1380 1465 1396 1492 ,
1435 1440 1542 1478 non
1565 1439 1635 1478 ex
1660 1423 1937 1478 voluntate
1959 1437 2078 1487 sua,

485 1522 580 1578 sed
605 1537 672 1579 ex
701 1521 888 1578 divino
929 1521 1179 1585 arbitrio,
1227 1536 1337 1592 quo
1382 1520 1706 1592 dispositum
1755 1529 1836 1574 est
1875 1519 2082 1572 animas

488 1615 810 1686 corporibus
836 1614 1092 1688 conjungi
1119 1623 1373 1684 oportere
1403 1623 1628 1684 propter
1653 1626 1807 1681 spem
1856 1626 2080 1674 earum;

490 1714 550 1762 ut
591 1706 722 1762 dum
773 1716 997 1776 sperant
1054 1705 1218 1770 bona,
1251 1705 1441 1774 dignas
1475 1719 1537 1761 se
1589 1699 2083 1775 prtestentctelesti

2179 498 2336 560 gunt,
2365 490 2450 544 vel
2479 489 2732 543 occidunt
2757 529 2768 548 .
2805 489 3110 544 servientes
3142 495 3168 528 ο
3200 485 3562 555 dispositioni
3590 495 3763 542 creato.

2182 583 2257 638 ris
2285 581 2499 647 interni,
2527 580 2895 636 ministrantes
2920 579 3316 650 splendorem,
3338 594 3452 650 quo
3474 579 3765 646 vestiuntur,

2182 685 2344 744 atque
2371 676 2457 730 die
2481 685 2745 744 nocteque
2782 677 3042 729 emicant.
3078 673 3319 742 Quoties
3351 673 3435 726 sol
3467 673 3566 728 iste
3585 673 3766 729 obtexi-

2183 779 2271 826 tur
2320 770 2584 836 uubibus,
2631 771 2844 840 quaties
2871 766 2898 806 ἀ
2929 770 3152 838 objectu
3201 767 3458 824 aufertur
3501 775 3675 832 terrae,
3702 769 3768 824 vel

2179 880 2302 919 cum
2326 879 2357 919 e
2387 864 2608 936 regione
2639 864 2757 932 ejus
2803 864 3023 918 luminis
3052 866 3137 918 sui
3172 863 3366 918 radius
3413 863 3576 918 fuerit
3609 878 3771 929 reper-

2180 973 2369 1013 cussus
2390 998 2404 1021 ,
2451 958 2701 1012 oriuntur
2727 957 2986 1026 eclipses,
3015 967 3072 1012 et
3105 966 3168 1012 ut
3187 958 3271 1013 ait
3291 956 3578 1026 Scriptura
3607 974 3621 1010 :
3647 955 3772 1012 Lazis

2179 1053 2318 1107 novit
2345 1067 2560 1107 occasus
2582 1068 2701 1105 suos
2725 1050 2894 1120 (Psal.
2921 1065 3036 1114 cm,
3061 1051 3180 1119 l9).
3207 1049 3378 1106 Novit
3402 1049 3622 1118 quatido
3642 1050 3773 1118 pleno

2181 1147 2313 1201 orbe
2361 1161 2460 1200 suo
2509 1147 2719 1209 luceat,
2772 1144 2990 1214 quando
3042 1145 3353 1200 exinanito.
3421 1143 3612 1200 Stellae
3654 1159 3771 1214 quo-

2181 1252 2287 1307 que
2313 1239 2528 1294 nebulis
2566 1237 2812 1294 obducta:
2846 1245 3188 1302 vanescunt,
3223 1253 3349 1307 quae
3385 1237 3664 1293 sustinent
3688 1237 3774 1290 mi-

2182 1331 2394 1386 nisterii
2425 1331 2584 1401 hujus
2616 1330 2871 1386 mundani
2912 1345 3062 1394 usus,
3091 1343 3204 1388 non
3231 1339 3432 1401 sponte
3463 1330 3773 1399 utique,scd

2187 1421 2240 1476 iu
2264 1437 2394 1490 spe;
2427 1432 2449 1460 ο
2477 1423 2601 1492 quia
2639 1433 2858 1492 sperant
2903 1423 3068 1478 etiam
3113 1422 3284 1492 hujus
3323 1423 3533 1478 laboris
3569 1425 3772 1491 gratiam

2185 1516 2253 1570 ab
2289 1532 2377 1579 eo,
2411 1518 2502 1586 qui
2536 1515 2770 1585 subjecit
2791 1531 2909 1572 eas.
2940 1517 3182 1586 Ideoque
3219 1526 3452 1586 propter
3482 1533 3606 1574 eum
3629 1517 3771 1572 susti-

2187 1618 2338 1674 nent,
2376 1610 2424 1662 id
2457 1619 2560 1673 est,
2591 1620 2810 1678 propter
2837 1610 2956 1678 ejus
2985 1610 3355 1664 voluntatem.

2256 1702 2310 1756 8.
2341 1699 2450 1756 Nec
2479 1700 2678 1756 mirum
2710 1701 2756 1756 si
2802 1701 3073 1770 patienter
3117 1701 3438 1768 sustinent,
3479 1713 3607 1756 cum
3634 1703 3777 1757 sciant

491 1800 972 1858 remuneratione:
1005 1799 1195 1854 Ouum
1244 1799 1387 1854 enim
1417 1815 1510 1854 nos
1559 1807 1758 1868 oportet
1805 1800 1984 1850 adesse
2011 1793 2082 1848 ad
2111 1791 2157 1852 Β
2185 1791 2463 1848 dominum
2495 1807 2649 1846 suum
2676 1831 2694 1857 ,
2739 1801 2794 1848 et
2819 1803 3126 1846 creatorem
3161 1791 3410 1847 omnium
3453 1793 3573 1847 sive
3592 1807 3706 1862 qua
3728 1792 3769 1848 in

488 1893 714 1948 tribunal
757 1892 987 1957 Christi;
1013 1900 1072 1946 ut
1093 1895 1284 1962 referat
1329 1891 1675 1962 unusquisque
1709 1888 1921 1960 propria
1968 1902 2085 1941 cor-

495 1986 636 2054 poris
663 1983 685 2056 (
708 1984 750 2040 ll
775 1982 896 2040 Cor.
927 1984 1071 2050 v,10
1097 1990 1136 2055 ).
1155 1984 1282 2040 ldeo
1299 1983 1721 2054 uniuscujusque
1747 1986 1923 2036 anima
1949 1993 2087 2049 pra:-

493 2077 670 2135 videat
715 2075 1066 2146 rependenda
1101 2076 1202 2132 sibi
1245 2077 1436 2132 merita
1475 2072 1912 2130 conversationis
1949 2086 2082 2125 suae.

495 2171 560 2226 Et
591 2169 815 2241 pulchre
843 2171 940 2236 ait,
974 2171 1186 2240 propria
1221 2171 1447 2236 corporis
1472 2168 1492 2241 (
1518 2169 1669 2224 Boni.
1704 2165 1844 2238 vtn),
1889 2165 1942 2220 id
1968 2174 2083 2233 est,

443 2295 452 2306 ο
493 2263 637 2332 quod
660 2263 903 2331 suscepit
924 2261 1218 2332 regendum
1253 2277 1268 2326 ;
1297 2271 1348 2316 ut
1381 2261 1430 2316 si
1453 2261 1591 2315 bene
1619 2262 1778 2324 rexit,
1802 2259 2084 2329 praemium

497 2354 722 2418 referat,
746 2352 1138 2429 propterquod
1166 2353 1218 2407 in
1240 2367 1338 2421 spe
1357 2352 1601 2420 subjecta
1627 2360 1712 2407 est
1735 2367 1748 2402 :
1772 2359 1826 2405 et
1853 2351 1899 2406 si
1923 2349 2087 2421 933

499 2445 660 2510 male,
689 2444 1054 2515 supplicium;
1087 2444 1214 2514 quia
1261 2458 1366 2498 non
1393 2443 1630 2512 speravit
1662 2443 1729 2496 .in
1761 2441 1954 2509 Deum,
1987 2456 2089 2496 nec

496 2537 563 2594 ad
595 2537 743 2591 illam
773 2537 1122 2607 adoptionem
1142 2537 1400 2602 ﬁliorum,
1431 2545 1489 2593 et
1511 2535 1580 2592 ad
1611 2550 1753 2592 verte
1782 2535 2087 2592 libertatem

495 2629 769 2686 all'ectavit
805 2630 1015 2700 gloriae.

570 2723 624 2778 6.
671 2724 865 2778 Docuit
910 2723 1070 2794 igitur
1098 2724 1396 2794 Apostolus
1423 2721 1566 2793 quod
1611 2723 1832 2780 humani
1873 2722 2092 2793 generis

496 2823 746 2870 creatura
769 2815 1012 2885 subjecta
1035 2815 1260 2871 vani‘ati
1283 2815 1373 2870 sit.
1399 2823 1426 2854 ι
1447 2815 1583 2884 Quid
1605 2816 1749 2869 enim
1771 2823 1880 2870 tam
1903 2813 2087 2881 homo,

495 2924 654 2980 quam
699 2891 880 2964 anima
913 2909 1066 2980 ejus?
1094 2910 1174 2966 De
1217 2911 1564 2966 consortibus
1598 2910 1719 2980 ejus
1743 2911 1876 2964 dicit
1917 2929 1928 2963 :
1959 2907 2092 2964 Cum

493 3019 672 3060 sumus
717 3003 774 3058 iu
813 3019 1028 3074 corpore
1056 3004 1183 3064 ista,
1216 3003 1596 3076 iugemiscimus
1640 3003 1838 3074 gravati
1867 3002 1938 3072 (ll
1967 3001 2087 3056 Cor.

497 3113 549 3160 v-,
580 3093 662 3165 4).
693 3095 800 3152 Sed
838 3105 894 3152 et
923 3097 1088 3152 David
1117 3097 1247 3152 dicit
1275 3114 1288 3150 :
1317 3095 1484 3152 Homo
1511 3097 1726 3152 vanitati
1751 3096 1937 3154 similis
1977 3098 2088 3165 foc-

2186 1884 2350 1949 ctelo,
2376 1884 2489 1938 sive
2527 1899 2646 1953 quae
2669 1884 2720 1938 in
2748 1892 2888 1938 terra
2921 1893 3084 1950 sunt,
3115 1884 3434 1952 suscepisse
3460 1884 3636 1938 nostri
3663 1899 3769 1939 cer-

2189 1977 2337 2045 poris
2380 1976 2760 2046 fragilitatem,
2817 1983 3021 2032 nostra:
3067 1975 3411 2031 conditionis
3457 1976 3770 2032 servitutem.

2185 2069 2301 2124 Cur
2335 2085 2466 2137 ergo
2496 2070 2588 2124 illa
2633 2069 2956 2124 servitutem
2988 2067 3374 2138 corruptionis
3413 2083 3535 2122 suae
3567 2083 3670 2125 non
3697 2083 3773 2137 pa-

2191 2165 2388 2218 tienter
2421 2163 2752 2228 sustineant;
2793 2178 2918 2218 cum
2964 2162 3232 2218 Dominus
3276 2161 3526 2221 muniunt
3559 2180 3654 2232 pro
3677 2173 3770 2218 toto

2192 2256 2394 2312 mundo
2419 2271 2479 2311 se
2504 2255 2872 2311 humiliaverit
2909 2271 3080 2326 usque
3107 2257 3178 2312 ad
3209 2266 3451 2314 mortem
3475 2297 3491 2322 ,
3519 2257 3659 2312 servi
3679 2255 3769 2311 lur-

2193 2360 2336 2406 mam
2359 2348 2660 2417 susceperit
2691 2349 2932 2422 (Philip.
2975 2364 3045 2410 ιι.
3083 2347 3194 2420 7),
3239 2359 3526 2419 peccatum
3571 2349 3766 2414 mundi,

2195 2445 2538 2500 maledictum
2565 2445 2725 2500 etiam
2743 2460 2840 2513 pro
2864 2444 3020 2498 nobis
3051 2443 3236 2499 factus
3264 2444 3333 2500 sit
3364 2443 3564 2512 (Gatat.
3583 2459 3658 2509 ιιι,
3677 2440 3767 2510 l5)?

2191 2538 2344 2594 Illius
2378 2553 2512 2607 ergo
2556 2538 2830 2593 imitantes
2871 2537 3170 2592 bonitatem
3220 2539 3485 2594 cretestes
3531 2545 3766 2593 creatura

2195 2632 2321 2688 licet
2352 2632 2731 2702 ingemiscant,
2763 2633 2908 2702 quod
2935 2633 3125 2688 mundi
3155 2633 3323 2703 hujus
3343 2634 3567 2688 vanitati
3589 2632 3770 2702 subjec-

2199 2735 2267 2782 ιω
2296 2727 2404 2780 sint
2425 2765 2442 2792 ,
2492 2726 2846 2800 consolantur
2875 2741 2937 2780 se
2977 2727 3339 2798 tamenquod
3373 2727 3766 2784 liberabuntura

2195 2819 2456 2874 servitute
2483 2819 2847 2887 corruptionis
2869 2858 2883 2881 ,
2911 2819 2965 2874 in
2994 2819 3310 2876 libertatem
3335 2821 3563 2892 gloriae;
3588 2836 3695 2875 eum
3717 2821 3766 2872 ti-

2195 2911 2388 2968 liorum
2413 2909 2581 2983 θεῶ.
2609 2911 2700 2964 Dei
2731 2911 2952 2978 adoptio
2983 2914 3215 2972 venerit.
3257 2929 3386 2982 quae
3409 2923 3501 2972 est
3524 2913 3763 2968 universo-

2197 3020 2314 3060 rum
2343 3003 2644 3072 redetuptio
2671 3019 2691 3057 :
2721 3003 2848 3058 Cum
2878 3004 3018 3058 enim
3053 3004 3333 3062 intrat-erit
3365 3007 3629 3075 plenitudo
3659 3020 3762 3074 gett-

2197 3099 2346 3162 tium,
2378 3107 2499 3150 tunc
2521 3097 2687 3149 omnis
2711 3093 2878 3150 Israel
2903 3097 3078 3150 saluus
3107 3099 3207 3154 erit
3241 3097 3426 3167 (Rom.
3460 3097 3643 3170 v.23).
3673 3094 3755 3149 Cui

497 3201 576 3248 tus
606 3204 679 3246 est
709 3189 884 3264 (Psal.
913 3205 1100 3257 chttt,
1129 3189 1224 3258 4);
1255 3200 1307 3247 et
1339 3208 1352 3244 :
1387 3189 1637 3246 Uuiversa
1681 3191 1900 3254 uanitas,
1931 3190 2095 3246 omnis
2123 3185 2169 3250 C
2201 3189 2343 3244 enim
2377 3205 2483 3244 non
2525 3189 2766 3258 ignoscet
2809 3189 3006 3258 populo
3031 3230 3045 3254 ,
3103 3192 3194 3258 qui
3228 3192 3468 3259 ignoscit
3513 3191 3653 3247 etiam
3688 3187 3756 3242 illi

498 3284 650 3338 homo
677 3284 846 3342 uiuens
894 3281 1066 3353 (Psat.
1099 3297 1310 3338 surtu
1331 3324 1344 3347 ,
1377 3283 1459 3353 6).
1489 3281 1610 3337 Vita
1644 3283 1826 3352 itaque
1857 3282 2095 3338 hominis

499 3376 552 3432 in
583 3376 688 3432 hoc
714 3376 918 3432 saeculo
949 3373 1157 3430 vanitas
1185 3384 1288 3431 est.
1323 3373 1456 3430 Huic
1486 3375 1707 3430 vanitati
1736 3374 1979 3441 subjecta
2011 3384 2096 3430 est

499 3471 702 3526 anima.
735 3470 924 3540 Itaque
951 3479 1172 3524 sanctus
1217 3484 1338 3524 cum
1367 3469 1494 3523 iacit
1520 3484 1644 3540 qum
1664 3479 1789 3524 sunt
1814 3470 2090 3539 corporis,

501 3577 607 3616 non
655 3573 848 3630 sponte
893 3561 1044 3622 facit.
1074 3576 1182 3615 non
1229 3560 1450 3624 volens,
1483 3561 1579 3615 sed
1611 3572 1819 3630 prapter
1861 3578 1977 3614 eum
2005 3561 2094 3630 qui

499 3653 715 3723 subjecit
743 3653 798 3706 in
827 3667 917 3722 spe
951 3652 969 3720 (
989 3651 1141 3708 Rom.
1178 3655 1289 3716 vni,
1323 3650 1448 3722 ΞΟ),
1483 3649 1508 3690 δ
1539 3650 1667 3706 iacit
1699 3661 1756 3706 ut
1787 3652 1837 3706 ei
1879 3662 2088 3721 pareat.

503 3745 586 3800 Ab
610 3744 714 3800 hoc
737 3743 898 3814 igitur
921 3744 1172 3813 exemplo
1195 3744 1394 3798 animae
1417 3741 1831 3812 progrediamur
1851 3742 1920 3796 ad
1943 3757 2095 3816 crea-

500 3845 650 3896 turas
679 3836 934 3906 reliquas.

571 3929 624 3984 7.
667 3929 917 4000 Propone
963 3926 1058 3984 tibi
1103 3927 1276 3984 solem
1301 3970 1317 3997 ,
1346 3928 1527 3984 lunam
1553 3967 1568 3994 ,
1596 3936 1653 3984 et
1697 3928 1884 3986 stellas
1909 3970 1925 3995 ,
1969 3945 2093 4000 qua:

497 4021 621 4078 cteli
651 4021 852 4078 Iumina
890 4021 993 4078 etsi
1033 4020 1299 4092 praeclaro
1343 4021 1553 4092 fulgent
1595 4020 1794 4087 nitore,
1823 4032 2090 4078 creatum

569 4209 594 4237 ⁸
625 4198 828 4272 omnes
857 4197 1015 4265 edit.,
1049 4197 1193 4264 Quid
1213 4197 1348 4272 enim
1391 4205 1494 4272 tam
1521 4197 1812 4272 subjectum
1833 4199 2082 4272 vanitati,

496 4286 651 4352 quam
678 4269 830 4354 homo
852 4312 866 4333 ,
899 4279 946 4324 et
973 4286 1128 4338 quant
1167 4270 1338 4352 animo
1368 4270 1478 4354 ejus
1501 4269 1740 4354 Lemnos
1769 4285 1898 4324 mss.
1921 4313 1934 4336 ,
1963 4269 2086 4354 quid

499 4338 634 4412 enim
655 4351 758 4412 tam
780 4344 951 4412 homo,
983 4356 1137 4412 quam
1156 4340 1330 4394 anima
1351 4338 1482 4412 ejus.
1507 4339 1662 4412 Haud
1698 4338 2082 4406 incommode;

499 4409 625 4466 hinc
639 4411 784 4466 enim
803 4410 968 4466 homo
986 4409 1248 4480 probatur
1263 4409 1484 4466 vanitati
1503 4411 1794 4475 obnoxius,
1810 4413 1951 4480 quod
1967 4414 2090 4478 ejus

498 4483 704 4551 animo,
739 4485 792 4536 in
822 4496 927 4551 qua
957 4482 1190 4539 tnasime
1209 4481 1494 4546 consisrit,
1519 4481 1695 4538 eidem
1723 4483 1938 4540 subdita
1969 4486 2058 4538 sit.

572 4547 600 4590 ι)
627 4547 784 4606 Rom.
811 4547 942 4608 edit.
972 4553 1110 4614 sola,
1142 4553 1262 4622 facit
1294 4558 1346 4606 iu
1375 4569 1487 4623 spe,
1519 4561 1571 4606 ut
1592 4555 1660 4617 ei,
1692 4565 1799 4608 etc.

577 4633 601 4661 ο
631 4623 888 4692 Quaedam
943 4623 1073 4678 edit.
1101 4611 1279 4678 'P'arts.
1303 4667 1315 4688 ,
1347 4611 1684 4695 dispositione
1723 4627 2085 4679 creatoris.....
2116 4611 2170 4678 Ῑ)

501 4707 606 4762 quo
630 4695 914 4748 vestiuntur
937 4709 958 4748 :
985 4696 1153 4762 itaque
1181 4697 1287 4761 die,
1313 4704 1421 4750 etc.

574 4763 601 4802 ‘1
654 4763 779 4821 γει.
838 4765 1147 4841 ράἰῑηοιιιιι-
1192 4771 1324 4841 mss.
1352 4765 1514 4841 RegL.
1565 4767 1818 4841 abjcctum
1863 4766 2093 4841 aferunt

501 4847 680 4910 terror;
711 4851 841 4892 mss.
868 4853 971 4910 tum
998 4839 1174 4906 pauci,
1199 4839 1399 4910 objecta
1415 4836 1637 4910 tit/ferunt
1669 4849 1854 4906 terrm;
1879 4839 1929 4893 in
1957 4855 2090 4908 ιιιιτι-

500 4921 618 4961 rnm
661 4905 842 4962 tamen
865 4905 1070 4979 aliquot
1107 4905 1326 4962 verbum
1369 4909 1588 4979 afferunt
1637 4905 2087 4979 prmtertnittitnr,

501 4979 656 5048 Cujus
684 4979 804 5050 loco
828 4995 932 5050 non
956 4975 1108 5050 imale
1140 4980 1484 5050 substituitur
1509 4975 1561 5033 iii
1591 4975 1697 5034 uno
1734 4980 1873 5044 Vat,
1918 4991 1970 5034 ut
2011 4975 2089 5050 [c4-

498 5047 652 5116 runt;
709 5049 805 5104 sed
856 5048 1030 5103 nihilo
1071 5047 1332 5102 deteriori
1375 5064 1537 5106 sensu
1577 5051 1735 5105 Rom.
1782 5053 1915 5106 edit.
1963 5047 2086 5107 cum

499 5131 634 5175 mss.
663 5130 920 5192 quatuor,
951 5119 1152 5192 objecta
1181 5117 1400 5184 «fertur
1431 5131 1600 5174 terrm.
1640 5123 1910 5176 Continuo
1958 5139 2088 5178 vero

501 5201 646 5268 post,
682 5191 771 5268 ubi
795 5201 906 5245 vet.
939 5191 1068 5268 edit.
1099 5204 1162 5243 ac
1188 5205 1322 5268 mss.
1347 5230 1362 5255 ,
1405 5192 1482 5246 uel
1509 5208 1625 5268 cum
1649 5195 1910 5268 erogioue
1949 5199 2082 5268 ejus,

500 5261 660 5316 Ro‘m.
682 5260 1124 5334 rediitrepnsnit,
1152 5259 1230 5314 ut
1255 5274 1370 5315 cum
1396 5278 1424 5334 e
1447 5264 1658 5334 regione
1685 5259 1856 5319 trante:
1879 5274 1934 5318 at
1961 5259 2083 5320 Fur;

499 5347 596 5405 sua
618 5333 805 5400 paucis
829 5333 1132 5405 interiectis
1153 5371 1169 5395 ,
1214 5342 1313 5400 pro
1339 5333 1580 5386 oriuntur
1607 5335 1709 5405 ipsi
1735 5351 1754 5388 :
1783 5336 1874 5389 sed
1899 5345 1952 5389 ut
1977 5339 2084 5402 ait,

504 5415 561 5458 ut
586 5404 786 5486 habent
819 5402 960 5486 .edit.
1007 5403 1088 5457 vel
1133 5412 1201 5485 ut.
1218 5417 1348 5457 mss.
1385 5402 2082 5486 partim,oriunturipsis,

497 5474 699 5542 partim
749 5475 990 5528 oriuntur
1038 5489 1104 5528 ea:
1157 5475 1266 5536 eis,
1315 5484 1361 5528 et
1405 5483 1464 5527 ιιι
1508 5477 1621 5541 ait;
1665 5491 1802 5529 unus
1837 5474 2086 5532 codicum

507 5543 626 5616 Yat.
662 5545 931 5610 restituit,
956 5545 1196 5616 oriuntur
1219 5545 1468 5614 actim,
1498 5557 1604 5602 etc.
1633 5546 1876 5616 Denique
1907 5549 2086 5604 locum

509 5613 831 5685 Psalmistn,
849 5617 939 5685 qui
963 5614 1250 5670 exhibetur
1280 5613 1330 5670 in
1349 5613 1460 5672 ant.
1480 5617 1612 5674 edit.
1637 5627 1692 5672 et
1713 5613 1924 5674 armetis
1953 5635 2086 5676 mss.

507 5683 633 5737 tuna
657 5698 795 5750 noun
819 5683 1032 5739 occasus
1056 5701 1178 5740 suos
1198 5727 1212 5750 ,
1237 5687 1374 5743 edit.
1405 5686 1564 5744 Rom.
1589 5703 1654 5744 es
1681 5691 1850 5744 sacris
1883 5690 2088 5746 codici-

500 5749 784 5880 :(t’lrsi‘eﬂg‘l:
814 5755 897 5808 his
935 5755 1118 5810 verbis
1149 5772 1162 5811 :
1193 5749 1336 5814 Fecit
1379 5760 1555 5818 tunam
1607 5762 1664 5818 in
1709 5769 1964 5836 tempore,
2011 5763 2091 5820 soi

642 5861 656 5887 ν
691 5859 795 5878 νυνι

2203 3282 2534 3350 persecutori
2571 3295 2706 3347 suo,
2750 3283 2840 3351 qui
2880 3281 3057 3334 dixit:
3093 3279 3388 3352 Cruci/iga,
3421 3281 3761 3351 rruciﬁgreut

2201 3373 2380 3443 (Joau.
2422 3390 2539 3436 xix,
2583 3373 2672 3444 6);
2711 3383 2795 3428 et:
2828 3372 3057 3441 Sanguis
3095 3375 3209 3444 ejus
3251 3389 3418 3442 super
3460 3385 3760 3436 nosetsttper

2199 3469 2335 3537 ﬁlios
2363 3479 2564 3522 uestros
2592 3466 2816 3538 (Matth.
2859 3481 3005 3520 xxvii
3029 3509 3045 3533 ,
3080 3466 3217 3537 25)?
3261 3467 3376 3521 Sed
3408 3467 3533 3535 quia
3579 3465 3758 3520 vanitati

2196 3564 2358 3618 etiam
2385 3563 2623 3618 cmlestis
2645 3561 2884 3630 subjecta
2913 3569 3171 3615 creatura
3205 3571 3292 3616 est
3318 3560 3506 3632 (Ilum.
3539 3576 3645 3624 rm,
3665 3561 3760 3618 ω.

2197 3653 2324 3731 licet
2363 3654 2505 3708 istud
2537 3653 2592 3708 in
2623 3669 2752 3721 spe,
2795 3653 2957 3708 etiam
2991 3651 3190 3708 horum
3229 3654 3521 3722 perlidiam
3552 3663 3605 3707 et
3629 3662 3762 3707 teuto-

2197 3747 2438 3811 lentiam,
2473 3747 2711 3802 vanitate
2733 3748 2891 3816 hujus
2929 3745 3118 3802 tnundi
3151 3747 3401 3816 lapsam,
3425 3751 3685 3818 pertinere
3713 3741 3760 3796 si

2199 3841 2406 3896 veniam
2455 3841 2687 3909 patietur
2731 3838 2974 3895 veritatis
3007 3839 3215 3907 pietas,
3260 3850 3320 3896 et
3353 3839 3651 3910 redemptio
3675 3836 3762 3892 usi-

2197 3932 2489 3988 versitatis.

2265 4025 2318 4080 9.
2347 4025 2489 4095 Ergo
2514 4033 2572 4080 ut
2597 4024 3013 4091 concludamus,
3046 4034 3102 4082 et
3124 4025 3219 4084 ille
3248 4035 3446 4084 tantus
3457 4043 3523 4084 ac
3547 4027 3662 4087 talis
3679 4024 3761 4090 sol,

2265 4211 2289 4238 ε
2323 4201 2418 4278 llic
2444 4203 2595 4278 locus
2625 4204 2856 4278 prtnbuit
2886 4205 3169 4278 nonnullis
3199 4210 3582 4278 occasionem,
3601 4210 3764 4270 utAn—

2192 4271 2432 4326 lirosium
2462 4274 2602 4330 caelo
2629 4271 2697 4330 ‘et
2733 4277 3004 4331 sideribus
3036 4279 3344 4333 rationales
3373 4271 3586 4336 animas
3605 4298 3764 4338 seruu-

2191 4343 2319 4416 dum
2373 4343 2624 4416 Origenis
2674 4347 2984 4416 opiniOoctn
3040 4349 3355 4408 attribucre
3408 4355 3763 4408 exiStimarcut.

2193 4414 2307 4489 Qua
2333 4416 2401 4471 de
2454 4414 2512 4471 re
2541 4414 2751 4472 consuli
2805 4429 2981 4488 potest
3025 4419 3184 4474 Dion.
3238 4421 3531 4489 Petavius,
3563 4425 3766 4479 lih.ttle

2193 4487 2422 4556 Opilicio
2449 4489 2700 4544 sexdier.
2719 4506 2838 4559 cap.
2859 4490 2949 4553 12.
2975 4500 3031 4546 et
3061 4491 3194 4546 Dan.
3217 4493 3482 4561 lluetius,
3511 4487 3602 4551 lib.
3623 4513 3658 4552 ιι
3675 4495 3766 4552 Ori-

2195 4573 2320 4639 geu.
2339 4568 2543 4639 ἠυκξξι.
2577 4562 2641 4639 8..
2663 4561 2855 4639 Ycrum
2880 4573 3240 4639 prtlitethuatn
3273 4567 3423 4634 quod
3449 4569 3766 4639 rt-spmtdetot'

2196 4629 2262 4682 ab
2305 4629 2576 4706 aliquibus
2628 4631 2716 4686 hic
2756 4648 2784 4706 ξι
2816 4645 3006 4687 sancto
3055 4629 3304 4690 Doctore'
3335 4629 3624 4706 quamdam
3675 4637 3766 4690 ﬁeri

2198 4704 2656 4769 prosopnpmiam,
2703 4703 2992 4758 advrrtcre
3036 4719 3220 4771 operte
3259 4703 3500 4775 pretium
3541 4719 3620 4763 cst
3681 4721 3764 4760 non

2195 4787 2396 4838 paucos
2417 4775 2526 4848 illis
2551 4776 2884 4848 temporibus
2923 4778 3235 4839 exstitts~e.
3265 4780 3360 4848 qui
3389 4781 3638 4835 rationali
3663 4779 3763 4833 ani-

2195 4857 2282 4895 ma
2314 4843 2566 4916 Ill‘.l'd_lltl‘i
2605 4861 2726 4900 es~e
2757 4846 2948 4916 globus
2991 4847 3248 4902 cmlestes
3287 4843 3762 4909 arbitrarentur,“

2192 4928 2422 4986 quorum
2447 4913 2732 4986 ltypolhest
2764 4913 2817 4968 rt
2847 4920 3139 4977 sententia,
3167 4937 3292 4986 tunc
3326 4925 3566 4976 nondum
3594 4921 3657 4976 ab
3683 4921 3761 4974 Ec-

2192 4985 2356 5039 clesia
2389 4984 2640 5040 damnata
2667 4998 2779 5040 erat.
2810 5029 2824 5052 ,
2860 4990 2961 5041 huc
3005 4989 3126 5044 loco
3158 4984 3404 5057 lnquitnr
3433 4993 3758 5046 Ambrosius:

2190 5064 2243 5108 at
2271 5057 2444 5110 «idem
2477 5061 2617 5112 hanc
2657 5061 2969 5124 agnitionem
2999 5077 3109 5114 non
3150 5077 3254 5127 pro
3289 5077 3416 5116 vera
3449 5071 3503 5118 et
3529 5074 3667 5118 ceris
3691 5065 3760 5112 ha-

2190 5127 2356 5204 bitam
2405 5145 2525 5182 esse
2570 5129 2703 5204 hinc
2732 5130 3028 5204 inteliigas.
3063 5135 3208 5201 quod
3265 5139 3518 5204 sequenti
3565 5132 3760 5199 epistola

2189 5197 2325 5251 alias
2353 5201 2635 5274 proponit,
2678 5209 2733 5255 et
2761 5197 3212 5274 Horontiano.'ut
3245 5197 3410 5274 quain
3453 5197 3753 5270 potissimam

2189 5270 2500 5334 censuerit,
2521 5285 2798 5346 sinuatur,
2820 5272 3050 5346 liberum
3075 5270 3354 5344 relinquit.
3370 5275 3488 5331 Non
3509 5281 3760 5346 pessumus

2189 5349 2368 5393 autem
2397 5357 2515 5406 qtre
2544 5342 2702 5404 l'tterit
2749 5347 2916 5397 sant-ti
2953 5344 3206 5398 Prmsulis
3236 5342 3347 5400 hac
3377 5350 3444 5400 de
3475 5342 3534 5403 re
3573 5356 3759 5402 ~cnten-

2192 5411 2284 5476 tia,
2318 5411 2511 5465 melius
2533 5413 2752 5468 aliunde
2777 5415 3034 5483 colligere
3065 5431 3228 5485 quam
3251 5433 3317 5472 ex
3343 5419 3437 5472 lib.
3467 5431 3506 5472 tt
3529 5419 3754 5473 Heraean.

2190 5495 2309 5550 cap.
2333 5485 2390 5546 4,
2423 5499 2572 5540 ιιιιιιι.
2613 5486 2697 5550 Π,
2723 5486 2810 5539 ubi
2839 5485 3092 5540 distincte
3123 5495 3288 5556 negat
3316 5492 3486 5544 ctelos
3515 5504 3574 5544 ac
3605 5489 3758 5543 ﬁrmae

2197 5563 2434 5626 ruentum
2506 5566 2778 5626 tamquam
2857 5556 3169 5624 spiritualcs
3221 5563 3486 5626 quasdam
3561 5561 3756 5612 virtutes

2196 5622 2362 5700 petitu
2396 5622 2648 5700 laudare,
2668 5627 2762 5682 sed
2795 5622 3170 5683 tantummodo
3195 5622 3350 5700 quasi
3381 5645 3544 5700 opera
3570 5628 3750 5700 mundi.

2195 5693 2698 5772 Locumexpende,
2751 5705 2806 5752 et
2831 5713 2952 5753 cum
2991 5701 3154 5754 simili
3201 5693 3345 5772 apud
3375 5693 3622 5758 Basiliam
3664 5697 3753 5754 Hoc

2193 5767 2312 5824 mil.
2342 5767 2377 5824 5
2403 5768 2454 5820 ἱιι
2479 5769 2738 5828 Hexaem.
2765 5782 3042 5844 compara.
