3996 6292
229 309 368 364 M77

1436 312 1922 376 EPISTOLABUM
1955 313 2242 375 CLASSIS
2281 315 2322 371 1.

3385 317 3528 376 1078

221 435 278 477 et
317 423 407 478 illa
434 423 562 478 luna
587 439 752 496 quam
795 425 968 486 noctis
1016 427 1258 484 tenebrat
1287 443 1396 484 non
1421 426 1678 497 operiunt
1701 467 1716 492 ,
1756 436 1813 484 et
1839 434 1894 494 Α
1923 428 2186 496 Quoniam
2212 440 2261 484 et
2282 430 2399 500 ipsa
2439 440 2680 488 creatura
2721 431 3027 494 liberabitur
3076 448 3110 490 ιι
3143 433 3392 501 κηρίωνας
3419 449 3533 496 cor-

219 515 328 570 ill.e
377 520 551 576 stella:
594 537 716 592 quas
767 529 892 578 sunt
931 535 1251 580 ornamenta
1287 526 1411 580 caeli
1438 565 1453 590 ,
1497 526 1816 581 servitutem

221 611 590 680 corruptionis
619 627 763 669 nunc
786 617 1091 681 sustinent;
1123 618 1250 686 quia
1280 616 1634 682 corruptibile
1655 633 1818 673 omne

221 716 424 772 corpus
475 722 490 759 :
543 707 812 776 siquidem
861 719 917 764 et
954 710 1080 765 εωιί
1115 712 1400 780 ρθιίιιιιιιι,
1435 721 1491 766 et
1525 711 1727 767 cmlom
1764 721 1821 769 et

223 803 368 852 terra
395 800 750 868 prmeribunt
777 799 988 872 (Matth.
1026 818 1173 868 mv,
1195 800 1306 870 55).
1333 801 1526 857 Postea
1553 813 1738 858 autem
1759 811 1820 858 et

218 890 302 944 sol
336 899 393 944 et
429 892 552 946 luna
595 903 652 947 et
679 902 876 948 cetera
903 895 1184 950 stellarum
1216 895 1420 949 lumina
1468 897 1818 964 requiescent

220 980 274 1034 itt
301 981 474 1050 gloria
505 983 738 1038 ﬁliorum
765 985 858 1040 Dei
881 1001 897 1050 ;
931 986 1148 1055 quando
1176 987 1271 1040 erit
1305 983 1452 1040 Deus
1473 987 1529 1040 in
1555 986 1732 1040 omnia
1757 987 1812 1040 in

219 1077 454 1130 omnibus
478 1077 532 1148 (Ι
561 1077 678 1132 Cor.
712 1095 799 1146 xv,
827 1079 964 1151 28):
999 1083 1090 1148 qui
1121 1088 1176 1134 et
1202 1081 1253 1134 in
1297 1088 1350 1135 te
1382 1090 1437 1135 et
1473 1080 1532 1135 in
1560 1081 1719 1136 nobis
1744 1081 1818 1136 sit

219 1183 318 1238 per
342 1185 495 1226 suam
529 1171 922 1241 plenitudinem
954 1183 1010 1228 et
1035 1174 1487 1228 misericordiam.

291 1263 376 1317 to.
408 1265 488 1318 An
519 1267 667 1336 ipsos
705 1281 923 1338 quoque
955 1268 1186 1337 angelos
1208 1309 1222 1333 ,
1246 1269 1338 1338 qui
1364 1271 1414 1322 in
1445 1267 1602 1323 istius
1629 1267 1816 1324 mundi

215 1355 758 1415 laboribus-diversa
827 1363 1101 1418 sustinent
1157 1363 1500 1427 ministeria,
1561 1363 1704 1419 sicut
1757 1365 1810 1419 in

214 1448 546 1522 Apocalypsi
577 1453 808 1524 legimus
836 1454 1064 1510 Joannis
1098 1457 1116 1525 ί
1143 1455 1308 1524 Apoc.
1337 1472 1396 1510 ιιι
1425 1497 1440 1521 ,
1487 1457 1514 1510 1
1544 1465 1594 1509 et
1628 1473 1735 1526 seq.
1761 1453 1812 1527 ),

215 1553 242 1582 ⁸
274 1561 380 1602 non
420 1549 780 1618 ingemiscere
809 1551 1113 1615 credimus;
1133 1565 1256 1605 cum
1279 1551 1608 1606 adhibentur
1632 1566 1816 1620 prens-

211 1653 332 1694 rum
365 1651 420 1697 et
451 1644 786 1698 excidiornm
820 1643 1092 1698 ministri?
1123 1642 1151 1682 δ
1189 1645 1290 1712 Qui
1333 1645 1602 1699 habentes
1645 1645 1808 1698 vitam

212 1733 429 1788 beatam
451 1775 466 1798 ,
507 1735 732 1790 mallent
758 1736 946 1807 utique
985 1751 1108 1790 eam
1155 1738 1204 1790 in
1235 1737 1326 1791 illo
1360 1735 1642 1806 superiore
1666 1745 1816 1790 tran-

1927 524 2180 595 ruptionis
2201 523 2395 593 (lbid.,
2429 524 2548 594 21).
2573 524 2758 587 Tertio
2780 536 2962 582 autent
2993 525 3203 592 addidit
3233 527 3380 598 quod
3407 543 3526 584 utit-

1921 614 2006 672 nis
2027 629 2276 672 creatura
2307 618 2675 687 congetttiscat
2705 615 2898 690 (Ibid,
2933 617 3049 690 22).

1991 708 2046 762 2.
2079 709 2220 776 Quid
2263 709 2368 764 sibi
2417 710 2583 779 igitur
2615 711 2731 766 vult
2772 712 2874 765 iSla
2924 710 3198 782 adjectio;
3245 709 3351 766 nisi
3382 707 3526 776 forte

1919 804 2046 874 quia
2079 819 2188 858 non
2233 807 2415 860 omnis
2463 815 2714 860 creatura
2752 805 2998 876 subjecta
3029 807 3258 868 vanitati
3301 817 3385 862 est
3415 823 3429 860 :
3463 812 3522 870 et

1919 898 2044 965 quia
2093 911 2196 950 non
2241 898 2418 951 omnis
2464 899 2691 952 vanitati
2721 898 2963 968 subjecta
2993 908 3105 964 est,
3139 914 3245 964 non
3275 899 3457 962 omnis
3485 913 3518 952 a

1919 990 2180 1045 servitute
2217 991 2584 1062 corruptionis
2638 992 2997 1049 liberabitur?
3026 993 3166 1064 Quid
3212 995 3356 1054 enim
3379 989 3406 1030 ά
3437 993 3505 1050 li-

1917 1080 2163 1146 beretur,
2202 1096 2325 1152 quae
2367 1098 2398 1136 a
2427 1085 2769 1152 sultjectione
2812 1084 3068 1138 vanitatis
3109 1093 3212 1142 eta
3251 1085 3520 1144 servitute

1917 1171 2285 1243 corruptionis
2331 1174 2449 1242 ejus
2479 1191 2677 1246 expers
2703 1185 2869 1250 atque
2907 1174 3166 1234 immunis
3192 1175 3306 1231 sit?
3331 1175 3521 1234 Omnis

1917 1276 2099 1322 autem
2131 1265 2502 1337 cungemiscat
2531 1282 2638 1322 non
2675 1269 2727 1322 in
2769 1281 2870 1324 suo
2894 1307 2911 1332 ,
2944 1267 3037 1322 sed
3070 1266 3127 1322 in
3160 1275 3346 1322 nostro
3372 1267 3524 1325 labo-

1917 1376 2000 1422 re,
2030 1368 2086 1416 et
2115 1370 2139 1397 °
2168 1359 2561 1430 comparturiat
2587 1360 2736 1416 illum
2769 1359 3002 1418 fortasse
3023 1360 3272 1430 spiritum
3297 1359 3482 1414 salutis
3503 1402 3518 1426 ,

1917 1456 2168 1525 spiritum
2194 1454 2547 1523 jucunditatis
2577 1495 2593 1521 ,
2625 1464 2954 1524 exspectans
2984 1453 3334 1524 adoptionem
3377 1452 3522 1508 ﬁlio-

1918 1565 2038 1604 rum
2093 1549 2232 1615 Dei;
2266 1559 2324 1604 ut
2364 1563 2710 1606 communem
2764 1549 2834 1607 de
2875 1548 3254 1620 redemptione
3301 1547 3522 1604 humani

1916 1641 2132 1713 generis
2161 1652 2528 1711 consequatur
2555 1641 2800 1703 laetitiam
2841 1650 2900 1698 et
2936 1641 3381 1698 exsultationem.
3411 1639 3522 1696 Aut

1920 1746 2141 1805 propter
2185 1735 2508 1790 charitatem
2581 1735 2742 1804 igitur
2792 1749 2947 1790 suam
2994 1735 3174 1792 omnis
3214 1733 3524 1804 ittgemiscit

209 1827 499 1896 quillitatis
519 1844 634 1882 sum
663 1840 804 1884 statu
833 1845 1138 1894 recurrere,
1165 1846 1326 1900 quam
1351 1843 1663 1886 nostrorum
1691 1846 1810 1900 pec-
1839 1831 1885 1894 B
1917 1841 2158 1886 nostrum
2189 1830 2431 1885 laborent
2453 1871 2469 1896 ,
2515 1839 2608 1884 aut
2638 1838 2859 1900 propter
2886 1829 3190 1890 membrum
3213 1829 3297 1888 sui
3325 1845 3523 1900 corpo-

208 1928 460 1973 catorum
510 1921 686 1989 pinnis
723 1922 1008 1976 ultricibus
1059 1923 1401 1991 interpolat-i.
1461 1922 1670 1978 Etenim
1716 1924 1812 1994 qui

207 2010 450 2079 gaudent
477 2013 636 2066 unius
655 2013 955 2082 peccatoris
987 2013 1362 2082 redemptione
1389 2012 1542 2085 (Luc.
1573 2031 1662 2079 xv,
1697 2014 1806 2086 t0),

209 2101 398 2169 utique
443 2106 724 2157 tantorum
803 2109 1146 2174 peccatorum
1215 2103 1476 2164 mrumnis
1548 2104 1806 2175 ingemis-

205 2203 362 2248 cunt.

283 2285 387 2340 H.’
410 2285 464 2340 Si
509 2269 674 2355 igitur
702 2287 863 2344 etiam
883 2287 1140 2343 cmlestes
1164 2297 1434 2342 creatura:
1457 2296 1514 2342 et
1554 2287 1805 2345 Potestas

203 2387 288 2433 tes
307 2380 628 2435 servitutem
653 2384 1022 2450 corruptionis
1056 2383 1362 2446 sustinent,
1392 2381 1487 2436 sed
1509 2382 1562 2436 itt
1596 2397 1715 2452 spe,
1747 2391 1805 2437 ut

211 2488 318 2542 pro
348 2473 507 2528 nobis
535 2484 722 2544 postea
762 2485 818 2530 et
844 2476 1128 2529 nobiscum
1179 2477 1463 2541 laetentur;
1496 2477 1662 2532 etiam
1705 2493 1807 2533 nos

201 2571 489 2638 passimtes
536 2570 696 2640 hujus
741 2573 1002 2641 temporis
1049 2570 1249 2626 intorto
1289 2587 1388 2641 spe
1425 2581 1481 2626 et
1505 2583 1800 2644 exspecta-

201 2665 354 2719 tione
386 2667 736 2721 consolemur
780 2667 991 2737 gloriae.
1023 2666 1154 2722 Vale
1181 2708 1195 2733 ,
1237 2665 1352 2733 ﬁli,
1395 2675 1451 2722 et
1474 2683 1576 2722 nos
1596 2667 1800 2740 dilige;

201 2761 330 2830 quia
366 2773 466 2815 nos
495 2768 550 2816 te
579 2761 877 2832 diligimus.

578 2917 744 2990 925
779 2929 800 2958 ο
837 2917 1172 3005 εριδιοιμι
1205 2919 1424 2978 xxxv.

203 3031 272 3086 In
295 3031 392 3086 Irae
411 3031 631 3098 epistola
660 3035 908 3102 quaeritur
933 3036 1122 3104 primo,
1149 3053 1241 3090 cur
1263 3053 1380 3090 cum
1406 3038 1461 3090 in
1481 3035 1644 3090 verbis
1661 3037 1803 3106 Apo-

276 3127 398 3180 stoti
415 3143 517 3180 non
532 3127 698 3182 omnis
717 3138 962 3182 creatura
981 3130 1184 3184 dicatur
1205 3131 1528 3200 corruptioni
1554 3132 1799 3196 obitoxia,

1913 1924 1990 1978 ris
2015 1964 2033 1990 ,
2071 1923 2226 1993 cujus
2253 1937 2409 1992 caput
2453 1923 2706 1978 Christus
2732 1934 2838 1978 est.
2883 1920 2990 1978 Sed
3029 1924 3150 1978 sive
3187 1923 3262 1986 ita
3295 1930 3352 1978 ut
3377 1921 3520 1976 dixi-

1913 2030 2068 2078 mus,
2114 2013 2231 2069 sive
2258 2014 2586 2082 sitnpliciter
2626 2014 2927 2084 subjectum
2959 2023 3269 2072 creaturam
3296 2029 3515 2072 omnem

1911 2107 2113 2162 dixerit
2159 2106 2572 2177 congemiscere
2597 2116 2654 2167 et
2678 2107 3080 2178 comparturire
3107 2149 3125 2176 ,
3173 2118 3232 2164 ut
3258 2107 3408 2166 voles
3435 2107 3522 2166 in-

1911 2200 2117 2271 tellige.

1901 2335 1906 2340 .
1981 2294 2037 2347 5.
2084 2291 2241 2348 None
2271 2291 2404 2346 illud
2449 2290 2864 2350 consideremus
2903 2293 3051 2365 quod
3099 2293 3348 2363 adjecit:
3391 2292 3516 2351 Non

1909 2385 2077 2437 solum
2103 2395 2272 2438 autem
2295 2384 2416 2449 illa,
2458 2385 2548 2438 sed
2579 2385 2734 2438 etiam
2768 2401 2861 2440 nos
2891 2385 3152 2454 primitias
3177 2385 3395 2454 spiritus
3417 2385 3513 2440 Ita-

1906 2475 2105 2542 ltentes,
2129 2477 2234 2544 ipsi
2272 2478 2412 2532 intra
2436 2494 2529 2532 nos
2569 2477 2991 2547 ingemiscintus,
3019 2480 3353 2550 adoptionem
3378 2478 3521 2550 ﬁlio-

1906 2587 2027 2624 rum
2052 2580 2428 2639 exspectantes,
2451 2573 2853 2644 redemptionem
2882 2573 3302 2643 corporisnostri
3331 2571 3513 2644 (ﬂant.

1909 2677 2026 2722 vni.
2052 2662 2169 2733 ‘25).
2203 2663 2340 2728 Quid
2379 2664 2452 2718 sit
2480 2663 2702 2732 adoptio
2748 2663 2986 2719 ﬁliorum
3031 2667 3286 2735 superior
3316 2666 3514 2736 pagina

1907 2753 2105 2817 docet;
2137 2763 2192 2809 et
2221 2755 2345 2809 ideo
2386 2755 2696 2825 esponendi
2727 2772 2925 2813 sensus
2949 2757 3128 2828 gratia
3173 2758 3239 2812 ad
3262 2759 3516 2830 superio-

1907 2862 2021 2902 rem
2046 2847 2436 2902 recurrendum
2473 2858 2559 2902 est
2588 2847 2860 2918 paginam.

1979 2936 2033 2992 4.
2063 2938 2166 3005 Qui
2197 2939 2388 3008 spiritu
2415 2979 2428 3004 ,
2478 2941 2652 3009 inqutt
2681 2937 2847 3011 (Ibid.
2875 2981 2889 3005 ,
2948 2939 3038 3009 15)
3069 2981 3086 3008 ,
3129 2939 3276 2998 facta
3326 2940 3509 3008 carnis

1907 3033 2218 3098 mortiﬁcat,
2274 3033 2438 3086 vivet.
2476 3033 2584 3087 Nec
2625 3034 2822 3088 mirum
2863 3034 2909 3088 si
2953 3033 3136 3100 vivat,
3180 3051 3302 3090 cuin
3331 3033 3513 3100 Filius

1909 3123 2006 3178 Dei
2031 3126 2141 3188 ﬁat,
2171 3123 2264 3192 qui
2286 3123 2449 3180 habet
2472 3126 2734 3194 Spiritum
2769 3127 2886 3180 Dei.
2913 3125 3064 3182 Adeo
3091 3125 3363 3185 estFilius
3393 3127 3510 3192 Dei,

275 3221 652 3291 eongemiscere
703 3231 876 3276 tamen
915 3224 1082 3277 omnis
1133 3223 1377 3278 dicatur:
1409 3235 1588 3294 postea
1638 3241 1703 3278 ex
1731 3225 1798 3278 iis
1827 3225 1873 3290 Ο
1911 3227 1967 3272 nt
2017 3231 2122 3270 non
2185 3216 2416 3287 aecipiat
2465 3219 2718 3286 spiritum
2766 3219 3071 3283 servitutis,
3115 3219 3209 3278 sed
3257 3220 3508 3290 spiritum

277 3313 608 3382 qum-ibidem
663 3324 968 3384 sequuntur,
1021 3314 1086 3368 de
1126 3313 1331 3384 Spiritu
1361 3317 1659 3386 adoptionis
1683 3357 1700 3383 ,
1741 3316 1804 3370 de

275 3407 632 3479 magnitudine
678 3409 1007 3475 prtetttiarum
1052 3410 1332 3464 (intestina:
1357 3450 1371 3472 ,
1402 3411 1466 3464 de
1501 3419 1801 3464 sanctorum

277 3499 466 3570 gemitu
486 3539 499 3562 ,
533 3500 774 3568 primitiis
821 3499 1082 3565 Spiritus,
1132 3502 1408 3571 adeptione
1437 3503 1707 3572 ﬁliorum,
1739 3519 1801 3558 ac

277 3605 374 3660 spe
400 3592 630 3646 sateante
657 3591 948 3648 disseritur.

569 3795 572 3798 ,
649 3729 1350 3802 Auenoswsllononrumo.

279 3869 332 3923 1.
375 3868 638 3938 Superior
690 3871 918 3940 epistola
949 3879 1056 3927 tute
1087 3874 1420 3943 inquisitioni
1467 3875 1793 3943 respondit;

203 3959 325 4015 haec
353 3975 491 4016 mete
523 3963 893 4032 responsionis
931 3966 1113 4035 portio
1139 3977 1221 4021 est
1245 4009 1260 4031 ,
1299 3973 1418 4035 quat
1451 3983 1554 4022 non
1584 3969 1801 4037 solvat,

204 4054 306 4109 sed
334 4054 563 4127 impleat
591 4059 952 4126 superiorem.
979 4057 1119 4113 Nam
1150 4059 1276 4114 dum
1311 4061 1566 4116 ulteriora
1607 4077 1804 4117 recen-

203 4161 322 4211 seo,
359 4147 530 4202 movit
558 4164 664 4213 me,
713 4148 910 4218 fateor,
960 4153 1087 4222 quia
1127 4153 1372 4208 addidit:
1410 4153 1618 4210 Scimus
1665 4157 1804 4210 enim

201 4239 346 4308 quod
369 4240 538 4294 omnis
568 4252 806 4296 creatura
840 4242 1127 4315 ingemiscit
1157 4245 1336 4317 (Rom.
1378 4261 1489 4312 vut,
1522 4245 1647 4320 20);
1677 4263 1802 4303 cum

203 4329 259 4384 in
288 4333 455 4402 priori
485 4333 724 4403 capitulo
755 4335 874 4389 sine
900 4335 1208 4407 adjectione
1229 4338 1429 4394 dixerit
1455 4357 1468 4392 :
1503 4340 1636 4406 Quia
1657 4356 1804 4396 crea-

201 4432 324 4478 tura
353 4427 566 4480 vanitati
602 4428 836 4502 subjecta
879 4439 972 4484 est.
1018 4430 1133 4485 Non
1157 4433 1306 4488 enim
1337 4448 1553 4489 omnem
1583 4446 1798 4490 creatu-

203 4531 346 4583 ram,
375 4518 475 4575 sed
499 4531 803 4576 creaturam
825 4523 1123 4592 suhjectam
1151 4525 1308 4580 dixit.
1345 4526 1411 4582 Et
1439 4527 1635 4582 iterum
1669 4529 1745 4582 ait
1781 4545 1793 4580 :

1907 3303 2214 3378 adoptionis
2243 3309 2508 3374 ﬁliorum;
2541 3325 2784 3380 cousque
2803 3320 2863 3364 ut
2893 3311 3263 3369 testimonium
3292 3311 3509 3380 Spiritui

1908 3414 2098 3458 nostro
2127 3411 2348 3458 sanctus
2395 3403 2628 3471 Spiritus
2652 3402 2844 3460 reddat
2881 3403 3024 3474 quod
3045 3417 3235 3463 sumus
3265 3405 3355 3459 ﬁlii
3387 3404 3507 3462 Dei.

1907 3497 2301 3554 Testimonium
2343 3506 2522 3552 autent
2565 3497 2670 3552 hoc
2712 3507 2797 3552 est
2833 3497 3073 3568 Spiritus
3111 3497 3322 3564 sancti,
3364 3498 3508 3568 quod

1907 3591 2023 3659 ipse
2043 3601 2124 3644 est
2147 3591 2234 3658 qui
2265 3589 2467 3644 clamat
2495 3589 2548 3644 in
2579 3591 2836 3654 cordibus
2881 3591 3114 3649 nostris:
3157 3588 3301 3646 Abba
3329 3601 3502 3662 pater,

1905 3683 2045 3736 sicut
2082 3681 2151 3737 ad
2190 3681 2406 3738 Galatas
2443 3683 2706 3751 scriptum
2747 3693 2828 3738 est
2856 3681 3054 3748 (Galat.
3090 3698 3168 3750 tv,
3191 3683 3267 3754 ϋ).
3309 3683 3414 3746 Sed
3453 3691 3510 3737 et

1907 3773 2038 3830 illud
2066 3775 2268 3845 grande
2290 3773 2658 3830 teatimottium
2693 3774 2837 3846 quod
2865 3775 2964 3830 ﬁlii
2994 3791 3184 3830 sumus
3208 3773 3336 3838 Dei;
3377 3775 3502 3846 quia

1907 3885 2094 3924 sumus
2135 3871 2379 3925 lucredes
2424 3870 2540 3934 Dei,
2573 3869 2892 3924 colueredes
2922 3881 3103 3928 autem
3133 3868 3335 3930 Christi
3365 3887 3377 3924 :
3408 3885 3503 3926 co-

1908 3963 2080 4020 ltzcres
2109 3975 2288 4020 autem
2311 3974 2394 4020 est
2416 3965 2564 4034 ejus,
2592 3963 2682 4034 qni
2713 3964 3155 4034 conglorilicatur
3185 3965 3274 4025 ei:
3313 3963 3331 4003 τ
3363 3979 3497 4022 con-

1905 4056 2238 4128 gloriﬁcatur
2265 4071 2392 4110 vero
2417 4056 2529 4120 illi,
2559 4057 2650 4127 qui
2682 4057 2944 4128 patiendo
2959 4072 3058 4126 pro
3089 4057 3239 4126 ipso,
3267 4071 3494 4126 compa-

1907 4149 2038 4204 titnr
2075 4148 2126 4204 ei
2156 4147 2332 4212 (Rom.
2368 4163 2480 4212 vnt,
2512 4149 2581 4204 i6
2605 4159 2656 4204 et
2684 4150 2840 4221 δραι).

1976 4239 2141 4320 926
2161 4238 2214 4294 5.
2246 4240 2310 4294 Ει
2339 4253 2388 4294 ιιι
2417 4257 2518 4298 tius
2544 4239 2794 4296 hortetur
2821 4240 2886 4294 ad
2913 4241 3244 4310 passionem,
3263 4239 3510 4310 adjungit

1909 4334 2098 4406 (Ibid,
2133 4333 2223 4406 ili)
2252 4336 2378 4406 quia
2407 4336 2586 4390 omnia
2613 4349 2736 4405 qua:
2765 4335 3024 4404 patimur,
3055 4336 3267 4390 minora
3295 4344 3421 4402 sunt
3442 4343 3501 4390 et

1903 4429 2121 4502 indigna
2151 4445 2382 4500 quorum
2412 4446 2512 4499 pro
2550 4429 2824 4486 laboribus
2867 4436 3014 4489 tanta
3059 4428 3386 4500 rependatur
3425 4426 3509 4486 [ιι-

1905 4535 2148 4581 turorum
2181 4541 2390 4590 merces
2438 4525 2738 4592 bonorum,
2771 4539 2890 4595 qua:
2932 4523 3263 4586 revelabitur
3305 4523 3357 4578 in
3404 4537 3504 4576 no-

278 4693 306 4722 α
337 4683 595 4752 Quamvis
635 4687 898 4756 reprohns
922 4685 1142 4752 angelos
1169 4685 1238 4757 ad
1270 4686 1566 4756 exigendas
1602 4687 1787 4742 critni-
1822 4691 1874 4757 ι)
1899 4686 2032 4748 bus,
2064 4667 2404 4757 interpolari,
2436 4683 2576 4757 edit:
2599 4682 2761 4757 Rom.
2805 4695 2928 4736 cum
2955 4681 3081 4757 aliis
3104 4680 3226 4757 cod.
3261 4677 3504 4757 pauculis

207 4772 336 4812 nunt
363 4771 550 4820 pugnas
581 4757 718 4811 Deus
749 4757 1089 4828 potiSsimutn
1128 4756 1412 4822 adhibeat,
1444 4759 1592 4824 quasi
1633 4757 1793 4826 justi-

209 4831 298 4883 ti:e
327 4841 441 4882 sure
481 4829 700 4881 lictores
755 4845 817 4882 ac
845 4829 1144 4890 ~atellites,
1192 4828 1331 4881 unde
1386 4828 1610 4894 legimus
1657 4829 1792 4895 psal.

209 4915 414 4958 Lxxvn.
447 4914 586 4952 vers.
616 4900 703 4964 49,
747 4900 1086 4952 inmtt'ssiones
1112 4914 1201 4966 per
1230 4900 1439 4966 angelos
1469 4899 1670 4963 malos;
1705 4903 1796 4952 ho-

209 4973 296 5030 rtis
327 4983 507 5034 tanton
535 4975 858 5040 quandoque
894 4971 958 5024 ad
998 4971 1100 5024 hoc
1137 4970 1494 5023 ministerium
1521 4970 1708 5034 utitur,
1741 4979 1802 5026 ut

209 5058 317 5097 non
349 5042 529 5096 solum
565 5057 631 5099 ex
659 5045 820 5096 variis
855 5043 990 5096 iouis
1021 5041 1377 5110 Apocalypsis
1408 5041 1760 5105 intelligimus
1781 5081 1796 5105 ,

209 5128 396 5170 verum
427 5113 590 5166 etiam
636 5129 666 5167 e
701 5114 792 5167 lilt.
827 5113 892 5168 ιν
929 5118 1156 5182 ltegmn,
1202 5127 1322 5181 rap.
1348 5127 1459 5176 xui,
1492 5125 1543 5166 et
1589 5112 1796 5166 Daniel.

209 5199 329 5252 Cap.
361 5199 414 5237 χ.
444 5183 599 5250 Quod
631 5196 808 5240 autem
843 5193 1070 5238 testatur
1094 5183 1416 5238 Ambrosius
1444 5183 1664 5237 OliStit'tli
1691 5183 1805 5238 An-

210 5257 362 5326 gelos
396 5255 768 5323 ingemiscere,
799 5255 847 5308 td
876 5270 944 5308 eo
971 5272 1132 5308 st‘ll‘ll
1162 5256 1534 5321 accipiendum
1569 5265 1803 5318 831.,(100

213 5325 462 5396 sequenti
505 5327 734 5394 epistola
767 5326 1033 5394 signiﬁcat
1074 5328 1171 5380 hos
1203 5330 1348 5392 ip~o<
1371 5340 1586 5396 corpan
1606 5325 1804 5396 iliccle-

212 5395 307 5454 sini
337 5398 594 5466 ctnnp.tti,
629 5408 900 5460 tamquam
945 5398 1181 5451 membra
1227 5395 1506 5463 superiora
1535 5395 1806 5450 infcriori-

215 5468 316 5526 bus
359 5469 619 5522 membris
646 5469 1036 5522 Iitbttl‘atlllitlh‘.
1075 5468 1183 5521 Ilac
1212 5484 1394 5521 autem
1425 5468 1807 5532 eontpassioue

216 5538 430 5592 illorum
482 5555 588 5589 tttttt
650 5539 898 5608 itttpt‘tltri
952 5539 1260 5592 {elicita-unt
1300 5539 1634 5608 Augustinus
1681 5555 1804 5594 cum

216 5612 348 5664 ttiihi
375 5626 485 5665 non
523 5612 685 5662 semel
713 5650 726 5671 ,
769 5620 878 5662 tttttt
915 5611 967 5664 in
1012 5611 1104 5663 itit.
1137 5610 1203 5664 de
1229 5608 1391 5664 Ctvn.
1435 5614 1530 5665 Det
1565 5609 1806 5676 pluribus

219 5680 348 5738 locis
377 5681 560 5738 docet.
591 5695 655 5732 ac
682 5694 796 5746 post
831 5697 952 5733 eum
987 5697 1176 5748 agmen
1198 5683 1622 5743 Theolouurum.

289 5751 316 5789 δ
343 5751 472 5806 Mss.
513 5750 712 5817 aliquot
741 5791 756 5813 ,
789 5749 890 5816 Qui
929 5767 1034 5804 non
1065 5753 1324 5806 habentes.
1361 5754 1535 5808 Minus
1565 5765 1807 5805 commeo

219 5821 306 5889 de.
335 5820 481 5882 Infra
507 5835 652 5888 vero,
679 5823 765 5876 ubi
793 5833 906 5878 aut.
946 5822 1079 5881 edit.
1113 5837 1236 5878 cunt
1272 5839 1404 5880 mss.
1439 5823 1610 5878 multo
1641 5822 1810 5896 pluri-
1853 5862 1860 5866 .

1901 4759 2139 4828 profert,
2168 4755 2510 4822 inturpelluri.
2546 4754 2652 4809 Sed
2675 4761 2788 4828 tam
2823 4769 2969 4828 smne
2990 4795 3001 4809 .
3037 4755 3114 4806 ait.
3134 4751 3374 4828 Nannius
3398 4752 3495 4828 ,_itt

1901 4820 1984 4880 itis
2017 4827 2169 4881 Ithris
2200 4820 2436 4880 occurrit
2459 4823 2770 4889 ittterpotari
2799 4840 2896 4895 pro
2921 4825 3246 4893 interpellari
3271 4863 3287 4888 ,
3327 4829 3384 4874 ut
3404 4820 3504 4875 dn-

1903 4898 2046 4953 bium
2089 4899 2158 4951 sit
2187 4937 2202 4958 ,
2234 4913 2360 4950 num
2389 4897 2446 4949 S.
2479 4895 2802 4950 Ambrosius
2831 4897 3139 4964 promiscue
3168 4895 3272 4948 illis
3298 4901 3505 4947 utatur.

1980 4981 2000 5007 ο
2035 4969 2246 5034 Scripta
2280 4969 2422 5020 circa
2450 4985 2578 5022 ann.
2608 4967 2736 5021 587.

1974 5038 2000 5075 ἀ
2033 5031 2234 5092 Omnes
2261 5039 2388 5092 edit.
2425 5041 2642 5092 et'tnss.
2669 5035 2910 5090 nonnulli
2939 5076 2952 5100 ,
2987 5035 3125 5099 Quid
3153 5035 3286 5086 enim
3313 5031 3503 5086 libere-

1905 5119 2025 5176 tur;
2066 5125 2181 5178 qua:
2230 5108 2506 5172 vanitatis,
2553 5121 2598 5164 et
2645 5105 3142 5178 corruptiottis;alii
3177 5120 3310 5160 mss.
3355 5118 3504 5178 com-

1909 5173 2112 5250 plures,
2146 5180 2286 5246 Quid
2310 5182 2442 5233 enim
2470 5181 2736 5244 liberetur,
2780 5173 2897 5255 qua:
2931 5173 3168 5255 uanitatis
3209 5175 3502 5255 eiurari:

1910 5244 2401 5320 tuterarrirpttonis
2427 5267 2446 5304 :
2471 5263 2530 5308 at
2559 5252 2737 5306 locum
2771 5244 3008 5304 restituit
3035 5245 3158 5299 cod.
3209 5244 3390 5300 Albin.
3446 5249 3505 5312 ut

1909 5325 1960 5378 itt
1995 5333 2163 5377 textu.

1984 5404 2006 5431 θ
2033 5393 2283 5449 Gre-cunt
2317 5393 2539 5446 verbum
2579 5390 2741 5447 ὠδίνω
2769 5397 2825 5442 et
2853 5383 3098 5456 parturio
3119 5395 3170 5441 et
3195 5384 3356 5440 doleo
3393 5386 3505 5456 sig-

1910 5467 2129 5520 nilit-at:
2178 5465 2243 5518 ad
2291 5476 2578 5532 utramque
2621 5459 3075 5532 Sigttiiit'ttlittlll‘llll
3110 5458 3193 5532 hic
3236 5457 3504 5514 allo-its.

1911 5535 2253 5601 Ambrosius,
2279 5551 2396 5605 qua:
2422 5535 2472 5588 in
2492 5529 2687 5588 Latina
2718 5529 2955 5584 dictione
2984 5530 3230 5596 parturio
3267 5546 3374 5584 non
3399 5537 3504 5586 est.

1911 5610 1984 5662 lta
2015 5611 2275 5662 ἰγαιιιιιιιδ.

1992 5680 2008 5716 ί
2046 5681 2186 5733 Edit.
2237 5694 2302 5732 ac
2331 5677 2516 5745 plures
2562 5686 2718 5735 mss.,
2771 5668 3196 5745 cottgloriﬁcatur
3222 5687 3338 5726 vero
3379 5671 3510 5740 ille;

1915 5751 2004 5805 alii
2035 5750 2182 5811 cod.,
2211 5741 2638 5818 conatoriﬁcatnr
2665 5758 2780 5796 vero
2818 5741 2921 5807 illi,
2951 5741 3092 5810 quod
3132 5745 3508 5818 gradatiOnem

1917 5821 2082 5878 efﬁcit
2111 5819 2280 5892 magis
2307 5815 2652 5872 concinnam.
2835 5865 2869 5884 υ
