3996 6292
553 300 690 358 1079

1893 305 2139 362 SANCTI
2176 305 2504 364 AMBROSII

3707 312 3818 374 ηοω

550 420 664 487 bis;
691 435 816 478 cum
845 419 915 476 ad
935 419 1031 478 Dei
1063 422 1355 494 imaginem
1379 423 1657 480 reformati
1679 422 1906 495 gloriam
1933 423 2052 496 ejus
2071 423 2148 480 fa-
2177 431 2230 491 Α
2253 423 2463 480 mitivis
2482 424 2666 480 ovium
2691 423 2890 481 obtulit
2912 425 3070 498 (Gen.
3110 441 3198 496 tv,
3229 425 3310 500 4).
3343 429 3502 486 Licet
3526 428 3688 501 aliqui
3732 430 3816 486 dis—

549 513 635 570 cie
659 515 727 570 ad
756 513 950 572 faciem
979 516 1225 584 aspicere
1254 517 1634 573 meruerimus.

621 606 678 663 6.
707 605 781 662 Et
810 617 869 664 ttt
903 609 1328 681 magnitudinem
1370 609 1718 666 revelationis
1745 609 1938 666 futura:
1965 610 2143 667 extol-

546 698 686 756 leret
709 741 726 766 ,
755 699 964 756 addidit
1015 701 1158 773 quod
1203 711 1256 758 et
1285 715 1536 758 creatura
1575 702 1714 759 hanc
1751 703 2138 760 revelationem

547 800 827 861 exspectet
857 791 1090 847 ﬁliorum
1119 793 1259 861 Dei,
1301 810 1422 865 qua:
1449 809 1592 851 nunc
1632 795 1855 851 vanitati
1895 795 2140 863 subjecta

548 894 632 942 est
671 901 777 941 non
808 896 1000 957 sponte
1023 929 1040 954 ,
1081 887 1176 942 sed
1201 887 1255 943 in
1293 903 1424 960 spe;
1451 887 1573 960 quia
1601 900 1785 959 Sperat
1825 891 1894 946 de
1921 891 2138 947 Christo

545 977 774 1048 gratiam
801 978 1092 1034 ministerii
1121 979 1205 1034 sui
1230 997 1244 1033 :
1277 980 1360 1036 vel
1390 982 1513 1050 quia
1541 991 1596 1036 et
1623 981 1738 1052 ipsa
1762 983 2078 1040 liberabitur
2103 999 2134 1040 a

545 1070 805 1126 servitute
850 1071 1247 1138 corruptionis;
1298 1081 1356 1128 ut
1399 1087 1706 1129 assumatur
1733 1076 1785 1130 in
1828 1076 2133 1132 libertatem

540 1165 732 1236 gloria:
762 1163 997 1220 ﬁliorum
1031 1165 1163 1232 Dei,
1196 1174 1258 1222 ut
1280 1169 1352 1222 sit
1378 1182 1484 1222 una
1508 1167 1728 1224 libertas
1752 1180 2016 1225 creaturae
2035 1211 2051 1237 ,
2079 1180 2134 1226 et

541 1257 778 1313 ﬁliorum
806 1258 918 1325 Dei,
951 1273 1074 1312 cum
1115 1258 1354 1314 revelata
1397 1256 1555 1316 fuerit
1586 1275 1774 1316 eorum
1802 1260 1993 1332 gloria.
2027 1261 2134 1316 Ve-

534 1367 655 1407 rum
685 1368 826 1408 nunc
853 1353 980 1406 dum
1003 1352 1268 1408 revelatio
1295 1355 1745 1422 procrastinatur,
1778 1355 2132 1424 congemiscit

533 1445 714 1500 omnis
741 1456 992 1500 creatura
1033 1454 1356 1516 exspectans
1384 1446 1695 1512 adoptionis
1724 1456 1778 1501 et
1803 1446 2120 1518 redemptio-

535 1535 622 1590 nis
647 1544 849 1590 nostrze
877 1535 1110 1606 gloriam
1133 1577 1150 1603 ,
1195 1537 1509 1606 parturiens
1548 1538 1660 1608 jam
1689 1537 1836 1593 illum
1878 1539 2126 1608 spiritum

529 1625 751 1692 salutis,
779 1636 833 1682 et
859 1627 1050 1682 volens
1068 1627 1289 1682 liberari
1314 1643 1344 1682 a
1377 1629 1632 1684 vanitatis
1658 1629 1904 1686 servitio.

602 1720 657 1774 7.
691 1720 788 1776 Cui
833 1718 1120 1790 conjunxit
1148 1719 1446 1791 Apostolus
1480 1723 1644 1777 etiam
1692 1732 2006 1778 sanctorum
2033 1738 2128 1794 ge-

2250 515 2473 571 tantiam
2507 516 2673 573 velint
2695 531 2818 574 esse
2842 517 2986 574 inter
3015 518 3284 591 primitias
3305 527 3366 578 et
3383 520 3757 594 primogenita,
3773 523 3814 579 id

2241 615 2344 677 est,
2368 623 2490 677 qua:
2519 608 2694 678 primo
2717 617 3046 676 nascuntur;
3075 625 3143 667 eo
3169 610 3318 680 quod
3333 612 3599 669 collectis
3623 614 3814 670 sciui-

2239 701 2373 769 bus,
2397 701 2549 772 quasi
2571 715 2639 758 ex
2665 701 2918 759 omnibus
2944 701 3097 758 initia
3125 702 3430 761 olerantur
3448 719 3628 760 areae:
3661 715 3812 762 tamen

2237 792 2310 851 de
2337 808 2518 850 messe
2536 793 2680 865 quod
2699 793 2934 864 pritnum
2955 794 3185 863 tollitur,
3210 796 3264 850 id
3285 795 3520 853 oﬁ‘ertur
3547 797 3706 870 927
3733 797 3814 855 Do-

2241 885 2409 953 mino,
2438 884 2468 924 ι)
2497 884 2592 940 sed
2627 884 2697 940 de
2727 883 2830 942 hoc
2856 886 3014 941 alias.
3048 886 3392 944 Sanctiﬁcari
3423 895 3607 944 autem
3636 888 3816 944 videtur

2237 975 2594 1046 primitiarum
2631 991 2856 1032 munere
2903 985 3019 1032 tota
3081 993 3224 1036 area:
3267 980 3510 1047 messis,
3563 978 3662 1036 sed
3707 980 3814 1051 ipse

2233 1069 2538 1124 sanctiores
2563 1069 2818 1139 primitias
2847 1080 2999 1126 sunt.

2309 1161 2397 1216 {0.
2425 1160 2691 1219 Similiter
2719 1163 2891 1218 sancti
2923 1163 3177 1234 primitias
3207 1175 3336 1222 sunt
3361 1166 3588 1226 Domini
3613 1211 3632 1236 ,
3653 1173 3811 1244 praci-

2233 1269 2340 1324 pue
2361 1254 2636 1325 apostoli;
2671 1258 2905 1326 primum
2939 1259 3086 1314 enim
3119 1259 3260 1316 Deus
3290 1263 3481 1334 posuit
3508 1265 3565 1319 in
3599 1265 3811 1324 Ecclesia

2233 1348 2534 1417 apostolos,
2558 1349 2650 1418 qui
2675 1357 2731 1404 et
2761 1349 3017 1422 pleraque
3045 1351 3454 1423 prophetaruut
3471 1399 3490 1426 ,
3522 1367 3586 1415 et
3611 1375 3811 1434 evange-

2231 1439 2466 1498 lizarunt
2511 1443 2796 1501 Dominum
2845 1447 3071 1512 Iesum;
3123 1451 3248 1521 quia
3300 1454 3466 1524 primi
3508 1471 3810 1528 receperunt

2230 1535 2438 1626 eumi(l
2470 1535 2591 1592 Cor.
2623 1555 2736 1608 xu,
2762 1541 2880 1614 28).
2912 1541 3139 1614 Recepit
3166 1559 3288 1601 eum
3317 1547 3550 1606 Simeon
3603 1555 3808 1626 prophe-

2232 1634 2284 1681 ta
2313 1625 2467 1696 (Luc.
2492 1645 2549 1696 ll,
2572 1629 2692 1702 28),
2734 1632 3031 1691 Zacharias
3059 1639 3326 1708 praplteta
3353 1681 3371 1708 ,
3401 1640 3655 1701 Joannes
3695 1625 3806 1702 illius

2228 1717 2370 1788 ejus,
2398 1719 2723 1791 Natltanael,
2758 1725 2812 1780 in
2835 1742 2945 1798 quo
2963 1727 3126 1785 dolus
3148 1745 3255 1786 non
3279 1743 3399 1788 erat
3419 1733 3441 1807 (
3455 1733 3622 1791 loqu.
3649 1753 3690 1804 ι,
3713 1737 3805 1812 ιης

531 1811 756 1876 mitum,
787 1812 882 1881 qui
927 1811 1132 1868 habent
1175 1812 1444 1882 primitias
1479 1813 1746 1884 Spiritus;
1780 1829 1902 1870 nam
1933 1823 1990 1870 et
2025 1815 2123 1884 ipsi
2153 1832 2204 1894 Β
2229 1820 2284 1866 et
2307 1812 2431 1870 ideo
2451 1816 2554 1872 sub
2577 1816 2682 1873 ﬁcu
2711 1820 3094 1891 requiescebat
3120 1841 3136 1880 :
3161 1823 3393 1895 Ioseph,
3417 1831 3515 1900 qui
3547 1831 3806 1892 (limitator

529 1903 911 1975 ingemiscunt.
957 1903 1218 1972 Quamvis
1255 1904 1400 1960 enim
1447 1903 1518 1961 de
1555 1920 1656 1961 suo
1698 1905 1897 1961 merito
1942 1905 2122 1962 securi

527 1995 662 2064 sint,
692 2004 873 2051 tamen
901 1997 1029 2067 quia
1072 1994 1253 2052 futura
1291 2007 1376 2052 est
1410 1996 1590 2052 adhuc
1628 1997 1930 2069 redemptio
1959 1998 2121 2054 totius

527 2091 776 2161 corporis
808 2090 1088 2158 Ecclesiat,
1113 2091 1542 2162 compatiuntur.
1585 2092 1720 2148 Cum
1749 2092 1894 2148 enim
1943 2093 2120 2148 adhuc

525 2181 769 2246 membra
798 2181 1080 2252 patiuntur
1109 2184 1358 2254 corporis
1383 2181 1467 2238 sui
1485 2225 1500 2250 ,
1519 2183 1793 2255 quomodo
1816 2184 1921 2239 alia
1947 2199 2120 2241 mem-

519 2275 657 2343 bra,
711 2276 838 2332 licet
874 2277 1197 2346 superiora,
1253 2293 1360 2332 non
1408 2279 1812 2348 compatiuntur
1860 2279 2119 2337 membris

523 2369 688 2424 unius
726 2367 975 2436 corporis
1006 2368 1418 2423 laborantibus?

593 2461 649 2518 8.
683 2459 834 2517 Unde
856 2471 988 2531 puto
1024 2460 1231 2516 dixisse
1275 2460 1597 2529 Apostolum
1627 2461 1671 2535 (I
1690 2461 1810 2518 Cor.
1853 2479 1920 2518 xv
1941 2505 1956 2531 ,
1995 2463 2113 2536 28),

521 2551 647 2624 quia
692 2565 822 2607 tunc
842 2560 897 2607 et
925 2552 1043 2620 ipse
1073 2551 1245 2608 Filius
1267 2552 1543 2622 subjectus
1571 2561 1598 2590 ἰ
1627 2553 1768 2619 erit,
1793 2556 1882 2626 qui
1910 2555 1960 2611 ei
1985 2555 2116 2611 sub-

509 2644 647 2714 jecit
672 2645 890 2700 omnia:
920 2645 1012 2716 qui
1038 2645 1183 2699 enim
1207 2643 1384 2700 adhuc
1412 2645 1682 2714 laborant,
1717 2647 1953 2703 nondum
1985 2650 2117 2706 sub-

507 2738 638 2808 jecti
666 2747 794 2792 sunt
817 2780 833 2804 ,
866 2739 920 2794 in
965 2737 1165 2809 quibus
1211 2737 1444 2796 fortasse
1479 2740 1658 2797 adhuc
1686 2742 1801 2798 sitit
1827 2742 2112 2813 Christus,

509 2831 688 2888 adhuc
713 2833 919 2898 esurit,
949 2832 1005 2887 in
1046 2831 1244 2904 quibus
1275 2833 1452 2890 nudus
1481 2845 1594 2899 est;
1626 2850 1692 2890 eo
1712 2837 1854 2907 quod
1883 2853 1991 2893 non
2014 2839 2115 2894 im-

505 2925 696 2997 pleant
724 2926 948 2982 verbum
982 2925 1104 2991 Dei,
1157 2941 1266 2982 non
1295 2926 1526 2983 induant
1555 2927 1831 2985 Christum
1850 2973 1866 2999 ,
1910 2933 2000 3002 qui
2030 2942 2114 2989 est

505 3021 883 3076 indumentum
920 3019 1258 3076 credentium
1281 3061 1297 3086 ,
1333 3023 1564 3078 amictus
1603 3022 1863 3080 ﬁdelium.
1919 3025 2024 3082 Sed
2055 3036 2114 3082 et

2221 1903 2426 1974 justus,
2454 1909 2546 1979 qui
2593 1911 2851 1982 sepelivit
2874 1928 2999 1970 eum
3033 1915 3187 1988 (Luc.
3225 1934 3384 1987 xxm,
3417 1921 3543 1995 53).
3587 1909 3681 1981 Isti
3705 1940 3804 1985 suat

2226 1998 2478 2066 primitia:
2519 2000 2646 2058 ﬁdei
2668 2014 2902 2074 nostrae;
2933 2007 3031 2063 sed
3061 2019 3240 2066 tamen
3279 2011 3479 2069 eadem
3502 2027 3804 2076 caatemron

2225 2103 2418 2150 natura
2440 2096 2732 2165 seminum,
2757 2115 2880 2170 qua:
2904 2102 3288 2172 primitiarum,
3316 2104 3450 2162 licet
3479 2107 3535 2162 in
3557 2108 3803 2180 aliquibus

2223 2186 2403 2243 minor
2455 2190 2666 2260 gratia:
2717 2190 2912 2248 Potens
2937 2205 3012 2250 est
3039 2197 3175 2251 enim
3203 2196 3349 2253 Deus
3378 2215 3448 2254 ea:
3478 2200 3732 2273 lapidibus
3749 2205 3800 2273 ﬁ-

2223 2279 2321 2335 lios
2347 2278 2571 2336 Abraha:
2595 2283 2819 2340 excitare
2849 2284 3064 2358 (Matth.
3091 2304 3147 2344 ut
3171 2331 3187 2358 ,
3219 2289 3303 2361 9).

2299 2372 2391 2428 ll.
2434 2371 2516 2428 En
2550 2374 2644 2430 tibi
2673 2377 2980 2448 exemplum
3025 2379 3097 2436 de
3133 2380 3254 2452 ipso
3293 2381 3535 2442 Domino
3566 2385 3714 2444 Jesu.
3752 2387 3797 2444 Ιι

2221 2465 2624 2523 resurrectione
2650 2477 2984 2527 mortuorum
3036 2474 3429 2546 primogenitus
3487 2495 3559 2536 ex
3598 2483 3798 2539 mortuis

2219 2555 2417 2613 dicitur
2432 2556 2657 2630 (Coloss.
2680 2577 2720 2628 ι,
2748 2562 2862 2634 18).
2886 2563 3150 2622 Eutndem
3175 2567 3292 2638 ipse
3307 2571 3609 2640 Apostolus
3629 2576 3790 2647 primi-

2219 2649 2320 2706 tias
2345 2651 2672 2724 signiﬁcavit
2698 2655 2921 2714 dicens:
2975 2658 3044 2715 In
3065 2659 3272 2718 Christo
3316 2680 3499 2721 omnes
3549 2669 3788 2738 uiuiﬁcae.

2217 2752 2322 2811 tur,
2352 2747 2702 2816 unusquisque
2727 2757 2897 2803 autem
2921 2751 2976 2804 in
2997 2768 3092 2807 suo
3123 2755 3305 2808 ordine
3327 2770 3348 2809 :
3365 2757 3618 2824 primitic
3637 2757 3793 2816 Chris-

2214 2846 2326 2900 tus,
2376 2839 2564 2895 deinde
2585 2841 2626 2896 ii
2649 2843 2738 2913 qui
2764 2853 2883 2898 sunt
2904 2843 3128 2914 Christi,
3173 2849 3345 2919 quiin
3375 2851 3652 2908 adventum
3696 2855 3791 2922 eius

2221 2929 2552 2987 crediderunt
2583 2932 2604 3006 (
2620 2933 2642 2989 l
2670 2932 2791 2990 Cor.
2820 2952 2908 3005 xv,
2957 2937 3076 3010 22).
3110 2940 3316 2997 Eadem
3367 2943 3424 2998 in
3452 2944 3548 3000 illo
3570 2947 3791 3018 corporis

2213 3023 2450 3090 veritas,
2476 3041 2599 3096 qua:
2631 3027 2687 3083 in
2718 3029 2881 3086 nobis
2920 3047 2936 3088 ε
2971 3032 3066 3089 sed
3101 3041 3286 3090 tamen
3331 3044 3389 3092 et
3417 3039 3791 3110 primogenitus

504 3113 586 3170 illi
613 3115 666 3170 in
693 3114 888 3184 quibus
915 3129 1058 3186 aeger
1088 3123 1194 3181 est,
1235 3114 1414 3171 adhuc
1445 3117 1712 3173 medicina
1745 3119 2020 3190 indigent;
2054 3131 2109 3177 et
2211 3131 2277 3172 ex
2301 3119 2534 3176 mortuis
2563 3120 2786 3192 dicitur,
2829 3125 2955 3194 quia
2987 3127 3196 3196 primus
3218 3133 3521 3188 resurrexit
3553 3140 3640 3189 :et
3675 3133 3784 3206 pri-

508 3204 635 3261 ideo
680 3205 920 3261 nondum
969 3205 1211 3272 subditi;
1258 3207 1525 3277 subjectio
1554 3210 1698 3264 enim
1754 3210 1854 3266 ista
1887 3211 2106 3268 virtutis
2131 3225 2178 3289 ρ
2212 3210 2418 3278 mitias;
2443 3213 2566 3282 quia
2597 3216 2844 3272 sanctior
2867 3217 3124 3275 omnibus
3155 3219 3429 3278 fructibus
3453 3266 3470 3290 ,
3509 3226 3596 3297 qui
3633 3204 3783 3282 etiam

504 3309 610 3367 est,
641 3313 747 3354 non
771 3297 1106 3354 inﬁrmitatis
1132 3317 1144 3352 :
1177 3298 1410 3371 denique
1434 3301 1486 3355 in
1519 3301 1752 3358 fortibus
1779 3312 1834 3359 et
1861 3304 2104 3360 l’acienti-
2206 3311 2434 3359 cteteros
2457 3307 2723 3362 consortii
2755 3310 2836 3364 sui
2869 3308 3618 3388 fructussanctiﬁcavit.lpse
3640 3318 3779 3375 etiam

501 3392 605 3447 bus
648 3391 962 3446 mandatum
993 3391 1125 3458 Dei,
1170 3391 1452 3462 subjectus
1481 3403 1560 3448 est
1601 3393 1696 3449 Dei
1729 3393 1920 3450 Filius.
1947 3394 2102 3452 Nunc
2203 3392 2416 3450 initium
2439 3412 2630 3452 eorum
2659 3399 2749 3470 qui
2779 3399 2847 3456 ad
2893 3401 3184 3474 imaginem
3211 3445 3226 3469 ,
3258 3408 3414 3476 quasi
3462 3409 3640 3481 imago
3665 3411 3779 3465 inri-

499 3493 682 3541 autem
715 3485 888 3556 magis
913 3486 966 3540 in
997 3485 1063 3540 iis
1090 3485 1341 3552 laborat,
1389 3487 1483 3559 qui
1521 3503 1626 3544 non
1658 3489 1985 3546 subveniunt
2019 3491 2095 3546 la-
2201 3485 2378 3542 sibilis
2409 3487 2501 3544 Dei
2530 3487 2754 3562 (Coloss.
2786 3506 2824 3558 ι,
2861 3493 2978 3566 15),
3003 3494 3057 3550 in
3083 3512 3193 3565 quo
3221 3499 3526 3556 secundum
3552 3503 3775 3558 divinita-

498 3579 842 3646 borantibus,
866 3595 1030 3650 quam
1061 3581 1112 3634 in
1143 3580 1249 3635 illis
1273 3622 1290 3647 ,
1323 3581 1415 3650 qui
1445 3579 1547 3648 sibi
1583 3583 1860 3652 postulant
1893 3583 2094 3641 subve-
2200 3585 2310 3632 lem
2340 3578 2473 3635 nihil
2500 3596 2852 3652 corporeum.
2878 3585 3010 3641 nihil
3067 3591 3405 3662 temporale;
3457 3594 3589 3666 quia
3617 3597 3772 3668 splen.

498 3673 626 3728 niri.
657 3673 788 3730 Haac
814 3682 898 3729 est
935 3674 1024 3745 pia
1067 3675 1447 3746 interpretatio
1485 3685 1538 3732 et
1582 3691 1711 3732 vera
1743 3677 2094 3748 subiectionis
2197 3669 2300 3762 ἀφ’
2335 3681 2423 3728 est
2467 3674 2655 3744 gloria:
2706 3686 2969 3749 paternae,
2999 3691 3053 3736 et
3079 3681 3263 3756 imago
3296 3686 3623 3748 substantia:
3657 3691 3770 3762 ejus.

499 3767 715 3824 Domini
745 3767 874 3824 Jesu
898 3809 912 3833 ,
945 3768 1039 3840 qui
1073 3767 1199 3826 ideo
1221 3784 1283 3825 se
1310 3769 1582 3840 subiiciet,
1618 3779 1676 3826 ut
1703 3775 1776 3827 sit
1802 3772 1946 3829 Deus
1975 3788 2092 3828 ont-

2231 3761 2383 3817 Hebr.
2427 3780 2469 3831 ι,
2517 3765 2597 3838 5).
2653 3767 3014 3826 Prodttximus
3041 3787 3354 3832 sermonem
3395 3761 3769 3850 epistularem,

494 3859 656 3916 nibus
677 3860 729 3915 in
758 3860 962 3917 omnia.
2192 3853 2320 3912 dum
2349 3859 2602 3914 volumus
2629 3860 2764 3931 quid
2791 3863 2904 3918 sint
2925 3865 3184 3934 primitiae
3208 3869 3547 3941 signiﬁcare.

565 3953 622 4010 9.
653 3953 886 4009 Sensum
923 3953 1300 4024 Apostolicum
1342 3956 1712 4026 percurrimus
1743 3975 1756 4010 :
1789 3973 1932 4014 nunc
1954 3973 2086 4014 cono

2277 3948 2366 4048 l2.
2422 3950 2682 4010 Primitia:
2739 3971 2871 4027 ergo
2916 3968 3117 4015 nostra:
3170 3963 3460 4034 apostoli,
3523 3964 3768 4048 elect.“

486 4044 792 4102 sideremos
849 4046 940 4116 qui
1001 4057 1130 4102 sunt
1185 4046 1450 4118 primitias
1517 4047 1752 4119 Spiritus
1797 4050 2080 4108 habentes.
2187 4042 2438 4098 omﬂibﬂs
2481 4055 2504 4083 °
2543 4048 3259 4115 Prmen‘is'mllce‘llmc
3295 4059 3566 4128 ιθιηιιοτὶε
3607 4042 3768 4118 ίηῖειί·

485 4138 666 4214 (nam,
699 4155 787 4196 νιιι
813 4181 830 4209 ,
864 4139 975 4213 {5),
1011 4141 1078 4196 Ει
1115 4140 1239 4196 ideo
1266 4141 1464 4212 Legem
1514 4143 1912 4212 interrogemus
1955 4146 2083 4217 quid
2186 4135 2323 4203 bus,
2364 4137 2567 4210 quibus
2599 4141 2804 4198 dictum
2853 4153 2968 4200 est:
2999 4145 3066 4201 Et
3093 4147 3296 4220 majora
3333 4151 3423 4209 his
3448 4153 3766 4222 facietis;fu-

485 4232 560 4288 sit
585 4233 727 4302 quod
757 4222 1116 4303 primitia'rum
1153 4235 1234 4288 vel
1265 4235 1403 4289 initii
1435 4237 1656 4294 nomine
1697 4238 2079 4296 declaraverit.
2183 4231 2263 4287 dit
2290 4234 2432 4289 enim
2461 4249 2522 4292 se
2546 4235 2598 4291 in
2636 4251 2731 4293 eos
2759 4239 2932 4308 gratia
2953 4239 3048 4298 Dei
3081 4240 3263 4315 (Joau.
3289 4261 3401 4311 xiv,
3429 4247 3542 4319 12).
3563 4247 3674 4316 Isti,
3697 4251 3765 4306 in-

484 4324 650 4379 Initia
670 4365 685 4390 ,
717 4325 910 4396 inquit,
940 4341 1076 4380 arcte
1100 4335 1148 4380 et
1180 4327 1322 4381 lacus
1348 4329 1423 4382 tui
1443 4344 1544 4384 non
1575 4330 1841 4400 fraudabis
1875 4331 2076 4402 (Exod.

482 4433 611 4482 χχιι,
645 4416 774 4490 29);
817 4427 873 4474 et
905 4419 1042 4474 infra
1072 4437 1085 4473 :
1119 4420 1284 4476 Initia
1309 4423 1652 4495 primitiarum
1687 4435 1899 4481 tuarum
1945 4429 2080 4500 infe-
2183 4417 2346 4473 Ιοιίυε
2375 4421 2656 4491 corporis,
2688 4432 2745 4478 et
2772 4423 2950 4480 adhuc
2979 4427 3376 4497 ειικεηιίεουηις
3409 4435 3538 4502 quia
3586 4437 3759 4493 multo-

480 4527 564 4566 res
591 4513 646 4566 in
675 4513 884 4565 domum
912 4511 1122 4568 Domini
1149 4512 1248 4570 Dei
1271 4516 1345 4569 tui
1365 4514 1565 4588 (Exod.
1594 4534 1778 4586 xxxiv,
1801 4518 1919 4593 26).
1942 4523 2074 4582 Alim

2231 4526 2296 4564 tm
2319 4519 2405 4566 est
2433 4511 2614 4576 labor.
2641 4515 2733 4586 qui
2760 4517 2936 4572 adhuc
2957 4515 3236 4575 ﬂuctuant.
3270 4517 3300 4559 ἀ
3321 4521 3396 4580 Ut
3422 4525 3474 4582 si
3493 4526 3684 4599 aliquis
3699 4527 3754 4584 ad

479 4611 612 4658 sunt
651 4603 930 4674 primitiae,
973 4605 1093 4662 alite.
1119 4605 1348 4664 decimae
1379 4625 1392 4662 :
1429 4609 1679 4679 primitias
1706 4615 1929 4684 majoris
1950 4632 2073 4689 εω-
2101 4620 2150 4682 ι)
2177 4605 2456 4674 superiora
2484 4607 2762 4664 selittoris
2787 4610 3046 4668 subsistat
3068 4622 3124 4670 et
3138 4615 3316 4674 adhuc
3337 4621 3750 4696 ntediocorpore

479 4698 608 4766 tite,
642 4698 1086 4756 sanctiﬁcationis
1131 4702 1648 4761 observantissimus.
1695 4706 1819 4763 Ideo
1864 4711 2068 4781 placuit

2231 4698 2414 4754 edatur
2445 4698 2697 4757 ﬂuctibus
2721 4742 2738 4766 ,
2775 4701 3082 4774 ingemiscit
3101 4715 3157 4763 et
3177 4714 3564 4782 cnmparturit,
3585 4716 3744 4773 donec

473 4792 632 4860 Αδει,
657 4791 782 4864 quia
807 4807 911 4847 non
939 4803 1022 4848 εει
1051 4810 1210 4850 suum
1240 4811 1438 4850 munus
1455 4807 1718 4866 ιηοηιιιε,
1747 4802 1838 4872 qui
1859 4803 1928 4859 de
1958 4807 2068 4875 pri-
2174 4797 2320 4846 totus
2340 4791 2552 4848 evadat.
2569 4791 2883 4865 [ingemiscit
2909 4798 3092 4870 utique
3115 4801 3238 4872 ,qui
3253 4801 3434 4860 adhuc
3447 4805 3746 4864 uobisdicit:

534 4954 742 5050 ἰξοῦ).
769 4953 904 5010 edit.
935 4954 1072 5022 sola,
1103 4956 1363 5030 subjectus
1387 4959 1485 5012 erit
1507 4959 1576 5026 ei,
1603 4961 1692 5029 qui
1720 4961 1934 5048 subjecit
1962 4967 2062 5021 sibi
2171 4972 2324 5050 titur,
2355 4974 2608 5050 primitite
2637 4993 2649 5030 :
2677 4978 2820 5046 quod
2855 4981 3086 5050 primum
3108 4997 3345 5039 excusso.
3369 4986 3648 5046 frumento
3683 5004 3744 5047 ex

461 5041 659 5132 ωηιξηξᾷ
693 5096 936 5132 muahm
974 5095 1112 5132 “nm
1182 5099 1294 5132 mm
1347 5101 1706 5132 “nubi”
1749 5043 1830 5132 ’Μ
1903 5122 1940 5132 η
1990 5109 2052 5132 Δ-
2164 5041 3053 5132 ‘trit‘ur’a'colligitur,initia-vocat1
3081 5041 3743 5132 Hoc_qu_oque_a“d‘jicipo-ﬁ

534 5095 1136 5194 {t‘lq‘mqig‘i'ne‘iloq
1181 5099 1706 5194 editattnotablatur
1755 5104 1960 5194 ΙίὺἈιιΔ
1986 5109 2056 5194 de
2163 5095 2844 5194 test:'iittiié'i‘inh'pié'ﬁiié

459 5166 718 5272 9312.3:
742 5166 1102 5272 ariae“:
1118 5173 1966 5272 μξεητξηιξξεηίξξξητιιηιλξει
1994 5179 2048 5248 δν
2157 5166 2211 5272 ei
2227 5166 2542 5272 eadem;
2551 5166 3234 5272 ξῖἴιῖἑξὶῖιίἰὶἐῖὲὲξὲῖὲἶ
3251 5166 3627 5272 ἕοῖῧιίὶὶἰέἐιῖἑ

459 5239 730 5323 minutalia.
751 5238 820 5323 de
843 5239 1284 5323 pritnitiis_a_tque
1311 5241 1500 5323 initiis‘
1507 5243 1732 5315 mystice
1762 5238 2046 5316 disputaui
2157 5238 2248 5315 tis,
2269 5238 2438 5312 initia
2453 5238 2851 5318 $186656;
2858 5238 3157 5323 ’ἥξονῖἧᾷ

457 5309 1441 5416 lt‘I;.‘§I:'.I‘f.‘i.'3F.'L.°.E‘31!191332.322.
1464 5309 1752 5416 Βῗέξῖἐὶῗῗ
1769 5309 2042 5416 ..Ἰέειτυιη
2188 5309 2250 5416 ,ἓ
2291 5309 3276 5416 ηδιπῖίξίίίῖῗῧῖιὶξὲῖεἱὶιῖῖεἴῖόοεω
3299 5345 3598 5412 precantis.
3625 5359 3736 5416 qua

1189 5398 1253 5480 se
1271 5384 1753 5480 fusiuslanliqua'ndo
1769 5387 1870 5444 hac
1895 5390 1970 5480 de.
1982 5409 2042 5449 re
2151 5379 3605 5480 etin

457 5453 523 5505 ad
539 5468 662 5543 egm
683 5453 1150 5543 ⁸ιὶιιιιξδίειίριιιιοιιιιιἱ
1183 5471 1342 5543 quam
1373 5453 1566 5543 eodem
1615 5457 1772 5540 illum.
1793 5461 2038 5543 remittc-
2149 5469 2230 5522 sui
2262 5453 3732 5543 οηιίιέἱιδ’ὃιᾱέιῖιῖ·“ἐιὶἰὶῖἷιἐἔξ“ὗῶἷέὸῖιὶῒἓνὲἔὸῗέίίῗεὶ

457 5523 1412 5620 Ie.“gente-ttIlia-mAp-orrlo-h‘ujtisloci
1433 5527 2038 5620 .éztgbrofianil‘iannius
2147 5551 2180 5594 e
2209 5523 2492 5620 prgciptiis

1243 5596 1791 5695 Hancnliiol'eren-tligtu
1907 5604 2039 5687 ᾼῃι-
2160 5593 2167 5594 ⁷
2211 5593 2243 5695 :d
2274 5593 2490 5695 Eadem:
3279 5625 3350 5680 ad
3365 5629 3641 5695 superiore
3673 5639 3726 5685 se

452 5659 1278 5768 liii-tinge;primitiis
1296 5680 1358 5768 ﬁt
1398 5669 1738 5768 ini'jf".gg‘09
1755 5674 2036 5768 _P|‘im_ili.$
2141 5659 2880 5768 ’ἐι
2990 5659 3717 5768 σιῖιέἓίιῖιιδηιιῖιὲιῖὥαιζῷῖηξ

443 5735 560 5836 fi?!
578 5735 1144 5836 ii:?.‘fi‘f:."li‘i‘ftff
1164 5739 1404 5836 {T9211
1429 5735 2035 5836 ΡἿῨῘῨΞῖθῗςῖἓίῗέἒνῗὲίῖε
2144 5749 2220 5836 σί
2238 5735 2978 5836 ⁷εῗἶίίιὶὶίξ·ἷᾸ-’ἳῖλὶηἷεῖἇὲΞ
3007 5735 3708 5836 λ’ὦῖὶιῗὲδάπῖῖἷοὶῖῗιῗῗέ

442 5803 572 5868 sint,
601 5803 746 5856 initia
774 5817 907 5872 puro
937 5807 1143 5862 semine
1164 5806 1407 5866 constent
1431 5803 1444 5864 Ξ
1475 5812 1615 5883 quod
1648 5814 1876 5883 primum
1919 5812 2031 5874 :ne-
2137 5803 2220 5879 vel
2249 5803 3188 5904 diu;
3207 5803 3617 5909 “ﬁniti-353$.

2181 4339 2364 4393 quam,
2413 4325 2870 4397 ingemiscebant,
2917 4344 3296 4403 exspectantes
3341 4339 3761 4411 redemptionem
3857 4360 3866 4370 ·
