  <div class='ocr_page' id='page_1' title='image "/cluster/home/n/w/nwhite01/storage/ocr_20150623/16/hvd.32044015471998/546.png"; bbox 0 0 3996 6292; ppageno 0'>
   <div class='ocr_carea' id='block_1_1' title="bbox 219 329 354 389">
    <p class='ocr_par' dir='ltr' id='par_1_1' title="bbox 219 329 354 389">
     <span class='ocr_line' id='line_1_1' title="bbox 219 329 354 389; baseline 0 -1"><span class='ocrx_word' id='word_1_1' title='bbox 219 329 354 389; x_wconf 73' lang='grc'><strong><em>1081</em></strong></span> 
     </span>
    </p>
   </div>
   <div class='ocr_carea' id='block_1_2' title="bbox 289 534 1800 610">
    <p class='ocr_par' dir='ltr' id='par_1_2' title="bbox 289 534 1800 610">
     <span class='ocr_line' id='line_1_2' title="bbox 289 534 1800 610; baseline -0.005 -17"><span class='ocrx_word' id='word_1_2' title='bbox 289 537 378 593; x_wconf 78' lang='grc'><strong><em>15.</em></strong></span> <span class='ocrx_word' id='word_1_3' title='bbox 405 535 520 592; x_wconf 83' lang='grc' dir='ltr'><strong>Νοη</strong></span> <span class='ocrx_word' id='word_1_4' title='bbox 553 553 686 610; x_wconf 89' lang='lat' dir='ltr'><strong><em>ergo</em></strong></span> <span class='ocrx_word' id='word_1_5' title='bbox 715 553 815 594; x_wconf 89' lang='lat' dir='ltr'><strong><em>nos</em></strong></span> <span class='ocrx_word' id='word_1_6' title='bbox 843 544 1084 605; x_wconf 79' lang='lat' dir='ltr'><strong><em>moveat,</em></strong></span> <span class='ocrx_word' id='word_1_7' title='bbox 1115 534 1261 607; x_wconf 87' lang='lat' dir='ltr'><strong><em>quod</em></strong></span> <span class='ocrx_word' id='word_1_8' title='bbox 1290 535 1363 590; x_wconf 90' lang='lat' dir='ltr'><strong><em>ita</em></strong></span> <span class='ocrx_word' id='word_1_9' title='bbox 1391 535 1651 605; x_wconf 88' lang='lat' dir='ltr'><strong><em>scriptum</em></strong></span> <span class='ocrx_word' id='word_1_10' title='bbox 1679 540 1800 588; x_wconf 91' lang='lat' dir='ltr'><strong><em>est:</em></strong></span> 
     </span>
    </p>
   </div>
   <div class='ocr_carea' id='block_1_3' title="bbox 220 627 1804 703">
    <p class='ocr_par' dir='ltr' id='par_1_3' title="bbox 220 627 1804 703">
     <span class='ocr_line' id='line_1_3' title="bbox 220 627 1804 703; baseline -0.001 -20"><span class='ocrx_word' id='word_1_11' title='bbox 220 628 321 695; x_wconf 83' lang='lat' dir='ltr'><strong><em>Qui</em></strong></span> <span class='ocrx_word' id='word_1_12' title='bbox 353 630 610 698; x_wconf 72' lang='lat' dir='ltr'><strong><em>primitias</em></strong></span> <span class='ocrx_word' id='word_1_13' title='bbox 641 631 875 703; x_wconf 87' lang='lat' dir='ltr'><strong><em>Spiritus</em></strong></span> <span class='ocrx_word' id='word_1_14' title='bbox 902 630 1142 686; x_wconf 85' lang='lat' dir='ltr'><strong><em>habentes</em></strong></span> <span class='ocrx_word' id='word_1_15' title='bbox 1165 670 1180 694; x_wconf 89' lang='lat'><strong><em>,</em></strong></span> <span class='ocrx_word' id='word_1_16' title='bbox 1214 630 1315 700; x_wconf 89' lang='lat' dir='ltr'><strong><em>ipsi</em></strong></span> <span class='ocrx_word' id='word_1_17' title='bbox 1357 630 1494 683; x_wconf 89' lang='lat' dir='ltr'><strong><em>intra</em></strong></span> <span class='ocrx_word' id='word_1_18' title='bbox 1519 644 1612 684; x_wconf 87' lang='lat' dir='ltr'><strong><em>nos</em></strong></span> <span class='ocrx_word' id='word_1_19' title='bbox 1661 627 1804 698; x_wconf 82' lang='lat' dir='ltr'><strong><em>inge-</em></strong></span> 
     </span>
    </p>
   </div>
   <div class='ocr_carea' id='block_1_4' title="bbox 217 719 1807 795">
    <p class='ocr_par' dir='ltr' id='par_1_4' title="bbox 217 719 1807 795">
     <span class='ocr_line' id='line_1_4' title="bbox 217 719 1807 795; baseline -0.002 -19"><span class='ocrx_word' id='word_1_20' title='bbox 217 722 502 789; x_wconf 88' lang='lat' dir='ltr'><strong><em>miscimns,</em></strong></span> <span class='ocrx_word' id='word_1_21' title='bbox 521 724 852 794; x_wconf 73' lang='lat' dir='ltr'><strong><em>adoptionem</em></strong></span> <span class='ocrx_word' id='word_1_22' title='bbox 867 725 1095 794; x_wconf 76' lang='lat' dir='ltr'><strong><em>ﬁliorum</em></strong></span> <span class='ocrx_word' id='word_1_23' title='bbox 1110 730 1478 795; x_wconf 70' lang='lat' dir='ltr'><strong><em>exspectantes,</em></strong></span> <span class='ocrx_word' id='word_1_24' title='bbox 1499 719 1807 789; x_wconf 87' lang='lat' dir='ltr'><strong><em>redemptio—</em></strong></span> 
     </span>
    </p>
   </div>
   <div class='ocr_carea' id='block_1_5' title="bbox 217 811 1802 888">
    <p class='ocr_par' dir='ltr' id='par_1_5' title="bbox 217 811 1802 888">
     <span class='ocr_line' id='line_1_5' title="bbox 217 811 1802 888; baseline -0.002 -20"><span class='ocrx_word' id='word_1_25' title='bbox 217 830 330 868; x_wconf 86' lang='lat' dir='ltr'><strong><em>nem</em></strong></span> <span class='ocrx_word' id='word_1_26' title='bbox 369 816 605 884; x_wconf 88' lang='lat' dir='ltr'><strong><em>corporis</em></strong></span> <span class='ocrx_word' id='word_1_27' title='bbox 655 816 817 870; x_wconf 89' lang='lat' dir='ltr'><strong><em>nostri</em></strong></span> <span class='ocrx_word' id='word_1_28' title='bbox 864 816 1040 888; x_wconf 84' lang='lat' dir='ltr'><strong><em>(Rom.</em></strong></span> <span class='ocrx_word' id='word_1_29' title='bbox 1080 831 1207 881; x_wconf 82' lang='lat' dir='ltr'><strong><em>vui,</em></strong></span> <span class='ocrx_word' id='word_1_30' title='bbox 1238 814 1368 885; x_wconf 74' lang='lat'><strong><em>2‘5);</em></strong></span> <span class='ocrx_word' id='word_1_31' title='bbox 1418 826 1613 868; x_wconf 83' lang='lat' dir='ltr'><strong><em>sensus</em></strong></span> <span class='ocrx_word' id='word_1_32' title='bbox 1657 811 1802 867; x_wconf 86' lang='lat' dir='ltr'><strong><em>enim</em></strong></span> 
     </span>
    </p>
   </div>
   <div class='ocr_carea' id='block_1_6' title="bbox 214 907 1806 982">
    <p class='ocr_par' dir='ltr' id='par_1_6' title="bbox 214 907 1806 982">
     <span class='ocr_line' id='line_1_6' title="bbox 214 907 1806 982; baseline -0.002 -17"><span class='ocrx_word' id='word_1_33' title='bbox 214 920 433 980; x_wconf 88' lang='lat' dir='ltr'><strong><em>apertus</em></strong></span> <span class='ocrx_word' id='word_1_34' title='bbox 461 919 565 980; x_wconf 91' lang='lat' dir='ltr'><strong><em>est,</em></strong></span> <span class='ocrx_word' id='word_1_35' title='bbox 594 928 660 968; x_wconf 86' lang='lat' dir='ltr'><strong><em>eo</em></strong></span> <span class='ocrx_word' id='word_1_36' title='bbox 690 911 834 982; x_wconf 90' lang='lat' dir='ltr'><strong><em>quod</em></strong></span> <span class='ocrx_word' id='word_1_37' title='bbox 863 911 1130 982; x_wconf 74' lang='lat' dir='ltr'><strong><em>primitias</em></strong></span> <span class='ocrx_word' id='word_1_38' title='bbox 1158 911 1388 981; x_wconf 86' lang='lat' dir='ltr'><strong><em>Spiritus</em></strong></span> <span class='ocrx_word' id='word_1_39' title='bbox 1436 910 1694 965; x_wconf 77' lang='lat' dir='ltr'><strong><em>habentes</em></strong></span> <span class='ocrx_word' id='word_1_40' title='bbox 1721 907 1806 962; x_wconf 91' lang='lat' dir='ltr'><strong><em>in-</em></strong></span> 
     </span>
    </p>
   </div>
   <div class='ocr_carea' id='block_1_7' title="bbox 211 1005 1803 1078">
    <p class='ocr_par' dir='ltr' id='par_1_7' title="bbox 211 1005 1803 1078">
     <span class='ocr_line' id='line_1_7' title="bbox 211 1005 1803 1078; baseline -0.002 -17"><span class='ocrx_word' id='word_1_41' title='bbox 211 1005 550 1075; x_wconf 79' lang='lat' dir='ltr'><strong><em>gemiscant,</em></strong></span> <span class='ocrx_word' id='word_1_42' title='bbox 577 1005 930 1078; x_wconf 82' lang='lat' dir='ltr'><strong><em>adoptionem</em></strong></span> <span class='ocrx_word' id='word_1_43' title='bbox 962 1007 1191 1062; x_wconf 85' lang='lat' dir='ltr'><strong><em>liliorum</em></strong></span> <span class='ocrx_word' id='word_1_44' title='bbox 1222 1013 1641 1076; x_wconf 82' lang='lat' dir='ltr'><strong><em>exspectantes:</em></strong></span> <span class='ocrx_word' id='word_1_45' title='bbox 1681 1017 1803 1074; x_wconf 68' lang='lat' dir='ltr'><strong><em>qua:</em></strong></span> 
     </span>
    </p>
   </div>
   <div class='ocr_carea' id='block_1_8' title="bbox 214 1097 1803 1171">
    <p class='ocr_par' dir='ltr' id='par_1_8' title="bbox 214 1097 1803 1171">
     <span class='ocr_line' id='line_1_8' title="bbox 214 1097 1803 1171; baseline -0.001 -19"><span class='ocrx_word' id='word_1_46' title='bbox 214 1097 436 1169; x_wconf 80' lang='lat' dir='ltr'><strong><em>adoptio</em></strong></span> <span class='ocrx_word' id='word_1_47' title='bbox 459 1099 716 1166; x_wconf 78' lang='lat' dir='ltr'><strong><em>ﬁliorum,</em></strong></span> <span class='ocrx_word' id='word_1_48' title='bbox 735 1099 1041 1171; x_wconf 86' lang='lat' dir='ltr'><strong><em>redemptio</em></strong></span> <span class='ocrx_word' id='word_1_49' title='bbox 1059 1101 1224 1156; x_wconf 90' lang='lat' dir='ltr'><strong><em>totius</em></strong></span> <span class='ocrx_word' id='word_1_50' title='bbox 1243 1099 1489 1169; x_wconf 90' lang='lat' dir='ltr'><strong><em>corporis</em></strong></span> <span class='ocrx_word' id='word_1_51' title='bbox 1513 1107 1803 1168; x_wconf 86' lang='lat' dir='ltr'><strong><em>est,quan-</em></strong></span> 
     </span>
    </p>
   </div>
   <div class='ocr_carea' id='block_1_9' title="bbox 211 1190 1802 1266">
    <p class='ocr_par' dir='ltr' id='par_1_9' title="bbox 211 1190 1802 1266">
     <span class='ocr_line' id='line_1_9' title="bbox 211 1190 1802 1266; baseline -0.001 -18"><span class='ocrx_word' id='word_1_52' title='bbox 211 1193 284 1250; x_wconf 93' lang='lat' dir='ltr'><strong><em>do</em></strong></span> <span class='ocrx_word' id='word_1_53' title='bbox 307 1193 445 1250; x_wconf 82' lang='lat' dir='ltr'><strong><em>facie</em></strong></span> <span class='ocrx_word' id='word_1_54' title='bbox 492 1195 559 1250; x_wconf 89' lang='lat' dir='ltr'><strong><em>ad</em></strong></span> <span class='ocrx_word' id='word_1_55' title='bbox 602 1195 798 1251; x_wconf 82' lang='lat' dir='ltr'><strong><em>faciem</em></strong></span> <span class='ocrx_word' id='word_1_56' title='bbox 826 1195 980 1266; x_wconf 90' lang='lat' dir='ltr'><strong><em>quasi</em></strong></span> <span class='ocrx_word' id='word_1_57' title='bbox 1009 1194 1104 1250; x_wconf 89' lang='lat' dir='ltr'><strong><em>Dei</em></strong></span> <span class='ocrx_word' id='word_1_58' title='bbox 1151 1193 1294 1248; x_wconf 78' lang='lat' dir='ltr'><strong><em>illius</em></strong></span> <span class='ocrx_word' id='word_1_59' title='bbox 1319 1207 1416 1264; x_wconf 89' lang='lat' dir='ltr'><strong><em>per</em></strong></span> <span class='ocrx_word' id='word_1_60' title='bbox 1455 1190 1802 1262; x_wconf 87' lang='lat' dir='ltr'><strong><em>adoptionem</em></strong></span> 
     </span>
    </p>
   </div>
   <div class='ocr_carea' id='block_1_10' title="bbox 213 1283 1801 1352">
    <p class='ocr_par' dir='ltr' id='par_1_10' title="bbox 213 1283 1801 1352">
     <span class='ocr_line' id='line_1_10' title="bbox 213 1283 1801 1352; baseline -0.002 -12"><span class='ocrx_word' id='word_1_61' title='bbox 213 1286 422 1342; x_wconf 83' lang='lat' dir='ltr'><strong><em>videbit</em></strong></span> <span class='ocrx_word' id='word_1_62' title='bbox 449 1286 579 1342; x_wconf 90' lang='lat' dir='ltr'><strong><em>illud</em></strong></span> <span class='ocrx_word' id='word_1_63' title='bbox 610 1286 852 1342; x_wconf 89' lang='lat' dir='ltr'><strong><em>divinum</em></strong></span> <span class='ocrx_word' id='word_1_64' title='bbox 879 1295 935 1342; x_wconf 90' lang='lat' dir='ltr'><strong><em>et</em></strong></span> <span class='ocrx_word' id='word_1_65' title='bbox 960 1293 1225 1342; x_wconf 73' lang='lat' dir='ltr'><strong><em>teternum</em></strong></span> <span class='ocrx_word' id='word_1_66' title='bbox 1259 1285 1461 1341; x_wconf 91' lang='lat' dir='ltr'><strong><em>bonum</em></strong></span> <span class='ocrx_word' id='word_1_67' title='bbox 1485 1300 1502 1352; x_wconf 89' lang='lat'><strong>;</strong></span> <span class='ocrx_word' id='word_1_68' title='bbox 1529 1292 1614 1340; x_wconf 89' lang='lat' dir='ltr'><strong><em>est</em></strong></span> <span class='ocrx_word' id='word_1_69' title='bbox 1656 1283 1801 1339; x_wconf 90' lang='lat' dir='ltr'><strong><em>enim</em></strong></span> 
     </span>
    </p>
   </div>
   <div class='ocr_carea' id='block_1_11' title="bbox 212 1375 1802 1451">
    <p class='ocr_par' dir='ltr' id='par_1_11' title="bbox 212 1375 1802 1451">
     <span class='ocr_line' id='line_1_11' title="bbox 212 1375 1802 1451; baseline -0.002 -18"><span class='ocrx_word' id='word_1_70' title='bbox 212 1378 432 1450; x_wconf 85' lang='lat' dir='ltr'><strong><em>adoptio</em></strong></span> <span class='ocrx_word' id='word_1_71' title='bbox 462 1379 696 1435; x_wconf 79' lang='lat' dir='ltr'><strong><em>ﬁliorum</em></strong></span> <span class='ocrx_word' id='word_1_72' title='bbox 728 1381 783 1436; x_wconf 89' lang='lat' dir='ltr'><strong><em>in</em></strong></span> <span class='ocrx_word' id='word_1_73' title='bbox 812 1379 1052 1435; x_wconf 84' lang='lat' dir='ltr'><strong><em>Ecclesia</em></strong></span> <span class='ocrx_word' id='word_1_74' title='bbox 1078 1380 1246 1451; x_wconf 69' lang='lat'><strong><em>928</em></strong></span> <span class='ocrx_word' id='word_1_75' title='bbox 1286 1377 1534 1442; x_wconf 90' lang='lat' dir='ltr'><strong><em>Domini,</em></strong></span> <span class='ocrx_word' id='word_1_76' title='bbox 1586 1375 1802 1448; x_wconf 84' lang='lat' dir='ltr'><strong><em>quando</em></strong></span> 
     </span>
    </p>
   </div>
   <div class='ocr_carea' id='block_1_12' title="bbox 211 1470 1803 1542">
    <p class='ocr_par' dir='ltr' id='par_1_12' title="bbox 211 1470 1803 1542">
     <span class='ocr_line' id='line_1_12' title="bbox 211 1470 1803 1542; baseline -0.003 -14"><span class='ocrx_word' id='word_1_77' title='bbox 211 1473 411 1528; x_wconf 91' lang='lat' dir='ltr'><strong><em>clamat</em></strong></span> <span class='ocrx_word' id='word_1_78' title='bbox 426 1472 660 1540; x_wconf 89' lang='lat' dir='ltr'><strong><em>Spiritus</em></strong></span> <span class='ocrx_word' id='word_1_79' title='bbox 677 1515 690 1535; x_wconf 88' lang='lat'><strong><em>.</em></strong></span> <span class='ocrx_word' id='word_1_80' title='bbox 714 1473 856 1528; x_wconf 83' lang='lat' dir='ltr'><strong><em>Abba</em></strong></span> <span class='ocrx_word' id='word_1_81' title='bbox 883 1484 1027 1541; x_wconf 89' lang='lat' dir='ltr'><strong><em>pater</em></strong></span> <span class='ocrx_word' id='word_1_82' title='bbox 1048 1471 1247 1542; x_wconf 85' lang='lat' dir='ltr'><strong><em>(Galat.</em></strong></span> <span class='ocrx_word' id='word_1_83' title='bbox 1273 1488 1352 1538; x_wconf 85' lang='lat' dir='ltr'><strong><em>tv,</em></strong></span> <span class='ocrx_word' id='word_1_84' title='bbox 1372 1471 1451 1542; x_wconf 87' lang='lat'><strong><em>6);</em></strong></span> <span class='ocrx_word' id='word_1_85' title='bbox 1471 1471 1613 1528; x_wconf 91' lang='lat' dir='ltr'><strong><em>sicut</em></strong></span> <span class='ocrx_word' id='word_1_86' title='bbox 1633 1470 1803 1525; x_wconf 90' lang='lat' dir='ltr'><strong><em>habes</em></strong></span> 
     </span>
    </p>
   </div>
   <div class='ocr_carea' id='block_1_13' title="bbox 210 1563 1803 1635">
    <p class='ocr_par' dir='ltr' id='par_1_13' title="bbox 210 1563 1803 1635">
     <span class='ocr_line' id='line_1_13' title="bbox 210 1563 1803 1635; baseline 0.001 -18"><span class='ocrx_word' id='word_1_87' title='bbox 210 1563 276 1618; x_wconf 92' lang='lat' dir='ltr'><strong><em>ad</em></strong></span> <span class='ocrx_word' id='word_1_88' title='bbox 304 1563 543 1620; x_wconf 78' lang='lat' dir='ltr'><strong><em>Galatas.</em></strong></span> <span class='ocrx_word' id='word_1_89' title='bbox 570 1563 675 1621; x_wconf 89' lang='lat' dir='ltr'><strong><em>Sed</em></strong></span> <span class='ocrx_word' id='word_1_90' title='bbox 705 1564 795 1620; x_wconf 91' lang='lat' dir='ltr'><strong><em>illa</em></strong></span> <span class='ocrx_word' id='word_1_91' title='bbox 824 1564 929 1620; x_wconf 91' lang='lat' dir='ltr'><strong><em>erit</em></strong></span> <span class='ocrx_word' id='word_1_92' title='bbox 960 1564 1222 1635; x_wconf 82' lang='lat' dir='ltr'><strong><em>perfecta,</em></strong></span> <span class='ocrx_word' id='word_1_93' title='bbox 1270 1563 1485 1634; x_wconf 83' lang='lat' dir='ltr'><strong><em>quando</em></strong></span> <span class='ocrx_word' id='word_1_94' title='bbox 1513 1573 1803 1634; x_wconf 73' lang='lat' dir='ltr'><strong><em>resurgant</em></strong></span> 
     </span>
    </p>
   </div>
   <div class='ocr_carea' id='block_1_14' title="bbox 208 1655 1799 1728">
    <p class='ocr_par' dir='ltr' id='par_1_14' title="bbox 208 1655 1799 1728">
     <span class='ocr_line' id='line_1_14' title="bbox 208 1655 1799 1728; baseline 0 -17"><span class='ocrx_word' id='word_1_95' title='bbox 208 1671 402 1712; x_wconf 90' lang='lat' dir='ltr'><strong><em>omnes</em></strong></span> <span class='ocrx_word' id='word_1_96' title='bbox 426 1656 478 1711; x_wconf 90' lang='lat' dir='ltr'><strong><em>in</em></strong></span> <span class='ocrx_word' id='word_1_97' title='bbox 511 1656 940 1727; x_wconf 89' lang='lat' dir='ltr'><strong><em>incorruptione,</em></strong></span> <span class='ocrx_word' id='word_1_98' title='bbox 965 1655 1405 1728; x_wconf 88' lang='lat' dir='ltr'><strong><em>bonore,gloria,</em></strong></span> <span class='ocrx_word' id='word_1_99' title='bbox 1425 1656 1516 1727; x_wconf 86' lang='lat' dir='ltr'><strong><em>qui</em></strong></span> <span class='ocrx_word' id='word_1_100' title='bbox 1547 1671 1799 1712; x_wconf 86' lang='lat' dir='ltr'><strong><em>mercan-</em></strong></span> 
     </span>
    </p>
   </div>
   <div class='ocr_carea' id='block_1_15' title="bbox 210 1748 1797 1820">
    <p class='ocr_par' dir='ltr' id='par_1_15' title="bbox 210 1748 1797 1820">
     <span class='ocr_line' id='line_1_15' title="bbox 210 1748 1797 1820; baseline -0.001 -16"><span class='ocrx_word' id='word_1_101' title='bbox 210 1758 298 1804; x_wconf 89' lang='lat' dir='ltr'><strong><em>tur</em></strong></span> <span class='ocrx_word' id='word_1_102' title='bbox 329 1748 423 1804; x_wconf 89' lang='lat' dir='ltr'><strong><em>Dei</em></strong></span> <span class='ocrx_word' id='word_1_103' title='bbox 455 1748 648 1804; x_wconf 79' lang='lat' dir='ltr'><strong><em>laciem</em></strong></span> <span class='ocrx_word' id='word_1_104' title='bbox 682 1749 865 1803; x_wconf 89' lang='lat' dir='ltr'><strong><em>videre</em></strong></span> <span class='ocrx_word' id='word_1_105' title='bbox 890 1764 904 1812; x_wconf 91' lang='lat'><strong>;</strong></span> <span class='ocrx_word' id='word_1_106' title='bbox 957 1756 1086 1804; x_wconf 89' lang='lat' dir='ltr'><strong><em>tunc</em></strong></span> <span class='ocrx_word' id='word_1_107' title='bbox 1109 1749 1254 1804; x_wconf 91' lang='lat' dir='ltr'><strong><em>enim</em></strong></span> <span class='ocrx_word' id='word_1_108' title='bbox 1283 1764 1412 1804; x_wconf 86' lang='lat' dir='ltr'><strong><em>vere</em></strong></span> <span class='ocrx_word' id='word_1_109' title='bbox 1463 1749 1797 1820; x_wconf 86' lang='lat' dir='ltr'><strong><em>redemptam</em></strong></span> 
     </span>
    </p>
   </div>
   <div class='ocr_carea' id='block_1_16' title="bbox 208 1840 1880 1913">
    <p class='ocr_par' dir='ltr' id='par_1_16' title="bbox 208 1840 1880 1913">
     <span class='ocr_line' id='line_1_16' title="bbox 208 1840 1880 1913; baseline -0.001 -15"><span class='ocrx_word' id='word_1_110' title='bbox 208 1856 269 1898; x_wconf 89' lang='lat' dir='ltr'><strong><em>se</em></strong></span> <span class='ocrx_word' id='word_1_111' title='bbox 299 1841 534 1897; x_wconf 90' lang='lat' dir='ltr'><strong><em>humana</em></strong></span> <span class='ocrx_word' id='word_1_112' title='bbox 558 1840 824 1912; x_wconf 89' lang='lat' dir='ltr'><strong><em>judicabit</em></strong></span> <span class='ocrx_word' id='word_1_113' title='bbox 850 1841 1119 1897; x_wconf 89' lang='lat' dir='ltr'><strong><em>conditio.</em></strong></span> <span class='ocrx_word' id='word_1_114' title='bbox 1152 1841 1309 1897; x_wconf 85' lang='lat' dir='ltr'><strong><em>Unde</em></strong></span> <span class='ocrx_word' id='word_1_115' title='bbox 1363 1841 1652 1911; x_wconf 78' lang='lat' dir='ltr'><strong><em>Apostolus</em></strong></span> <span class='ocrx_word' id='word_1_116' title='bbox 1681 1845 1799 1913; x_wconf 88' lang='lat' dir='ltr'><strong><em>glo-</em></strong></span> <span class='ocrx_word' id='word_1_117' title='bbox 1832 1847 1880 1909; x_wconf 82' lang='grc' dir='ltr'><strong>Β</strong></span> 
     </span>
    </p>
   </div>
   <div class='ocr_carea' id='block_1_17' title="bbox 210 1933 1798 2006">
    <p class='ocr_par' dir='ltr' id='par_1_17' title="bbox 210 1933 1798 2006">
     <span class='ocr_line' id='line_1_17' title="bbox 210 1933 1798 2006; baseline 0.001 -17"><span class='ocrx_word' id='word_1_118' title='bbox 210 1934 382 1989; x_wconf 88' lang='lat' dir='ltr'><strong><em>riatur</em></strong></span> <span class='ocrx_word' id='word_1_119' title='bbox 407 1933 596 1990; x_wconf 87' lang='lat' dir='ltr'><strong><em>dicens</em></strong></span> <span class='ocrx_word' id='word_1_120' title='bbox 622 1953 636 1988; x_wconf 94' lang='lat'><strong><em>:</em></strong></span> <span class='ocrx_word' id='word_1_121' title='bbox 671 1934 804 2000; x_wconf 82' lang='lat' dir='ltr'><strong><em>Quia</em></strong></span> <span class='ocrx_word' id='word_1_122' title='bbox 835 1951 925 2004; x_wconf 85' lang='lat' dir='ltr'><strong><em>spe</em></strong></span> <span class='ocrx_word' id='word_1_123' title='bbox 954 1935 1081 1989; x_wconf 82' lang='lat' dir='ltr'><strong><em>salui</em></strong></span> <span class='ocrx_word' id='word_1_124' title='bbox 1101 1935 1226 2006; x_wconf 84' lang='lat' dir='ltr'><strong><em>[acti</em></strong></span> <span class='ocrx_word' id='word_1_125' title='bbox 1255 1934 1624 2005; x_wconf 86' lang='lat' dir='ltr'><strong><em>sumus(Rom.</em></strong></span> <span class='ocrx_word' id='word_1_126' title='bbox 1669 1951 1759 1990; x_wconf 88' lang='lat' dir='ltr'><strong><em>vut</em></strong></span> <span class='ocrx_word' id='word_1_127' title='bbox 1785 1978 1798 1998; x_wconf 87' lang='lat'><strong><em>,</em></strong></span> 
     </span>
    </p>
   </div>
   <div class='ocr_carea' id='block_1_18' title="bbox 208 2029 1798 2104">
    <p class='ocr_par' dir='ltr' id='par_1_18' title="bbox 208 2029 1798 2104">
     <span class='ocr_line' id='line_1_18' title="bbox 208 2029 1798 2104; baseline 0.003 -21"><span class='ocrx_word' id='word_1_128' title='bbox 208 2029 326 2101; x_wconf 62' lang='grc'>24).</span> <span class='ocrx_word' id='word_1_129' title='bbox 358 2029 545 2086; x_wconf 85' lang='lat' dir='ltr'><strong><em>Solvat</em></strong></span> <span class='ocrx_word' id='word_1_130' title='bbox 575 2033 718 2086; x_wconf 88' lang='lat' dir='ltr'><strong><em>enim</em></strong></span> <span class='ocrx_word' id='word_1_131' title='bbox 749 2047 897 2102; x_wconf 88' lang='lat' dir='ltr'><strong><em>spes,</em></strong></span> <span class='ocrx_word' id='word_1_132' title='bbox 929 2032 1069 2087; x_wconf 85' lang='lat' dir='ltr'><strong><em>sicut</em></strong></span> <span class='ocrx_word' id='word_1_133' title='bbox 1095 2041 1148 2088; x_wconf 90' lang='lat' dir='ltr'><strong><em>et</em></strong></span> <span class='ocrx_word' id='word_1_134' title='bbox 1171 2031 1324 2097; x_wconf 84' lang='lat' dir='ltr'><strong><em>ﬁdes,</em></strong></span> <span class='ocrx_word' id='word_1_135' title='bbox 1357 2031 1426 2088; x_wconf 91' lang='lat' dir='ltr'><strong><em>de</em></strong></span> <span class='ocrx_word' id='word_1_136' title='bbox 1447 2048 1552 2104; x_wconf 87' lang='lat' dir='ltr'><strong><em>qua</em></strong></span> <span class='ocrx_word' id='word_1_137' title='bbox 1580 2033 1798 2090; x_wconf 90' lang='lat' dir='ltr'><strong><em>dicitur:</em></strong></span> 
     </span>
    </p>
   </div>
   <div class='ocr_carea' id='block_1_19' title="bbox 208 2119 1424 2196">
    <p class='ocr_par' dir='ltr' id='par_1_19' title="bbox 208 2119 1424 2196">
     <span class='ocr_line' id='line_1_19' title="bbox 208 2119 1424 2196; baseline 0.002 -22"><span class='ocrx_word' id='word_1_138' title='bbox 208 2119 372 2174; x_wconf 82' lang='lat' dir='ltr'><strong><em>Fides</em></strong></span> <span class='ocrx_word' id='word_1_139' title='bbox 393 2130 480 2174; x_wconf 87' lang='lat' dir='ltr'><strong><em>tua</em></strong></span> <span class='ocrx_word' id='word_1_140' title='bbox 503 2132 550 2176; x_wconf 92' lang='lat' dir='ltr'><strong><em>te</em></strong></span> <span class='ocrx_word' id='word_1_141' title='bbox 568 2123 767 2177; x_wconf 84' lang='lat' dir='ltr'><strong><em>salttum</em></strong></span> <span class='ocrx_word' id='word_1_142' title='bbox 798 2123 916 2192; x_wconf 78' lang='lat' dir='ltr'><strong><em>fecit</em></strong></span> <span class='ocrx_word' id='word_1_143' title='bbox 939 2121 1096 2194; x_wconf 85' lang='lat' dir='ltr'><strong><em>(Luc.</em></strong></span> <span class='ocrx_word' id='word_1_144' title='bbox 1130 2139 1284 2189; x_wconf 83' lang='lat' dir='ltr'><strong><em>xvut,</em></strong></span> <span class='ocrx_word' id='word_1_145' title='bbox 1307 2124 1424 2196; x_wconf 74' lang='grc'>42).</span> 
     </span>
    </p>
   </div>
   <div class='ocr_carea' id='block_1_20' title="bbox 1419 322 2305 386">
    <p class='ocr_par' dir='ltr' id='par_1_20' title="bbox 1419 322 2305 386">
     <span class='ocr_line' id='line_1_20' title="bbox 1419 322 2305 386; baseline -0.009 0"><span class='ocrx_word' id='word_1_146' title='bbox 1419 323 1909 386; x_wconf 74' lang='lat' dir='ltr'><strong><em>EPISTOLARUM</em></strong></span> <span class='ocrx_word' id='word_1_147' title='bbox 1948 322 2227 382; x_wconf 85' lang='lat' dir='ltr'><strong><em>CLASSIS</em></strong></span> <span class='ocrx_word' id='word_1_148' title='bbox 2266 325 2305 380; x_wconf 93' lang='lat' dir='ltr'><strong><em>I.</em></strong></span> 
     </span>
    </p>
   </div>
   <div class='ocr_carea' id='block_1_21' title="bbox 222 429 1876 522">
    <p class='ocr_par' dir='ltr' id='par_1_21' title="bbox 222 429 1876 522">
     <span class='ocr_line' id='line_1_21' title="bbox 222 429 1876 522; baseline -0.004 -23"><span class='ocrx_word' id='word_1_149' title='bbox 222 444 352 512; x_wconf 86' lang='lat' dir='ltr'><strong><em>Quis</em></strong></span> <span class='ocrx_word' id='word_1_150' title='bbox 377 444 692 514; x_wconf 78' lang='lat' dir='ltr'><strong><em>inﬁrmatur,</em></strong></span> <span class='ocrx_word' id='word_1_151' title='bbox 728 455 776 501; x_wconf 87' lang='lat' dir='ltr'><strong><em>et</em></strong></span> <span class='ocrx_word' id='word_1_152' title='bbox 802 459 895 517; x_wconf 87' lang='lat' dir='ltr'><strong><em>ego</em></strong></span> <span class='ocrx_word' id='word_1_153' title='bbox 931 459 1031 499; x_wconf 89' lang='lat' dir='ltr'><strong><em>non</em></strong></span> <span class='ocrx_word' id='word_1_154' title='bbox 1059 444 1293 522; x_wconf 80' lang='lat' dir='ltr'><strong><em>inﬁrmor</em></strong></span> <span class='ocrx_word' id='word_1_155' title='bbox 1319 439 1396 515; x_wconf 90' lang='lat' dir='ltr'><strong><em>(ll</em></strong></span> <span class='ocrx_word' id='word_1_156' title='bbox 1425 429 1804 509; x_wconf 47' lang='lat' dir='ltr'><strong><em>Cor.&#39;XI,29)?</em></strong></span> <span class='ocrx_word' id='word_1_157' title='bbox 1831 448 1876 505; x_wconf 77' lang='grc' dir='ltr'><strong>Α</strong></span> 
     </span>
    </p>
   </div>
   <div class='ocr_carea' id='block_1_22' title="bbox 3366 320 3508 379">
    <p class='ocr_par' dir='ltr' id='par_1_22' title="bbox 3366 320 3508 379">
     <span class='ocr_line' id='line_1_22' title="bbox 3366 320 3508 379; baseline 0 -1"><span class='ocrx_word' id='word_1_158' title='bbox 3366 320 3508 379; x_wconf 70' lang='grc'><strong><em>1082</em></strong></span> 
     </span>
    </p>
   </div>
   <div class='ocr_carea' id='block_1_23' title="bbox 1909 434 3509 510">
    <p class='ocr_par' dir='ltr' id='par_1_23' title="bbox 1909 434 3509 510">
     <span class='ocr_line' id='line_1_23' title="bbox 1909 434 3509 510; baseline -0.001 -16"><span class='ocrx_word' id='word_1_159' title='bbox 1909 439 1962 494; x_wconf 91' lang='lat' dir='ltr'><strong><em>in</em></strong></span> <span class='ocrx_word' id='word_1_160' title='bbox 1977 438 2344 510; x_wconf 87' lang='lat' dir='ltr'><strong><em>curribus,qui</em></strong></span> <span class='ocrx_word' id='word_1_161' title='bbox 2359 435 2745 493; x_wconf 85' lang='lat' dir='ltr'><strong><em>videnlur.Nec</em></strong></span> <span class='ocrx_word' id='word_1_162' title='bbox 2758 435 2810 492; x_wconf 89' lang='lat' dir='ltr'><strong><em>in</em></strong></span> <span class='ocrx_word' id='word_1_163' title='bbox 2828 435 2946 507; x_wconf 87' lang='lat' dir='ltr'><strong><em>ipso</em></strong></span> <span class='ocrx_word' id='word_1_164' title='bbox 2957 434 3084 492; x_wconf 66' lang='lat' dir='ltr'><strong><em>caeli</em></strong></span> <span class='ocrx_word' id='word_1_165' title='bbox 3096 435 3370 493; x_wconf 86' lang='lat' dir='ltr'><strong><em>elemento</em></strong></span> <span class='ocrx_word' id='word_1_166' title='bbox 3379 449 3509 508; x_wconf 85' lang='lat' dir='ltr'><strong><em>spes</em></strong></span> 
     </span>
    </p>
   </div>
   <div class='ocr_carea' id='block_1_24' title="bbox 1907 529 3504 602">
    <p class='ocr_par' dir='ltr' id='par_1_24' title="bbox 1907 529 3504 602">
     <span class='ocr_line' id='line_1_24' title="bbox 1907 529 3504 602; baseline -0.002 -12"><span class='ocrx_word' id='word_1_167' title='bbox 1907 541 2016 602; x_wconf 88' lang='lat' dir='ltr'><strong><em>est,</em></strong></span> <span class='ocrx_word' id='word_1_168' title='bbox 2030 533 2126 591; x_wconf 85' lang='lat' dir='ltr'><strong><em>sed</em></strong></span> <span class='ocrx_word' id='word_1_169' title='bbox 2141 535 2192 590; x_wconf 91' lang='lat' dir='ltr'><strong><em>in</em></strong></span> <span class='ocrx_word' id='word_1_170' title='bbox 2211 534 2436 589; x_wconf 91' lang='lat' dir='ltr'><strong><em>Domino</em></strong></span> <span class='ocrx_word' id='word_1_171' title='bbox 2448 530 2712 590; x_wconf 69' lang='lat' dir='ltr'><strong><em>casli.Nec</em></strong></span> <span class='ocrx_word' id='word_1_172' title='bbox 2728 530 2757 570; x_wconf 74' lang='grc' dir='ltr'><strong>ιι</strong></span> <span class='ocrx_word' id='word_1_173' title='bbox 2775 529 3066 587; x_wconf 67' lang='lat' dir='ltr'><strong><em>Chaldaeus</em></strong></span> <span class='ocrx_word' id='word_1_174' title='bbox 3083 531 3136 586; x_wconf 92' lang='lat' dir='ltr'><strong><em>in</em></strong></span> <span class='ocrx_word' id='word_1_175' title='bbox 3158 531 3336 588; x_wconf 87' lang='lat' dir='ltr'><strong><em>stellis</em></strong></span> <span class='ocrx_word' id='word_1_176' title='bbox 3349 545 3504 602; x_wconf 87' lang='lat' dir='ltr'><strong><em>spem</em></strong></span> 
     </span>
    </p>
   </div>
   <div class='ocr_carea' id='block_1_25' title="bbox 1908 623 3504 697">
    <p class='ocr_par' dir='ltr' id='par_1_25' title="bbox 1908 623 3504 697">
     <span class='ocr_line' id='line_1_25' title="bbox 1908 623 3504 697; baseline 0.001 -18"><span class='ocrx_word' id='word_1_177' title='bbox 1908 623 2093 694; x_wconf 87' lang='lat' dir='ltr'><strong><em>habet,</em></strong></span> <span class='ocrx_word' id='word_1_178' title='bbox 2119 641 2253 697; x_wconf 90' lang='lat' dir='ltr'><strong><em>quas</em></strong></span> <span class='ocrx_word' id='word_1_179' title='bbox 2271 626 2567 691; x_wconf 89' lang='lat' dir='ltr'><strong><em>observat;</em></strong></span> <span class='ocrx_word' id='word_1_180' title='bbox 2595 638 2696 681; x_wconf 89' lang='lat' dir='ltr'><strong><em>nec</em></strong></span> <span class='ocrx_word' id='word_1_181' title='bbox 2733 623 2885 681; x_wconf 80' lang='lat' dir='ltr'><strong><em>dives</em></strong></span> <span class='ocrx_word' id='word_1_182' title='bbox 2925 623 2980 679; x_wconf 93' lang='lat' dir='ltr'><strong><em>in</em></strong></span> <span class='ocrx_word' id='word_1_183' title='bbox 3015 623 3460 696; x_wconf 85' lang='lat' dir='ltr'><strong><em>possessionibus</em></strong></span> <span class='ocrx_word' id='word_1_184' title='bbox 3485 661 3504 692; x_wconf 86' lang='lat'><strong><em>,</em></strong></span> 
     </span>
    </p>
   </div>
   <div class='ocr_carea' id='block_1_26' title="bbox 1908 716 3500 790">
    <p class='ocr_par' dir='ltr' id='par_1_26' title="bbox 1908 716 3500 790">
     <span class='ocr_line' id='line_1_26' title="bbox 1908 716 3500 790; baseline 0 -16"><span class='ocrx_word' id='word_1_185' title='bbox 1908 735 2008 776; x_wconf 90' lang='lat' dir='ltr'><strong><em>nec</em></strong></span> <span class='ocrx_word' id='word_1_186' title='bbox 2051 735 2247 776; x_wconf 85' lang='lat' dir='ltr'><strong><em>avarus</em></strong></span> <span class='ocrx_word' id='word_1_187' title='bbox 2274 721 2327 775; x_wconf 90' lang='lat' dir='ltr'><strong><em>in</em></strong></span> <span class='ocrx_word' id='word_1_188' title='bbox 2383 719 2559 776; x_wconf 88' lang='lat' dir='ltr'><strong><em>usuris</em></strong></span> <span class='ocrx_word' id='word_1_189' title='bbox 2600 717 2734 774; x_wconf 90' lang='lat' dir='ltr'><strong><em>:sed</em></strong></span> <span class='ocrx_word' id='word_1_190' title='bbox 2765 718 2857 774; x_wconf 88' lang='lat' dir='ltr'><strong><em>ille</em></strong></span> <span class='ocrx_word' id='word_1_191' title='bbox 2885 732 3036 790; x_wconf 85' lang='lat' dir='ltr'><strong><em>spem</em></strong></span> <span class='ocrx_word' id='word_1_192' title='bbox 3068 716 3233 774; x_wconf 87' lang='lat' dir='ltr'><strong><em>habet</em></strong></span> <span class='ocrx_word' id='word_1_193' title='bbox 3256 758 3272 783; x_wconf 89' lang='lat'><strong><em>,</em></strong></span> <span class='ocrx_word' id='word_1_194' title='bbox 3301 717 3396 789; x_wconf 89' lang='lat' dir='ltr'><strong><em>qui</em></strong></span> <span class='ocrx_word' id='word_1_195' title='bbox 3444 717 3500 775; x_wconf 92' lang='lat' dir='ltr'><strong><em>in</em></strong></span> 
     </span>
    </p>
   </div>
   <div class='ocr_carea' id='block_1_27' title="bbox 1905 811 3496 886">
    <p class='ocr_par' dir='ltr' id='par_1_27' title="bbox 1905 811 3496 886">
     <span class='ocr_line' id='line_1_27' title="bbox 1905 811 3496 886; baseline 0 -17"><span class='ocrx_word' id='word_1_196' title='bbox 1905 829 2028 869; x_wconf 90' lang='lat' dir='ltr'><strong><em>eum</em></strong></span> <span class='ocrx_word' id='word_1_197' title='bbox 2059 829 2213 886; x_wconf 88' lang='lat' dir='ltr'><strong><em>spem</em></strong></span> <span class='ocrx_word' id='word_1_198' title='bbox 2235 829 2386 870; x_wconf 89' lang='lat' dir='ltr'><strong><em>suam</em></strong></span> <span class='ocrx_word' id='word_1_199' title='bbox 2419 814 2592 884; x_wconf 87' lang='lat' dir='ltr'><strong><em>ponit,</em></strong></span> <span class='ocrx_word' id='word_1_200' title='bbox 2641 827 2802 884; x_wconf 90' lang='lat' dir='ltr'><strong><em>quem</em></strong></span> <span class='ocrx_word' id='word_1_201' title='bbox 2830 828 2938 868; x_wconf 89' lang='lat' dir='ltr'><strong><em>non</em></strong></span> <span class='ocrx_word' id='word_1_202' title='bbox 2979 811 3174 880; x_wconf 90' lang='lat' dir='ltr'><strong><em>videt,</em></strong></span> <span class='ocrx_word' id='word_1_203' title='bbox 3205 812 3258 868; x_wconf 88' lang='lat' dir='ltr'><strong><em>id</em></strong></span> <span class='ocrx_word' id='word_1_204' title='bbox 3284 823 3367 869; x_wconf 92' lang='lat' dir='ltr'><strong><em>est</em></strong></span> <span class='ocrx_word' id='word_1_205' title='bbox 3393 853 3408 878; x_wconf 92' lang='lat'><strong><em>,</em></strong></span> <span class='ocrx_word' id='word_1_206' title='bbox 3442 814 3496 870; x_wconf 91' lang='lat' dir='ltr'><strong><em>in</em></strong></span> 
     </span>
    </p>
   </div>
   <div class='ocr_carea' id='block_1_28' title="bbox 1908 905 3502 980">
    <p class='ocr_par' dir='ltr' id='par_1_28' title="bbox 1908 905 3502 980">
     <span class='ocr_line' id='line_1_28' title="bbox 1908 905 3502 980; baseline 0 -18"><span class='ocrx_word' id='word_1_207' title='bbox 1908 906 2141 964; x_wconf 88' lang='lat' dir='ltr'><strong><em>Domino</em></strong></span> <span class='ocrx_word' id='word_1_208' title='bbox 2178 907 2330 974; x_wconf 74' lang='lat' dir='ltr'><strong><em>leSu,</em></strong></span> <span class='ocrx_word' id='word_1_209' title='bbox 2379 907 2474 980; x_wconf 92' lang='lat' dir='ltr'><strong><em>qui</em></strong></span> <span class='ocrx_word' id='word_1_210' title='bbox 2500 905 2716 962; x_wconf 90' lang='lat' dir='ltr'><strong><em>medius</em></strong></span> <span class='ocrx_word' id='word_1_211' title='bbox 2743 914 2988 962; x_wconf 89' lang='lat' dir='ltr'><strong><em>nostrum</em></strong></span> <span class='ocrx_word' id='word_1_212' title='bbox 3019 914 3127 963; x_wconf 87' lang='lat' dir='ltr'><strong><em>stat</em></strong></span> <span class='ocrx_word' id='word_1_213' title='bbox 3148 947 3164 971; x_wconf 90' lang='lat'><strong><em>,</em></strong></span> <span class='ocrx_word' id='word_1_214' title='bbox 3187 916 3244 962; x_wconf 87' lang='lat' dir='ltr'><strong><em>et</em></strong></span> <span class='ocrx_word' id='word_1_215' title='bbox 3274 921 3380 962; x_wconf 89' lang='lat' dir='ltr'><strong><em>non</em></strong></span> <span class='ocrx_word' id='word_1_216' title='bbox 3421 908 3502 962; x_wconf 83' lang='lat' dir='ltr'><strong><em>vi-</em></strong></span> 
     </span>
    </p>
   </div>
   <div class='ocr_carea' id='block_1_29' title="bbox 1905 998 3504 1072">
    <p class='ocr_par' dir='ltr' id='par_1_29' title="bbox 1905 998 3504 1072">
     <span class='ocr_line' id='line_1_29' title="bbox 1905 998 3504 1072; baseline -0.001 -17"><span class='ocrx_word' id='word_1_217' title='bbox 1905 998 2067 1056; x_wconf 89' lang='lat' dir='ltr'><strong><em>detur</em></strong></span> <span class='ocrx_word' id='word_1_218' title='bbox 2095 999 2275 1072; x_wconf 81' lang='lat' dir='ltr'><strong><em>(Joan.</em></strong></span> <span class='ocrx_word' id='word_1_219' title='bbox 2307 1016 2346 1067; x_wconf 86' lang='grc' dir='ltr'><strong><em>ι,</em></strong></span> <span class='ocrx_word' id='word_1_220' title='bbox 2387 999 2506 1072; x_wconf 75' lang='grc'>26).</span> <span class='ocrx_word' id='word_1_221' title='bbox 2557 999 2802 1070; x_wconf 85' lang='lat' dir='ltr'><strong><em>Denique</em></strong></span> <span class='ocrx_word' id='word_1_222' title='bbox 2848 998 3030 1054; x_wconf 84' lang='lat' dir='ltr'><strong><em>oculus</em></strong></span> <span class='ocrx_word' id='word_1_223' title='bbox 3069 1015 3173 1058; x_wconf 88' lang='lat' dir='ltr'><strong><em>non</em></strong></span> <span class='ocrx_word' id='word_1_224' title='bbox 3197 999 3361 1063; x_wconf 83' lang='lat' dir='ltr'><strong><em>uidit,</em></strong></span> <span class='ocrx_word' id='word_1_225' title='bbox 3410 1015 3504 1054; x_wconf 84' lang='lat' dir='ltr'><strong><em>nec</em></strong></span> 
     </span>
    </p>
   </div>
   <div class='ocr_carea' id='block_1_30' title="bbox 1905 1092 3502 1169">
    <p class='ocr_par' dir='ltr' id='par_1_30' title="bbox 1905 1092 3502 1169">
     <span class='ocr_line' id='line_1_30' title="bbox 1905 1092 3502 1169; baseline 0.002 -21"><span class='ocrx_word' id='word_1_226' title='bbox 1905 1095 2051 1149; x_wconf 80' lang='lat' dir='ltr'><strong><em>auris</em></strong></span> <span class='ocrx_word' id='word_1_227' title='bbox 2088 1096 2309 1161; x_wconf 81' lang='lat' dir='ltr'><strong><em>audivit,</em></strong></span> <span class='ocrx_word' id='word_1_228' title='bbox 2339 1110 2454 1165; x_wconf 69' lang='lat' dir='ltr'><strong><em>qua:</em></strong></span> <span class='ocrx_word' id='word_1_229' title='bbox 2501 1095 2812 1166; x_wconf 77' lang='lat' dir='ltr'><strong><em>prteparavit</em></strong></span> <span class='ocrx_word' id='word_1_230' title='bbox 2862 1092 3118 1150; x_wconf 83' lang='lat' dir='ltr'><strong><em>Dominus</em></strong></span> <span class='ocrx_word' id='word_1_231' title='bbox 3166 1095 3502 1169; x_wconf 85' lang='lat' dir='ltr'><strong><em>diligentibus</em></strong></span> 
     </span>
    </p>
   </div>
   <div class='ocr_carea' id='block_1_31' title="bbox 1906 1201 2041 1242">
    <p class='ocr_par' dir='ltr' id='par_1_31' title="bbox 1906 1201 2041 1242">
     <span class='ocr_line' id='line_1_31' title="bbox 1906 1201 2041 1242; baseline 0.015 -2"><span class='ocrx_word' id='word_1_232' title='bbox 1906 1201 2041 1242; x_wconf 78' lang='lat' dir='ltr'><strong><em>eum.</em></strong></span> 
     </span>
    </p>
   </div>
   <div class='ocr_carea' id='block_1_32' title="bbox 2265 1281 3443 1356">
    <p class='ocr_par' dir='ltr' id='par_1_32' title="bbox 2265 1281 3443 1356">
     <span class='ocr_line' id='line_1_32' title="bbox 2265 1281 3443 1356; baseline 0 -18"><span class='ocrx_word' id='word_1_233' title='bbox 2265 1283 2430 1356; x_wconf 68' lang='lat'><strong>929</strong></span> <span class='ocrx_word' id='word_1_234' title='bbox 2459 1294 2479 1322; x_wconf 76' lang='grc' dir='ltr'><strong>ε</strong></span> <span class='ocrx_word' id='word_1_235' title='bbox 2513 1281 2849 1339; x_wconf 76' lang='lat' dir='ltr'><strong><em>EPISTULA</em></strong></span> <span class='ocrx_word' id='word_1_236' title='bbox 2889 1281 3132 1338; x_wconf 79' lang='lat' dir='ltr'><strong>XXXVI.</strong></span> <span class='ocrx_word' id='word_1_237' title='bbox 3441 1344 3443 1346; x_wconf 32' lang='grc' dir='ltr'><strong>η</strong></span> 
     </span>
    </p>
   </div>
   <div class='ocr_carea' id='block_1_33' title="bbox 1905 1373 3480 1451">
    <p class='ocr_par' dir='ltr' id='par_1_33' title="bbox 1905 1373 3480 1451">
     <span class='ocr_line' id='line_1_33' title="bbox 1905 1373 3480 1451; baseline 0.004 -22"><span class='ocrx_word' id='word_1_238' title='bbox 1905 1373 2129 1445; x_wconf 82' lang='lat' dir='ltr'><strong><em>Roganti</em></strong></span> <span class='ocrx_word' id='word_1_239' title='bbox 2147 1392 2417 1448; x_wconf 81' lang='lat' dir='ltr'><strong><em>quemnam</em></strong></span> <span class='ocrx_word' id='word_1_240' title='bbox 2442 1377 2681 1445; x_wconf 87' lang='lat' dir='ltr'><strong><em>spiritum</em></strong></span> <span class='ocrx_word' id='word_1_241' title='bbox 2701 1376 2900 1433; x_wconf 83' lang='lat' dir='ltr'><strong><em>Paulus</em></strong></span> <span class='ocrx_word' id='word_1_242' title='bbox 2926 1378 3196 1449; x_wconf 88' lang='lat' dir='ltr'><strong><em>scripserit</em></strong></span> <span class='ocrx_word' id='word_1_243' title='bbox 3214 1379 3480 1451; x_wconf 85' lang='lat' dir='ltr'><strong><em>postulare</em></strong></span> 
     </span>
    </p>
   </div>
   <div class='ocr_carea' id='block_1_34' title="bbox 1976 1471 3503 1545">
    <p class='ocr_par' dir='ltr' id='par_1_34' title="bbox 1976 1471 3503 1545">
     <span class='ocr_line' id='line_1_34' title="bbox 1976 1471 3503 1545; baseline 0.003 -20"><span class='ocrx_word' id='word_1_244' title='bbox 1976 1485 2074 1542; x_wconf 92' lang='lat' dir='ltr'><strong><em>pro</em></strong></span> <span class='ocrx_word' id='word_1_245' title='bbox 2103 1471 2260 1527; x_wconf 90' lang='lat' dir='ltr'><strong><em>nobis</em></strong></span> <span class='ocrx_word' id='word_1_246' title='bbox 2301 1472 2594 1544; x_wconf 77' lang='lat' dir='ltr'><strong><em>gemitibus</em></strong></span> <span class='ocrx_word' id='word_1_247' title='bbox 2632 1471 3130 1541; x_wconf 88' lang='lat' dir='ltr'><strong><em>inenarrabilibus,</em></strong></span> <span class='ocrx_word' id='word_1_248' title='bbox 3159 1477 3503 1545; x_wconf 83' lang='lat' dir='ltr'><strong><em>respondetur</em></strong></span> 
     </span>
    </p>
   </div>
   <div class='ocr_carea' id='block_1_35' title="bbox 1982 1563 3497 1638">
    <p class='ocr_par' dir='ltr' id='par_1_35' title="bbox 1982 1563 3497 1638">
     <span class='ocr_line' id='line_1_35' title="bbox 1982 1563 3497 1638; baseline 0.003 -22"><span class='ocrx_word' id='word_1_249' title='bbox 1982 1579 2084 1617; x_wconf 89' lang='lat' dir='ltr'><strong><em>non</em></strong></span> <span class='ocrx_word' id='word_1_250' title='bbox 2116 1565 2278 1618; x_wconf 88' lang='lat' dir='ltr'><strong><em>alium</em></strong></span> <span class='ocrx_word' id='word_1_251' title='bbox 2324 1565 2562 1620; x_wconf 85' lang='lat' dir='ltr'><strong><em>denotari</em></strong></span> <span class='ocrx_word' id='word_1_252' title='bbox 2608 1565 2708 1620; x_wconf 89' lang='lat' dir='ltr'><strong><em>nisi</em></strong></span> <span class='ocrx_word' id='word_1_253' title='bbox 2754 1563 3016 1635; x_wconf 85' lang='lat' dir='ltr'><strong><em>Spiritum</em></strong></span> <span class='ocrx_word' id='word_1_254' title='bbox 3049 1575 3310 1630; x_wconf 87' lang='lat' dir='ltr'><strong><em>sanctum,</em></strong></span> <span class='ocrx_word' id='word_1_255' title='bbox 3337 1567 3426 1638; x_wconf 92' lang='lat' dir='ltr'><strong><em>qui</em></strong></span> <span class='ocrx_word' id='word_1_256' title='bbox 3450 1575 3497 1621; x_wconf 89' lang='lat' dir='ltr'><strong><em>et</em></strong></span> 
     </span>
    </p>
   </div>
   <div class='ocr_carea' id='block_1_36' title="bbox 1977 1659 3499 1733">
    <p class='ocr_par' dir='ltr' id='par_1_36' title="bbox 1977 1659 3499 1733">
     <span class='ocr_line' id='line_1_36' title="bbox 1977 1659 3499 1733; baseline 0.004 -23"><span class='ocrx_word' id='word_1_257' title='bbox 1977 1661 2235 1713; x_wconf 88' lang='lat' dir='ltr'><strong><em>orationes</em></strong></span> <span class='ocrx_word' id='word_1_258' title='bbox 2247 1669 2450 1715; x_wconf 87' lang='lat' dir='ltr'><strong><em>nostras</em></strong></span> <span class='ocrx_word' id='word_1_259' title='bbox 2475 1659 2676 1730; x_wconf 85' lang='lat' dir='ltr'><strong><em>dirigit,</em></strong></span> <span class='ocrx_word' id='word_1_260' title='bbox 2692 1670 2742 1716; x_wconf 86' lang='lat' dir='ltr'><strong><em>et</em></strong></span> <span class='ocrx_word' id='word_1_261' title='bbox 2765 1661 2922 1733; x_wconf 87' lang='lat' dir='ltr'><strong><em>gemit</em></strong></span> <span class='ocrx_word' id='word_1_262' title='bbox 2945 1676 3042 1730; x_wconf 89' lang='lat' dir='ltr'><strong><em>pro</em></strong></span> <span class='ocrx_word' id='word_1_263' title='bbox 3057 1659 3262 1716; x_wconf 84' lang='lat' dir='ltr'><strong><em>delictis</em></strong></span> <span class='ocrx_word' id='word_1_264' title='bbox 3281 1663 3499 1727; x_wconf 86' lang='lat' dir='ltr'><strong><em>nostris,</em></strong></span> 
     </span>
    </p>
   </div>
   <div class='ocr_carea' id='block_1_37' title="bbox 1977 1750 3042 1819">
    <p class='ocr_par' dir='ltr' id='par_1_37' title="bbox 1977 1750 3042 1819">
     <span class='ocr_line' id='line_1_37' title="bbox 1977 1750 3042 1819; baseline 0.001 -14"><span class='ocrx_word' id='word_1_265' title='bbox 1977 1751 2168 1819; x_wconf 88' lang='lat' dir='ltr'><strong><em>gemitu</em></strong></span> <span class='ocrx_word' id='word_1_266' title='bbox 2197 1751 2560 1819; x_wconf 84' lang='lat' dir='ltr'><strong><em>inenarrabili,</em></strong></span> <span class='ocrx_word' id='word_1_267' title='bbox 2588 1750 2686 1806; x_wconf 83' lang='lat' dir='ltr'><strong><em>hoc</em></strong></span> <span class='ocrx_word' id='word_1_268' title='bbox 2707 1761 2802 1818; x_wconf 90' lang='lat' dir='ltr'><strong><em>est,</em></strong></span> <span class='ocrx_word' id='word_1_269' title='bbox 2828 1752 3042 1808; x_wconf 72' lang='lat' dir='ltr'><strong><em>caelesti.</em></strong></span> 
     </span>
    </p>
   </div>
   <div class='ocr_carea' id='block_1_38' title="bbox 2331 1845 3066 1903">
    <p class='ocr_par' dir='ltr' id='par_1_38' title="bbox 2331 1845 3066 1903">
     <span class='ocr_line' id='line_1_38' title="bbox 2331 1845 3066 1903; baseline 0.001 -2"><span class='ocrx_word' id='word_1_270' title='bbox 2331 1845 2641 1901; x_wconf 77' lang='lat' dir='ltr'><strong><em>Ausuosws</em></strong></span> <span class='ocrx_word' id='word_1_271' title='bbox 2692 1845 3066 1903; x_wconf 64' lang='lat' dir='ltr'><strong><em>Honos-mmo.</em></strong></span> 
     </span>
    </p>
   </div>
   <div class='ocr_carea' id='block_1_39' title="bbox 1980 1936 3497 2009">
    <p class='ocr_par' dir='ltr' id='par_1_39' title="bbox 1980 1936 3497 2009">
     <span class='ocr_line' id='line_1_39' title="bbox 1980 1936 3497 2009; baseline 0.002 -20"><span class='ocrx_word' id='word_1_272' title='bbox 1980 1936 2030 1990; x_wconf 84' lang='lat' dir='ltr'><strong><em>l.</em></strong></span> <span class='ocrx_word' id='word_1_273' title='bbox 2054 1936 2488 1993; x_wconf 88' lang='lat' dir='ltr'><strong><em>Concatenantur</em></strong></span> <span class='ocrx_word' id='word_1_274' title='bbox 2508 1936 2613 1992; x_wconf 87' lang='lat' dir='ltr'><strong><em>sibi</em></strong></span> <span class='ocrx_word' id='word_1_275' title='bbox 2633 1937 2879 2008; x_wconf 78' lang='lat' dir='ltr'><strong><em>epistola:</em></strong></span> <span class='ocrx_word' id='word_1_276' title='bbox 2899 1946 3124 2008; x_wconf 70' lang='lat' dir='ltr'><strong><em>nostrae,</em></strong></span> <span class='ocrx_word' id='word_1_277' title='bbox 3143 1946 3201 1993; x_wconf 91' lang='lat' dir='ltr'><strong><em>ut</em></strong></span> <span class='ocrx_word' id='word_1_278' title='bbox 3222 1945 3497 2009; x_wconf 84' lang='lat' dir='ltr'><strong><em>tamquam</em></strong></span> 
     </span>
    </p>
   </div>
   <div class='ocr_carea' id='block_1_40' title="bbox 1906 2028 3496 2098">
    <p class='ocr_par' dir='ltr' id='par_1_40' title="bbox 1906 2028 3496 2098">
     <span class='ocr_line' id='line_1_40' title="bbox 1906 2028 3496 2098; baseline 0.004 -18"><span class='ocrx_word' id='word_1_279' title='bbox 1906 2029 2046 2084; x_wconf 90' lang='lat' dir='ltr'><strong><em>inter</em></strong></span> <span class='ocrx_word' id='word_1_280' title='bbox 2089 2038 2384 2098; x_wconf 77' lang='lat' dir='ltr'><strong><em>prrcsentes</em></strong></span> <span class='ocrx_word' id='word_1_281' title='bbox 2437 2028 2722 2085; x_wconf 85' lang='lat' dir='ltr'><strong><em>videamur</em></strong></span> <span class='ocrx_word' id='word_1_282' title='bbox 2772 2044 3084 2086; x_wconf 88' lang='lat' dir='ltr'><strong><em>sermonem</em></strong></span> <span class='ocrx_word' id='word_1_283' title='bbox 3117 2029 3336 2086; x_wconf 70' lang='lat' dir='ltr'><strong><em>caedere</em></strong></span> <span class='ocrx_word' id='word_1_284' title='bbox 3374 2047 3388 2084; x_wconf 92' lang='lat'><strong><em>:</em></strong></span> <span class='ocrx_word' id='word_1_285' title='bbox 3421 2031 3496 2086; x_wconf 89' lang='lat' dir='ltr'><strong><em>ita</em></strong></span> 
     </span>
    </p>
   </div>
   <div class='ocr_carea' id='block_1_41' title="bbox 1900 2121 3497 2194">
    <p class='ocr_par' dir='ltr' id='par_1_41' title="bbox 1900 2121 3497 2194">
     <span class='ocr_line' id='line_1_41' title="bbox 1900 2121 3497 2194; baseline 0.003 -20"><span class='ocrx_word' id='word_1_286' title='bbox 1900 2134 2000 2190; x_wconf 83' lang='lat' dir='ltr'><strong><em>ego</em></strong></span> <span class='ocrx_word' id='word_1_287' title='bbox 2029 2133 2099 2176; x_wconf 81' lang='lat' dir='ltr'><strong><em>ex</em></strong></span> <span class='ocrx_word' id='word_1_288' title='bbox 2127 2129 2217 2175; x_wconf 91' lang='lat' dir='ltr'><strong><em>tua</em></strong></span> <span class='ocrx_word' id='word_1_289' title='bbox 2249 2121 2700 2191; x_wconf 85' lang='lat' dir='ltr'><strong><em>interrogatione,</em></strong></span> <span class='ocrx_word' id='word_1_290' title='bbox 2734 2131 2900 2193; x_wconf 88' lang='lat' dir='ltr'><strong><em>tuque</em></strong></span> <span class='ocrx_word' id='word_1_291' title='bbox 2919 2137 2985 2178; x_wconf 79' lang='lat' dir='ltr'><strong><em>ex</em></strong></span> <span class='ocrx_word' id='word_1_292' title='bbox 3013 2137 3136 2179; x_wconf 89' lang='lat' dir='ltr'><strong><em>mea</em></strong></span> <span class='ocrx_word' id='word_1_293' title='bbox 3156 2121 3497 2194; x_wconf 79' lang='lat' dir='ltr'><strong><em>explanatio-</em></strong></span> 
     </span>
    </p>
   </div>
   <div class='ocr_carea' id='block_1_42' title="bbox 281 2211 3130 2287">
    <p class='ocr_par' dir='ltr' id='par_1_42' title="bbox 281 2211 3130 2287">
     <span class='ocr_line' id='line_1_42' title="bbox 281 2211 3130 2287; baseline 0.001 -21"><span class='ocrx_word' id='word_1_294' title='bbox 281 2211 369 2267; x_wconf 74' lang='grc' dir='ltr'>Η.</span> <span class='ocrx_word' id='word_1_295' title='bbox 403 2211 550 2283; x_wconf 89' lang='lat' dir='ltr'><strong><em>Ergo</em></strong></span> <span class='ocrx_word' id='word_1_296' title='bbox 596 2223 848 2269; x_wconf 88' lang='lat' dir='ltr'><strong><em>creatura</em></strong></span> <span class='ocrx_word' id='word_1_297' title='bbox 880 2229 1002 2285; x_wconf 86' lang='lat' dir='ltr'><strong><em>quae</em></strong></span> <span class='ocrx_word' id='word_1_298' title='bbox 1043 2229 1151 2270; x_wconf 91' lang='lat' dir='ltr'><strong><em>non</em></strong></span> <span class='ocrx_word' id='word_1_299' title='bbox 1184 2224 1397 2286; x_wconf 88' lang='lat' dir='ltr'><strong><em>sponte,</em></strong></span> <span class='ocrx_word' id='word_1_300' title='bbox 1453 2216 1551 2272; x_wconf 89' lang='lat' dir='ltr'><strong><em>sed</em></strong></span> <span class='ocrx_word' id='word_1_301' title='bbox 1598 2217 1652 2272; x_wconf 92' lang='lat' dir='ltr'><strong><em>in</em></strong></span> <span class='ocrx_word' id='word_1_302' title='bbox 1704 2231 1802 2287; x_wconf 80' lang='lat' dir='ltr'><strong><em>Spe</em></strong></span> <span class='ocrx_word' id='word_1_303' title='bbox 1903 2226 1971 2267; x_wconf 87' lang='lat' dir='ltr'><strong><em>ne</em></strong></span> <span class='ocrx_word' id='word_1_304' title='bbox 1989 2211 2238 2281; x_wconf 87' lang='lat' dir='ltr'><strong><em>epistolis</em></strong></span> <span class='ocrx_word' id='word_1_305' title='bbox 2265 2212 2572 2269; x_wconf 89' lang='lat' dir='ltr'><strong><em>scribendis</em></strong></span> <span class='ocrx_word' id='word_1_306' title='bbox 2602 2213 2884 2270; x_wconf 89' lang='lat' dir='ltr'><strong><em>materiam</em></strong></span> <span class='ocrx_word' id='word_1_307' title='bbox 2915 2213 3130 2270; x_wconf 89' lang='lat' dir='ltr'><strong><em>damus.</em></strong></span> 
     </span>
    </p>
   </div>
   <div class='ocr_carea' id='block_1_43' title="bbox 203 2303 1796 2379">
    <p class='ocr_par' dir='ltr' id='par_1_43' title="bbox 203 2303 1796 2379">
     <span class='ocr_line' id='line_1_43' title="bbox 203 2303 1796 2379; baseline 0.006 -23"><span class='ocrx_word' id='word_1_308' title='bbox 203 2303 430 2358; x_wconf 81' lang='lat' dir='ltr'><strong><em>vanitati</em></strong></span> <span class='ocrx_word' id='word_1_309' title='bbox 459 2305 702 2374; x_wconf 89' lang='lat' dir='ltr'><strong><em>subjecta</em></strong></span> <span class='ocrx_word' id='word_1_310' title='bbox 732 2314 814 2361; x_wconf 85' lang='lat' dir='ltr'><strong><em>est</em></strong></span> <span class='ocrx_word' id='word_1_311' title='bbox 843 2305 1020 2375; x_wconf 83' lang='lat' dir='ltr'><strong><em>(Rom.</em></strong></span> <span class='ocrx_word' id='word_1_312' title='bbox 1055 2321 1168 2370; x_wconf 85' lang='lat' dir='ltr'><strong><em>vut,</em></strong></span> <span class='ocrx_word' id='word_1_313' title='bbox 1214 2306 1309 2378; x_wconf 71' lang='lat'><strong><em>20)</em></strong></span> <span class='ocrx_word' id='word_1_314' title='bbox 1330 2349 1344 2372; x_wconf 91' lang='lat'><strong><em>,</em></strong></span> <span class='ocrx_word' id='word_1_315' title='bbox 1394 2321 1492 2379; x_wconf 90' lang='lat' dir='ltr'><strong><em>spe</em></strong></span> <span class='ocrx_word' id='word_1_316' title='bbox 1513 2308 1756 2365; x_wconf 87' lang='lat' dir='ltr'><strong><em>salvatur</em></strong></span> <span class='ocrx_word' id='word_1_317' title='bbox 1781 2353 1796 2376; x_wconf 92' lang='lat'><strong><em>,</em></strong></span> 
     </span>
    </p>
   </div>
   <div class='ocr_carea' id='block_1_44' title="bbox 201 2395 1800 2469">
    <p class='ocr_par' dir='ltr' id='par_1_44' title="bbox 201 2395 1800 2469">
     <span class='ocr_line' id='line_1_44' title="bbox 201 2395 1800 2469; baseline 0.004 -19"><span class='ocrx_word' id='word_1_318' title='bbox 201 2395 344 2451; x_wconf 85' lang='lat' dir='ltr'><strong><em>sicut</em></strong></span> <span class='ocrx_word' id='word_1_319' title='bbox 372 2405 424 2451; x_wconf 92' lang='lat' dir='ltr'><strong><em>et</em></strong></span> <span class='ocrx_word' id='word_1_320' title='bbox 447 2395 669 2461; x_wconf 87' lang='lat' dir='ltr'><strong><em>Paulus,</em></strong></span> <span class='ocrx_word' id='word_1_321' title='bbox 697 2411 817 2452; x_wconf 88' lang='lat' dir='ltr'><strong><em>cum</em></strong></span> <span class='ocrx_word' id='word_1_322' title='bbox 847 2397 1013 2453; x_wconf 90' lang='lat' dir='ltr'><strong><em>sciret</em></strong></span> <span class='ocrx_word' id='word_1_323' title='bbox 1037 2399 1244 2453; x_wconf 88' lang='lat' dir='ltr'><strong><em>lucrum</em></strong></span> <span class='ocrx_word' id='word_1_324' title='bbox 1269 2399 1371 2454; x_wconf 88' lang='lat' dir='ltr'><strong><em>sibi</em></strong></span> <span class='ocrx_word' id='word_1_325' title='bbox 1396 2415 1518 2456; x_wconf 86' lang='lat' dir='ltr'><strong><em>esse</em></strong></span> <span class='ocrx_word' id='word_1_326' title='bbox 1542 2402 1703 2469; x_wconf 89' lang='lat' dir='ltr'><strong><em>mori,</em></strong></span> <span class='ocrx_word' id='word_1_327' title='bbox 1741 2411 1800 2456; x_wconf 91' lang='lat' dir='ltr'><strong><em>ut</em></strong></span> 
     </span>
    </p>
   </div>
   <div class='ocr_carea' id='block_1_45' title="bbox 200 2488 1795 2563">
    <p class='ocr_par' dir='ltr' id='par_1_45' title="bbox 200 2488 1795 2563">
     <span class='ocr_line' id='line_1_45' title="bbox 200 2488 1795 2563; baseline 0.004 -19"><span class='ocrx_word' id='word_1_328' title='bbox 200 2504 327 2544; x_wconf 92' lang='lat' dir='ltr'><strong><em>cum</em></strong></span> <span class='ocrx_word' id='word_1_329' title='bbox 357 2488 576 2545; x_wconf 86' lang='lat' dir='ltr'><strong><em>Christo</em></strong></span> <span class='ocrx_word' id='word_1_330' title='bbox 606 2499 752 2546; x_wconf 90' lang='lat' dir='ltr'><strong><em>esset</em></strong></span> <span class='ocrx_word' id='word_1_331' title='bbox 781 2490 989 2546; x_wconf 89' lang='lat' dir='ltr'><strong><em>solutus</em></strong></span> <span class='ocrx_word' id='word_1_332' title='bbox 1037 2506 1302 2561; x_wconf 83' lang='lat' dir='ltr'><strong><em>corpore,</em></strong></span> <span class='ocrx_word' id='word_1_333' title='bbox 1335 2493 1690 2563; x_wconf 86' lang='lat' dir='ltr'><strong><em>permanebat</em></strong></span> <span class='ocrx_word' id='word_1_334' title='bbox 1742 2495 1795 2550; x_wconf 90' lang='lat' dir='ltr'><strong><em>in</em></strong></span> 
     </span>
    </p>
   </div>
   <div class='ocr_carea' id='block_1_46' title="bbox 199 2583 1792 2657">
    <p class='ocr_par' dir='ltr' id='par_1_46' title="bbox 199 2583 1792 2657">
     <span class='ocr_line' id='line_1_46' title="bbox 199 2583 1792 2657; baseline 0.002 -19"><span class='ocrx_word' id='word_1_335' title='bbox 199 2597 367 2638; x_wconf 87' lang='lat' dir='ltr'><strong><em>carne</em></strong></span> <span class='ocrx_word' id='word_1_336' title='bbox 417 2590 638 2653; x_wconf 85' lang='lat' dir='ltr'><strong><em>propter</em></strong></span> <span class='ocrx_word' id='word_1_337' title='bbox 663 2597 756 2639; x_wconf 83' lang='lat' dir='ltr'><strong><em>eos</em></strong></span> <span class='ocrx_word' id='word_1_338' title='bbox 808 2599 942 2654; x_wconf 92' lang='lat' dir='ltr'><strong><em>quos</em></strong></span> <span class='ocrx_word' id='word_1_339' title='bbox 971 2583 1189 2640; x_wconf 85' lang='lat' dir='ltr'><strong><em>Christo</em></strong></span> <span class='ocrx_word' id='word_1_340' title='bbox 1219 2585 1526 2655; x_wconf 87' lang='lat' dir='ltr'><strong><em>acquireret</em></strong></span> <span class='ocrx_word' id='word_1_341' title='bbox 1565 2585 1792 2657; x_wconf 80' lang='lat' dir='ltr'><strong><em>(Philip.</em></strong></span> 
     </span>
    </p>
   </div>
   <div class='ocr_carea' id='block_1_47' title="bbox 201 2673 1797 2750">
    <p class='ocr_par' dir='ltr' id='par_1_47' title="bbox 201 2673 1797 2750">
     <span class='ocr_line' id='line_1_47' title="bbox 201 2673 1797 2750; baseline 0.003 -20"><span class='ocrx_word' id='word_1_342' title='bbox 201 2692 241 2741; x_wconf 83' lang='grc' dir='ltr'><strong><em>ι,</em></strong></span> <span class='ocrx_word' id='word_1_343' title='bbox 270 2673 388 2747; x_wconf 65' lang='lat' dir='ltr'><strong><em>Si).</em></strong></span> <span class='ocrx_word' id='word_1_344' title='bbox 419 2675 556 2746; x_wconf 88' lang='lat' dir='ltr'><strong><em>Spes</em></strong></span> <span class='ocrx_word' id='word_1_345' title='bbox 587 2686 767 2733; x_wconf 87' lang='lat' dir='ltr'><strong><em>autem</em></strong></span> <span class='ocrx_word' id='word_1_346' title='bbox 791 2677 918 2746; x_wconf 84' lang='lat' dir='ltr'><strong><em>quid</em></strong></span> <span class='ocrx_word' id='word_1_347' title='bbox 945 2688 1050 2744; x_wconf 87' lang='lat' dir='ltr'><strong><em>est,</em></strong></span> <span class='ocrx_word' id='word_1_348' title='bbox 1099 2679 1202 2734; x_wconf 76' lang='lat' dir='ltr'><strong><em>nisi</em></strong></span> <span class='ocrx_word' id='word_1_349' title='bbox 1233 2677 1540 2733; x_wconf 81' lang='lat' dir='ltr'><strong><em>futurorum</em></strong></span> <span class='ocrx_word' id='word_1_350' title='bbox 1566 2695 1797 2750; x_wconf 81' lang='lat' dir='ltr'><strong><em>exspec-</em></strong></span> 
     </span>
    </p>
   </div>
   <div class='ocr_carea' id='block_1_48' title="bbox 200 2767 1793 2840">
    <p class='ocr_par' dir='ltr' id='par_1_48' title="bbox 200 2767 1793 2840">
     <span class='ocr_line' id='line_1_48' title="bbox 200 2767 1793 2840; baseline 0.003 -17"><span class='ocrx_word' id='word_1_351' title='bbox 200 2768 379 2823; x_wconf 83' lang='lat' dir='ltr'><strong><em>tatio?</em></strong></span> <span class='ocrx_word' id='word_1_352' title='bbox 407 2767 557 2825; x_wconf 78' lang='lat' dir='ltr'><strong><em>Unde</em></strong></span> <span class='ocrx_word' id='word_1_353' title='bbox 580 2770 697 2824; x_wconf 85' lang='lat' dir='ltr'><strong><em>ait:</em></strong></span> <span class='ocrx_word' id='word_1_354' title='bbox 746 2768 880 2840; x_wconf 84' lang='lat' dir='ltr'><strong><em>Spes</em></strong></span> <span class='ocrx_word' id='word_1_355' title='bbox 911 2780 1083 2823; x_wconf 89' lang='lat' dir='ltr'><strong><em>autem</em></strong></span> <span class='ocrx_word' id='word_1_356' title='bbox 1135 2787 1248 2839; x_wconf 76' lang='lat' dir='ltr'><strong><em>qua:</em></strong></span> <span class='ocrx_word' id='word_1_357' title='bbox 1302 2770 1523 2838; x_wconf 82' lang='lat' dir='ltr'><strong><em>videtur,</em></strong></span> <span class='ocrx_word' id='word_1_358' title='bbox 1569 2788 1672 2826; x_wconf 90' lang='lat' dir='ltr'><strong><em>non</em></strong></span> <span class='ocrx_word' id='word_1_359' title='bbox 1721 2783 1793 2827; x_wconf 86' lang='lat' dir='ltr'><strong><em>est</em></strong></span> 
     </span>
    </p>
   </div>
   <div class='ocr_carea' id='block_1_49' title="bbox 197 2861 1792 2935">
    <p class='ocr_par' dir='ltr' id='par_1_49' title="bbox 197 2861 1792 2935">
     <span class='ocr_line' id='line_1_49' title="bbox 197 2861 1792 2935; baseline 0.003 -20"><span class='ocrx_word' id='word_1_360' title='bbox 197 2879 318 2932; x_wconf 86' lang='lat' dir='ltr'><strong><em>spes</em></strong></span> <span class='ocrx_word' id='word_1_361' title='bbox 348 2861 524 2935; x_wconf 85' lang='lat' dir='ltr'><strong><em>(Rom.</em></strong></span> <span class='ocrx_word' id='word_1_362' title='bbox 576 2879 689 2927; x_wconf 87' lang='lat' dir='ltr'><strong><em>vnt,</em></strong></span> <span class='ocrx_word' id='word_1_363' title='bbox 718 2861 835 2934; x_wconf 74' lang='lat' dir='ltr'><strong><em>2i).</em></strong></span> <span class='ocrx_word' id='word_1_364' title='bbox 881 2861 998 2918; x_wconf 88' lang='lat' dir='ltr'><strong><em>Non</em></strong></span> <span class='ocrx_word' id='word_1_365' title='bbox 1050 2863 1193 2918; x_wconf 88' lang='lat' dir='ltr'><strong><em>enim</em></strong></span> <span class='ocrx_word' id='word_1_366' title='bbox 1224 2879 1346 2934; x_wconf 75' lang='lat' dir='ltr'><strong><em>qua:</em></strong></span> <span class='ocrx_word' id='word_1_367' title='bbox 1377 2863 1631 2918; x_wconf 88' lang='lat' dir='ltr'><strong><em>videntur</em></strong></span> <span class='ocrx_word' id='word_1_368' title='bbox 1655 2906 1668 2930; x_wconf 95' lang='lat'><strong><em>,</em></strong></span> <span class='ocrx_word' id='word_1_369' title='bbox 1698 2865 1792 2920; x_wconf 89' lang='lat' dir='ltr'><strong><em>sed</em></strong></span> 
     </span>
    </p>
   </div>
   <div class='ocr_carea' id='block_1_50' title="bbox 195 2954 1790 3027">
    <p class='ocr_par' dir='ltr' id='par_1_50' title="bbox 195 2954 1790 3027">
     <span class='ocr_line' id='line_1_50' title="bbox 195 2954 1790 3027; baseline 0.001 -17"><span class='ocrx_word' id='word_1_370' title='bbox 195 2970 323 3025; x_wconf 69' lang='lat' dir='ltr'><strong><em>qua:</em></strong></span> <span class='ocrx_word' id='word_1_371' title='bbox 352 2971 459 3010; x_wconf 91' lang='lat' dir='ltr'><strong><em>non</em></strong></span> <span class='ocrx_word' id='word_1_372' title='bbox 491 2955 740 3011; x_wconf 89' lang='lat' dir='ltr'><strong><em>videntur</em></strong></span> <span class='ocrx_word' id='word_1_373' title='bbox 765 2965 965 3010; x_wconf 63' lang='lat' dir='ltr'><strong><em>asterna</em></strong></span> <span class='ocrx_word' id='word_1_374' title='bbox 987 2965 1140 3010; x_wconf 91' lang='lat' dir='ltr'><strong><em>sunt:</em></strong></span> <span class='ocrx_word' id='word_1_375' title='bbox 1179 2954 1320 3009; x_wconf 79' lang='lat' dir='ltr'><strong><em>Nam</em></strong></span> <span class='ocrx_word' id='word_1_376' title='bbox 1339 2955 1476 3026; x_wconf 89' lang='lat' dir='ltr'><strong><em>quod</em></strong></span> <span class='ocrx_word' id='word_1_377' title='bbox 1501 2956 1634 3011; x_wconf 82' lang='lat' dir='ltr'><strong><em>videt</em></strong></span> <span class='ocrx_word' id='word_1_378' title='bbox 1655 2957 1790 3027; x_wconf 86' lang='lat' dir='ltr'><strong><em>quis,</em></strong></span> 
     </span>
    </p>
   </div>
   <div class='ocr_carea' id='block_1_51' title="bbox 194 3049 1787 3121">
    <p class='ocr_par' dir='ltr' id='par_1_51' title="bbox 194 3049 1787 3121">
     <span class='ocr_line' id='line_1_51' title="bbox 194 3049 1787 3121; baseline 0.003 -19"><span class='ocrx_word' id='word_1_379' title='bbox 194 3049 322 3120; x_wconf 85' lang='lat' dir='ltr'><strong><em>quid</em></strong></span> <span class='ocrx_word' id='word_1_380' title='bbox 343 3051 564 3120; x_wconf 88' lang='lat' dir='ltr'><strong><em>sperat?</em></strong></span> <span class='ocrx_word' id='word_1_381' title='bbox 593 3049 1007 3104; x_wconf 73' lang='lat' dir='ltr'><strong><em>Vidcmnreuitn</em></strong></span> <span class='ocrx_word' id='word_1_382' title='bbox 1039 3060 1224 3105; x_wconf 88' lang='lat' dir='ltr'><strong><em>tenere</em></strong></span> <span class='ocrx_word' id='word_1_383' title='bbox 1253 3065 1478 3121; x_wconf 74' lang='lat' dir='ltr'><strong><em>ea,qu:e</em></strong></span> <span class='ocrx_word' id='word_1_384' title='bbox 1501 3051 1748 3107; x_wconf 88' lang='lat' dir='ltr'><strong><em>videmus</em></strong></span> <span class='ocrx_word' id='word_1_385' title='bbox 1773 3071 1787 3106; x_wconf 90' lang='lat'><strong><em>:</em></strong></span> 
     </span>
    </p>
   </div>
   <div class='ocr_carea' id='block_1_52' title="bbox 194 3142 1795 3216">
    <p class='ocr_par' dir='ltr' id='par_1_52' title="bbox 194 3142 1795 3216">
     <span class='ocr_line' id='line_1_52' title="bbox 194 3142 1795 3216; baseline 0.002 -20"><span class='ocrx_word' id='word_1_386' title='bbox 194 3142 476 3213; x_wconf 86' lang='lat' dir='ltr'><strong><em>quomodo</em></strong></span> <span class='ocrx_word' id='word_1_387' title='bbox 501 3159 631 3213; x_wconf 81' lang='lat' dir='ltr'><strong><em>ergo</em></strong></span> <span class='ocrx_word' id='word_1_388' title='bbox 659 3159 778 3213; x_wconf 74' lang='lat' dir='ltr'><strong><em>qua:</em></strong></span> <span class='ocrx_word' id='word_1_389' title='bbox 811 3152 1076 3205; x_wconf 87' lang='lat' dir='ltr'><strong><em>tenemus.</em></strong></span> <span class='ocrx_word' id='word_1_390' title='bbox 1107 3143 1436 3212; x_wconf 81' lang='lat' dir='ltr'><strong><em>Speramus?</em></strong></span> <span class='ocrx_word' id='word_1_391' title='bbox 1467 3143 1599 3198; x_wconf 88' lang='lat' dir='ltr'><strong><em>nihil</em></strong></span> <span class='ocrx_word' id='word_1_392' title='bbox 1631 3145 1795 3216; x_wconf 88' lang='lat' dir='ltr'><strong><em>igitur</em></strong></span> 
     </span>
    </p>
   </div>
   <div class='ocr_carea' id='block_1_53' title="bbox 1970 2305 3490 2378">
    <p class='ocr_par' dir='ltr' id='par_1_53' title="bbox 1970 2305 3490 2378">
     <span class='ocr_line' id='line_1_53' title="bbox 1970 2305 3490 2378; baseline 0.004 -20"><span class='ocrx_word' id='word_1_393' title='bbox 1970 2305 2024 2358; x_wconf 77' lang='grc'>2.</span> <span class='ocrx_word' id='word_1_394' title='bbox 2073 2305 2271 2360; x_wconf 83' lang='lat' dir='ltr'><strong><em>Moveri</em></strong></span> <span class='ocrx_word' id='word_1_395' title='bbox 2298 2306 2443 2360; x_wconf 91' lang='lat' dir='ltr'><strong><em>enim</em></strong></span> <span class='ocrx_word' id='word_1_396' title='bbox 2469 2315 2523 2362; x_wconf 90' lang='lat' dir='ltr'><strong><em>te</em></strong></span> <span class='ocrx_word' id='word_1_397' title='bbox 2553 2306 2802 2362; x_wconf 83' lang='lat' dir='ltr'><strong><em>indicasti</em></strong></span> <span class='ocrx_word' id='word_1_398' title='bbox 2832 2305 2900 2362; x_wconf 90' lang='lat' dir='ltr'><strong><em>de</em></strong></span> <span class='ocrx_word' id='word_1_399' title='bbox 2924 2321 3034 2377; x_wconf 91' lang='lat' dir='ltr'><strong><em>quo</em></strong></span> <span class='ocrx_word' id='word_1_400' title='bbox 3060 2307 3255 2378; x_wconf 86' lang='lat' dir='ltr'><strong><em>spiritu</em></strong></span> <span class='ocrx_word' id='word_1_401' title='bbox 3285 2307 3490 2365; x_wconf 90' lang='lat' dir='ltr'><strong><em>dictum</em></strong></span> 
     </span>
    </p>
   </div>
   <div class='ocr_carea' id='block_1_54' title="bbox 1900 2395 3498 2470">
    <p class='ocr_par' dir='ltr' id='par_1_54' title="bbox 1900 2395 3498 2470">
     <span class='ocr_line' id='line_1_54' title="bbox 1900 2395 3498 2470; baseline 0.004 -19"><span class='ocrx_word' id='word_1_402' title='bbox 1900 2396 2010 2451; x_wconf 89' lang='lat' dir='ltr'><strong><em>sit:</em></strong></span> <span class='ocrx_word' id='word_1_403' title='bbox 2056 2395 2191 2463; x_wconf 83' lang='lat' dir='ltr'><strong><em>Quia</em></strong></span> <span class='ocrx_word' id='word_1_404' title='bbox 2218 2399 2447 2467; x_wconf 85' lang='lat' dir='ltr'><strong><em>postulat</em></strong></span> <span class='ocrx_word' id='word_1_405' title='bbox 2472 2415 2567 2467; x_wconf 88' lang='lat' dir='ltr'><strong><em>pro</em></strong></span> <span class='ocrx_word' id='word_1_406' title='bbox 2597 2398 2742 2453; x_wconf 85' lang='lat' dir='ltr'><strong><em>nobis</em></strong></span> <span class='ocrx_word' id='word_1_407' title='bbox 2770 2399 3038 2470; x_wconf 83' lang='lat' dir='ltr'><strong><em>gemitibus</em></strong></span> <span class='ocrx_word' id='word_1_408' title='bbox 3055 2400 3498 2458; x_wconf 82' lang='lat' dir='ltr'><strong><em>inenarrabilibus</em></strong></span> 
     </span>
    </p>
   </div>
   <div class='ocr_carea' id='block_1_55' title="bbox 1901 2487 3506 2562">
    <p class='ocr_par' dir='ltr' id='par_1_55' title="bbox 1901 2487 3506 2562">
     <span class='ocr_line' id='line_1_55' title="bbox 1901 2487 3506 2562; baseline 0.006 -20"><span class='ocrx_word' id='word_1_409' title='bbox 1901 2487 2079 2559; x_wconf 83' lang='lat' dir='ltr'><strong><em>(Rom.</em></strong></span> <span class='ocrx_word' id='word_1_410' title='bbox 2105 2504 2220 2556; x_wconf 85' lang='lat' dir='ltr'><strong><em>vut,</em></strong></span> <span class='ocrx_word' id='word_1_411' title='bbox 2247 2489 2367 2562; x_wconf 75' lang='grc'>26).</span> <span class='ocrx_word' id='word_1_412' title='bbox 2391 2490 2684 2562; x_wconf 89' lang='lat' dir='ltr'><strong><em>Superiora</em></strong></span> <span class='ocrx_word' id='word_1_413' title='bbox 2706 2491 2869 2562; x_wconf 88' lang='lat' dir='ltr'><strong><em>igitur</em></strong></span> <span class='ocrx_word' id='word_1_414' title='bbox 2894 2500 3228 2562; x_wconf 86' lang='lat' dir='ltr'><strong><em>repetamus;</em></strong></span> <span class='ocrx_word' id='word_1_415' title='bbox 3254 2504 3314 2549; x_wconf 89' lang='lat' dir='ltr'><strong><em>ut</em></strong></span> <span class='ocrx_word' id='word_1_416' title='bbox 3340 2493 3506 2551; x_wconf 86' lang='lat' dir='ltr'><strong><em>lectio</em></strong></span> 
     </span>
    </p>
   </div>
   <div class='ocr_carea' id='block_1_56' title="bbox 1901 2579 3494 2659">
    <p class='ocr_par' dir='ltr' id='par_1_56' title="bbox 1901 2579 3494 2659">
     <span class='ocr_line' id='line_1_56' title="bbox 1901 2579 3494 2659; baseline 0.007 -26"><span class='ocrx_word' id='word_1_417' title='bbox 1901 2579 2232 2646; x_wconf 81' lang='lat' dir='ltr'><strong><em>manifestet,</em></strong></span> <span class='ocrx_word' id='word_1_418' title='bbox 2258 2582 2403 2652; x_wconf 89' lang='lat' dir='ltr'><strong><em>quod</em></strong></span> <span class='ocrx_word' id='word_1_419' title='bbox 2430 2582 2723 2653; x_wconf 66' lang='lat' dir='ltr'><strong><em>quaerimus</em></strong></span> <span class='ocrx_word' id='word_1_420' title='bbox 2748 2600 2761 2636; x_wconf 88' lang='lat'><strong><em>:</em></strong></span> <span class='ocrx_word' id='word_1_421' title='bbox 2782 2583 3060 2652; x_wconf 86' lang='lat' dir='ltr'><strong><em>Similiter,</em></strong></span> <span class='ocrx_word' id='word_1_422' title='bbox 3087 2585 3283 2657; x_wconf 87' lang='lat' dir='ltr'><strong><em>inquit,</em></strong></span> <span class='ocrx_word' id='word_1_423' title='bbox 3300 2597 3348 2642; x_wconf 89' lang='lat' dir='ltr'><strong><em>et</em></strong></span> <span class='ocrx_word' id='word_1_424' title='bbox 3365 2586 3494 2659; x_wconf 86' lang='lat' dir='ltr'><strong><em>Spi-</em></strong></span> 
     </span>
    </p>
   </div>
   <div class='ocr_carea' id='block_1_57' title="bbox 1896 2674 3498 2750">
    <p class='ocr_par' dir='ltr' id='par_1_57' title="bbox 1896 2674 3498 2750">
     <span class='ocr_line' id='line_1_57' title="bbox 1896 2674 3498 2750; baseline 0.006 -24"><span class='ocrx_word' id='word_1_425' title='bbox 1896 2674 2030 2727; x_wconf 87' lang='lat' dir='ltr'><strong><em>ritus</em></strong></span> <span class='ocrx_word' id='word_1_426' title='bbox 2047 2674 2262 2745; x_wconf 83' lang='lat' dir='ltr'><strong><em>adjuvat</em></strong></span> <span class='ocrx_word' id='word_1_427' title='bbox 2288 2676 2642 2742; x_wconf 82' lang='lat' dir='ltr'><strong><em>inﬁrmitatem</em></strong></span> <span class='ocrx_word' id='word_1_428' title='bbox 2657 2686 2844 2732; x_wconf 83' lang='lat' dir='ltr'><strong><em>nostra:</em></strong></span> <span class='ocrx_word' id='word_1_429' title='bbox 2864 2677 3111 2733; x_wconf 85' lang='lat' dir='ltr'><strong><em>orationis</em></strong></span> <span class='ocrx_word' id='word_1_430' title='bbox 3129 2676 3288 2750; x_wconf 81' lang='lat' dir='ltr'><strong><em>(1b.).</em></strong></span> <span class='ocrx_word' id='word_1_431' title='bbox 3305 2678 3498 2736; x_wconf 87' lang='lat' dir='ltr'><strong><em>Nonne</em></strong></span> 
     </span>
    </p>
   </div>
   <div class='ocr_carea' id='block_1_58' title="bbox 1899 2767 3498 2843">
    <p class='ocr_par' dir='ltr' id='par_1_58' title="bbox 1899 2767 3498 2843">
     <span class='ocr_line' id='line_1_58' title="bbox 1899 2767 3498 2843; baseline 0.005 -21"><span class='ocrx_word' id='word_1_432' title='bbox 1899 2767 1997 2823; x_wconf 88' lang='lat' dir='ltr'><strong><em>tibi</em></strong></span> <span class='ocrx_word' id='word_1_433' title='bbox 2023 2767 2235 2824; x_wconf 88' lang='lat' dir='ltr'><strong><em>videtur</em></strong></span> <span class='ocrx_word' id='word_1_434' title='bbox 2256 2768 2497 2839; x_wconf 87' lang='lat' dir='ltr'><strong><em>Spiritus</em></strong></span> <span class='ocrx_word' id='word_1_435' title='bbox 2528 2780 2770 2836; x_wconf 85' lang='lat' dir='ltr'><strong><em>sanctus,</em></strong></span> <span class='ocrx_word' id='word_1_436' title='bbox 2795 2772 2920 2842; x_wconf 89' lang='lat' dir='ltr'><strong><em>quia</em></strong></span> <span class='ocrx_word' id='word_1_437' title='bbox 2946 2771 3164 2843; x_wconf 88' lang='lat' dir='ltr'><strong><em>adjutor</em></strong></span> <span class='ocrx_word' id='word_1_438' title='bbox 3192 2774 3349 2829; x_wconf 89' lang='lat' dir='ltr'><strong><em>nobis</em></strong></span> <span class='ocrx_word' id='word_1_439' title='bbox 3375 2784 3460 2830; x_wconf 88' lang='lat' dir='ltr'><strong><em>est</em></strong></span> <span class='ocrx_word' id='word_1_440' title='bbox 3483 2816 3498 2842; x_wconf 91' lang='lat'><strong><em>,</em></strong></span> 
     </span>
    </p>
   </div>
   <div class='ocr_carea' id='block_1_59' title="bbox 1898 2862 3500 2937">
    <p class='ocr_par' dir='ltr' id='par_1_59' title="bbox 1898 2862 3500 2937">
     <span class='ocr_line' id='line_1_59' title="bbox 1898 2862 3500 2937; baseline 0.002 -19"><span class='ocrx_word' id='word_1_441' title='bbox 1898 2862 2037 2918; x_wconf 86' lang='lat' dir='ltr'><strong><em>sicut</em></strong></span> <span class='ocrx_word' id='word_1_442' title='bbox 2049 2863 2140 2920; x_wconf 90' lang='lat' dir='ltr'><strong><em>ille</em></strong></span> <span class='ocrx_word' id='word_1_443' title='bbox 2151 2863 2239 2919; x_wconf 90' lang='lat' dir='ltr'><strong><em>cui</em></strong></span> <span class='ocrx_word' id='word_1_444' title='bbox 2252 2863 2449 2919; x_wconf 90' lang='lat' dir='ltr'><strong><em>dicitur</em></strong></span> <span class='ocrx_word' id='word_1_445' title='bbox 2466 2881 2478 2917; x_wconf 92' lang='lat'><strong><em>:</em></strong></span> <span class='ocrx_word' id='word_1_446' title='bbox 2497 2862 2902 2934; x_wconf 76' lang='lat' dir='ltr'><strong><em>dAdjutornteus</em></strong></span> <span class='ocrx_word' id='word_1_447' title='bbox 2913 2881 2967 2919; x_wconf 90' lang='lat' dir='ltr'><strong><em>es</em></strong></span> <span class='ocrx_word' id='word_1_448' title='bbox 2988 2875 3066 2932; x_wconf 90' lang='lat' dir='ltr'><strong><em>tu,</em></strong></span> <span class='ocrx_word' id='word_1_449' title='bbox 3092 2882 3155 2920; x_wconf 91' lang='lat' dir='ltr'><strong><em>ne</em></strong></span> <span class='ocrx_word' id='word_1_450' title='bbox 3171 2867 3500 2937; x_wconf 83' lang='lat' dir='ltr'><strong><em>derelinquas</em></strong></span> 
     </span>
    </p>
   </div>
   <div class='ocr_carea' id='block_1_60' title="bbox 1899 2955 3497 3030">
    <p class='ocr_par' dir='ltr' id='par_1_60' title="bbox 1899 2955 3497 3030">
     <span class='ocr_line' id='line_1_60' title="bbox 1899 2955 3497 3030; baseline 0.006 -23"><span class='ocrx_word' id='word_1_451' title='bbox 1899 2971 1997 3021; x_wconf 87' lang='lat' dir='ltr'><strong><em>me,</em></strong></span> <span class='ocrx_word' id='word_1_452' title='bbox 2014 2973 2173 3026; x_wconf 83' lang='lat' dir='ltr'><strong><em>neque</em></strong></span> <span class='ocrx_word' id='word_1_453' title='bbox 2185 2956 2441 3027; x_wconf 82' lang='lat' dir='ltr'><strong><em>despicias</em></strong></span> <span class='ocrx_word' id='word_1_454' title='bbox 2455 2955 2704 3022; x_wconf 81' lang='lat' dir='ltr'><strong><em>nte,l)eus</em></strong></span> <span class='ocrx_word' id='word_1_455' title='bbox 2716 2956 2963 3011; x_wconf 88' lang='lat' dir='ltr'><strong><em>salutaris</em></strong></span> <span class='ocrx_word' id='word_1_456' title='bbox 2983 2959 3146 3029; x_wconf 87' lang='lat' dir='ltr'><strong><em>meus(</em></strong></span> <span class='ocrx_word' id='word_1_457' title='bbox 3157 2957 3248 3016; x_wconf 88' lang='lat' dir='ltr'><strong><em>Ps.</em></strong></span> <span class='ocrx_word' id='word_1_458' title='bbox 3264 2959 3497 3030; x_wconf 79' lang='lat' dir='ltr'><strong><em>xxvt,9).</em></strong></span> 
     </span>
    </p>
   </div>
   <div class='ocr_carea' id='block_1_61' title="bbox 1969 3051 3493 3122">
    <p class='ocr_par' dir='ltr' id='par_1_61' title="bbox 1969 3051 3493 3122">
     <span class='ocr_line' id='line_1_61' title="bbox 1969 3051 3493 3122; baseline 0.004 -17"><span class='ocrx_word' id='word_1_459' title='bbox 1969 3051 2024 3105; x_wconf 80' lang='lat'><strong><em>5.</em></strong></span> <span class='ocrx_word' id='word_1_460' title='bbox 2082 3051 2216 3118; x_wconf 85' lang='lat' dir='ltr'><strong><em>Quis</em></strong></span> <span class='ocrx_word' id='word_1_461' title='bbox 2245 3053 2390 3107; x_wconf 89' lang='lat' dir='ltr'><strong><em>enim</em></strong></span> <span class='ocrx_word' id='word_1_462' title='bbox 2436 3051 2577 3106; x_wconf 89' lang='lat' dir='ltr'><strong><em>alius</em></strong></span> <span class='ocrx_word' id='word_1_463' title='bbox 2623 3052 2878 3122; x_wconf 89' lang='lat' dir='ltr'><strong><em>spiritus,</em></strong></span> <span class='ocrx_word' id='word_1_464' title='bbox 2933 3053 3023 3122; x_wconf 88' lang='lat' dir='ltr'><strong><em>qui</em></strong></span> <span class='ocrx_word' id='word_1_465' title='bbox 3070 3052 3244 3122; x_wconf 89' lang='lat' dir='ltr'><strong><em>possit</em></strong></span> <span class='ocrx_word' id='word_1_466' title='bbox 3287 3053 3493 3111; x_wconf 86' lang='lat' dir='ltr'><strong><em>docere</em></strong></span> 
     </span>
    </p>
   </div>
   <div class='ocr_carea' id='block_1_62' title="bbox 1900 3141 3496 3214">
    <p class='ocr_par' dir='ltr' id='par_1_62' title="bbox 1900 3141 3496 3214">
     <span class='ocr_line' id='line_1_62' title="bbox 1900 3141 3496 3214; baseline 0.002 -17"><span class='ocrx_word' id='word_1_467' title='bbox 1900 3143 2121 3198; x_wconf 88' lang='lat' dir='ltr'><strong><em>Paulum</em></strong></span> <span class='ocrx_word' id='word_1_468' title='bbox 2167 3142 2295 3214; x_wconf 91' lang='lat' dir='ltr'><strong><em>quid</em></strong></span> <span class='ocrx_word' id='word_1_469' title='bbox 2318 3144 2543 3199; x_wconf 83' lang='lat' dir='ltr'><strong><em>oraret?</em></strong></span> <span class='ocrx_word' id='word_1_470' title='bbox 2572 3143 2741 3199; x_wconf 87' lang='lat' dir='ltr'><strong><em>Docet</em></strong></span> <span class='ocrx_word' id='word_1_471' title='bbox 2761 3151 2941 3200; x_wconf 90' lang='lat' dir='ltr'><strong><em>autem</em></strong></span> <span class='ocrx_word' id='word_1_472' title='bbox 2972 3141 3208 3214; x_wconf 88' lang='lat' dir='ltr'><strong><em>Spiritus</em></strong></span> <span class='ocrx_word' id='word_1_473' title='bbox 3250 3143 3453 3200; x_wconf 85' lang='lat' dir='ltr'><strong><em>Christi</em></strong></span> <span class='ocrx_word' id='word_1_474' title='bbox 3479 3187 3496 3211; x_wconf 90' lang='lat'><strong><em>,</em></strong></span> 
     </span>
    </p>
   </div>
   <div class='ocr_carea' id='block_1_63' title="bbox 195 3234 3495 3308">
    <p class='ocr_par' dir='ltr' id='par_1_63' title="bbox 195 3234 3495 3308">
     <span class='ocr_line' id='line_1_63' title="bbox 195 3234 3495 3308; baseline 0.001 -19"><span class='ocrx_word' id='word_1_475' title='bbox 195 3249 389 3290; x_wconf 90' lang='lat' dir='ltr'><strong><em>eorum</em></strong></span> <span class='ocrx_word' id='word_1_476' title='bbox 419 3252 540 3307; x_wconf 69' lang='lat' dir='ltr'><strong><em>qua:</em></strong></span> <span class='ocrx_word' id='word_1_477' title='bbox 560 3245 871 3307; x_wconf 90' lang='lat' dir='ltr'><strong><em>sperantur,</em></strong></span> <span class='ocrx_word' id='word_1_478' title='bbox 911 3235 1159 3291; x_wconf 88' lang='lat' dir='ltr'><strong><em>videtur:</em></strong></span> <span class='ocrx_word' id='word_1_479' title='bbox 1201 3235 1396 3291; x_wconf 83' lang='lat' dir='ltr'><strong><em>Oculus</em></strong></span> <span class='ocrx_word' id='word_1_480' title='bbox 1422 3238 1564 3292; x_wconf 87' lang='lat' dir='ltr'><strong><em>enim</em></strong></span> <span class='ocrx_word' id='word_1_481' title='bbox 1589 3254 1691 3292; x_wconf 88' lang='lat' dir='ltr'><strong><em>non</em></strong></span> <span class='ocrx_word' id='word_1_482' title='bbox 1715 3240 1791 3293; x_wconf 75' lang='grc' dir='ltr'><strong><em>υἱ·</em></strong></span> <span class='ocrx_word' id='word_1_483' title='bbox 1822 3234 1867 3297; x_wconf 89' lang='lat' dir='ltr'>C</span> <span class='ocrx_word' id='word_1_484' title='bbox 1897 3237 2038 3291; x_wconf 89' lang='lat' dir='ltr'><strong><em>sicut</em></strong></span> <span class='ocrx_word' id='word_1_485' title='bbox 2063 3245 2118 3291; x_wconf 89' lang='lat' dir='ltr'><strong><em>et</em></strong></span> <span class='ocrx_word' id='word_1_486' title='bbox 2142 3235 2414 3300; x_wconf 89' lang='lat' dir='ltr'><strong><em>Christus,</em></strong></span> <span class='ocrx_word' id='word_1_487' title='bbox 2442 3250 2602 3291; x_wconf 89' lang='lat' dir='ltr'><strong><em>orare</em></strong></span> <span class='ocrx_word' id='word_1_488' title='bbox 2640 3235 2942 3306; x_wconf 89' lang='lat' dir='ltr'><strong><em>discipulos</em></strong></span> <span class='ocrx_word' id='word_1_489' title='bbox 2980 3250 3108 3291; x_wconf 89' lang='lat' dir='ltr'><strong><em>suos</em></strong></span> <span class='ocrx_word' id='word_1_490' title='bbox 3135 3234 3290 3307; x_wconf 88' lang='lat' dir='ltr'><strong><em>(Luc.</em></strong></span> <span class='ocrx_word' id='word_1_491' title='bbox 3316 3251 3394 3304; x_wconf 75' lang='lat' dir='ltr'><strong><em>at,</em></strong></span> <span class='ocrx_word' id='word_1_492' title='bbox 3416 3236 3495 3308; x_wconf 74' lang='grc' dir='ltr'>Ι).</span> 
     </span>
    </p>
   </div>
   <div class='ocr_carea' id='block_1_64' title="bbox 203 3329 1794 3404">
    <p class='ocr_par' dir='ltr' id='par_1_64' title="bbox 203 3329 1794 3404">
     <span class='ocr_line' id='line_1_64' title="bbox 203 3329 1794 3404; baseline 0.004 -22"><span class='ocrx_word' id='word_1_493' title='bbox 203 3329 303 3395; x_wconf 88' lang='lat' dir='ltr'><strong><em>dit,</em></strong></span> <span class='ocrx_word' id='word_1_494' title='bbox 336 3346 428 3384; x_wconf 80' lang='lat' dir='ltr'><strong><em>nec</em></strong></span> <span class='ocrx_word' id='word_1_495' title='bbox 452 3331 592 3385; x_wconf 83' lang='lat' dir='ltr'><strong><em>auris</em></strong></span> <span class='ocrx_word' id='word_1_496' title='bbox 622 3330 843 3397; x_wconf 77' lang='lat' dir='ltr'><strong><em>audivit,</em></strong></span> <span class='ocrx_word' id='word_1_497' title='bbox 866 3346 982 3400; x_wconf 77' lang='lat' dir='ltr'><strong><em>quae</em></strong></span> <span class='ocrx_word' id='word_1_498' title='bbox 1025 3331 1332 3401; x_wconf 60' lang='lat' dir='ltr'><strong><em>praeparavit</em></strong></span> <span class='ocrx_word' id='word_1_499' title='bbox 1361 3331 1501 3387; x_wconf 83' lang='lat' dir='ltr'><strong><em>Deus</em></strong></span> <span class='ocrx_word' id='word_1_500' title='bbox 1531 3333 1794 3404; x_wconf 83' lang='lat' dir='ltr'><strong><em>diligenti-</em></strong></span> 
     </span>
    </p>
   </div>
   <div class='ocr_carea' id='block_1_65' title="bbox 196 3421 1294 3494">
    <p class='ocr_par' dir='ltr' id='par_1_65' title="bbox 196 3421 1294 3494">
     <span class='ocr_line' id='line_1_65' title="bbox 196 3421 1294 3494; baseline 0.005 -20"><span class='ocrx_word' id='word_1_501' title='bbox 196 3421 291 3476; x_wconf 86' lang='lat' dir='ltr'><strong><em>bus</em></strong></span> <span class='ocrx_word' id='word_1_502' title='bbox 323 3439 436 3475; x_wconf 88' lang='lat' dir='ltr'><strong><em>eunt</em></strong></span> <span class='ocrx_word' id='word_1_503' title='bbox 467 3422 520 3494; x_wconf 94' lang='lat' dir='ltr'><strong><em>(l</em></strong></span> <span class='ocrx_word' id='word_1_504' title='bbox 547 3421 667 3477; x_wconf 88' lang='lat' dir='ltr'><strong><em>Cor.</em></strong></span> <span class='ocrx_word' id='word_1_505' title='bbox 696 3439 757 3490; x_wconf 86' lang='lat' dir='ltr'><strong><em>tt,</em></strong></span> <span class='ocrx_word' id='word_1_506' title='bbox 778 3423 857 3489; x_wconf 90' lang='lat'><strong><em>9).</em></strong></span> <span class='ocrx_word' id='word_1_507' title='bbox 1288 3475 1294 3480; x_wconf 93' lang='lat'><strong><em>.</em></strong></span> 
     </span>
    </p>
   </div>
   <div class='ocr_carea' id='block_1_66' title="bbox 267 3515 1790 3588">
    <p class='ocr_par' dir='ltr' id='par_1_66' title="bbox 267 3515 1790 3588">
     <span class='ocr_line' id='line_1_66' title="bbox 267 3515 1790 3588; baseline 0.002 -19"><span class='ocrx_word' id='word_1_508' title='bbox 267 3516 358 3570; x_wconf 85' lang='grc'><strong><em>15.</em></strong></span> <span class='ocrx_word' id='word_1_509' title='bbox 392 3517 532 3585; x_wconf 81' lang='lat' dir='ltr'><strong><em>Ergo</em></strong></span> <span class='ocrx_word' id='word_1_510' title='bbox 568 3517 613 3571; x_wconf 92' lang='lat' dir='ltr'><strong><em>si</em></strong></span> <span class='ocrx_word' id='word_1_511' title='bbox 644 3516 851 3586; x_wconf 90' lang='lat' dir='ltr'><strong><em>sperari</em></strong></span> <span class='ocrx_word' id='word_1_512' title='bbox 879 3532 986 3571; x_wconf 89' lang='lat' dir='ltr'><strong><em>non</em></strong></span> <span class='ocrx_word' id='word_1_513' title='bbox 1018 3526 1198 3587; x_wconf 87' lang='lat' dir='ltr'><strong><em>potest</em></strong></span> <span class='ocrx_word' id='word_1_514' title='bbox 1225 3516 1367 3588; x_wconf 89' lang='lat' dir='ltr'><strong><em>quod</em></strong></span> <span class='ocrx_word' id='word_1_515' title='bbox 1416 3515 1651 3581; x_wconf 88' lang='lat' dir='ltr'><strong><em>videtur,</em></strong></span> <span class='ocrx_word' id='word_1_516' title='bbox 1683 3531 1790 3572; x_wconf 92' lang='lat' dir='ltr'><strong><em>non</em></strong></span> 
     </span>
    </p>
   </div>
   <div class='ocr_carea' id='block_1_67' title="bbox 193 3607 1793 3681">
    <p class='ocr_par' dir='ltr' id='par_1_67' title="bbox 193 3607 1793 3681">
     <span class='ocr_line' id='line_1_67' title="bbox 193 3607 1793 3681; baseline 0 -17"><span class='ocrx_word' id='word_1_517' title='bbox 193 3609 342 3664; x_wconf 88' lang='lat' dir='ltr'><strong><em>bene</em></strong></span> <span class='ocrx_word' id='word_1_518' title='bbox 369 3607 569 3664; x_wconf 88' lang='lat' dir='ltr'><strong><em>habent</em></strong></span> <span class='ocrx_word' id='word_1_519' title='bbox 589 3609 756 3681; x_wconf 88' lang='lat' dir='ltr'><strong><em>aliqui</em></strong></span> <span class='ocrx_word' id='word_1_520' title='bbox 783 3628 795 3663; x_wconf 96' lang='lat'><strong><em>:</em></strong></span> <span class='ocrx_word' id='word_1_521' title='bbox 852 3609 995 3663; x_wconf 88' lang='lat' dir='ltr'><strong><em>Nam</em></strong></span> <span class='ocrx_word' id='word_1_522' title='bbox 1037 3609 1174 3680; x_wconf 90' lang='lat' dir='ltr'><strong><em>quod</em></strong></span> <span class='ocrx_word' id='word_1_523' title='bbox 1202 3609 1337 3664; x_wconf 83' lang='lat' dir='ltr'><strong><em>videt</em></strong></span> <span class='ocrx_word' id='word_1_524' title='bbox 1366 3610 1481 3680; x_wconf 88' lang='lat' dir='ltr'><strong><em>quis</em></strong></span> <span class='ocrx_word' id='word_1_525' title='bbox 1526 3610 1652 3679; x_wconf 86' lang='lat' dir='ltr'><strong><em>quid</em></strong></span> <span class='ocrx_word' id='word_1_526' title='bbox 1676 3650 1692 3675; x_wconf 95' lang='lat'><strong><em>,</em></strong></span> <span class='ocrx_word' id='word_1_527' title='bbox 1743 3619 1793 3664; x_wconf 87' lang='lat' dir='ltr'><strong><em>et</em></strong></span> 
     </span>
    </p>
   </div>
   <div class='ocr_carea' id='block_1_68' title="bbox 188 3700 1790 3774">
    <p class='ocr_par' dir='ltr' id='par_1_68' title="bbox 188 3700 1790 3774">
     <span class='ocr_line' id='line_1_68' title="bbox 188 3700 1790 3774; baseline 0.002 -21"><span class='ocrx_word' id='word_1_528' title='bbox 188 3710 388 3773; x_wconf 80' lang='lat' dir='ltr'><strong><em>sperat.</em></strong></span> <span class='ocrx_word' id='word_1_529' title='bbox 426 3709 451 3737; x_wconf 70' lang='grc'><strong>³</strong></span> <span class='ocrx_word' id='word_1_530' title='bbox 479 3700 592 3756; x_wconf 86' lang='lat' dir='ltr'><strong><em>Nisi</em></strong></span> <span class='ocrx_word' id='word_1_531' title='bbox 623 3701 762 3757; x_wconf 78' lang='lat' dir='ltr'><strong><em>forte</em></strong></span> <span class='ocrx_word' id='word_1_532' title='bbox 799 3702 916 3758; x_wconf 89' lang='lat' dir='ltr'><strong><em>sic:</em></strong></span> <span class='ocrx_word' id='word_1_533' title='bbox 971 3701 1110 3756; x_wconf 88' lang='lat' dir='ltr'><strong><em>Nam</em></strong></span> <span class='ocrx_word' id='word_1_534' title='bbox 1142 3702 1280 3773; x_wconf 90' lang='lat' dir='ltr'><strong><em>quod</em></strong></span> <span class='ocrx_word' id='word_1_535' title='bbox 1305 3705 1440 3757; x_wconf 76' lang='lat' dir='ltr'><strong><em>videt</em></strong></span> <span class='ocrx_word' id='word_1_536' title='bbox 1470 3704 1585 3774; x_wconf 88' lang='lat' dir='ltr'><strong><em>quis</em></strong></span> <span class='ocrx_word' id='word_1_537' title='bbox 1612 3744 1628 3769; x_wconf 97' lang='lat'><strong><em>,</em></strong></span> <span class='ocrx_word' id='word_1_538' title='bbox 1664 3703 1790 3772; x_wconf 86' lang='lat' dir='ltr'><strong><em>quid</em></strong></span> 
     </span>
    </p>
   </div>
   <div class='ocr_carea' id='block_1_69' title="bbox 185 3796 1783 3868">
    <p class='ocr_par' dir='ltr' id='par_1_69' title="bbox 185 3796 1783 3868">
     <span class='ocr_line' id='line_1_69' title="bbox 185 3796 1783 3868; baseline 0.002 -18"><span class='ocrx_word' id='word_1_539' title='bbox 185 3805 235 3850; x_wconf 89' lang='lat' dir='ltr'><strong><em>et</em></strong></span> <span class='ocrx_word' id='word_1_540' title='bbox 261 3806 459 3868; x_wconf 87' lang='lat' dir='ltr'><strong><em>sperat,</em></strong></span> <span class='ocrx_word' id='word_1_541' title='bbox 490 3796 572 3853; x_wconf 88' lang='lat' dir='ltr'><strong><em>vel</em></strong></span> <span class='ocrx_word' id='word_1_542' title='bbox 619 3797 745 3868; x_wconf 92' lang='lat' dir='ltr'><strong><em>quid</em></strong></span> <span class='ocrx_word' id='word_1_543' title='bbox 775 3798 1097 3868; x_wconf 76' lang='lat' dir='ltr'><strong><em>exepectat?</em></strong></span> <span class='ocrx_word' id='word_1_544' title='bbox 1125 3798 1258 3865; x_wconf 82' lang='lat' dir='ltr'><strong><em>Quia</em></strong></span> <span class='ocrx_word' id='word_1_545' title='bbox 1285 3797 1416 3852; x_wconf 91' lang='lat' dir='ltr'><strong><em>illud</em></strong></span> <span class='ocrx_word' id='word_1_546' title='bbox 1447 3814 1630 3854; x_wconf 90' lang='lat' dir='ltr'><strong><em>verum</em></strong></span> <span class='ocrx_word' id='word_1_547' title='bbox 1677 3807 1783 3866; x_wconf 90' lang='lat' dir='ltr'><strong><em>est,</em></strong></span> 
     </span>
    </p>
   </div>
   <div class='ocr_carea' id='block_1_70' title="bbox 184 3887 1787 3961">
    <p class='ocr_par' dir='ltr' id='par_1_70' title="bbox 184 3887 1787 3961">
     <span class='ocr_line' id='line_1_70' title="bbox 184 3887 1787 3961; baseline 0.002 -18"><span class='ocrx_word' id='word_1_548' title='bbox 184 3888 315 3959; x_wconf 85' lang='lat' dir='ltr'><strong><em>quia</em></strong></span> <span class='ocrx_word' id='word_1_549' title='bbox 348 3887 399 3942; x_wconf 91' lang='lat' dir='ltr'><strong><em>id</em></strong></span> <span class='ocrx_word' id='word_1_550' title='bbox 427 3891 898 3959; x_wconf 88' lang='lat' dir='ltr'><strong><em>speramus,quod</em></strong></span> <span class='ocrx_word' id='word_1_551' title='bbox 930 3906 1037 3945; x_wconf 89' lang='lat' dir='ltr'><strong><em>non</em></strong></span> <span class='ocrx_word' id='word_1_552' title='bbox 1069 3890 1344 3952; x_wconf 87' lang='lat' dir='ltr'><strong><em>videmus;</em></strong></span> <span class='ocrx_word' id='word_1_553' title='bbox 1368 3899 1418 3946; x_wconf 90' lang='lat' dir='ltr'><strong><em>et</em></strong></span> <span class='ocrx_word' id='word_1_554' title='bbox 1441 3891 1569 3946; x_wconf 90' lang='lat' dir='ltr'><strong><em>ideo</em></strong></span> <span class='ocrx_word' id='word_1_555' title='bbox 1597 3906 1787 3961; x_wconf 89' lang='lat' dir='ltr'><strong><em>quam-</em></strong></span> 
     </span>
    </p>
   </div>
   <div class='ocr_carea' id='block_1_71' title="bbox 184 3982 1786 4055">
    <p class='ocr_par' dir='ltr' id='par_1_71' title="bbox 184 3982 1786 4055">
     <span class='ocr_line' id='line_1_71' title="bbox 184 3982 1786 4055; baseline 0.003 -18"><span class='ocrx_word' id='word_1_556' title='bbox 184 3982 270 4038; x_wconf 89' lang='lat' dir='ltr'><strong><em>vis</em></strong></span> <span class='ocrx_word' id='word_1_557' title='bbox 300 3982 494 4038; x_wconf 85' lang='lat' dir='ltr'><strong><em>abesse</em></strong></span> <span class='ocrx_word' id='word_1_558' title='bbox 528 3982 780 4038; x_wconf 89' lang='lat' dir='ltr'><strong><em>videatur</em></strong></span> <span class='ocrx_word' id='word_1_559' title='bbox 807 4000 834 4037; x_wconf 94' lang='lat' dir='ltr'><strong><em>a</em></strong></span> <span class='ocrx_word' id='word_1_560' title='bbox 869 3985 1023 4039; x_wconf 88' lang='lat' dir='ltr'><strong><em>nobis</em></strong></span> <span class='ocrx_word' id='word_1_561' title='bbox 1051 4026 1066 4049; x_wconf 94' lang='lat'><strong><em>,</em></strong></span> <span class='ocrx_word' id='word_1_562' title='bbox 1097 3994 1480 4055; x_wconf 86' lang='lat' dir='ltr'><strong><em>exspectamus</em></strong></span> <span class='ocrx_word' id='word_1_563' title='bbox 1508 3985 1639 4039; x_wconf 93' lang='lat' dir='ltr'><strong><em>illud</em></strong></span> <span class='ocrx_word' id='word_1_564' title='bbox 1689 4001 1786 4055; x_wconf 89' lang='lat' dir='ltr'><strong><em>per</em></strong></span> 
     </span>
    </p>
   </div>
   <div class='ocr_carea' id='block_1_72' title="bbox 185 4072 1777 4147">
    <p class='ocr_par' dir='ltr' id='par_1_72' title="bbox 185 4072 1777 4147">
     <span class='ocr_line' id='line_1_72' title="bbox 185 4072 1777 4147; baseline 0.001 -17"><span class='ocrx_word' id='word_1_565' title='bbox 185 4075 502 4146; x_wconf 89' lang='lat' dir='ltr'><strong><em>patientiam</em></strong></span> <span class='ocrx_word' id='word_1_566' title='bbox 543 4072 909 4144; x_wconf 75' lang='lat' dir='ltr'><strong><em>:Exspectans</em></strong></span> <span class='ocrx_word' id='word_1_567' title='bbox 953 4077 1098 4130; x_wconf 88' lang='lat' dir='ltr'><strong><em>enim</em></strong></span> <span class='ocrx_word' id='word_1_568' title='bbox 1157 4077 1446 4147; x_wconf 77' lang='lat' dir='ltr'><strong><em>exspectavi</em></strong></span> <span class='ocrx_word' id='word_1_569' title='bbox 1476 4073 1777 4144; x_wconf 87' lang='lat' dir='ltr'><strong><em>Dominum,</em></strong></span> 
     </span>
    </p>
   </div>
   <div class='ocr_carea' id='block_1_73' title="bbox 173 4159 1784 4242">
    <p class='ocr_par' dir='ltr' id='par_1_73' title="bbox 173 4159 1784 4242">
     <span class='ocr_line' id='line_1_73' title="bbox 173 4159 1784 4242; baseline 0.001 -20"><span class='ocrx_word' id='word_1_570' title='bbox 173 4159 230 4222; x_wconf 82' lang='lat' dir='ltr'><strong><em>et</em></strong></span> <span class='ocrx_word' id='word_1_571' title='bbox 249 4172 478 4238; x_wconf 77' lang='lat' dir='ltr'><strong><em>respexit</em></strong></span> <span class='ocrx_word' id='word_1_572' title='bbox 504 4185 584 4222; x_wconf 88' lang='lat' dir='ltr'><strong><em>me</em></strong></span> <span class='ocrx_word' id='word_1_573' title='bbox 614 4170 633 4242; x_wconf 95' lang='lat'><strong>(</strong></span> <span class='ocrx_word' id='word_1_574' title='bbox 658 4167 805 4223; x_wconf 83' lang='lat' dir='ltr'><strong><em>Psal.</em></strong></span> <span class='ocrx_word' id='word_1_575' title='bbox 833 4185 1022 4234; x_wconf 64' lang='grc' dir='ltr'>χχχιχ,</span> <span class='ocrx_word' id='word_1_576' title='bbox 1060 4170 1095 4224; x_wconf 76' lang='grc'><strong>2</strong></span> <span class='ocrx_word' id='word_1_577' title='bbox 1115 4171 1149 4226; x_wconf 76' lang='lat' dir='ltr'><strong><em>&#39;t.</em></strong></span> <span class='ocrx_word' id='word_1_578' title='bbox 1183 4170 1307 4225; x_wconf 89' lang='lat' dir='ltr'><strong><em>Ideo</em></strong></span> <span class='ocrx_word' id='word_1_579' title='bbox 1330 4185 1457 4240; x_wconf 79' lang='lat' dir='ltr'><strong><em>ergo</em></strong></span> <span class='ocrx_word' id='word_1_580' title='bbox 1500 4181 1784 4239; x_wconf 82' lang='lat' dir='ltr'><strong><em>exspecta-</em></strong></span> 
     </span>
    </p>
   </div>
   <div class='ocr_carea' id='block_1_74' title="bbox 185 4253 1781 4335">
    <p class='ocr_par' dir='ltr' id='par_1_74' title="bbox 185 4253 1781 4335">
     <span class='ocr_line' id='line_1_74' title="bbox 185 4253 1781 4335; baseline 0.001 -16"><span class='ocrx_word' id='word_1_581' title='bbox 185 4280 309 4319; x_wconf 89' lang='lat' dir='ltr'><strong><em>mus</em></strong></span> <span class='ocrx_word' id='word_1_582' title='bbox 341 4264 636 4335; x_wconf 85' lang='lat' dir='ltr'><strong><em>patienter,</em></strong></span> <span class='ocrx_word' id='word_1_583' title='bbox 667 4253 788 4335; x_wconf 86' lang='lat' dir='ltr'><strong><em>quia</em></strong></span> <span class='ocrx_word' id='word_1_584' title='bbox 819 4264 984 4320; x_wconf 87' lang='lat' dir='ltr'><strong><em>bonus</em></strong></span> <span class='ocrx_word' id='word_1_585' title='bbox 1010 4274 1084 4319; x_wconf 91' lang='lat' dir='ltr'><strong><em>est</em></strong></span> <span class='ocrx_word' id='word_1_586' title='bbox 1114 4263 1370 4319; x_wconf 86' lang='lat' dir='ltr'><strong><em>Dominus</em></strong></span> <span class='ocrx_word' id='word_1_587' title='bbox 1411 4265 1781 4320; x_wconf 84' lang='lat' dir='ltr'><strong><em>sustinentibus</em></strong></span> 
     </span>
    </p>
   </div>
   <div class='ocr_carea' id='block_1_75' title="bbox 181 4355 1780 4430">
    <p class='ocr_par' dir='ltr' id='par_1_75' title="bbox 181 4355 1780 4430">
     <span class='ocr_line' id='line_1_75' title="bbox 181 4355 1780 4430; baseline 0.002 -18"><span class='ocrx_word' id='word_1_588' title='bbox 181 4373 301 4412; x_wconf 86' lang='lat' dir='ltr'><strong><em>eum</em></strong></span> <span class='ocrx_word' id='word_1_589' title='bbox 328 4355 548 4430; x_wconf 85' lang='lat' dir='ltr'><strong><em>(Tltren.</em></strong></span> <span class='ocrx_word' id='word_1_590' title='bbox 579 4373 658 4423; x_wconf 90' lang='lat' dir='ltr'><strong><em>Ill,</em></strong></span> <span class='ocrx_word' id='word_1_591' title='bbox 687 4357 804 4428; x_wconf 77' lang='grc'>25).</span> <span class='ocrx_word' id='word_1_592' title='bbox 829 4357 896 4414; x_wconf 84' lang='grc' dir='ltr'><strong>Ει</strong></span> <span class='ocrx_word' id='word_1_593' title='bbox 924 4357 1138 4413; x_wconf 85' lang='lat' dir='ltr'><strong><em>videtur</em></strong></span> <span class='ocrx_word' id='word_1_594' title='bbox 1167 4358 1483 4426; x_wconf 90' lang='lat' dir='ltr'><strong><em>convenire,</em></strong></span> <span class='ocrx_word' id='word_1_595' title='bbox 1509 4361 1633 4430; x_wconf 89' lang='lat' dir='ltr'><strong><em>quia</em></strong></span> <span class='ocrx_word' id='word_1_596' title='bbox 1658 4359 1780 4415; x_wconf 48' lang='lat' dir='ltr'><strong><em>red-</em></strong></span> 
     </span>
    </p>
   </div>
   <div class='ocr_carea' id='block_1_76' title="bbox 187 4449 1774 4523">
    <p class='ocr_par' dir='ltr' id='par_1_76' title="bbox 187 4449 1774 4523">
     <span class='ocr_line' id='line_1_76' title="bbox 187 4449 1774 4523; baseline 0.003 -19"><span class='ocrx_word' id='word_1_597' title='bbox 187 4449 328 4505; x_wconf 89' lang='lat' dir='ltr'><strong><em>didit</em></strong></span> <span class='ocrx_word' id='word_1_598' title='bbox 373 4466 468 4521; x_wconf 89' lang='lat' dir='ltr'><strong><em>per</em></strong></span> <span class='ocrx_word' id='word_1_599' title='bbox 496 4450 837 4521; x_wconf 73' lang='lat' dir='ltr'><strong><em>patientiam:</em></strong></span> <span class='ocrx_word' id='word_1_600' title='bbox 890 4453 1282 4522; x_wconf 67' lang='lat' dir='ltr'><strong><em>Empectamus</em></strong></span> <span class='ocrx_word' id='word_1_601' title='bbox 1305 4469 1425 4522; x_wconf 58' lang='lat' dir='ltr'><strong><em>quas</em></strong></span> <span class='ocrx_word' id='word_1_602' title='bbox 1453 4467 1738 4523; x_wconf 89' lang='lat' dir='ltr'><strong><em>speramus</em></strong></span> <span class='ocrx_word' id='word_1_603' title='bbox 1759 4495 1774 4517; x_wconf 87' lang='lat'><strong><em>,</em></strong></span> 
     </span>
    </p>
   </div>
   <div class='ocr_carea' id='block_1_77' title="bbox 185 4541 1778 4616">
    <p class='ocr_par' dir='ltr' id='par_1_77' title="bbox 185 4541 1778 4616">
     <span class='ocr_line' id='line_1_77' title="bbox 185 4541 1778 4616; baseline 0.004 -20"><span class='ocrx_word' id='word_1_604' title='bbox 185 4551 242 4596; x_wconf 91' lang='lat' dir='ltr'><strong><em>et</em></strong></span> <span class='ocrx_word' id='word_1_605' title='bbox 272 4558 380 4598; x_wconf 91' lang='lat' dir='ltr'><strong><em>non</em></strong></span> <span class='ocrx_word' id='word_1_606' title='bbox 405 4541 667 4598; x_wconf 86' lang='lat' dir='ltr'><strong><em>videmus.</em></strong></span> <span class='ocrx_word' id='word_1_607' title='bbox 699 4543 927 4599; x_wconf 86' lang='lat' dir='ltr'><strong><em>Multum</em></strong></span> <span class='ocrx_word' id='word_1_608' title='bbox 952 4546 1098 4599; x_wconf 90' lang='lat' dir='ltr'><strong><em>enim</em></strong></span> <span class='ocrx_word' id='word_1_609' title='bbox 1119 4543 1270 4612; x_wconf 81' lang='lat' dir='ltr'><strong><em>facit,</em></strong></span> <span class='ocrx_word' id='word_1_610' title='bbox 1302 4546 1391 4616; x_wconf 90' lang='lat' dir='ltr'><strong><em>qui</em></strong></span> <span class='ocrx_word' id='word_1_611' title='bbox 1423 4556 1605 4616; x_wconf 91' lang='lat' dir='ltr'><strong><em>sperat</em></strong></span> <span class='ocrx_word' id='word_1_612' title='bbox 1629 4562 1693 4604; x_wconf 87' lang='lat' dir='ltr'><strong><em>ea</em></strong></span> <span class='ocrx_word' id='word_1_613' title='bbox 1722 4557 1778 4603; x_wconf 90' lang='lat' dir='ltr'><strong><em>et</em></strong></span> 
     </span>
    </p>
   </div>
   <div class='ocr_carea' id='block_1_78' title="bbox 1895 3327 3498 3401">
    <p class='ocr_par' dir='ltr' id='par_1_78' title="bbox 1895 3327 3498 3401">
     <span class='ocr_line' id='line_1_78' title="bbox 1895 3327 3498 3401; baseline 0.001 -18"><span class='ocrx_word' id='word_1_614' title='bbox 1895 3329 2029 3397; x_wconf 85' lang='lat' dir='ltr'><strong><em>Quis</em></strong></span> <span class='ocrx_word' id='word_1_615' title='bbox 2054 3339 2239 3385; x_wconf 88' lang='lat' dir='ltr'><strong><em>autem</em></strong></span> <span class='ocrx_word' id='word_1_616' title='bbox 2267 3339 2388 3400; x_wconf 90' lang='lat' dir='ltr'><strong><em>post</em></strong></span> <span class='ocrx_word' id='word_1_617' title='bbox 2404 3329 2680 3385; x_wconf 81' lang='lat' dir='ltr'><strong><em>Christum</em></strong></span> <span class='ocrx_word' id='word_1_618' title='bbox 2703 3329 2949 3394; x_wconf 88' lang='lat' dir='ltr'><strong><em>doceret,</em></strong></span> <span class='ocrx_word' id='word_1_619' title='bbox 2975 3330 3076 3384; x_wconf 89' lang='lat' dir='ltr'><strong><em>nisi</em></strong></span> <span class='ocrx_word' id='word_1_620' title='bbox 3099 3327 3338 3400; x_wconf 89' lang='lat' dir='ltr'><strong><em>Spiritus</em></strong></span> <span class='ocrx_word' id='word_1_621' title='bbox 3353 3329 3498 3401; x_wconf 86' lang='lat' dir='ltr'><strong><em>ejus,</em></strong></span> 
     </span>
    </p>
   </div>
   <div class='ocr_carea' id='block_1_79' title="bbox 1893 3422 3500 3494">
    <p class='ocr_par' dir='ltr' id='par_1_79' title="bbox 1893 3422 3500 3494">
     <span class='ocr_line' id='line_1_79' title="bbox 1893 3422 3500 3494; baseline 0.001 -16"><span class='ocrx_word' id='word_1_622' title='bbox 1893 3438 2054 3494; x_wconf 89' lang='lat' dir='ltr'><strong><em>quem</em></strong></span> <span class='ocrx_word' id='word_1_623' title='bbox 2100 3422 2218 3492; x_wconf 91' lang='lat' dir='ltr'><strong><em>ipse</em></strong></span> <span class='ocrx_word' id='word_1_624' title='bbox 2249 3423 2432 3490; x_wconf 90' lang='lat' dir='ltr'><strong><em>misit,</em></strong></span> <span class='ocrx_word' id='word_1_625' title='bbox 2465 3431 2522 3476; x_wconf 89' lang='lat' dir='ltr'><strong><em>ut</em></strong></span> <span class='ocrx_word' id='word_1_626' title='bbox 2572 3422 2836 3490; x_wconf 89' lang='lat' dir='ltr'><strong><em>doceret,</em></strong></span> <span class='ocrx_word' id='word_1_627' title='bbox 2888 3432 2942 3477; x_wconf 90' lang='lat' dir='ltr'><strong><em>et</em></strong></span> <span class='ocrx_word' id='word_1_628' title='bbox 2974 3422 3236 3492; x_wconf 84' lang='lat' dir='ltr'><strong><em>dirigeret</em></strong></span> <span class='ocrx_word' id='word_1_629' title='bbox 3281 3430 3500 3479; x_wconf 87' lang='lat' dir='ltr'><strong><em>nostras</em></strong></span> 
     </span>
    </p>
   </div>
   <div class='ocr_carea' id='block_1_80' title="bbox 1892 3514 3497 3584">
    <p class='ocr_par' dir='ltr' id='par_1_80' title="bbox 1892 3514 3497 3584">
     <span class='ocr_line' id='line_1_80' title="bbox 1892 3514 3497 3584; baseline 0.001 -14"><span class='ocrx_word' id='word_1_630' title='bbox 1892 3516 2170 3571; x_wconf 88' lang='lat' dir='ltr'><strong><em>orationes</em></strong></span> <span class='ocrx_word' id='word_1_631' title='bbox 2205 3529 2220 3568; x_wconf 92' lang='lat'><strong><em>:</em></strong></span> <span class='ocrx_word' id='word_1_632' title='bbox 2250 3529 2471 3569; x_wconf 90' lang='lat' dir='ltr'><strong><em>oramus</em></strong></span> <span class='ocrx_word' id='word_1_633' title='bbox 2497 3514 2640 3569; x_wconf 89' lang='lat' dir='ltr'><strong><em>enim</em></strong></span> <span class='ocrx_word' id='word_1_634' title='bbox 2685 3514 2914 3584; x_wconf 88' lang='lat' dir='ltr'><strong><em>Spiritu,</em></strong></span> <span class='ocrx_word' id='word_1_635' title='bbox 2957 3529 3184 3570; x_wconf 89' lang='lat' dir='ltr'><strong><em>oramus</em></strong></span> <span class='ocrx_word' id='word_1_636' title='bbox 3228 3524 3284 3570; x_wconf 89' lang='lat' dir='ltr'><strong><em>et</em></strong></span> <span class='ocrx_word' id='word_1_637' title='bbox 3311 3524 3497 3571; x_wconf 90' lang='lat' dir='ltr'><strong><em>mente</em></strong></span> 
     </span>
    </p>
   </div>
   <div class='ocr_carea' id='block_1_81' title="bbox 1892 3607 3495 3681">
    <p class='ocr_par' dir='ltr' id='par_1_81' title="bbox 1892 3607 3495 3681">
     <span class='ocr_line' id='line_1_81' title="bbox 1892 3607 3495 3681; baseline 0.001 -18"><span class='ocrx_word' id='word_1_638' title='bbox 1892 3608 1944 3681; x_wconf 91' lang='grc'><strong>(1</strong></span> <span class='ocrx_word' id='word_1_639' title='bbox 1971 3607 2091 3663; x_wconf 85' lang='lat' dir='ltr'><strong><em>Cor.</em></strong></span> <span class='ocrx_word' id='word_1_640' title='bbox 2125 3624 2232 3674; x_wconf 80' lang='lat' dir='ltr'><strong><em>nv,</em></strong></span> <span class='ocrx_word' id='word_1_641' title='bbox 2263 3608 2375 3677; x_wconf 83' lang='lat' dir='ltr'><strong><em>l5).</em></strong></span> <span class='ocrx_word' id='word_1_642' title='bbox 2412 3607 2478 3663; x_wconf 89' lang='lat' dir='ltr'><strong><em>Ut</em></strong></span> <span class='ocrx_word' id='word_1_643' title='bbox 2505 3607 2641 3663; x_wconf 86' lang='lat' dir='ltr'><strong><em>bene</em></strong></span> <span class='ocrx_word' id='word_1_644' title='bbox 2669 3621 2824 3662; x_wconf 90' lang='lat' dir='ltr'><strong><em>mens</em></strong></span> <span class='ocrx_word' id='word_1_645' title='bbox 2855 3609 3028 3678; x_wconf 85' lang='lat' dir='ltr'><strong><em>possit</em></strong></span> <span class='ocrx_word' id='word_1_646' title='bbox 3054 3623 3214 3664; x_wconf 89' lang='lat' dir='ltr'><strong><em>orare</em></strong></span> <span class='ocrx_word' id='word_1_647' title='bbox 3235 3648 3251 3675; x_wconf 93' lang='lat'><strong><em>,</em></strong></span> <span class='ocrx_word' id='word_1_648' title='bbox 3284 3623 3495 3680; x_wconf 63' lang='lat' dir='ltr'><strong><em>praece-</em></strong></span> 
     </span>
    </p>
   </div>
   <div class='ocr_carea' id='block_1_82' title="bbox 1890 3698 3491 3774">
    <p class='ocr_par' dir='ltr' id='par_1_82' title="bbox 1890 3698 3491 3774">
     <span class='ocr_line' id='line_1_82' title="bbox 1890 3698 3491 3774; baseline 0 -18"><span class='ocrx_word' id='word_1_649' title='bbox 1890 3700 1968 3756; x_wconf 92' lang='lat' dir='ltr'><strong><em>dit</em></strong></span> <span class='ocrx_word' id='word_1_650' title='bbox 1995 3701 2267 3772; x_wconf 91' lang='lat' dir='ltr'><strong><em>Spiritus,</em></strong></span> <span class='ocrx_word' id='word_1_651' title='bbox 2316 3710 2374 3756; x_wconf 88' lang='lat' dir='ltr'><strong><em>et</em></strong></span> <span class='ocrx_word' id='word_1_652' title='bbox 2400 3698 2622 3754; x_wconf 88' lang='lat' dir='ltr'><strong><em>deducit</em></strong></span> <span class='ocrx_word' id='word_1_653' title='bbox 2651 3714 2770 3753; x_wconf 88' lang='lat' dir='ltr'><strong><em>eam</em></strong></span> <span class='ocrx_word' id='word_1_654' title='bbox 2799 3699 2852 3754; x_wconf 92' lang='lat' dir='ltr'><strong><em>in</em></strong></span> <span class='ocrx_word' id='word_1_655' title='bbox 2900 3699 3044 3754; x_wconf 89' lang='lat' dir='ltr'><strong><em>viam</em></strong></span> <span class='ocrx_word' id='word_1_656' title='bbox 3073 3709 3278 3755; x_wconf 89' lang='lat' dir='ltr'><strong><em>rectam</em></strong></span> <span class='ocrx_word' id='word_1_657' title='bbox 3313 3698 3491 3774; x_wconf 89' lang='lat' dir='ltr'><strong><em>(Psal.</em></strong></span> 
     </span>
    </p>
   </div>
   <div class='ocr_carea' id='block_1_83' title="bbox 1888 3793 3489 3866">
    <p class='ocr_par' dir='ltr' id='par_1_83' title="bbox 1888 3793 3489 3866">
     <span class='ocr_line' id='line_1_83' title="bbox 1888 3793 3489 3866; baseline 0 -15"><span class='ocrx_word' id='word_1_658' title='bbox 1888 3811 2075 3862; x_wconf 78' lang='lat' dir='ltr'><strong><em>exui,</em></strong></span> <span class='ocrx_word' id='word_1_659' title='bbox 2126 3794 2256 3866; x_wconf 78' lang='lat' dir='ltr'><strong><em>ll);</em></strong></span> <span class='ocrx_word' id='word_1_660' title='bbox 2304 3810 2373 3849; x_wconf 92' lang='lat' dir='ltr'><strong><em>ne</em></strong></span> <span class='ocrx_word' id='word_1_661' title='bbox 2418 3793 2682 3864; x_wconf 82' lang='lat' dir='ltr'><strong><em>obrepant</em></strong></span> <span class='ocrx_word' id='word_1_662' title='bbox 2725 3793 3088 3864; x_wconf 82' lang='lat' dir='ltr'><strong><em>carnalia,ne</em></strong></span> <span class='ocrx_word' id='word_1_663' title='bbox 3139 3794 3383 3860; x_wconf 84' lang='lat' dir='ltr'><strong><em>minora,</em></strong></span> <span class='ocrx_word' id='word_1_664' title='bbox 3416 3810 3489 3852; x_wconf 87' lang='lat' dir='ltr'><strong><em>ne</em></strong></span> 
     </span>
    </p>
   </div>
   <div class='ocr_carea' id='block_1_84' title="bbox 1885 3885 3482 3958">
    <p class='ocr_par' dir='ltr' id='par_1_84' title="bbox 1885 3885 3482 3958">
     <span class='ocr_line' id='line_1_84' title="bbox 1885 3885 3482 3958; baseline -0.003 -14"><span class='ocrx_word' id='word_1_665' title='bbox 1885 3891 2048 3945; x_wconf 89' lang='lat' dir='ltr'><strong><em>etiam</em></strong></span> <span class='ocrx_word' id='word_1_666' title='bbox 2068 3889 2272 3958; x_wconf 90' lang='lat' dir='ltr'><strong><em>majora</em></strong></span> <span class='ocrx_word' id='word_1_667' title='bbox 2299 3885 2508 3942; x_wconf 81' lang='lat' dir='ltr'><strong><em>viribus</em></strong></span> <span class='ocrx_word' id='word_1_668' title='bbox 2547 3905 2561 3941; x_wconf 91' lang='lat'><strong><em>:</em></strong></span> <span class='ocrx_word' id='word_1_669' title='bbox 2593 3885 2877 3951; x_wconf 82' lang='lat' dir='ltr'><strong><em>Unicuique</em></strong></span> <span class='ocrx_word' id='word_1_670' title='bbox 2905 3887 3037 3939; x_wconf 89' lang='lat' dir='ltr'><strong><em>enim</em></strong></span> <span class='ocrx_word' id='word_1_671' title='bbox 3054 3885 3209 3940; x_wconf 87' lang='lat' dir='ltr'><strong><em>datur</em></strong></span> <span class='ocrx_word' id='word_1_672' title='bbox 3236 3887 3482 3958; x_wconf 67' lang='lat' dir='ltr'><strong><em>manifesJ</em></strong></span> 
     </span>
    </p>
   </div>
   <div class='ocr_carea' id='block_1_85' title="bbox 1887 3975 3487 4053">
    <p class='ocr_par' dir='ltr' id='par_1_85' title="bbox 1887 3975 3487 4053">
     <span class='ocr_line' id='line_1_85' title="bbox 1887 3975 3487 4053; baseline -0.003 -17"><span class='ocrx_word' id='word_1_673' title='bbox 1887 3983 2013 4036; x_wconf 85' lang='lat' dir='ltr'><strong><em>latio</em></strong></span> <span class='ocrx_word' id='word_1_674' title='bbox 2043 3980 2274 4053; x_wconf 85' lang='lat' dir='ltr'><strong><em>Spiritus</em></strong></span> <span class='ocrx_word' id='word_1_675' title='bbox 2314 3979 2383 4032; x_wconf 86' lang='lat' dir='ltr'><strong><em>ad</em></strong></span> <span class='ocrx_word' id='word_1_676' title='bbox 2424 3979 2695 4033; x_wconf 87' lang='lat' dir='ltr'><strong><em>utilitatem</em></strong></span> <span class='ocrx_word' id='word_1_677' title='bbox 2747 3977 2799 4048; x_wconf 92' lang='lat' dir='ltr'><strong><em>(I</em></strong></span> <span class='ocrx_word' id='word_1_678' title='bbox 2829 3975 2952 4030; x_wconf 88' lang='lat' dir='ltr'><strong><em>Cor.</em></strong></span> <span class='ocrx_word' id='word_1_679' title='bbox 2983 3991 3084 4042; x_wconf 77' lang='lat' dir='ltr'><strong><em>xu,</em></strong></span> <span class='ocrx_word' id='word_1_680' title='bbox 3107 3977 3194 4046; x_wconf 87' lang='lat'><strong><em>7).</em></strong></span> <span class='ocrx_word' id='word_1_681' title='bbox 3238 3976 3487 4048; x_wconf 90' lang='lat' dir='ltr'><strong><em>Denique</em></strong></span> 
     </span>
    </p>
   </div>
   <div class='ocr_carea' id='block_1_86' title="bbox 1885 4069 3492 4144">
    <p class='ocr_par' dir='ltr' id='par_1_86' title="bbox 1885 4069 3492 4144">
     <span class='ocr_line' id='line_1_86' title="bbox 1885 4069 3492 4144; baseline -0.001 -16"><span class='ocrx_word' id='word_1_682' title='bbox 1885 4075 2146 4144; x_wconf 90' lang='lat' dir='ltr'><strong><em>scriptum</em></strong></span> <span class='ocrx_word' id='word_1_683' title='bbox 2177 4082 2290 4128; x_wconf 91' lang='lat' dir='ltr'><strong><em>est:</em></strong></span> <span class='ocrx_word' id='word_1_684' title='bbox 2317 4072 2493 4128; x_wconf 87' lang='lat' dir='ltr'><strong><em>Petite</em></strong></span> <span class='ocrx_word' id='word_1_685' title='bbox 2523 4085 2742 4140; x_wconf 84' lang='lat' dir='ltr'><strong><em>magna,</em></strong></span> <span class='ocrx_word' id='word_1_686' title='bbox 2773 4078 2828 4124; x_wconf 89' lang='lat' dir='ltr'><strong><em>et</em></strong></span> <span class='ocrx_word' id='word_1_687' title='bbox 2861 4083 3025 4139; x_wconf 85' lang='lat' dir='ltr'><strong><em>parva</em></strong></span> <span class='ocrx_word' id='word_1_688' title='bbox 3053 4069 3376 4139; x_wconf 72' lang='lat' dir='ltr'><strong><em>adjiciantur</em></strong></span> <span class='ocrx_word' id='word_1_689' title='bbox 3398 4086 3492 4126; x_wconf 34' lang='lat' dir='ltr'><strong><em>vos</em></strong></span> 
     </span>
    </p>
   </div>
   <div class='ocr_carea' id='block_1_87' title="bbox 1887 4159 3492 4234">
    <p class='ocr_par' dir='ltr' id='par_1_87' title="bbox 1887 4159 3492 4234">
     <span class='ocr_line' id='line_1_87' title="bbox 1887 4159 3492 4234; baseline -0.001 -14"><span class='ocrx_word' id='word_1_690' title='bbox 1887 4165 1990 4220; x_wconf 90' lang='lat' dir='ltr'><strong><em>bis.</em></strong></span> <span class='ocrx_word' id='word_1_691' title='bbox 2008 4166 2183 4222; x_wconf 85' lang='lat' dir='ltr'><strong><em>Petite</em></strong></span> <span class='ocrx_word' id='word_1_692' title='bbox 2199 4164 2468 4232; x_wconf 61' lang='lat' dir='ltr'><strong><em>caelestia,</em></strong></span> <span class='ocrx_word' id='word_1_693' title='bbox 2493 4173 2547 4218; x_wconf 90' lang='lat' dir='ltr'><strong><em>et</em></strong></span> <span class='ocrx_word' id='word_1_694' title='bbox 2563 4174 2778 4217; x_wconf 82' lang='lat' dir='ltr'><strong><em>terrena</em></strong></span> <span class='ocrx_word' id='word_1_695' title='bbox 2799 4159 3492 4234; x_wconf 78' lang='lat' dir='ltr'><strong><em>adjicientur(Mat.vt,53).</em></strong></span> 
     </span>
    </p>
   </div>
   <div class='ocr_carea' id='block_1_88' title="bbox 1952 4247 3492 4329">
    <p class='ocr_par' dir='ltr' id='par_1_88' title="bbox 1952 4247 3492 4329">
     <span class='ocr_line' id='line_1_88' title="bbox 1952 4247 3492 4329; baseline 0 -15"><span class='ocrx_word' id='word_1_696' title='bbox 1952 4259 2008 4314; x_wconf 75' lang='grc'>4.</span> <span class='ocrx_word' id='word_1_697' title='bbox 2043 4258 2191 4329; x_wconf 82' lang='lat' dir='ltr'><strong><em>Ergo</em></strong></span> <span class='ocrx_word' id='word_1_698' title='bbox 2214 4259 2330 4313; x_wconf 90' lang='lat' dir='ltr'><strong><em>vult</em></strong></span> <span class='ocrx_word' id='word_1_699' title='bbox 2376 4271 2474 4312; x_wconf 88' lang='lat' dir='ltr'><strong><em>nos</em></strong></span> <span class='ocrx_word' id='word_1_700' title='bbox 2519 4255 2724 4327; x_wconf 86' lang='lat' dir='ltr'><strong><em>majora</em></strong></span> <span class='ocrx_word' id='word_1_701' title='bbox 2755 4247 2945 4326; x_wconf 86' lang='lat' dir='ltr'><strong><em>petere</em></strong></span> <span class='ocrx_word' id='word_1_702' title='bbox 2970 4297 2984 4320; x_wconf 87' lang='lat'><strong><em>,</em></strong></span> <span class='ocrx_word' id='word_1_703' title='bbox 3015 4270 3121 4310; x_wconf 88' lang='lat' dir='ltr'><strong><em>non</em></strong></span> <span class='ocrx_word' id='word_1_704' title='bbox 3146 4256 3199 4311; x_wconf 92' lang='lat' dir='ltr'><strong><em>in</em></strong></span> <span class='ocrx_word' id='word_1_705' title='bbox 3257 4257 3492 4315; x_wconf 84' lang='lat' dir='ltr'><strong><em>terrenis</em></strong></span> 
     </span>
    </p>
   </div>
   <div class='ocr_carea' id='block_1_89' title="bbox 1884 4347 3483 4420">
    <p class='ocr_par' dir='ltr' id='par_1_89' title="bbox 1884 4347 3483 4420">
     <span class='ocr_line' id='line_1_89' title="bbox 1884 4347 3483 4420; baseline -0.004 -11"><span class='ocrx_word' id='word_1_706' title='bbox 1884 4353 2104 4409; x_wconf 89' lang='lat' dir='ltr'><strong><em>morari.</em></strong></span> <span class='ocrx_word' id='word_1_707' title='bbox 2127 4353 2221 4408; x_wconf 90' lang='lat' dir='ltr'><strong><em>Ille</em></strong></span> <span class='ocrx_word' id='word_1_708' title='bbox 2239 4361 2419 4407; x_wconf 91' lang='lat' dir='ltr'><strong><em>autem</em></strong></span> <span class='ocrx_word' id='word_1_709' title='bbox 2448 4349 2553 4405; x_wconf 91' lang='lat' dir='ltr'><strong><em>scit</em></strong></span> <span class='ocrx_word' id='word_1_710' title='bbox 2579 4347 2706 4420; x_wconf 81' lang='lat' dir='ltr'><strong><em>quid</em></strong></span> <span class='ocrx_word' id='word_1_711' title='bbox 2740 4348 2964 4414; x_wconf 86' lang='lat' dir='ltr'><strong><em>tribuat,</em></strong></span> <span class='ocrx_word' id='word_1_712' title='bbox 2980 4348 3210 4403; x_wconf 81' lang='lat' dir='ltr'><strong><em>dividens</em></strong></span> <span class='ocrx_word' id='word_1_713' title='bbox 3241 4349 3483 4420; x_wconf 89' lang='lat' dir='ltr'><strong><em>singulis,</em></strong></span> 
     </span>
    </p>
   </div>
   <div class='ocr_carea' id='block_1_90' title="bbox 1883 4440 3479 4518">
    <p class='ocr_par' dir='ltr' id='par_1_90' title="bbox 1883 4440 3479 4518">
     <span class='ocr_line' id='line_1_90' title="bbox 1883 4440 3479 4518; baseline -0.003 -17"><span class='ocrx_word' id='word_1_714' title='bbox 1883 4456 2034 4517; x_wconf 88' lang='lat' dir='ltr'><strong><em>prout</em></strong></span> <span class='ocrx_word' id='word_1_715' title='bbox 2062 4446 2167 4500; x_wconf 79' lang='lat' dir='ltr'><strong><em>uult</em></strong></span> <span class='ocrx_word' id='word_1_716' title='bbox 2189 4444 2235 4518; x_wconf 94' lang='lat' dir='ltr'><strong><em>(l</em></strong></span> <span class='ocrx_word' id='word_1_717' title='bbox 2256 4443 2374 4499; x_wconf 88' lang='lat' dir='ltr'><strong><em>Cor.</em></strong></span> <span class='ocrx_word' id='word_1_718' title='bbox 2406 4441 2780 4511; x_wconf 76' lang='lat' dir='ltr'><strong><em>xu,tl).Dicit</em></strong></span> <span class='ocrx_word' id='word_1_719' title='bbox 2801 4443 2946 4496; x_wconf 89' lang='lat' dir='ltr'><strong><em>enim</em></strong></span> <span class='ocrx_word' id='word_1_720' title='bbox 2977 4440 3271 4503; x_wconf 88' lang='lat' dir='ltr'><strong><em>interdum,</em></strong></span> <span class='ocrx_word' id='word_1_721' title='bbox 3296 4441 3479 4498; x_wconf 86' lang='lat' dir='ltr'><strong><em>sciens</em></strong></span> 
     </span>
    </p>
   </div>
   <div class='ocr_carea' id='block_1_91' title="bbox 1882 4532 3479 4608">
    <p class='ocr_par' dir='ltr' id='par_1_91' title="bbox 1882 4532 3479 4608">
     <span class='ocr_line' id='line_1_91' title="bbox 1882 4532 3479 4608; baseline -0.003 -14"><span class='ocrx_word' id='word_1_722' title='bbox 1882 4555 2216 4605; x_wconf 88' lang='lat' dir='ltr'><strong><em>mensuram,</em></strong></span> <span class='ocrx_word' id='word_1_723' title='bbox 2243 4552 2406 4608; x_wconf 91' lang='lat' dir='ltr'><strong><em>quam</em></strong></span> <span class='ocrx_word' id='word_1_724' title='bbox 2431 4551 2530 4591; x_wconf 91' lang='lat' dir='ltr'><strong><em>nos</em></strong></span> <span class='ocrx_word' id='word_1_725' title='bbox 2555 4535 2873 4607; x_wconf 86' lang='lat' dir='ltr'><strong><em>ignoramus</em></strong></span> <span class='ocrx_word' id='word_1_726' title='bbox 2898 4551 2912 4590; x_wconf 89' lang='lat'><strong><em>:</em></strong></span> <span class='ocrx_word' id='word_1_727' title='bbox 2941 4533 3056 4589; x_wconf 89' lang='lat' dir='ltr'><strong><em>Non</em></strong></span> <span class='ocrx_word' id='word_1_728' title='bbox 3103 4533 3331 4605; x_wconf 89' lang='lat' dir='ltr'><strong><em>potestis</em></strong></span> <span class='ocrx_word' id='word_1_729' title='bbox 3358 4532 3479 4590; x_wconf 68' lang='lat' dir='ltr'><strong><em>haec</em></strong></span> 
     </span>
    </p>
   </div>
   <div class='ocr_carea' id='block_1_92' title="bbox 180 4616 3467 4710">
    <p class='ocr_par' dir='ltr' id='par_1_92' title="bbox 180 4616 3467 4710">
     <span class='ocr_line' id='line_1_92' title="bbox 180 4616 3467 4710; baseline -0.003 -20"><span class='ocrx_word' id='word_1_730' title='bbox 180 4646 488 4707; x_wconf 81' lang='lat' dir='ltr'><strong><em>exspectat,</em></strong></span> <span class='ocrx_word' id='word_1_731' title='bbox 512 4653 636 4706; x_wconf 65' lang='lat' dir='ltr'><strong><em>quas</em></strong></span> <span class='ocrx_word' id='word_1_732' title='bbox 657 4653 765 4693; x_wconf 84' lang='lat' dir='ltr'><strong><em>non</em></strong></span> <span class='ocrx_word' id='word_1_733' title='bbox 794 4637 1078 4703; x_wconf 88' lang='lat' dir='ltr'><strong><em>videntur;</em></strong></span> <span class='ocrx_word' id='word_1_734' title='bbox 1108 4647 1163 4693; x_wconf 88' lang='lat' dir='ltr'><strong><em>et</em></strong></span> <span class='ocrx_word' id='word_1_735' title='bbox 1192 4648 1482 4708; x_wconf 84' lang='lat' dir='ltr'><strong><em>prapterea</em></strong></span> <span class='ocrx_word' id='word_1_736' title='bbox 1510 4641 1656 4710; x_wconf 82' lang='lat' dir='ltr'><strong><em>quod</em></strong></span> <span class='ocrx_word' id='word_1_737' title='bbox 1690 4643 1772 4697; x_wconf 90' lang='lat' dir='ltr'><strong><em>in-</em></strong></span> <span class='ocrx_word' id='word_1_738' title='bbox 1804 4616 1854 4678; x_wconf 81' lang='grc' dir='ltr'>Ῑ)</span> <span class='ocrx_word' id='word_1_739' title='bbox 1880 4633 2042 4687; x_wconf 91' lang='lat' dir='ltr'><strong><em>modo</em></strong></span> <span class='ocrx_word' id='word_1_740' title='bbox 2091 4631 2362 4701; x_wconf 88' lang='lat' dir='ltr'><strong><em>accipere.</em></strong></span> <span class='ocrx_word' id='word_1_741' title='bbox 2425 4629 2558 4684; x_wconf 85' lang='lat' dir='ltr'><strong><em>Peto</em></strong></span> <span class='ocrx_word' id='word_1_742' title='bbox 2631 4626 2760 4681; x_wconf 89' lang='lat' dir='ltr'><strong><em>mihi</em></strong></span> <span class='ocrx_word' id='word_1_743' title='bbox 2815 4625 3121 4695; x_wconf 88' lang='lat' dir='ltr'><strong><em>passionem</em></strong></span> <span class='ocrx_word' id='word_1_744' title='bbox 3184 4626 3467 4698; x_wconf 87' lang='lat' dir='ltr'><strong><em>martyrii,</em></strong></span> 
     </span>
    </p>
   </div>
   <div class='ocr_carea' id='block_1_93' title="bbox 179 4731 1672 4802">
    <p class='ocr_par' dir='ltr' id='par_1_93' title="bbox 179 4731 1672 4802">
     <span class='ocr_line' id='line_1_93' title="bbox 179 4731 1672 4802; baseline 0.002 -17"><span class='ocrx_word' id='word_1_745' title='bbox 179 4731 369 4787; x_wconf 90' lang='lat' dir='ltr'><strong><em>tendat</em></strong></span> <span class='ocrx_word' id='word_1_746' title='bbox 399 4741 636 4788; x_wconf 90' lang='lat' dir='ltr'><strong><em>mentem</em></strong></span> <span class='ocrx_word' id='word_1_747' title='bbox 669 4732 733 4787; x_wconf 92' lang='lat' dir='ltr'><strong><em>ad</em></strong></span> <span class='ocrx_word' id='word_1_748' title='bbox 765 4731 896 4787; x_wconf 91' lang='lat' dir='ltr'><strong><em>illud</em></strong></span> <span class='ocrx_word' id='word_1_749' title='bbox 926 4747 1088 4787; x_wconf 89' lang='lat' dir='ltr'><strong><em>omne</em></strong></span> <span class='ocrx_word' id='word_1_750' title='bbox 1115 4733 1259 4802; x_wconf 82' lang='lat' dir='ltr'><strong><em>quod</em></strong></span> <span class='ocrx_word' id='word_1_751' title='bbox 1285 4743 1391 4798; x_wconf 90' lang='lat' dir='ltr'><strong><em>est,</em></strong></span> <span class='ocrx_word' id='word_1_752' title='bbox 1423 4734 1672 4788; x_wconf 87' lang='lat' dir='ltr'><strong><em>sustinet.</em></strong></span> 
     </span>
    </p>
   </div>
   <div class='ocr_carea' id='block_1_94' title="bbox 250 4825 1772 4896">
    <p class='ocr_par' dir='ltr' id='par_1_94' title="bbox 250 4825 1772 4896">
     <span class='ocr_line' id='line_1_94' title="bbox 250 4825 1772 4896; baseline 0 -16"><span class='ocrx_word' id='word_1_753' title='bbox 250 4826 341 4882; x_wconf 80' lang='grc'><strong><em>16.</em></strong></span> <span class='ocrx_word' id='word_1_754' title='bbox 364 4827 592 4882; x_wconf 86' lang='lat' dir='ltr'><strong><em>Pulchre</em></strong></span> <span class='ocrx_word' id='word_1_755' title='bbox 619 4837 798 4882; x_wconf 87' lang='lat' dir='ltr'><strong><em>autem</em></strong></span> <span class='ocrx_word' id='word_1_756' title='bbox 821 4825 1020 4882; x_wconf 91' lang='lat' dir='ltr'><strong><em>dicitur</em></strong></span> <span class='ocrx_word' id='word_1_757' title='bbox 1040 4842 1054 4879; x_wconf 91' lang='lat'><strong><em>:</em></strong></span> <span class='ocrx_word' id='word_1_758' title='bbox 1083 4825 1213 4896; x_wconf 87' lang='lat' dir='ltr'><strong><em>Spes</em></strong></span> <span class='ocrx_word' id='word_1_759' title='bbox 1225 4835 1396 4879; x_wconf 89' lang='lat' dir='ltr'><strong><em>autem</em></strong></span> <span class='ocrx_word' id='word_1_760' title='bbox 1417 4841 1532 4896; x_wconf 75' lang='lat' dir='ltr'><strong><em>qua:</em></strong></span> <span class='ocrx_word' id='word_1_761' title='bbox 1553 4829 1772 4893; x_wconf 79' lang='lat' dir='ltr'><strong><em>videtur,</em></strong></span> 
     </span>
    </p>
   </div>
   <div class='ocr_carea' id='block_1_95' title="bbox 178 4919 1770 4992">
    <p class='ocr_par' dir='ltr' id='par_1_95' title="bbox 178 4919 1770 4992">
     <span class='ocr_line' id='line_1_95' title="bbox 178 4919 1770 4992; baseline 0.003 -19"><span class='ocrx_word' id='word_1_762' title='bbox 178 4935 281 4974; x_wconf 91' lang='lat' dir='ltr'><strong><em>non</em></strong></span> <span class='ocrx_word' id='word_1_763' title='bbox 295 4931 369 4975; x_wconf 87' lang='lat' dir='ltr'><strong><em>est</em></strong></span> <span class='ocrx_word' id='word_1_764' title='bbox 386 4937 502 4990; x_wconf 86' lang='lat' dir='ltr'><strong><em>spes</em></strong></span> <span class='ocrx_word' id='word_1_765' title='bbox 525 4919 829 4991; x_wconf 84' lang='lat' dir='ltr'><strong><em>(Rom.vut,</em></strong></span> <span class='ocrx_word' id='word_1_766' title='bbox 853 4920 979 4992; x_wconf 71' lang='lat'><strong>24);</strong></span> <span class='ocrx_word' id='word_1_767' title='bbox 1011 4919 1080 4974; x_wconf 91' lang='lat' dir='ltr'><strong><em>de</em></strong></span> <span class='ocrx_word' id='word_1_768' title='bbox 1109 4919 1468 4990; x_wconf 88' lang='lat' dir='ltr'><strong><em>potestatibus</em></strong></span> <span class='ocrx_word' id='word_1_769' title='bbox 1494 4921 1649 4976; x_wconf 88' lang='lat' dir='ltr'><strong><em>istius</em></strong></span> <span class='ocrx_word' id='word_1_770' title='bbox 1667 4937 1770 4977; x_wconf 81' lang='lat' dir='ltr'><strong><em>sa:-</em></strong></span> 
     </span>
    </p>
   </div>
   <div class='ocr_carea' id='block_1_96' title="bbox 175 5011 1771 5084">
    <p class='ocr_par' dir='ltr' id='par_1_96' title="bbox 175 5011 1771 5084">
     <span class='ocr_line' id='line_1_96' title="bbox 175 5011 1771 5084; baseline 0.001 -18"><span class='ocrx_word' id='word_1_771' title='bbox 175 5013 322 5076; x_wconf 90' lang='lat' dir='ltr'><strong><em>culi,</em></strong></span> <span class='ocrx_word' id='word_1_772' title='bbox 343 5013 412 5067; x_wconf 88' lang='lat' dir='ltr'><strong><em>de</em></strong></span> <span class='ocrx_word' id='word_1_773' title='bbox 432 5012 785 5084; x_wconf 86' lang='lat' dir='ltr'><strong><em>dignitatibus</em></strong></span> <span class='ocrx_word' id='word_1_774' title='bbox 804 5055 818 5077; x_wconf 88' lang='lat'><strong><em>,</em></strong></span> <span class='ocrx_word' id='word_1_775' title='bbox 841 5013 912 5068; x_wconf 89' lang='lat' dir='ltr'><strong><em>de</em></strong></span> <span class='ocrx_word' id='word_1_776' title='bbox 939 5011 1170 5068; x_wconf 90' lang='lat' dir='ltr'><strong><em>divitiis.</em></strong></span> <span class='ocrx_word' id='word_1_777' title='bbox 1206 5011 1368 5067; x_wconf 86' lang='lat' dir='ltr'><strong><em>Vides</em></strong></span> <span class='ocrx_word' id='word_1_778' title='bbox 1392 5012 1582 5067; x_wconf 89' lang='lat' dir='ltr'><strong><em>nescio</em></strong></span> <span class='ocrx_word' id='word_1_779' title='bbox 1608 5029 1771 5084; x_wconf 89' lang='lat' dir='ltr'><strong><em>quem</em></strong></span> 
     </span>
    </p>
   </div>
   <div class='ocr_carea' id='block_1_97' title="bbox 175 5101 1773 5175">
    <p class='ocr_par' dir='ltr' id='par_1_97' title="bbox 175 5101 1773 5175">
     <span class='ocr_line' id='line_1_97' title="bbox 175 5101 1773 5175; baseline -0.001 -16"><span class='ocrx_word' id='word_1_780' title='bbox 175 5103 418 5160; x_wconf 79' lang='lat' dir='ltr'><strong><em>fascibus</em></strong></span> <span class='ocrx_word' id='word_1_781' title='bbox 447 5106 890 5174; x_wconf 73' lang='lat' dir='ltr'><strong><em>prteeminentem</em></strong></span> <span class='ocrx_word' id='word_1_782' title='bbox 917 5114 972 5160; x_wconf 91' lang='lat' dir='ltr'><strong><em>et</em></strong></span> <span class='ocrx_word' id='word_1_783' title='bbox 1002 5102 1274 5170; x_wconf 89' lang='lat' dir='ltr'><strong><em>curribus,</em></strong></span> <span class='ocrx_word' id='word_1_784' title='bbox 1305 5102 1438 5157; x_wconf 91' lang='lat' dir='ltr'><strong><em>nihil</em></strong></span> <span class='ocrx_word' id='word_1_785' title='bbox 1471 5101 1632 5159; x_wconf 86' lang='lat' dir='ltr'><strong><em>habet</em></strong></span> <span class='ocrx_word' id='word_1_786' title='bbox 1657 5106 1773 5175; x_wconf 81' lang='lat' dir='ltr'><strong><em>spei</em></strong></span> 
     </span>
    </p>
   </div>
   <div class='ocr_carea' id='block_1_98' title="bbox 249 5259 1771 5328">
    <p class='ocr_par' dir='ltr' id='par_1_98' title="bbox 249 5259 1771 5328">
     <span class='ocr_line' id='line_1_98' title="bbox 249 5259 1771 5328; baseline -0.001 -13"><span class='ocrx_word' id='word_1_787' title='bbox 249 5271 275 5298; x_wconf 75' lang='grc' dir='ltr'>α</span> <span class='ocrx_word' id='word_1_788' title='bbox 318 5262 396 5318; x_wconf 87' lang='lat' dir='ltr'><strong><em>Ita</em></strong></span> <span class='ocrx_word' id='word_1_789' title='bbox 417 5277 606 5319; x_wconf 90' lang='lat' dir='ltr'><strong><em>omnes</em></strong></span> <span class='ocrx_word' id='word_1_790' title='bbox 628 5278 758 5318; x_wconf 87' lang='lat' dir='ltr'><strong><em>mss.</em></strong></span> <span class='ocrx_word' id='word_1_791' title='bbox 800 5271 853 5316; x_wconf 90' lang='lat' dir='ltr'><strong><em>at</em></strong></span> <span class='ocrx_word' id='word_1_792' title='bbox 883 5261 1015 5317; x_wconf 87' lang='lat' dir='ltr'><strong><em>edit.</em></strong></span> <span class='ocrx_word' id='word_1_793' title='bbox 1038 5302 1054 5326; x_wconf 91' lang='lat'><strong><em>,</em></strong></span> <span class='ocrx_word' id='word_1_794' title='bbox 1098 5261 1200 5315; x_wconf 89' lang='lat' dir='ltr'><strong><em>nisi</em></strong></span> <span class='ocrx_word' id='word_1_795' title='bbox 1225 5269 1272 5314; x_wconf 89' lang='lat' dir='ltr'><strong><em>et</em></strong></span> <span class='ocrx_word' id='word_1_796' title='bbox 1298 5260 1431 5328; x_wconf 82' lang='lat' dir='ltr'><strong><em>forte</em></strong></span> <span class='ocrx_word' id='word_1_797' title='bbox 1451 5261 1525 5314; x_wconf 89' lang='lat' dir='ltr'><strong><em>sic</em></strong></span> <span class='ocrx_word' id='word_1_798' title='bbox 1568 5259 1771 5314; x_wconf 79' lang='lat' dir='ltr'><strong><em>intelli-</em></strong></span> 
     </span>
    </p>
   </div>
   <div class='ocr_carea' id='block_1_99' title="bbox 173 5330 1770 5407">
    <p class='ocr_par' dir='ltr' id='par_1_99' title="bbox 173 5330 1770 5407">
     <span class='ocr_line' id='line_1_99' title="bbox 173 5330 1770 5407; baseline -0.002 -18"><span class='ocrx_word' id='word_1_799' title='bbox 173 5351 288 5407; x_wconf 90' lang='lat' dir='ltr'><strong><em>gas.</em></strong></span> <span class='ocrx_word' id='word_1_800' title='bbox 316 5333 512 5390; x_wconf 84' lang='lat' dir='ltr'><strong><em>Paucis</em></strong></span> <span class='ocrx_word' id='word_1_801' title='bbox 531 5349 671 5407; x_wconf 30' lang='lat' dir='ltr'><strong><em>hvero</em></strong></span> <span class='ocrx_word' id='word_1_802' title='bbox 698 5335 1051 5407; x_wconf 82' lang='lat' dir='ltr'><strong><em>interpositis,</em></strong></span> <span class='ocrx_word' id='word_1_803' title='bbox 1078 5332 1387 5407; x_wconf 88' lang='lat' dir='ltr'><strong><em>ubi_omnes</em></strong></span> <span class='ocrx_word' id='word_1_804' title='bbox 1408 5330 1543 5407; x_wconf 78' lang='lat' dir='ltr'><strong><em>edit.</em></strong></span> <span class='ocrx_word' id='word_1_805' title='bbox 1564 5346 1628 5386; x_wconf 91' lang='lat' dir='ltr'><strong><em>ac</em></strong></span> <span class='ocrx_word' id='word_1_806' title='bbox 1654 5332 1770 5407; x_wconf 77' lang='lat' dir='ltr'><strong><em>plu-</em></strong></span> 
     </span>
    </p>
   </div>
   <div class='ocr_carea' id='block_1_100' title="bbox 171 5401 1772 5475">
    <p class='ocr_par' dir='ltr' id='par_1_100' title="bbox 171 5401 1772 5475">
     <span class='ocr_line' id='line_1_100' title="bbox 171 5401 1772 5475; baseline -0.002 -16"><span class='ocrx_word' id='word_1_807' title='bbox 171 5401 263 5461; x_wconf 70' lang='lat' dir='ltr'><strong><em>res</em></strong></span> <span class='ocrx_word' id='word_1_808' title='bbox 311 5419 470 5468; x_wconf 86' lang='lat' dir='ltr'><strong><em>mss.,</em></strong></span> <span class='ocrx_word' id='word_1_809' title='bbox 517 5405 650 5470; x_wconf 88' lang='lat' dir='ltr'><strong><em>Quia</em></strong></span> <span class='ocrx_word' id='word_1_810' title='bbox 690 5405 824 5458; x_wconf 84' lang='lat' dir='ltr'><strong><em>illud</em></strong></span> <span class='ocrx_word' id='word_1_811' title='bbox 845 5401 1023 5458; x_wconf 69' lang='lat' dir='ltr'><strong><em>rerum</em></strong></span> <span class='ocrx_word' id='word_1_812' title='bbox 1045 5413 1144 5467; x_wconf 89' lang='lat' dir='ltr'><strong><em>est,</em></strong></span> <span class='ocrx_word' id='word_1_813' title='bbox 1176 5403 1375 5475; x_wconf 89' lang='lat' dir='ltr'><strong><em>legitur</em></strong></span> <span class='ocrx_word' id='word_1_814' title='bbox 1406 5401 1458 5456; x_wconf 92' lang='lat' dir='ltr'><strong><em>in</em></strong></span> <span class='ocrx_word' id='word_1_815' title='bbox 1494 5417 1627 5456; x_wconf 88' lang='lat' dir='ltr'><strong><em>mss.</em></strong></span> <span class='ocrx_word' id='word_1_816' title='bbox 1672 5401 1772 5456; x_wconf 85' lang='lat' dir='ltr'><strong><em>ali-</em></strong></span> 
     </span>
    </p>
   </div>
   <div class='ocr_carea' id='block_1_101' title="bbox 170 5475 1197 5546">
    <p class='ocr_par' dir='ltr' id='par_1_101' title="bbox 170 5475 1197 5546">
     <span class='ocr_line' id='line_1_101' title="bbox 170 5475 1197 5546; baseline -0.003 -15"><span class='ocrx_word' id='word_1_817' title='bbox 170 5485 322 5546; x_wconf 90' lang='lat' dir='ltr'><strong><em>quot,</em></strong></span> <span class='ocrx_word' id='word_1_818' title='bbox 364 5475 502 5541; x_wconf 81' lang='lat' dir='ltr'><strong><em>Quid</em></strong></span> <span class='ocrx_word' id='word_1_819' title='bbox 531 5476 712 5530; x_wconf 82' lang='lat' dir='ltr'><strong><em>aliud?</em></strong></span> <span class='ocrx_word' id='word_1_820' title='bbox 744 5475 930 5529; x_wconf 85' lang='lat' dir='ltr'><strong><em>Verum</em></strong></span> <span class='ocrx_word' id='word_1_821' title='bbox 958 5485 1064 5541; x_wconf 89' lang='lat' dir='ltr'><strong><em>est,</em></strong></span> <span class='ocrx_word' id='word_1_822' title='bbox 1090 5484 1197 5530; x_wconf 92' lang='lat' dir='ltr'><strong><em>etc.</em></strong></span> 
     </span>
    </p>
   </div>
   <div class='ocr_carea' id='block_1_102' title="bbox 245 5542 1766 5616">
    <p class='ocr_par' dir='ltr' id='par_1_102' title="bbox 245 5542 1766 5616">
     <span class='ocr_line' id='line_1_102' title="bbox 245 5542 1766 5616; baseline -0.002 -15"><span class='ocrx_word' id='word_1_823' title='bbox 245 5547 272 5586; x_wconf 66' lang='grc' dir='ltr'><strong><em>ι»</em></strong></span> <span class='ocrx_word' id='word_1_824' title='bbox 313 5546 692 5601; x_wconf 86' lang='lat' dir='ltr'><strong><em>Chaldaeorum</em></strong></span> <span class='ocrx_word' id='word_1_825' title='bbox 739 5547 1029 5602; x_wconf 88' lang='lat' dir='ltr'><strong><em>vanitatem</em></strong></span> <span class='ocrx_word' id='word_1_826' title='bbox 1082 5545 1530 5616; x_wconf 86' lang='lat' dir='ltr'><strong><em>superinritomo</em></strong></span> <span class='ocrx_word' id='word_1_827' title='bbox 1562 5542 1766 5616; x_wconf 77' lang='lat' dir='ltr'><strong><em>ltalre-</em></strong></span> 
     </span>
    </p>
   </div>
   <div class='ocr_carea' id='block_1_103' title="bbox 170 5614 1767 5688">
    <p class='ocr_par' dir='ltr' id='par_1_103' title="bbox 170 5614 1767 5688">
     <span class='ocr_line' id='line_1_103' title="bbox 170 5614 1767 5688; baseline -0.001 -18"><span class='ocrx_word' id='word_1_828' title='bbox 170 5628 403 5688; x_wconf 88' lang='lat' dir='ltr'><strong><em>quenter</em></strong></span> <span class='ocrx_word' id='word_1_829' title='bbox 451 5620 728 5686; x_wconf 89' lang='lat' dir='ltr'><strong><em>impugnat</em></strong></span> <span class='ocrx_word' id='word_1_830' title='bbox 752 5617 1100 5688; x_wconf 76' lang='lat' dir='ltr'><strong><em>Ambrosius,</em></strong></span> <span class='ocrx_word' id='word_1_831' title='bbox 1143 5614 1202 5671; x_wconf 78' lang='lat' dir='ltr'><strong><em>ut</em></strong></span> <span class='ocrx_word' id='word_1_832' title='bbox 1228 5616 1399 5688; x_wconf 88' lang='lat' dir='ltr'><strong><em>magis</em></strong></span> <span class='ocrx_word' id='word_1_833' title='bbox 1453 5614 1767 5685; x_wconf 79' lang='lat' dir='ltr'><strong><em>expeditum</em></strong></span> 
     </span>
    </p>
   </div>
   <div class='ocr_carea' id='block_1_104' title="bbox 171 5687 1766 5756">
    <p class='ocr_par' dir='ltr' id='par_1_104' title="bbox 171 5687 1766 5756">
     <span class='ocr_line' id='line_1_104' title="bbox 171 5687 1766 5756; baseline -0.001 -13"><span class='ocrx_word' id='word_1_834' title='bbox 171 5687 331 5744; x_wconf 83' lang='lat' dir='ltr'><strong><em>nobis</em></strong></span> <span class='ocrx_word' id='word_1_835' title='bbox 353 5689 605 5743; x_wconf 86' lang='lat' dir='ltr'><strong><em>videatur</em></strong></span> <span class='ocrx_word' id='word_1_836' title='bbox 637 5689 866 5743; x_wconf 88' lang='lat' dir='ltr'><strong><em>lectores</em></strong></span> <span class='ocrx_word' id='word_1_837' title='bbox 903 5687 969 5743; x_wconf 92' lang='lat' dir='ltr'><strong><em>ad</em></strong></span> <span class='ocrx_word' id='word_1_838' title='bbox 1002 5687 1230 5744; x_wconf 88' lang='lat' dir='ltr'><strong><em>iudicem</em></strong></span> <span class='ocrx_word' id='word_1_839' title='bbox 1260 5687 1538 5745; x_wconf 83' lang='lat' dir='ltr'><strong><em>remittere</em></strong></span> <span class='ocrx_word' id='word_1_840' title='bbox 1560 5729 1574 5754; x_wconf 91' lang='lat'><strong><em>,</em></strong></span> <span class='ocrx_word' id='word_1_841' title='bbox 1604 5701 1766 5756; x_wconf 85' lang='lat' dir='ltr'><strong><em>quam</em></strong></span> 
     </span>
    </p>
   </div>
   <div class='ocr_carea' id='block_1_105' title="bbox 166 5759 1083 5827">
    <p class='ocr_par' dir='ltr' id='par_1_105' title="bbox 166 5759 1083 5827">
     <span class='ocr_line' id='line_1_105' title="bbox 166 5759 1083 5827; baseline 0.003 -12"><span class='ocrx_word' id='word_1_842' title='bbox 166 5776 264 5815; x_wconf 86' lang='lat' dir='ltr'><strong><em>eos</em></strong></span> <span class='ocrx_word' id='word_1_843' title='bbox 293 5760 447 5819; x_wconf 84' lang='lat' dir='ltr'><strong><em>locos</em></strong></span> <span class='ocrx_word' id='word_1_844' title='bbox 476 5759 564 5814; x_wconf 89' lang='lat' dir='ltr'><strong><em>hic</em></strong></span> <span class='ocrx_word' id='word_1_845' title='bbox 580 5773 882 5815; x_wconf 73' lang='lat' dir='ltr'><strong><em>recensere.</em></strong></span> <span class='ocrx_word' id='word_1_846' title='bbox 1025 5817 1034 5827; x_wconf 66' lang='grc'><em>,</em></span> <span class='ocrx_word' id='word_1_847' title='bbox 1079 5808 1083 5818; x_wconf 89' lang='grc'><strong><em>,</em></strong></span> 
     </span>
    </p>
   </div>
   <div class='ocr_carea' id='block_1_106' title="bbox 245 5827 1086 5901">
    <p class='ocr_par' dir='ltr' id='par_1_106' title="bbox 245 5827 1086 5901">
     <span class='ocr_line' id='line_1_106' title="bbox 245 5827 1086 5901; baseline -0.001 -17"><span class='ocrx_word' id='word_1_848' title='bbox 245 5844 266 5863; x_wconf 63' lang='grc' dir='ltr'><em>ν</em></span> <span class='ocrx_word' id='word_1_849' title='bbox 311 5827 528 5901; x_wconf 74' lang='lat' dir='ltr'><strong><em>Scripta</em></strong></span> <span class='ocrx_word' id='word_1_850' title='bbox 557 5829 703 5884; x_wconf 74' lang='lat' dir='ltr'><strong><em>circa</em></strong></span> <span class='ocrx_word' id='word_1_851' title='bbox 733 5832 933 5886; x_wconf 86' lang='lat' dir='ltr'><strong><em>annum</em></strong></span> <span class='ocrx_word' id='word_1_852' title='bbox 962 5829 1086 5884; x_wconf 75' lang='grc'><strong><em>587.</em></strong></span> 
     </span>
    </p>
   </div>
   <div class='ocr_carea' id='block_1_107' title="bbox 1885 4717 3475 4796">
    <p class='ocr_par' dir='ltr' id='par_1_107' title="bbox 1885 4717 3475 4796">
     <span class='ocr_line' id='line_1_107' title="bbox 1885 4717 3475 4796; baseline -0.005 -16"><span class='ocrx_word' id='word_1_853' title='bbox 1885 4735 1908 4763; x_wconf 75' lang='grc' dir='ltr'><strong>ο</strong></span> <span class='ocrx_word' id='word_1_854' title='bbox 1923 4726 2157 4796; x_wconf 85' lang='lat' dir='ltr'><strong><em>Spiritus</em></strong></span> <span class='ocrx_word' id='word_1_855' title='bbox 2185 4730 2407 4778; x_wconf 89' lang='lat' dir='ltr'><strong><em>sanctus</em></strong></span> <span class='ocrx_word' id='word_1_856' title='bbox 2436 4731 2720 4792; x_wconf 88' lang='lat' dir='ltr'><strong><em>promptus</em></strong></span> <span class='ocrx_word' id='word_1_857' title='bbox 2734 4728 2819 4774; x_wconf 92' lang='lat' dir='ltr'><strong><em>est</em></strong></span> <span class='ocrx_word' id='word_1_858' title='bbox 2835 4717 3054 4790; x_wconf 76' lang='lat' dir='ltr'><strong><em>(Matth.</em></strong></span> <span class='ocrx_word' id='word_1_859' title='bbox 3076 4733 3222 4782; x_wconf 78' lang='lat' dir='ltr'><strong><em>uvr,</em></strong></span> <span class='ocrx_word' id='word_1_860' title='bbox 3237 4717 3354 4789; x_wconf 60' lang='lat' dir='ltr'><strong><em>4H):</em></strong></span> <span class='ocrx_word' id='word_1_861' title='bbox 3377 4717 3475 4772; x_wconf 86' lang='lat' dir='ltr'><strong><em>sed</em></strong></span> 
     </span>
    </p>
   </div>
   <div class='ocr_carea' id='block_1_108' title="bbox 1877 4809 3479 4880">
    <p class='ocr_par' dir='ltr' id='par_1_108' title="bbox 1877 4809 3479 4880">
     <span class='ocr_line' id='line_1_108' title="bbox 1877 4809 3479 4880; baseline -0.007 -6"><span class='ocrx_word' id='word_1_862' title='bbox 1877 4819 2065 4874; x_wconf 87' lang='lat' dir='ltr'><strong><em>videns</em></strong></span> <span class='ocrx_word' id='word_1_863' title='bbox 2087 4816 2359 4872; x_wconf 82' lang='lat' dir='ltr'><strong><em>infirmum</em></strong></span> <span class='ocrx_word' id='word_1_864' title='bbox 2381 4815 2561 4870; x_wconf 90' lang='lat' dir='ltr'><strong><em>carnis</em></strong></span> <span class='ocrx_word' id='word_1_865' title='bbox 2587 4828 2743 4876; x_wconf 63' lang='lat' dir='ltr'><strong><em>meas,</em></strong></span> <span class='ocrx_word' id='word_1_866' title='bbox 2779 4826 2845 4867; x_wconf 89' lang='lat' dir='ltr'><strong><em>ne</em></strong></span> <span class='ocrx_word' id='word_1_867' title='bbox 2883 4813 3010 4867; x_wconf 84' lang='lat' dir='ltr'><strong><em>dum</em></strong></span> <span class='ocrx_word' id='word_1_868' title='bbox 3051 4810 3256 4880; x_wconf 90' lang='lat' dir='ltr'><strong><em>majora</em></strong></span> <span class='ocrx_word' id='word_1_869' title='bbox 3278 4809 3438 4879; x_wconf 91' lang='lat' dir='ltr'><strong><em>cupio</em></strong></span> <span class='ocrx_word' id='word_1_870' title='bbox 3463 4850 3479 4874; x_wconf 91' lang='lat'><strong><em>,</em></strong></span> 
     </span>
    </p>
   </div>
   <div class='ocr_carea' id='block_1_109' title="bbox 1878 4902 3468 4975">
    <p class='ocr_par' dir='ltr' id='par_1_109' title="bbox 1878 4902 3468 4975">
     <span class='ocr_line' id='line_1_109' title="bbox 1878 4902 3468 4975; baseline -0.009 -5"><span class='ocrx_word' id='word_1_871' title='bbox 1878 4915 2090 4970; x_wconf 86' lang='lat' dir='ltr'><strong><em>minora</em></strong></span> <span class='ocrx_word' id='word_1_872' title='bbox 2139 4909 2424 4975; x_wconf 90' lang='lat' dir='ltr'><strong><em>amittam,</em></strong></span> <span class='ocrx_word' id='word_1_873' title='bbox 2453 4907 2621 4962; x_wconf 87' lang='lat' dir='ltr'><strong><em>dicit:</em></strong></span> <span class='ocrx_word' id='word_1_874' title='bbox 2667 4904 2781 4960; x_wconf 88' lang='lat' dir='ltr'><strong><em>Non</em></strong></span> <span class='ocrx_word' id='word_1_875' title='bbox 2817 4915 2971 4974; x_wconf 88' lang='lat' dir='ltr'><strong><em>potes</em></strong></span> <span class='ocrx_word' id='word_1_876' title='bbox 3027 4903 3142 4958; x_wconf 74' lang='lat' dir='ltr'><strong><em>haec</em></strong></span> <span class='ocrx_word' id='word_1_877' title='bbox 3200 4902 3468 4971; x_wconf 87' lang='lat' dir='ltr'><strong><em>accipere.</em></strong></span> 
     </span>
    </p>
   </div>
   <div class='ocr_carea' id='block_1_110' title="bbox 1883 4994 3479 5074">
    <p class='ocr_par' dir='ltr' id='par_1_110' title="bbox 1883 4994 3479 5074">
     <span class='ocr_line' id='line_1_110' title="bbox 1883 4994 3479 5074; baseline -0.008 -14"><span class='ocrx_word' id='word_1_878' title='bbox 1883 5005 1902 5045; x_wconf 68' lang='grc' dir='ltr'>ί</span> <span class='ocrx_word' id='word_1_879' title='bbox 1921 5005 2120 5074; x_wconf 86' lang='lat' dir='ltr'><strong><em>Quales</em></strong></span> <span class='ocrx_word' id='word_1_880' title='bbox 2135 5001 2450 5058; x_wconf 86' lang='lat' dir='ltr'><strong><em>occasiones</em></strong></span> <span class='ocrx_word' id='word_1_881' title='bbox 2467 4998 2624 5053; x_wconf 85' lang='lat' dir='ltr'><strong><em>habui</em></strong></span> <span class='ocrx_word' id='word_1_882' title='bbox 2642 5015 2656 5052; x_wconf 92' lang='lat'><strong><em>:</em></strong></span> <span class='ocrx_word' id='word_1_883' title='bbox 2673 4997 2804 5053; x_wconf 89' lang='lat' dir='ltr'><strong><em>etde</em></strong></span> <span class='ocrx_word' id='word_1_884' title='bbox 2817 4997 2938 5067; x_wconf 90' lang='lat' dir='ltr'><strong><em>ipso</em></strong></span> <span class='ocrx_word' id='word_1_885' title='bbox 2955 5009 3123 5067; x_wconf 90' lang='lat' dir='ltr'><strong><em>pr0pe</em></strong></span> <span class='ocrx_word' id='word_1_886' title='bbox 3139 4994 3248 5049; x_wconf 86' lang='lat' dir='ltr'><strong><em>line</em></strong></span> <span class='ocrx_word' id='word_1_887' title='bbox 3264 5005 3479 5049; x_wconf 85' lang='lat' dir='ltr'><strong><em>revoca-</em></strong></span> 
     </span>
    </p>
   </div>
   <div class='ocr_carea' id='block_1_111' title="bbox 1877 5085 3474 5158">
    <p class='ocr_par' dir='ltr' id='par_1_111' title="bbox 1877 5085 3474 5158">
     <span class='ocr_line' id='line_1_111' title="bbox 1877 5085 3474 5158; baseline -0.011 0"><span class='ocrx_word' id='word_1_888' title='bbox 1877 5113 1961 5158; x_wconf 82' lang='lat' dir='ltr'><strong><em>tus</em></strong></span> <span class='ocrx_word' id='word_1_889' title='bbox 1982 5100 2140 5156; x_wconf 84' lang='lat' dir='ltr'><strong><em>sum?</em></strong></span> <span class='ocrx_word' id='word_1_890' title='bbox 2167 5097 2321 5152; x_wconf 81' lang='lat' dir='ltr'><strong><em>Novit</em></strong></span> <span class='ocrx_word' id='word_1_891' title='bbox 2353 5095 2498 5148; x_wconf 91' lang='lat' dir='ltr'><strong><em>enim</em></strong></span> <span class='ocrx_word' id='word_1_892' title='bbox 2543 5093 2720 5148; x_wconf 88' lang='lat' dir='ltr'><strong><em>bonus</em></strong></span> <span class='ocrx_word' id='word_1_893' title='bbox 2742 5090 2984 5146; x_wconf 85' lang='lat' dir='ltr'><strong><em>medicus</em></strong></span> <span class='ocrx_word' id='word_1_894' title='bbox 3018 5099 3044 5136; x_wconf 78' lang='grc' dir='ltr'><em>ε</em></span> <span class='ocrx_word' id='word_1_895' title='bbox 3075 5101 3198 5158; x_wconf 84' lang='lat' dir='ltr'><strong><em>quae</em></strong></span> <span class='ocrx_word' id='word_1_896' title='bbox 3225 5099 3350 5141; x_wconf 79' lang='lat' dir='ltr'><strong><em>esca</em></strong></span> <span class='ocrx_word' id='word_1_897' title='bbox 3385 5085 3474 5141; x_wconf 89' lang='lat' dir='ltr'><strong><em>cui</em></strong></span> 
     </span>
    </p>
   </div>
   <div class='ocr_carea' id='block_1_112' title="bbox 1947 5251 3006 5324">
    <p class='ocr_par' dir='ltr' id='par_1_112' title="bbox 1947 5251 3006 5324">
     <span class='ocr_line' id='line_1_112' title="bbox 1947 5251 3006 5324; baseline -0.015 -11"><span class='ocrx_word' id='word_1_898' title='bbox 1947 5257 1973 5295; x_wconf 79' lang='grc' dir='ltr'><strong><em>ί¹</em></strong></span> <span class='ocrx_word' id='word_1_899' title='bbox 2013 5254 2269 5312; x_wconf 88' lang='lat' dir='ltr'><strong><em>Nonnulli</em></strong></span> <span class='ocrx_word' id='word_1_900' title='bbox 2300 5267 2429 5307; x_wconf 90' lang='lat' dir='ltr'><strong><em>mss.</em></strong></span> <span class='ocrx_word' id='word_1_901' title='bbox 2467 5251 2691 5324; x_wconf 82' lang='lat' dir='ltr'><strong><em>Adjutor</em></strong></span> <span class='ocrx_word' id='word_1_902' title='bbox 2715 5257 3006 5324; x_wconf 69' lang='lat' dir='ltr'><strong><em>mensesto.</em></strong></span> 
     </span>
    </p>
   </div>
   <div class='ocr_carea' id='block_1_113' title="bbox 1949 5316 3473 5387">
    <p class='ocr_par' dir='ltr' id='par_1_113' title="bbox 1949 5316 3473 5387">
     <span class='ocr_line' id='line_1_113' title="bbox 1949 5316 3473 5387; baseline -0.01 -1"><span class='ocrx_word' id='word_1_903' title='bbox 1949 5339 1972 5368; x_wconf 82' lang='lat'><strong><em>°</em></strong></span> <span class='ocrx_word' id='word_1_904' title='bbox 2013 5329 2216 5385; x_wconf 88' lang='lat' dir='ltr'><strong><em>Omnes</em></strong></span> <span class='ocrx_word' id='word_1_905' title='bbox 2236 5324 2365 5382; x_wconf 89' lang='lat' dir='ltr'><strong><em>edit.</em></strong></span> <span class='ocrx_word' id='word_1_906' title='bbox 2398 5339 2461 5378; x_wconf 88' lang='lat' dir='ltr'><strong><em>ac</em></strong></span> <span class='ocrx_word' id='word_1_907' title='bbox 2484 5316 2613 5376; x_wconf 75' lang='lat' dir='ltr'><strong><em>mss.</em></strong></span> <span class='ocrx_word' id='word_1_908' title='bbox 2640 5319 2904 5383; x_wconf 87' lang='lat' dir='ltr'><strong><em>nonnulli,</em></strong></span> <span class='ocrx_word' id='word_1_909' title='bbox 2931 5316 3144 5385; x_wconf 85' lang='lat' dir='ltr'><strong><em>spiritus</em></strong></span> <span class='ocrx_word' id='word_1_910' title='bbox 3203 5326 3473 5387; x_wconf 84' lang='lat' dir='ltr'><strong><em>promptus</em></strong></span> 
     </span>
    </p>
   </div>
   <div class='ocr_carea' id='block_1_114' title="bbox 1873 5389 3477 5469">
    <p class='ocr_par' dir='ltr' id='par_1_114' title="bbox 1873 5389 3477 5469">
     <span class='ocr_line' id='line_1_114' title="bbox 1873 5389 3477 5469; baseline -0.004 -19"><span class='ocrx_word' id='word_1_911' title='bbox 1873 5412 1983 5458; x_wconf 69' lang='lat' dir='ltr'><strong><em>est:</em></strong></span> <span class='ocrx_word' id='word_1_912' title='bbox 2026 5399 2121 5456; x_wconf 86' lang='lat' dir='ltr'><strong><em>sed</em></strong></span> <span class='ocrx_word' id='word_1_913' title='bbox 2143 5399 2324 5469; x_wconf 88' lang='lat' dir='ltr'><strong><em>plures</em></strong></span> <span class='ocrx_word' id='word_1_914' title='bbox 2360 5394 2686 5469; x_wconf 32' lang='lat' dir='ltr'><strong><em>ae‘potiores</em></strong></span> <span class='ocrx_word' id='word_1_915' title='bbox 2727 5389 2932 5469; x_wconf 75' lang='lat' dir='ltr'><strong><em>addunt</em></strong></span> <span class='ocrx_word' id='word_1_916' title='bbox 2961 5390 3314 5469; x_wconf 51' lang='lat' dir='ltr'><strong><em>rdsanctus;</em></strong></span> <span class='ocrx_word' id='word_1_917' title='bbox 3356 5402 3477 5460; x_wconf 72' lang='lat' dir='ltr'><strong><em>qua:</em></strong></span> 
     </span>
    </p>
   </div>
   <div class='ocr_carea' id='block_1_115' title="bbox 1873 5461 3078 5528">
    <p class='ocr_par' dir='ltr' id='par_1_115' title="bbox 1873 5461 3078 5528">
     <span class='ocr_line' id='line_1_115' title="bbox 1873 5461 3078 5528; baseline -0.014 0"><span class='ocrx_word' id='word_1_918' title='bbox 1873 5487 1978 5528; x_wconf 85' lang='lat' dir='ltr'><strong><em>vox</em></strong></span> <span class='ocrx_word' id='word_1_919' title='bbox 2006 5486 2127 5526; x_wconf 89' lang='lat' dir='ltr'><strong><em>cum</em></strong></span> <span class='ocrx_word' id='word_1_920' title='bbox 2145 5461 2292 5524; x_wconf 73' lang='lat' dir='ltr'><strong><em>serie</em></strong></span> <span class='ocrx_word' id='word_1_921' title='bbox 2315 5461 2578 5520; x_wconf 41' lang='lat' dir='ltr'><strong><em>orati—onis</em></strong></span> <span class='ocrx_word' id='word_1_922' title='bbox 2608 5461 2832 5517; x_wconf 89' lang='lat' dir='ltr'><strong><em>minime</em></strong></span> <span class='ocrx_word' id='word_1_923' title='bbox 2857 5467 3078 5527; x_wconf 89' lang='lat' dir='ltr'><strong><em>pugnat.</em></strong></span> 
     </span>
    </p>
   </div>
   <div class='ocr_carea' id='block_1_116' title="bbox 1948 5530 3475 5611">
    <p class='ocr_par' dir='ltr' id='par_1_116' title="bbox 1948 5530 3475 5611">
     <span class='ocr_line' id='line_1_116' title="bbox 1948 5530 3475 5611; baseline -0.008 -13"><span class='ocrx_word' id='word_1_924' title='bbox 1948 5542 1967 5582; x_wconf 76' lang='grc' dir='ltr'><em>τ</em></span> <span class='ocrx_word' id='word_1_925' title='bbox 2011 5540 2335 5611; x_wconf 79' lang='lat' dir='ltr'><strong><em>Legationes</em></strong></span> <span class='ocrx_word' id='word_1_926' title='bbox 2355 5551 2483 5611; x_wconf 84' lang='lat' dir='ltr'><strong><em>suas</em></strong></span> <span class='ocrx_word' id='word_1_927' title='bbox 2507 5535 2573 5588; x_wconf 89' lang='lat' dir='ltr'><strong><em>ad</em></strong></span> <span class='ocrx_word' id='word_1_928' title='bbox 2601 5531 2897 5611; x_wconf 70' lang='lat' dir='ltr'><strong><em>maximqu</em></strong></span> <span class='ocrx_word' id='word_1_929' title='bbox 2928 5538 3240 5611; x_wconf 79' lang='lat' dir='ltr'><strong><em>tyranuum,</em></strong></span> <span class='ocrx_word' id='word_1_930' title='bbox 3256 5530 3398 5611; x_wconf 77' lang='lat' dir='ltr'><strong><em>sicut</em></strong></span> <span class='ocrx_word' id='word_1_931' title='bbox 3420 5539 3475 5586; x_wconf 89' lang='lat' dir='ltr'><strong><em>et</em></strong></span> 
     </span>
    </p>
   </div>
   <div class='ocr_carea' id='block_1_117' title="bbox 1871 5599 3477 5680">
    <p class='ocr_par' dir='ltr' id='par_1_117' title="bbox 1871 5599 3477 5680">
     <span class='ocr_line' id='line_1_117' title="bbox 1871 5599 3477 5680; baseline -0.008 -10"><span class='ocrx_word' id='word_1_932' title='bbox 1871 5599 2599 5680; x_wconf 45' lang='lat' dir='ltr'><strong><em>Justinsevpersecutionem:</em></strong></span> <span class='ocrx_word' id='word_1_933' title='bbox 2631 5605 2698 5656; x_wconf 89' lang='lat' dir='ltr'><strong><em>de</em></strong></span> <span class='ocrx_word' id='word_1_934' title='bbox 2723 5614 2831 5680; x_wconf 75' lang='lat' dir='ltr'><strong><em>qua</em></strong></span> <span class='ocrx_word' id='word_1_935' title='bbox 2855 5599 2899 5652; x_wconf 91' lang='lat' dir='ltr'><strong><em>si</em></strong></span> <span class='ocrx_word' id='word_1_936' title='bbox 2931 5614 3054 5680; x_wconf 57' lang='lat' dir='ltr'><strong><em>qtae</em></strong></span> <span class='ocrx_word' id='word_1_937' title='bbox 3078 5599 3293 5680; x_wconf 70' lang='lat' dir='ltr'><strong><em>scripsit</em></strong></span> <span class='ocrx_word' id='word_1_938' title='bbox 3317 5616 3477 5680; x_wconf 79' lang='lat' dir='ltr'><strong><em>sane-</em></strong></span> 
     </span>
    </p>
   </div>
   <div class='ocr_carea' id='block_1_118' title="bbox 1877 5669 3474 5745">
    <p class='ocr_par' dir='ltr' id='par_1_118' title="bbox 1877 5669 3474 5745">
     <span class='ocr_line' id='line_1_118' title="bbox 1877 5669 3474 5745; baseline -0.007 -4"><span class='ocrx_word' id='word_1_939' title='bbox 1877 5669 1964 5741; x_wconf 80' lang='lat' dir='ltr'><strong><em>tus</em></strong></span> <span class='ocrx_word' id='word_1_940' title='bbox 2010 5669 2276 5745; x_wconf 77' lang='lat' dir='ltr'><strong><em>Antistes,</em></strong></span> <span class='ocrx_word' id='word_1_941' title='bbox 2320 5677 2580 5732; x_wconf 86' lang='lat' dir='ltr'><strong><em>attentius</em></strong></span> <span class='ocrx_word' id='word_1_942' title='bbox 2623 5671 2873 5745; x_wconf 69' lang='lat' dir='ltr'><strong><em>perlegas</em></strong></span> <span class='ocrx_word' id='word_1_943' title='bbox 2898 5709 2930 5745; x_wconf 85' lang='lat'><strong><em>,_</em></strong></span> <span class='ocrx_word' id='word_1_944' title='bbox 2967 5669 3227 5745; x_wconf 64' lang='lat' dir='ltr'><strong><em>fateberis</em></strong></span> <span class='ocrx_word' id='word_1_945' title='bbox 3268 5688 3374 5729; x_wconf 92' lang='lat' dir='ltr'><strong><em>non</em></strong></span> <span class='ocrx_word' id='word_1_946' title='bbox 3408 5673 3474 5730; x_wconf 82' lang='lat' dir='ltr'><strong><em>il-</em></strong></span> 
     </span>
    </p>
   </div>
   <div class='ocr_carea' id='block_1_119' title="bbox 1877 5738 3460 5824">
    <p class='ocr_par' dir='ltr' id='par_1_119' title="bbox 1877 5738 3460 5824">
     <span class='ocr_line' id='line_1_119' title="bbox 1877 5738 3460 5824; baseline -0.01 -12"><span class='ocrx_word' id='word_1_947' title='bbox 1877 5738 1986 5812; x_wconf 68' lang='lat' dir='ltr'><strong><em>litin</em></strong></span> <span class='ocrx_word' id='word_1_948' title='bbox 2011 5738 2292 5824; x_wconf 73' lang='lat' dir='ltr'><strong><em>martyrio,</em></strong></span> <span class='ocrx_word' id='word_1_949' title='bbox 2321 5749 2434 5824; x_wconf 66' lang='lat' dir='ltr'><strong><em>sed</em></strong></span> <span class='ocrx_word' id='word_1_950' title='bbox 2448 5738 2767 5824; x_wconf 70' lang='lat' dir='ltr'><strong><em>martyrium</em></strong></span> <span class='ocrx_word' id='word_1_951' title='bbox 2789 5738 2874 5822; x_wconf 77' lang='lat' dir='ltr'><strong><em>illi</em></strong></span> <span class='ocrx_word' id='word_1_952' title='bbox 2894 5739 3162 5824; x_wconf 71' lang='lat' dir='ltr'><strong><em>defuisse.</em></strong></span> <span class='ocrx_word' id='word_1_953' title='bbox 3233 5817 3247 5824; x_wconf 77' lang='lat'>_</span> <span class='ocrx_word' id='word_1_954' title='bbox 3437 5803 3460 5824; x_wconf 84' lang='lat'><strong><em>__</em></strong></span> 
     </span>
    </p>
   </div>
   <div class='ocr_carea' id='block_1_120' title="bbox 1949 5810 3480 5888">
    <p class='ocr_par' dir='ltr' id='par_1_120' title="bbox 1949 5810 3480 5888">
     <span class='ocr_line' id='line_1_120' title="bbox 1949 5810 3480 5888; baseline -0.006 -6"><span class='ocrx_word' id='word_1_955' title='bbox 1949 5810 2401 5882; x_wconf 14' lang='lat' dir='ltr'><strong><em>trAmbr&#39;osianu&#39;m</em></strong></span> <span class='ocrx_word' id='word_1_956' title='bbox 2418 5815 2562 5870; x_wconf 92' lang='lat' dir='ltr'><strong><em>hunc</em></strong></span> <span class='ocrx_word' id='word_1_957' title='bbox 2586 5810 2760 5866; x_wconf 80' lang='lat' dir='ltr'><strong><em>locum</em></strong></span> <span class='ocrx_word' id='word_1_958' title='bbox 2784 5810 3058 5867; x_wconf 67' lang='lat' dir='ltr'><strong><em>Contende</em></strong></span> <span class='ocrx_word' id='word_1_959' title='bbox 3079 5828 3202 5872; x_wconf 87' lang='lat' dir='ltr'><strong><em>cum</em></strong></span> <span class='ocrx_word' id='word_1_960' title='bbox 3221 5817 3480 5888; x_wconf 52' lang='lat' dir='ltr'><strong><em>Augustie</em></strong></span> 
     </span>
    </p>
   </div>
  </div>
