3996 6292
164 328 302 385 1035
368 336 372 341 ⁴

1373 319 1861 380 EPISTOLARUII
1889 316 2168 376 CLASSIS
2197 314 2238 370 1.

3308 311 3450 373 ιοιιθ

163 447 398 519 pientitn.
451 446 583 516 Qua:
628 448 893 503 sententia
927 460 1120 516 magno
1170 459 1200 500 ιι
1252 441 1591 513 philosnphis
1622 441 1752 495 fluc-
1782 446 1835 505 λ
1862 441 1947 497 vel
1994 438 2194 495 invitos
2226 437 2551 493 auctoritate
2581 434 2871 507 potestatis
2916 432 3206 503 subjiciam
3238 433 3302 488 ad
3327 433 3457 487 obe-

164 548 310 595 tnata
355 548 520 607 atque
562 541 768 611 jactata
812 550 895 595 est
930 538 1311 610 disputationis
1332 535 1636 599 molimine,
1666 534 1752 587 di-

172 634 422 690 centibus
471 636 594 705 quia
642 635 821 691 omnis
861 634 1079 705 sapiens
1121 631 1256 687 liber
1285 672 1298 693 ,
1355 630 1533 684 omnis
1572 636 1752 683 autem

165 736 193 764 ι
220 727 485 797 insipiens
512 729 732 783 serviat.

235 821 290 876 5.
334 821 441 876 Sed
473 820 642 874 multo
671 820 776 875 hoc
804 820 952 890 prius
977 817 1144 874 David
1177 816 1319 871 filius
1340 814 1498 880 dixit,
1525 814 1615 885 qui
1646 814 1751 868 ait:

164 913 372 969 Stultus
404 914 536 968 sicut
560 913 684 967 luna
700 923 937 967 mutatur
974 910 1142 984 (Eccl.
1180 925 1347 974 xxvii,
1380 908 1492 980 ιε).
1522 908 1755 978 Sapiens

161 1008 308 1063 enim
358 1023 466 1061 non
513 1015 660 1060 metu
692 1006 977 1075 frangitur,
1029 1019 1138 1059 non
1176 1013 1446 1074 petestate
1488 1012 1751 1067 mutatur,

160 1116 269 1156 non
301 1101 567 1156 attollitur
591 1100 886 1168 pl‘OSpcl’iS,
914 1116 1021 1153 non
1053 1099 1299 1153 tristibus
1327 1099 1625 1169 mergitur;
1663 1098 1755 1154 ubi

160 1179 632 1266 enim'sapientia‘,
666 1194 739 1248 ibi
788 1195 960 1248 virtus
996 1194 1198 1255 animi,
1247 1192 1319 1248 ibi
1363 1193 1667 1247 constantia
1699 1200 1756 1247 et

159 1288 444 1342 fortitudo.
467 1288 699 1358 Sapiens
727 1302 857 1359 ergo
888 1287 1032 1343 idem
1063 1297 1149 1343 est
1180 1289 1388 1354 animo,
1419 1302 1526 1341 non
1557 1283 1755 1340 minui-

160 1388 273 1446 tur,
308 1395 414 1436 non
444 1390 672 1451 augetur
710 1397 894 1438 rerum
936 1383 1372 1436 mutationibus:
1403 1396 1502 1437 nee
1545 1391 1600 1433 ut
1634 1393 1756 1451 par-

160 1473 322 1527 vulus
361 1473 604 1540 fluctuat,
644 1484 705 1529 ut
752 1474 1169 1530 circttmferatur
1211 1472 1360 1527 omni
1410 1481 1570 1528 vento
1624 1472 1755 1527 doe-

158 1571 339 1634 triucc,
364 1569 458 1624 sed
482 1577 666 1625 manet
697 1569 970 1638 perfectus
998 1573 1052 1625 in
1076 1569 1313 1633 Christo,
1346 1566 1605 1622 fundatus
1626 1569 1756 1622 cha-

159 1664 342 1728 ritate,
394 1662 667 1717 radit-atus
698 1662 828 1716 fide.
856 1662 1084 1734 Sapiens
1124 1678 1256 1734 ergo
1296 1660 1542 1716 defectus
1573 1674 1754 1715 rerum

159 1758 395 1827 ignorat,
426 1752 457 1795 δ
488 1765 543 1810 ct
570 1757 749 1810 varios
778 1757 941 1810 animi
970 1771 1133 1811 casus
1159 1759 1373 1812 nescit:
1400 1757 1494 1812 sed
1526 1756 1751 1829 fulgebit

1855 532 2115 587 diendum
2159 527 2626 600 prtuleutiuribus,
2659 535 2714 581 et
2755 525 3171 595 obsequendum
3216 525 3450 594 legibus.

1857 624 2119 695 Imposuit
2145 625 2307 693 igitur
2336 621 2613 687 insipienti
2645 619 2798 673 velut
2839 619 3107 675 indomito
3145 618 3357 687 jugum,
3396 625 3454 671 et

1855 717 1946 773 cui
1970 719 2023 771 in
2050 717 2230 787 gladio
2262 730 2363 769 suo
2402 714 2691 769 vivendum
2734 712 2965 775 dixerat,
3004 710 3316 766 libertatem
3351 724 3448 766 ne.

1855 809 2030 880 gavit;
2065 824 2132 863 ne
2162 806 2470 863 temeritate
2496 807 2787 867 laberetur,
2820 804 3061 873 praefecit
3093 803 3143 858 ei
3191 802 3454 863 fratrem..

1858 904 2015 974 cujus
2041 904 2363 959 auctoritate
2399 911 2453 955 et
2491 900 2872 954 moderatione
2902 899 3178 965 subjectus
3221 898 3454 964 prolice-

1858 1006 1944 1053 ret
1972 995 2038 1051 ad
2067 996 2500 1049 conversionem.
2531 993 2596 1047 Et
2622 992 2747 1062 quia
2780 990 3013 1046 servitus
3040 992 3205 1045 habet
3233 989 3443 1044 discre-

1859 1089 2062 1145 tionem
2097 1087 2204 1159 (est
2247 1088 2390 1142 enim
2428 1087 2767 1141 necessitatis
2816 1084 3099 1145 infirmior.
3147 1083 3444 1139 voluntatis

1858 1182 2079 1247 fortior;
2121 1183 2245 1252 quia
2290 1179 2564 1249 pulchrius
2590 1188 2669 1233 est
2701 1179 2923 1241 bonum,
2947 1175 3089 1247 quod
3119 1190 3224 1230 non
3255 1191 3321 1231 ex
3343 1190 3439 1231 ne-

1856 1276 2114 1330 cessitate
2143 1276 2219 1340 fit,
2252 1274 2346 1329 sed
2371 1288 2439 1328 ea
2468 1272 2769 1340 voluntate)
2805 1272 2926 1326 ideo
2964 1271 3013 1325 ei
3050 1270 3226 1339 primo
3256 1272 3442 1337 jttgttm

1856 1369 2115 1436 imposuit
2154 1367 2519 1428 necessitatis,
2556 1374 2742 1433 postea
2792 1362 3226 1419 benedictionent
3259 1361 3308 1416 ei
3338 1376 3432 1414 vo.

1857 1458 2118 1515 lnntaritn
2148 1458 2507 1527 subjectionis
2531 1456 2849 1526 impertivit.

1927 1556 1983 1610 9.
2027 1554 2147 1610 Non
2181 1554 2345 1625 igitur
2385 1562 2576 1607 natura
2618 1564 2836 1605 servum
2872 1549 3019 1613 facit,
3061 1550 3157 1605 sed
3186 1549 3447 1619 insipien-

1860 1647 1928 1702 tia
1962 1665 1975 1701 :
2004 1662 2105 1703 nec
2133 1644 2491 1701 manumissis»
2538 1645 2793 1710 liberum,
2826 1644 2921 1698 sed
2951 1643 3258 1711 disciplina.
3288 1642 3457 1699 Deni-

1858 1756 1961 1811 que
1992 1742 2130 1795 Esau
2159 1739 2297 1794 liber
2324 1750 2479 1793 natus
2507 1749 2606 1803 est,
2629 1746 2684 1791 et
2714 1750 2903 1790 servus
2930 1733 3103 1789 faetus
3127 1734 3456 1806 eslziosepb

155 1851 301 1903 sicut
349 1848 430 1902 sol
475 1847 723 1917 iustitia),
775 1850 865 1920 qui
915 1849 968 1904 in
1014 1864 1183 1921 regno
1230 1851 1408 1905 Patris
1453 1849 1536 1904 sui
1583 1848 1749 1918 fulget

1862 1837 2111 1893 vrnditus
2166 1839 2215 1891 in
2268 1838 2581 1890 servitutem
2635 1847 2716 1890 est
2759 1833 2916 1909 (Gen.
2968 1850 3178 1901 χχχιιι,
3233 1834 3350 1906 28),
3404 1844 3459 1889 et

156 1940 378 2011 (Matth.
411 1956 529 2007 xm,
557 1940 676 2011 45).

228 2035 282 2090 6.
328 2035 485 2091 Unde
516 2044 699 2091 tamen
730 2036 833 2090 hoc
855 2035 1067 2105 plenius
1098 2035 1341 2092 hauserit
1373 2036 1751 2107 Philosophia,

152 2127 223 2182 de
262 2143 364 2199 qua
408 2129 625 2185 Patrum
665 2129 951 2199 disciplina
994 2139 1049 2185 et
1082 2131 1394 2201 prudentia,
1427 2132 1751 2187 considere-

154 2235 298 2274 mus.
327 2220 523 2277 Nonne
544 2222 754 2291 primus
786 2223 916 2289 Noe,
945 2238 1068 2278 cum
1102 2224 1429 2279 advertisset
1461 2228 1584 2292 quia
1621 2227 1754 2281 insi-

154 2312 370 2382 pienter
404 2313 542 2367 ﬁlius
574 2328 707 2369 suus
738 2313 919 2385 .Cbam
968 2316 1167 2370 riserat
1217 2316 1475 2370 nudatum
1514 2328 1748 2386 patrem,

157 2406 437 2462 maledixit
472 2407 545 2473 ei,
593 2409 782 2463 dicens
811 2425 824 2461 :
853 2418 875 2447 ο
902 2406 1211 2463 Maledictus
1237 2410 1419 2479 ϐΙιαηι,
1448 2426 1624 2465 smus
1654 2410 1750 2465 do-

155 2499 394 2553 mesticus
423 2499 519 2552 erit
547 2499 796 2570 fratribus
832 2501 941 2553 suis
964 2499 1117 2571 (Gen.
1160 2516 1235 2565 ιχ,
1267 2501 1361 2572 95)
1388 2518 1402 2564 ;
1435 2512 1492 2557 et
1532 2517 1751 2573 pratpo-

155 2592 273 2645 snit-
311 2591 360 2646 ei
412 2590 607 2646 fratres
647 2593 763 2660 ejus
810 2592 1083 2657 dominos,
1118 2595 1208 2662 qui
1257 2597 1534 2664 sapienter
1580 2598 1750 2667 patris

156 2692 493 2739 senectutem
525 2683 898 2741 honorandum
932 2686 1228 2758 putarunt?

228 2778 281 2832 7.
329 2778 521 2833 Nonne
550 2780 712 2834 etiam
748 2780 869 2836 fons
911 2782 1004 2837 ille
1047 2781 1460 2852 disciplinarum
1504 2783 1748 2839 omnium

154 2870 351 2941 Jacob,
384 2873 689 2931 ubertatem
726 2875 1108 2946 disputationis
1144 2875 1305 2947 hujus
1342 2878 1587 2931 omnium
1629 2892 1754 2947 pec-

158 2969 371 3023 toribus
419 2968 633 3034 infudit,
665 2969 758 3049 qui
802 2971 1080 3040 sapientia:
1117 2973 1315 3027 merito
1364 2973 1623 3042 przrlatus
1667 2982 1753 3028 est

158 3060 316 3115 fratri
341 3062 543 3117 seniori
582 3060 732 3135 (Gen.
766 3079 931 3125 xxvu.
955 3063 1091 3134 ‘29)?
1122 3065 1363 3141 Denique
1403 3076 1558 3137 pater
1603 3070 1749 3136 pius,

158 3151 323 3225 932
353 3154 443 3222 qui
491 3154 631 3207 inter
657 3153 791 3208 duos
818 3155 959 3210 filios
989 3155 1187 3211 affectu
1213 3167 1451 3213 certaret
1494 3170 1746 3230 paterno,

1857 1927 2068 1984 electus
2108 1938 2191 1984 est
2239 1930 2302 1983 ad
2358 1940 2680 1998 potestatem
2713 1925 2867 1998 (Gen.
2911 1943 3020 1992 xu,
3060 1927 3185 1998 tl);
3229 1937 3289 1981 ut
3344 1925 3458 1981 suis

1855 2024 2199 2094 emptoribus
2230 2020 2542 2092 imperaret.
2572 2020 2690 2076 Non
2722 2021 3122 2091 dedignabatur
3154 2033 3334 2074 tamen
3358 2019 3459 2073 ob-

1855 2121 2109 2190 sequium
2140 2117 2473 2181 sedulitatis,
2511 2117 2605 2175 sed
2640 2117 2861 2173 tenebat
2894 2115 3115 2170 virtutis
3153 2115 3455 2187 faSIigium,

1854 2212 2212 2269 conservabat
2236 2211 2541 2267 libertatem
2577 2212 2932 2276 innocentim,
2970 2211 3295 2281 integritatis
3324 2226 3455 2265 auc—

1858 2306 2154 2359 toritatem.
2207 2304 2357 2360 Unde
2409 2303 2633 2373 pulchre
2681 2304 2952 2374 psalmista
3012 2305 3081 2359 ait
3111 2324 3125 2360 :
3157 2303 3221 2358 In
3259 2320 3456 2361 servum

1855 2384 2192 2451 venumdatus
2229 2407 2303 2452 est
2326 2396 2561 2466 Ioseph:
2594 2397 2991 2450 humiliuveruut
3034 2398 3087 2450 iu
3119 2397 3449 2467 compedibus

1854 2491 2006 2563 pedes
2036 2494 2148 2565 ejus
2178 2489 2348 2563 (Paul.
2379 2506 2493 2557 etv,
2524 2490 2631 2558 l8).
2668 2488 2734 2543 lu
2763 2506 2984 2556 seruiuit,
3018 2491 3213 2560 inquit,
3244 2506 3453 2543 venum-

1855 2584 2005 2639 datus
2045 2595 2154 2650 est,
2199 2600 2305 2639 non
2354 2599 2547 2640 servus
2594 2583 2786 2639 factus.
2826 2580 3249 2639 Humiliaverunt
3295 2583 3453 2652 pedes

1854 2684 1988 2747 eius,
2020 2696 2127 2733 non
2157 2680 2394 2734 animam
2425 2680 2565 2749 ejus.

1929 2771 2016 2826 10.
2050 2770 2334 2839 Quomodo
2352 2772 2497 2825 enim
2529 2769 2807 2825 bumiliata
2829 2780 2909 2824 est
2935 2769 3137 2834 anima,
3162 2766 3347 2841 dequa
3374 2768 3455 2821 di-

1854 2863 1930 2920 cit
1956 2882 1968 2916 :
1994 2862 2211 2918 Ferrum
2236 2865 2567 2936 pertransirt’t
2586 2863 2915 2935 auimuejus?
2932 2863 3195 2917 Natttcum
3221 2862 3450 2916 aliarum

1854 2960 2069 3015 animas
2093 2972 2373 3031 peccatum
2407 2969 2645 3014 transeat
2678 2958 2696 3032 (
2729 2957 2933 3014 ferrum
2982 2960 3130 3013 enim
3174 2964 3454 3025 peccatum

1859 3062 1964 3119 est,
2007 3054 2150 3123 quod
2177 3062 2258 3107 cst
2292 3052 2653 3123 penetrabile)
2696 3050 2901 3121 JOSt‘pil
2946 3050 3120 3104 sancti
3163 3047 3341 3103 anima
3375 3048 3447 3100 ita

1857 3166 1964 3205 non
1998 3150 2170 3217 patuit
2201 3159 2443 3215 peccato,
2474 3155 2529 3199 ut
2556 3147 2723 3215 magis
2748 3156 3030 3216 pect-atum
3063 3144 3175 3212 ipsa
3203 3151 3450 3211 penetra-

156 3240 181 3280 ἀ
225 3245 321 3299 sed
355 3246 693 3316 discreparet
719 3247 928 3317 judicio
979 3247 1239 3322 (affectus
1268 3253 1415 3306 enim
1450 3252 1751 3306 ttecessitu-
1775 3237 1823 3303 C
1858 3258 1956 3303 ret.
1988 3246 2229 3318 Denique
2263 3263 2360 3300 nec
2393 3245 2583 3299 herilis
2614 3244 2883 3299 illecebrm
2925 3242 3098 3297 flexits
3130 3253 3213 3296 cst
3255 3240 3447 3297 delini-

157 3334 283 3392 dine
309 3336 576 3404 defertur,
600 3340 807 3394 meritis
837 3351 1020 3395 autem
1045 3341 1246 3412 judicia
1278 3343 1605 3416 formantur)
1625 3359 1747 3399 cum

157 3428 425 3484 divideret
458 3430 611 3485 alteri
647 3433 875 3502 gratiam
906 3474 921 3499 ,
961 3434 1119 3489 alteri
1153 3436 1583 3491 misericordiam
1616 3454 1627 3491 :
1655 3451 1747 3490 sa-

161 3522 328 3591 pienti
372 3522 633 3592 gratiam,
681 3524 959 3595 insipienti
1004 3527 1460 3592 ttiiseriCordiant;
1509 3529 1634 3599 quia
1678 3530 1744 3583 ad

158 3614 415 3668 virtutem
461 3630 519 3670 se
563 3618 798 3687 propriis
846 3618 1053 3673 viribus
1096 3621 1307 3690 erigere
1352 3634 1458 3676 non
1494 3630 1743 3690 poterat,

158 3723 255 3762 nec
285 3720 648 3779 spootancum
674 3727 923 3781 gressum
955 3714 1228 3780 attollere,
1276 3712 1558 3770 benedixit
1597 3730 1745 3780 eum,

160 3812 216 3855 nt
242 3802 477 3856 serviret
506 3802 655 3857 fratri
685 3818 806 3871 suo,
841 3814 896 3859 et
928 3815 1077 3862 esset
1118 3806 1289 3877 ipsius
1316 3820 1530 3873 servus,
1562 3818 1748 3862 osten-

158 3894 288 3949 dens
316 3898 392 3950 ita
426 3906 451 3935 ε
481 3896 816 3952 deteriorem
861 3912 985 3954 esse
1029 3900 1294 3955 servitute
1346 3901 1740 3971 insipientiam,

160 3995 215 4039 ut
264 3987 510 4043 remedio
549 3989 599 4043 ei
652 3990 884 4045 servitus
914 3992 1014 4055 sit;
1047 3992 1169 4061 quia
1198 3993 1402 4046 stultus
1441 4007 1633 4063 regere
1685 4006 1747 4050 se

161 4096 266 4136 non
297 4091 494 4154 potest,
531 4092 587 4139 et
616 4083 717 4138 nisi
750 4084 1149 4140 moderatorem
1179 4084 1397 4154 habeat,
1432 4087 1743 4159 praecipuas

162 4182 248 4229 tur
277 4175 517 4246 propriis
547 4175 941 4231 voluntatibus.

227 4260 576 4338 8.‘Diligeus
621 4284 753 4340 ergo
804 4268 1003 4339 patert
1049 4280 1106 4327 et
1152 4273 1469 4340 consulens,
1522 4287 1743 4331 servum

160 4374 278 4414 eum
329 4362 514 4418 fratris
558 4364 645 4418 sui
694 4364 843 4432 fecit,
894 4375 951 4422 ιιι
1000 4367 1121 4439 ejus
1159 4372 1447 4441 regeretur
1486 4370 1743 4425 censilio.

161 4452 632 4513 ldeoinconsuitis
658 4459 875 4529 populis
917 4462 1194 4538 sapientes
1233 4465 1437 4533 quique
1478 4464 1746 4518 adhiben-

159 4554 247 4601 tur
276 4561 540 4617 rectores,
575 4552 666 4619 qui
693 4552 958 4622 plebeiam
986 4554 1357 4625 insipientiam
1400 4557 1587 4627 vigore
1619 4566 1747 4628 pro-

161 4639 276 4706 prio
312 4651 536 4713 regant;
587 4653 648 4697 ut
691 4646 949 4714 putentia:
988 4648 1170 4717 specie
1214 4647 1585 4715 dominentur,
1632 4664 1740 4721 quo
1769 4630 1818 4701 Β

161 4778 471 4859 cognitione
493 4782 770 4859 sapientizn
798 4788 1053 4859 positam,
1083 4802 1189 4859 seu
1218 4787 1392 4842 solum
1430 4789 1741 4859 sapientem

162 4864 282 4926 esse
326 4852 568 4910 liberum
604 4857 757 4911 stoici
798 4852 1001 4926 magno
1049 4858 1255 4911 ambitu
1302 4852 1741 4915 venditaverunt.

163 4919 424 4994 Versatur
462 4927 513 4981 in
542 4926 642 4981 hac
682 4919 1268 4982 materiaVParodoxnm
1302 4929 1340 4984 5
1378 4930 1444 4982 Μ.
1475 4928 1662 4994 Tullii,
1690 4939 1746 4984 et

166 4991 197 5044 6
226 5010 329 5049 non
363 4997 413 5049 in
456 5000 682 5059 multum
733 5000 968 5053 diversa.
1018 4998 1269 5057 Clemens
1310 5000 1469 5058 Alex.
1523 5002 1619 5060 lib.
1653 4991 1742 5061 'ttt.

165 5061 377 5136 fa-dag.
420 5083 467 5123 c.
524 5066 578 5136 6,
626 5071 799 5123 solum
842 5071 1197 5129 christianum
1243 5072 1464 5129 divitem
1512 5075 1743 5131 astruit:

165 5133 577 5213 Philo—quoque
626 5156 843 5197 euntem
892 5144 1119 5213 probum
1167 5143 1327 5213 potiri
1375 5140 1627 5199 libertate
1656 5146 1749 5199 de—

171 5218 433 5261 monstrat
453 5212 594 5264 edita
616 5212 1075 5269 commentatione
1105 5212 1206 5271 sub
1237 5215 1430 5272 eodem
1467 5215 1640 5272 titulo.
1682 5232 1750 5271 ex

168 5292 274 5358 ‘1“0
302 5295 406 5330 mm
430 5294 595 5349 pauca
631 5284 850 5358 iubant:
892 5287 1177 5353 epistolam
1219 5258 1491 5342 trtiustulit
1517 5258 1750 5341 Audire:

164 5356 274 5424 sitis
324 5359 529 5424 noster,
586 5356 1042 5424 quemadmodum
1099 5360 1148 5412 in
1189 5358 1285 5413 lib.
1330 5376 1345 5419 ι
1384 5359 1451 5417 de
1494 5358 1661 5414 Jarob
1693 5366 1748 5419 et

166 5416 295 5504 vim-
323 5416 646 5504 inaurati.
677 5427 708 5478 τ
736 5437 789 5481 et
818 5427 872 5491 δ,
912 5440 965 5482 et
1004 5429 1102 5484 lib.
1144 5446 1206 5504 ιιἲ
1234 5416 1355 5500 cap.
1397 5416 1430 5504 ι
1480 5426 1537 5486 et
1570 5429 1624 5491 ὅ.
1659 5416 1749 5485 ubi

165 5495 430 5578 fama!”
457 5495 1019 5578 Ῐάξθιιψῖιξιιηιρηιιιιιι,
1055 5495 1499 5578 (mimi-uictima
1535 5512 1747 5555 mutua-

165 5571 249 5644 tus
280 5571 385 5629 est,
420 5575 473 5617 ut
511 5568 562 5619 in
591 5566 866 5623 Admonit.
902 5572 964 5629 ad
1007 5566 1226 5629 eosdem
1270 5574 1442 5630 libros
1489 5576 1745 5632 observa-

162 5647 365 5688 νιιῐιιιε.

234 5716 260 5743 η
302 5705 463 5787 εξοιιιἶ
491 5709 647 5787 edit.,
672 5711 918 5787 insipiens
958 5731 1151 5787 servus.
1186 5714 1265 5787 At
1296 5716 1544 5787 sequenti
1588 5710 1747 5772 versit

165 5782 262 5864 pro
293 5768 463 5864 Parit!
480 5768 793 5864 ﬁj'ittsdicit',
824 5768 1156 5864 ιιιεςξξιιιιιιό
1180 5768 1607 5864 ὗιὶιιέζῖἁειίἱιι.

162 5848 248 5907 vid
276 5848 402 5907 dicit
432 5866 450 5917 ;
479 5848 682 5923 aliquot
717 5848 919 5925 autem,
970 5848 1223 5918 Salomon
1267 5848 1411 5918 dicit.
1454 5848 1635 5929 Quam
1676 5848 1745 5929 ob

1856 3353 2066 3408 mento,
2102 3358 2203 3396 nec
2241 3340 2513 3394 innncrito
2554 3338 2799 3393 [lautitias
2828 3353 2935 3390 non
2972 3336 3141 3390 sensit
3170 3332 3445 3392 libidinis.

1853 3435 1974 3501 quia
2018 3434 2180 3506 933
2222 3432 2424 3501 majore
2471 3431 2669 3485 divina:
2700 3430 2962 3501 flagrabat
3006 3430 3200 3483 ardore
3237 3428 3448 3498 gratiae.

1854 3522 2007 3583 Unde
2055 3539 2107 3580 et
2157 3527 2259 3579 hoc
2302 3525 2527 3595 pulebre
2551 3524 2629 3585 ,de
2667 3540 2732 3577 eo
2763 3523 2966 3577 dictum
3007 3530 3128 3576 est:
3162 3521 3296 3588 Quid
3342 3520 3449 3574 ιιι)-

1851 3622 2022 3690 quium
2054 3619 2263 3673 Domim’
2290 3618 2416 3672 assit
2439 3636 2556 3673 eum
2599 3616 2774 3687 (Paul.
2809 3633 2914 3679 etv,
2946 3615 3069 3687 l9);
3101 3632 3207 3687 quo
3247 3612 3446 3670 restin-

1851 3712 1927 3767 xit
1960 3711 2158 3782 ignitas
2183 3710 2382 3767 diaboli
2413 3712 2659 3781 sagitt-is.
3204 3718 3210 3725 '

1924 3808 2009 3862 ll.
2051 3800 2332 3875 Quomodo
2380 3806 2468 3859 hic
2500 3819 2712 3869 servus,
2755 3803 2843 3873 qni
2887 3802 3127 3857 erudivit
3171 3799 3446 3871 principes

1851 3902 2033 3974 populi
2064 3901 2116 3957 in
2163 3902 2255 3956 illa
2289 3900 2638 3955 frumentaria
2680 3898 3121 3967 dispensatione;
3155 3904 3213 3950 ut
3257 3897 3447 3948 fatone

1851 3996 2047 4067 inopim
2090 3997 2444 4050 consulerent
2488 4005 2541 4049 et
2592 3993 2988 4066 providerent?
3029 3990 3135 4045 Aut
3171 3986 3447 4060 quomodo

1849 4104 2064 4156 servus,
2093 4089 2182 4159 qui
2220 4097 2384 4143 totam
2434 4097 2630 4141 terram
2677 4085 2989 4156 acquisivit,
3037 4093 3090 4137 et
3133 4082 3446 4137 universum

1850 4182 2110 4254 populum
2154 4179 2529 4253 Egyptiornm
2575 4179 2625 4232 in
2671 4179 2985 4233 servitutem
3018 4174 3225 4245 redrgit
3270 4172 3442 4245 (Ceu.

1849 4292 1991 4332 XLvtt
2025 4318 2038 4341 ,
2107 4275 2265 4347 20)?
2319 4274 2433 4328 Non
2497 4282 2556 4328 ut
2614 4271 2980 4328 conditionem
3029 4268 3237 4325 servitii
3286 4262 3442 4338 igno-

1851 4371 1979 4427 bilis
2017 4371 2284 4441 irrogaret
2308 4410 2322 4433 ,
2361 4367 2454 4423 sed
2503 4377 2560 4420 ut.
2591 4368 2857 4420 tributum
2890 4364 3270 4427 constitueret,
3298 4378 3439 4433 pra:-

1854 4476 1936 4521 ter
2004 4463 2405 4535 possessionem
2456 4472 2632 4516 tamen
2708 4459 3141 4525 sacerdotalem,
3191 4473 3349 4529 quant
3416 4471 3446 4510 a

1853 4557 2070 4613 tributis
2118 4557 2415 4611 immunem
2447 4553 2790 4619 rescrxavit;
2851 4562 2907 4607 ut
2963 4552 3105 4623 apud
3163 4548 3450 4621 [Egyptios

1845 4664 2059 4723 quoque
2110 4649 2439 4704 inviolabilis
2481 4648 2779 4703 haberetur
2826 4646 3019 4717 religio
3067 4642 3447 4700 sacerdotalis.

1850 4804 1965 4845 rem
1991 4802 2156 4857 porro
2184 4787 2477 4857 Salomoni
2495 4786 2821 4845 Ambrosius
2856 4785 3053 4843 tribuat
3078 4782 3451 4857 “Ecclesiasti-

1849 4850 2006 4925 cum,
2033 4854 2270 4912 diximus
2298 4868 2441 4915 ιιριιιιι
2469 4856 2510 4919 1,
2540 4874 2659 4927 pag.
2692 4858 2816 4912 807.
2846 4856 2922 4911 De
2949 4855 3140 4926 plagiis
3174 4870 3301 4909 vero
3332 4850 3449 4918 phi-

1851 4929 2202 4998 losopboruin
2258 4937 2337 4982 tot
2380 4938 2595 4997 tamque
2646 4928 2831 4981 multis
2888 4929 3019 4981 locis
3081 4941 3199 4979 rum
3254 4927 3443 4978 eodem

1854 5003 2018 5070 priori
2055 5009 2221 5063 tonio,
2256 5009 2365 5057 tum
2396 5006 2555 5053 etiam
2589 5000 2692 5054 bne
2724 5002 2844 5069 ipso
2873 4999 3137 5068 disputat,
3169 5004 3227 5050 ut
3254 4998 3335 5050 eis
3356 5011 3447 5048 re-

1855 5069 2143 5129 censendis
2170 5072 2498 5133 arbitremur
2523 5070 3014 5131 supersedendum.

1925 5138 1954 5180 b
1995 5138 2195 5213 omnes
2224 5141 2381 5207 edit.,
2417 5143 2617 5196 variant
2658 5143 2889 5196 animum
2928 5141 3119 5213 nescit;
3151 5152 3279 5192 mss.
3318 5152 3447 5191 vero

1853 5212 2094 5286 plurimi,
2117 5212 2308 5286 “uarios
2349 5213 2507 5286 animi
2543 5228 2736 5279 casus;
2771 5212 3221 5286 quidaniJ-tiatn,
3279 5220 3449 5286 motus

1853 5282 2043 5347 iit-scit;
2080 5283 2171 5339 alii
2225 5285 2494 5349 nonnulb,
2544 5288 2715 5339 varius
2764 5284 2959 5349 animi;
3006 5282 3225 5353 Boyer.,
3274 5282 3447 5335 varius

1851 5374 1958 5411 esse
1988 5355 2167 5420 (tuitui,
2200 5354 2375 5408 nescit.
2410 5355 2559 5409 Ilaud
2591 5356 2960 5408 incomtnode.

1928 5439 1949 5467 ε
1990 5427 2149 5481 Rom.
2196 5427 2327 5483 edit.
2368 5429 2504 5490 sola,
2538 5425 2845 5480 Maledictus
2871 5423 3157 5479 Chaunum.
3201 5422 3269 5481 Et
3293 5432 3447 5478 certe

1850 5502 2097 5573 scribunt
2128 5496 2302 5573 LXX,
2355 5500 2730 5573 ἐπικατάρατος
2755 5499 2905 5573 Χάιμ3
2962 5510 3098 5573 «tuos
3151 5494 3253 5551 hoc
3298 5496 3444 5562 loco,

1853 5571 1995 5627 sicut
2026 5582 2077 5621 et
2104 5569 2231 5623 alibi
2261 5583 2509 5625 secutum
2542 5566 2753 5619 rimsht
2785 5566 3152 5625 Allibl‘ﬂh‘illnl.

1927 5639 1953 5678 ἀ
2000 5640 2121 5699 Vet.
2156 5640 2315 5703 edit.,
2348 5642 2434 5693 sed
2464 5636 3017 5710 disceptaretjudit‘io.

1931 5723 1954 5751 ε
1997 5712 2199 5781 Eadem
2234 5711 2391 5772 edit”
2438 5709 2737 5764 debriarent
2777 5709 2886 5763 esse
2932 5711 3317 5781 insipientiam;
3346 5709 3445 5771 sed

1857 5801 1954 5843 cur
1979 5780 2293 5851 sublatasit
2325 5797 2423 5851 ru:
2456 5784 2713 5851 servitute,
2742 5783 2877 5841 nihil
2913 5800 3094 5843 causa:
3123 5792 3229 5842 est.

1932 5854 1951 5898 ί
1988 5854 2117 5933 llas.
2145 5848 2375 5928 aliquot,
2407 5862 2455 5910 et
2486 5848 2758 5913 correctam
2778 5858 3139 5935 servitium»,
3170 5868 3280 5918 etc.
