3996 6292
547 261 685 324 1087
1907 253 2152 313 SANC’I‘I

2269 250 2518 310 [BROSII
3703 241 3799 301 1088

617 375 705 431 12.
749 373 869 432 Non
899 373 1032 432 fecit
1077 371 1239 444 igitur
1281 387 1407 428 eum
1452 383 1674 428 servum
1705 367 1985 433 venditio;
2016 382 2142 424 nam
2169 371 2224 432 Α
2246 384 2470 438 aquam;
2492 376 2541 423 et
2567 383 2871 439 quicumque
2895 383 2998 422 non
3021 365 3228 422 habetis
3253 372 3552 436 argentum,
3577 361 3661 428 ite,
3677 369 3799 428 cattle,

551 470 743 542 utique
767 467 1200 542 negotiatoribus
1238 474 1358 523 erat
1399 463 1903 522 venditus:verum
1931 463 1977 517 si
2025 475 2147 533 pre-
2246 471 2296 516 et
2323 461 2496 527 bibite,
2525 470 2576 516 et
2602 461 2908 516 manducate
2931 459 3106 532 (Esai.
3144 474 3241 524 ιν,
3277 457 3355 528 1).

547 563 682 620 tium
700 572 938 633 spectes,
963 562 1165 618 multos
1193 559 1438 617 invenies
1461 558 1560 630 qui
1585 565 1844 616 emerunt
1864 557 1969 614 sibi
1996 555 2149 628 puel-
2324 557 2415 614 16.
2456 557 2619 614 Liber
2657 568 2742 614 est
2780 559 2893 625 ille,
2921 559 3015 630 qui
3057 556 3427 630 progrediens
3464 555 3518 611 in
3558 553 3804 619 bellum,si

550 656 694 715 lulas
720 657 912 713 forma:
935 655 1314 727 elegantioris,
1337 667 1568 726 quarum
1593 665 1783 708 amore
1810 650 1977 721 capti,
2003 649 2149 719 turpi
2251 653 2448 710 viderit
2491 653 2773 710 mulierem
2818 655 3017 710 bonam
3067 662 3298 723 aspectu
3327 691 3344 717 ,
3400 660 3459 706 et
3512 648 3806 719 deprauatus

551 750 781 808 servitio
809 763 934 806 sese
958 747 1248 805 dederunt.
1282 744 1580 802 Videbatur
1606 744 1814 814 Apeme
1841 741 2149 799 concubina
2258 761 2391 819 opes
2413 747 2758 804 inimicorum
2781 761 3024 813 suorum,
3058 757 3341 816 repertam
3373 743 3488 800 illic
3523 744 3808 813 conettpierit

553 842 709 901 Darii
754 842 897 915 regis
936 838 1134 898 sedens
1169 839 1238 896 ad
1277 837 1561 895 dexteram
1596 836 1737 908 eius.
1786 836 2044 894 auferens
2081 833 2150 890 de
2251 858 2390 909 eam,
2439 842 2673 913 demptis
2715 840 3024 913 superﬂuis,
3071 851 3126 896 et
3154 839 3488 896 indumento
3536 837 3808 909 captivitatis

555 939 736 1010 capite
759 936 881 1008 ejus
909 934 1182 1001 diadema,
1225 941 1282 990 et
1324 946 1423 987 suo
1462 933 1745 1002 imponens
1774 928 1992 996 vertici,
2032 927 2152 999 pal-

2269 935 2519 1000 letracto.
2553 936 2606 990 iu
2636 947 2860 990 uxorem
2902 933 3006 989 sibi
3039 932 3411 1003 copulaverit,
3441 930 3561 1002 jam
3611 945 3708 985 non
3734 945 3810 985 set-

556 1033 663 1088 mis
693 1031 887 1087 faciem
917 1029 1036 1099 ejus
1064 1027 1285 1083 sinistra
1316 1041 1476 1081 manu
1505 1025 1839 1082 verberans:
1872 1025 2033 1094 quam
2053 1036 2152 1078 rex
2252 1044 2394 1097 vam,
2425 1028 2518 1084 sed
2551 1029 2776 1084 liberam
2807 1025 2991 1098 (υειιι,
3018 1042 3126 1094 ιιι,
3157 1025 3248 1092 ιο,
3268 1024 3402 1097 tt);
3432 1024 3688 1095 intelligit
3707 1024 3809 1079 enim

561 1133 754 1194 aperto
782 1135 878 1178 ore
901 1120 1231 1184 intuebatur,
1263 1117 1509 1189 gaudens
1552 1117 1598 1172 εἰ
1633 1115 1854 1189 quando
1881 1114 2154 1171 arrideret
2253 1121 2533 1176 famulatui
2563 1120 2899 1190 prudentiam
2929 1128 2985 1176 et.
3013 1117 3362 1188 disciplinam
3408 1133 3521 1174 non
3550 1117 3811 1186 subjm,

556 1217 607 1273 ei
636 1215 870 1272 mulier:
893 1213 1039 1286 quod
1079 1213 1126 1270 si
1165 1229 1229 1270 ea
1267 1211 1666 1283 indignaretur,
1696 1211 1956 1267 miserum
1988 1225 2050 1265 se
2073 1217 2154 1265 at-
2256 1215 2490 1287 Ideoque
2516 1214 2628 1271 Lex
2660 1213 2819 1270 dicit:
2839 1212 2958 1269 Non
2988 1212 3391 1269 venumdabilstr
3412 1212 3644 1284 pecunia
3669 1209 3812 1282 (ibit,

558 1324 668 1384 que
694 1308 954 1365 afﬂictum
976 1317 1229 1380 putaret;
1251 1317 1307 1362 ut
1335 1314 1607 1378 potestate
1635 1304 1932 1371 submissa,
1953 1312 1978 1341 ι
2003 1305 2158 1359 blan-

561 1403 722 1459 ditias
745 1403 1048 1466 obtexeret.
1072 1413 1128 1460 et
1151 1401 1432 1458 conciliari
1467 1399 1570 1456 sibi
1601 1414 1722 1456 eam
1765 1401 2156 1470 deprecaretur

564 1495 660 1570 (ιιι
691 1496 849 1552 ειάν.
883 1512 958 1565 ιν,
988 1495 1078 1564 29,
1111 1495 1226 1568 so).

636 1631 724 1688 15.
767 1631 877 1690 Sed
935 1632 1067 1704 quid
1127 1632 1230 1689 ista
1280 1647 1479 1704 magno
1542 1632 1841 1705 allegantes
1912 1631 2158 1687 ambitu?
2256 1587 2403 1705 qui":
2431 1602 2568 1705 me":
2596 1584 3800 1705 f_p:e:i_:5i:f;:_n_m

2335 1681 2423 1737 17.
2464 1680 2570 1736 Sed
2601 1695 2708 1735 non
2740 1678 2834 1735 ille
2859 1679 3034 1735 solum
3065 1677 3226 1744 liber,
3254 1687 3279 1715 ε
3309 1677 3404 1748 qui
3433 1676 3713 1732 dominum
3740 1678 3816 1732 lici-

564 1724 685 1782 Non
739 1726 985 1782 videmus
1069 1727 1242 1782 lerum
1287 1742 1358 1784 ue
1409 1726 1462 1782 in
1588 1735 1834 1783 testatem
1907 1727 2152 1782 iraticam
2465 1724 2570 1736 """
2601 1724 2708 1735 ’“’“
2740 1724 2834 1735 ”“’
2859 1724 3034 1735 """"
3066 1724 3226 1744 """
3311 1724 3404 1748 τ’·
3435 1724 3713 1782 “','"”""

565 1819 648 1844 μ.
675 1821 987 1844 ,μμηεμ
1031 1742 1385 1844 EuLh‘qmm
1421 1741 1668 1844 “3?.”
1717 1743 1972 1844 ,μη-ξ--
2007 1835 2031 1844 ,
2095 1820 2124 1844 η
2185 1761 2232 1823 Β
2262 1785 2490 1832 tatorem
2535 1791 2642 1830 non
2696 1773 2951 1844 pertulit,
2989 1781 3081 1829 aut
3129 1771 3415 1827 tollentem
3465 1771 3696 1842 digitum
3747 1787 3818 1825 non

565 1819 650 1876 vel
675 1821 991 1876 immanium
1032 1821 1388 1877 barbarorum
1421 1821 1672 1877 redactos
1717 1828 1975 1892 parentes
2006 1835 2036 1874 a
2094 1820 2154 1874 li-

559 1913 651 1970 liis
696 1913 723 1953 δ
764 1913 957 1971 redimi
1015 1914 1298 1986 pecunia?
1360 1913 1630 1987 Numquid
1705 1914 1853 1986 leges
1916 1913 2157 1984 pecuniae

564 2011 804 2083 potiores
862 2027 1026 2083 quam
1086 2011 1236 2083 leges
1277 2012 1528 2068 naturas?
1570 2009 1841 2082 Numquid
1875 2013 1898 2042 ‘
1934 2011 1986 2066 in
2037 2025 2158 2066 ser-

573 2105 744 2162 vitute
794 2107 1099 2163 accersitur
1154 2106 1377 2178 pietas?
1436 2105 1691 2176 Plerique
1719 2111 2000 2175 emptores
2046 2103 2159 2158 leo-

567 2215 700 2256 num
751 2207 926 2265 sunt,
968 2208 1023 2254 et
1071 2207 1248 2255 tamen
1303 2213 1412 2254 non
1466 2198 1821 2253 dominantur
1867 2195 2158 2252 leonibus:

565 2292 664 2348 sed
695 2293 767 2348 ita
818 2291 1182 2362 subjiciuntur
1228 2306 1390 2346 versa
1437 2291 1556 2347 vice
1606 2332 1623 2358 ,
1693 2300 1753 2346 ut
1830 2289 1878 2345 si
1932 2303 2161 2358 exaspe-

572 2393 723 2440 ratos
785 2397 882 2440 eos
937 2393 1195 2439 excutere
1257 2383 1474 2438 cervice
1537 2390 1690 2439 toros
1737 2381 2013 2449 viderint,
2078 2380 2165 2436 fu-

2261 1308 2384 1381 ll);
2423 1323 2582 1364 omne
2616 1309 2761 1364 enim
2809 1306 3104 1378 pretiosum
3147 1321 3256 1361 non
3300 1313 3478 1360 estea
3519 1303 3750 1374 dignum.
3772 1304 3814 1358 Et

2255 1401 2358 1459 Job
2376 1403 2535 1458 dicit:
2559 1400 2770 1456 Attrahe
2799 1401 3106 1470 sapientiam
3128 1401 3182 1454 in
3204 1398 3463 1453 interiora
3492 1395 3636 1471 (Job.
3671 1412 3814 1456 smn,

2261 1493 2374 1567 18).
2431 1494 2548 1551 Νοη
2595 1494 2670 1549 illi
2707 1491 3115 1566 comparabitur
3158 1489 3185 1529 ά
3229 1489 3540 1562 Ᾰίιιιίορὶεε
3589 1489 3812 1560 topazioa,

2262 1868 2435 1935 vidit,
2467 1867 2562 1924 sed
2593 1867 2686 1922 ille
2714 1869 2884 1938 magis
2910 1865 3067 1930 liber,
3094 1865 3187 1934 qui
3221 1865 3364 1919 intra
3391 1878 3452 1920 se
3485 1865 3627 1920 liber
3651 1875 3745 1931 est,
3761 1864 3820 1934 qui

2261 1962 2470 2033 legibus
2498 1971 2707 2017 natura:
2738 1961 2877 2016 liber
2914 1970 3020 2028 est,
3046 1958 3222 2027 legem
3258 1958 3443 2014 sciens
3483 1970 3697 2014 natura
3725 1975 3823 2030 pra-

2263 2057 2517 2127 scriptam
2546 2071 2668 2112 esse
2697 2055 2962 2122 moribus,
2996 2070 3102 2110 non
3148 2052 3598 2120 conditionibus;
3627 2066 3681 2110 et
3715 2071 3818 2110 aves

2263 2165 2446 2206 suram
2485 2147 2795 2204 officiorum
2843 2155 3266 2220 consentaneam
3313 2160 3426 2202 non
3456 2144 3696 2208 htuniuis
3722 2147 3826 2202 arbi-

2265 2246 2388 2311 trio,
2423 2244 2520 2300 sed
2553 2252 2760 2299 natura:
2786 2241 3109 2312 disciplinis.
3148 2239 3342 2298 Utrum
3388 2239 3560 2312 igitur
3589 2242 3691 2298 iste
3727 2243 3828 2297 liber

2267 2338 2362 2395 tibi
2386 2337 2778 2404 tantummodo,
2799 2352 2867 2391 an
2898 2335 3116 2407 quidam
3147 2349 3352 2392 censor
3372 2334 3621 2403 videtur,
3651 2345 3703 2392 et
3727 2351 3831 2407 prae-

574 2477 798 2549 giantet
822 2476 1166 2532 delitescant.
1198 2474 1341 2531 Nihil
1380 2490 1512 2547 ergo
1549 2475 1869 2547 prazjudicat
1911 2475 2161 2546 pecunia,

571 2585 694 2642 qua:
716 2569 1036 2642 plerumque
1056 2568 1158 2624 sibi
1181 2567 1437 2625 dominos
1465 2569 1631 2625 emit:
1663 2568 1799 2625 nihil
1829 2568 2027 2625 tabula:
2045 2583 2166 2625 auc-

572 2661 828 2729 tionales,
845 2660 1042 2732 quibus
1067 2671 1282 2733 emptor
1304 2661 1619 2734 frequenter
1637 2661 1982 2732 adjudicatur
2004 2671 2165 2733 atque

570 2751 858 2810 addicitur.
889 2751 1218 2809 Contractus
1246 2768 1356 2810 non
1387 2764 1562 2809 mutat
1591 2770 1781 2824 genus,
1819 2769 1917 2810 nec
1955 2753 2164 2825 sapien-

576 2846 664 2902 tite
682 2846 988 2902 libertatem
1003 2847 1214 2902 adimit.
1227 2847 1473 2918 Denique
1497 2847 1699 2902 famulo
1720 2847 1951 2918 sapienti
1983 2847 2162 2915 multi,

573 2947 633 2994 ut
653 2939 915 3009 scriptum
955 2947 1037 2995 est
1081 2937 1266 3009 (Prov.
1297 2955 1425 3008 xvn,
1466 2939 1562 3011 9.),
1601 2940 1845 2996 serviunt
1889 2939 2045 2995 liberi
2073 2955 2087 2992 :
2112 2949 2166 2995 ct

571 3040 659 3088 est
686 3046 879 3088 servus
904 3030 1236 3104 intelligens,
1264 3032 1354 3102 qui
1385 3038 1540 3103 regat
1561 3031 1816 3087 dominos
1845 3031 2066 3087 stultos.

645 3146 732 3202 14.
774 3145 946 3216 Quem
975 3161 1108 3218 ergo
1147 3147 1320 3219 magis
1359 3147 1587 3202 liberum
1641 3148 1869 3203 censes?
1904 3147 2034 3204 Sola
2079 3157 2166 3203 est
2190 3155 2239 3222 ο

575 3242 846 3314 sapientia
875 3241 1071 3309 libera,
1101 3258 1222 3314 qua:
1251 3241 1513 3297 divitibus
1543 3257 1814 3313 pauperes
1841 3241 2088 3315 prteiicit,
2115 3253 2172 3299 et

572 3352 695 3408 qua:
714 3349 904 3392 servos
930 3336 1168 3407 propriis
1193 3335 1446 3393 fenerare
1472 3335 1708 3391 dominis
1730 3335 1886 3392 facit:
1911 3335 2169 3393 fenerare

576 3443 684 3485 non
723 3430 1036 3501 pecuniam,
1071 3430 1166 3486 sed
1207 3430 1579 3486 intellectum:
1613 3429 1864 3488 fenerare
1906 3431 2166 3487 talentum

577 3521 720 3578 illius
762 3522 1025 3578 Dontiuici
1067 3523 1367 3594 aeternique
1417 3522 1698 3590 thesauri,
1736 3525 1830 3595 qui
1875 3539 2167 3595 numquam

575 3615 964 3685 corrumpitur,
997 3615 1151 3686 cujus
1183 3625 1238 3671 et
1278 3631 1439 3672 usura
1484 3617 1724 3688 pretiosa
1769 3626 1893 3674 est:
1922 3618 2169 3675 fenerare

574 3704 711 3760 illud
747 3705 1086 3777 intelligibile
1129 3707 1469 3777 eloquiorum
1515 3719 1799 3779 argentum
1835 3711 2167 3777 ctelestium,

576 3795 646 3852 de
669 3812 777 3868 quo
818 3795 931 3852 Lex
962 3796 1132 3852 dicit:
1171 3795 1448 3854 Fenerabis
1484 3800 1739 3870 gentibus,
1779 3809 1834 3854 tu
1866 3809 2036 3856 autem
2065 3817 2169 3856 non

575 3891 892 3948 mutuaberis
943 3890 1124 3964 (Deut.
1154 3907 1244 3959 xv,
1277 3892 1354 3964 6).
1399 3892 1554 3960 Quod
1601 3892 1858 3949 llebrasus
1903 3893 2171 3950 feneravit

574 3987 849 4059 gentibus,
881 3985 998 4057 ipse
1031 3997 1212 4042 autem
1243 4001 1350 4042 non
1390 3988 1602 4057 accepit
1638 4003 1669 4042 a
1713 3987 1926 4058 populis
1963 3987 2170 4043 doctri-

575 4095 722 4146 nam,
771 4077 866 4134 sed
901 4078 1267 4134 tradiditzcui
1291 4079 1502 4152 aperuit
1549 4079 1813 4134 Dominus
1855 4079 2167 4135 thesaurum

575 4188 755 4241 suum,
799 4183 860 4230 ut
905 4183 1099 4245 gentes
1141 4173 1317 4244 pluvia
1354 4175 1626 4231 sermonis
1661 4175 1747 4230 sui
1776 4174 1980 4232 faceret
2003 4174 2171 4248 935.

579 4264 919 4332 humescere,
959 4273 1017 4322 et
1045 4264 1202 4320 ﬂeret
1240 4264 1493 4336 princeps
1530 4266 1792 4336 gentium,
1832 4267 1950 4337 ipse
1985 4276 2167 4323 autem

575 4372 739 4428 supra
783 4372 844 4414 se
869 4356 1170 4430 principem
1199 4357 1407 4413 nullum
1440 4357 1688 4414 haberet.

650 4473 739 4530 15.
783 4472 950 4530 Liber
975 4484 1059 4530 est
1081 4491 1210 4548 ergo
1234 4474 1328 4546 qui
1369 4473 1586 4546 sapiens
1617 4481 1722 4543 est,
1755 4474 1931 4545 pretio
1953 4485 2168 4546 emptus

576 4568 921 4624 oraculorum
941 4569 1265 4636 caelestium,
1295 4569 1392 4625 illo
1412 4585 1567 4634 auro,
1596 4567 1696 4624 illo
1716 4580 1946 4640 argento
1967 4584 2169 4627 sermo-
2191 4544 2249 4606 D

579 4660 666 4717 nis
693 4659 860 4717 divini
889 4679 904 4717 :
935 4663 1108 4733 pretio
1135 4673 1350 4734 emptus
1375 4661 1654 4734 sanguinis
1681 4662 1814 4735 (non
1835 4661 1980 4718 enim
2008 4664 2169 4719 mini-

577 4771 724 4812 mum
748 4765 834 4811 est
851 4765 1153 4827 emptorem
1176 4754 1495 4828 agnoscere)
1515 4755 1692 4827 pretio
1717 4765 1933 4827 emptus
1953 4758 2165 4829 gratiae,

568 4849 660 4920 qui
683 4848 892 4905 audivit
915 4858 970 4906 et
1001 4849 1263 4906 intellexit
1293 4849 1565 4906 dicentem
1593 4867 1606 4904 :
1641 4848 1746 4916 Qui
1782 4850 1954 4920 sititis,
1995 4852 2066 4908 ite
2099 4854 2170 4908 ad

643 4974 669 5040 f‘
708 4965 892 5040 _Codex
922 4967 1142 5039 Boyer.,
1173 4966 1454 5040 Blandiens
1483 4971 1711 5040 furorem
1734 4967 2009 5040 obtexeret.

640 5035 669 5076 ιδ
707 5036 784 5092 Ita
814 5037 946 5093 edit.
972 5035 1026 5094 et
1054 5053 1184 5094 mss.
1216 5039 1374 5108 longe
1403 5035 1643 5108 plurimi.
1675 5040 1776 5092 nisi
1814 5039 1956 5109 quod
1990 5042 2154 5097 omit-

572 5108 705 5165 titur
727 5109 780 5163 in
810 5109 1062 5166 omnibus
1098 5110 1229 5165 edit.
1265 5119 1314 5163 et
1360 5110 1543 5180 paucis
1588 5123 1718 5164 mss.
1765 5108 1867 5164 vox
1906 5113 2158 5180 pecunia,-

573 5180 697 5237 cod.
727 5194 859 5254 vero
899 5181 1096 5254 Boyer.
1133 5182 1309 5254 locum
1333 5179 1415 5235 sic
1441 5179 1619 5254 ell'ert,
1648 5179 2159 5254 redinii.7Numquid

576 5252 807 5324 pecunia:
831 5250 1091 5324 subjaccnt
1143 5253 1278 5322 leges
1304 5251 1539 5306 natura?
1566 5250 1835 5324 Numquid
1858 5253 1914 5307 in
1944 5250 2158 5310 seruitu-

575 5334 675 5379 tem
695 5325 974 5397 accersitur
1003 5325 1166 5397 pietas
1181 5326 1208 5379 ?

646 5406 669 5464 ς
713 5393 834 5453 Vet.
858 5393 1016 5464 edit.,
1046 5397 1100 5452 in
1131 5395 1370 5450 servitute
1400 5395 1644 5464 accrescit
1668 5395 1852 5460 pietas.

567 5469 603 5539 ξε·
641 5463 669 5503 σι
709 5465 906 5540 βοςθτ.
928 5463 1080 5536 cod.,
1103 5484 1297 5540 aurum
1320 5466 1383 5519 de
1406 5463 1705 5540 Αςιζιὶορία.
1731 5474 1778 5520 et
1801 5469 2064 5540 tapasion.

641 5547 667 5575 ⁶
709 5536 826 5611 Du}!
855 5555 1009 5606 tnss.,
1041 5541 1130 5611 qui
1157 5536 1783 5611 dominumlitigatorem,
1813 5536 1971 5602 unus,
2004 5540 2152 5596 licia-

568 5621 749 5665 torent.
782 5608 1390 5675 Neutrum'cmnmode;
1431 5608 1570 5664 idem
1609 5609 1755 5664 enim
1795 5619 1900 5677 est,
1929 5612 2154 5666 licitato-

567 5695 680 5752 rem
701 5695 807 5752 non
831 5682 1062 5752 pertulit,
1085 5697 1149 5737 ac
1181 5681 1273 5752 qui
1304 5689 1518 5751 emptus
1541 5682 1590 5752 in
1612 5681 1865 5737 auctione
1892 5697 1997 5737 non
2028 5683 2147 5739 fuit.

2265 2431 2436 2488 fectus
2467 2431 2752 2487 moribus?
2790 2429 2945 2486 Unde
2974 2444 3102 2484 vere
3147 2427 3226 2484 ait
3263 2427 3554 2499 Scriptura
3585 2431 3706 2501 quia
3733 2445 3832 2501 pau-

2266 2541 2425 2598 peres
2453 2526 2679 2582 divitum
2717 2523 2999 2596 praepositi
3038 2531 3222 2590 erunt,
3246 2531 3303 2578 et
3328 2523 3536 2594 privati
3562 2523 3741 2595 utique
3758 2523 3830 2578 atl-

2266 2620 2690 2677 ministrantium
2730 2617 2913 2691 (Prov.
2947 2633 3080 2685 xxu,
3111 2615 3189 2689 7).

2343 2713 2433 2769 18.
2473 2712 2556 2767 An
2589 2712 2682 2767 tibi
2715 2710 2854 2766 liber
2881 2709 3117 2767 videtur.
3144 2710 3236 2780 qui
3263 2707 3515 2782 'pecunia
3558 2709 3832 2781 suﬂ‘ragium

2267 2807 2370 2863 sibi
2391 2805 2671 2876 emit?qui
2704 2803 2949 2875 plausum
2980 2802 3162 2874 populi
3189 2802 3388 2872 magis,
3414 2817 3581 2874 quam
3604 2803 3832 2873 judicium

2269 2899 2494 2971 requirit
2523 2896 2907 2969 prudentium?
2938 2896 3031 2952 llle
3060 2911 3191 2966 ergo
3222 2895 3367 2951 liber
3387 2905 3498 2963 est,
3523 2897 3612 2966 qui
3637 2896 3833 2968 popula-
3930 2895 3933 2968 χ

2269 2993 2424 3048 ribus
2471 2991 2620 3046 auris
2667 2999 2949 3056 movetur;
2999 2988 3092 3044 ille
3139 2988 3231 3060 qui
3278 2987 3604 3044 reformidat
3642 2989 3835 3043 sibilum
3934 3032 3935 3046 ι

2269 3087 2456 3159 vulgi?
2487 3085 2597 3144 Sed
2625 3100 2732 3142 non
2763 3088 2866 3140 ista
2895 3083 3142 3149 libertas,
3175 3098 3341 3153 quam
3385 3083 3734 3138 manumissus
3753 3097 3834 3136 ac.
3936 3114 3937 3122 η

2269 3181 2422 3249 cipit,
2458 3177 2478 3218 ί
2507 3188 2564 3236 et
2591 3178 2765 3250 palma
2794 3177 3000 3234 lictoris
3031 3176 3271 3231 donatus
3293 3176 3555 3246 acquirit.
3574 3175 3689 3231 Non
3711 3177 3831 3230 enim

2271 3272 2728 3336 munificentiam,
2758 3269 2853 3327 sed
2899 3271 3156 3325 virtutem
3199 3268 3518 3325 libertatem
3560 3282 3680 3324 esse
3719 3267 3830 3320 arbi-

2274 3377 2390 3423 tror
2411 3384 2424 3420 :
2443 3380 2564 3437 qua:
2593 3380 2703 3420 non
2727 3361 3000 3432 sutl‘ragiis
3021 3359 3266 3416 defertur
3297 3360 3517 3423 alienis,
3540 3361 3637 3416 sed
3657 3373 3830 3428 magna-

2271 3459 2515 3515 nimitate
2544 3456 2757 3528 propria
2795 3454 3100 3511 vindicatur
3144 3468 3210 3509 ac
3258 3453 3599 3523 possidetur.
3643 3453 3827 3522 Sapiens

2271 3551 2416 3608 enim
2437 3565 2658 3622 semper
2680 3549 2819 3605 liber
2846 3557 2950 3614 est,
2979 3560 3198 3616 semper
3230 3545 3560 3613 honoratus,
3593 3560 3782 3616 semper
3797 3545 3828 3596 is

2271 3647 2361 3716 qui
2401 3643 2586 3716 praesit
2611 3643 2837 3714 legibus.
2873 3639 3113 3710 Denique
3134 3638 3284 3709 justo
3315 3654 3426 3694 non
3454 3648 3542 3695 est
3562 3640 3724 3708 posita
3747 3637 3826 3698 lex.

2271 3739 2368 3796 sed
2411 3739 2612 3808 injusto
2650 3736 2694 3806 (l
2723 3736 2863 3790 Tim.
2894 3749 2932 3801 ι,
2967 3733 3058 3804 9);
3099 3732 3284 3803 justus
3310 3732 3463 3788 enim
3504 3733 3626 3802 ipse
3652 3731 3744 3787 sibi
3769 3729 3832 3783 lex

2270 3842 2376 3898 est,
2414 3846 2522 3886 non
2571 3829 2777 3884 habens
2803 3841 3029 3882 necesse
3068 3825 3282 3893 longius
3313 3825 3418 3880 sibi
3450 3839 3729 3882 accersere
3751 3821 3835 3877 fors

2272 3939 2416 3980 mam
2445 3921 2685 3984 virtutis,
2716 3934 2877 3990 quam
2899 3917 3064 3974 corde
3089 3917 3356 3972 inclusam
3381 3926 3565 3988 gerat,
3613 3917 3835 3985 scriptum

2273 4015 2479 4072 habens
2505 4029 2642 4086 opus
2681 4013 2815 4085 legis
2845 4012 2898 4067 in
2940 4011 3135 4066 tabulis
3172 4009 3358 4065 cordis
3406 4010 3516 4074 sui,
3549 4012 3637 4064 cui
3666 4009 3834 4063 dictu

2271 4110 2343 4165 sit
2372 4124 2385 4163 :
2415 4106 2542 4162 Bibe
2567 4121 2753 4174 aquam
2783 4105 2845 4159 de
2876 4104 2976 4158 tuis
2999 4103 3156 4169 uasis,
3189 4112 3238 4157 et
3268 4101 3333 4155 de
3359 4112 3639 4174 puteorum
3664 4113 3837 4156 lauru

2274 4201 2500 4273 fontibus
2519 4197 3035 4271 (Prov.v,15).Quid
3056 4197 3199 4254 enim
3217 4196 3376 4252 nobis
3399 4206 3512 4252 tam
3538 4198 3836 4268 proximum,

2271 4311 2432 4368 quam
2466 4295 2562 4351 Dei
2593 4293 2855 4350 verbum?
2887 4291 3002 4349 Hoc
3020 4301 3107 4349 est
3126 4291 3351 4348 verbum
3382 4291 3440 4348 in
3466 4293 3637 4349 corde
3657 4300 3839 4355 nostro,

2272 4399 2328 4446 et
2358 4390 2414 4444 in
2437 4403 2534 4445 ore
2551 4395 2764 4453 nostro,
2790 4387 2933 4456 quod
2979 4401 3087 4442 non
3116 4384 3362 4442 videmus
3393 4395 3451 4440 et
3476 4395 3741 4442 tenemus.

2347 4479 2434 4538 19.
2466 4480 2696 4550 Sapiens
2720 4493 2850 4550 ergo
2877 4477 3035 4543 liber,
3067 4477 3322 4548 quoniam
3352 4477 3446 4549 qui
3478 4493 3543 4534 ea
3570 4477 3714 4545 facit,
3741 4492 3841 4548 qua:

2271 4575 2406 4638 vult,
2439 4573 2578 4630 liber
2603 4582 2709 4628 est.
2741 4569 2848 4627 Sed
2879 4584 2985 4626 non
3014 4571 3191 4626 omnis
3219 4581 3242 4618 ε
3277 4571 3420 4627 bona
3464 4572 3734 4637 voluntas,
3763 4567 3840 4624 sed

2270 4668 2532 4738 sapientis
2561 4676 2644 4723 est
2669 4665 2850 4720 omnia
2877 4679 3000 4736 qua:
3031 4665 3172 4720 bona
3204 4675 3334 4720 sunt
3363 4665 3540 4729 velle;
3561 4663 3723 4738 935
3749 4661 3842 4717 odit

2269 4761 2414 4817 enim
2445 4759 2666 4825 malum,
2699 4758 2825 4829 quia
2859 4756 3000 4828 quod
3047 4758 3245 4814 bouum
3277 4765 3380 4826 est,
3429 4757 3620 4828 elegit.
3648 4757 3780 4826 Ergo
3806 4754 3841 4807 si

2269 4854 2418 4927 quod
2447 4853 2648 4909 bonum
2670 4859 2756 4908 est
2780 4851 2966 4923 elegit,
2997 4851 3201 4908 arbiter
3227 4850 3537 4917 electionis,
3575 4860 3634 4906 et
3656 4849 3840 4916 eligens

2258 4981 2374 5027 tum
2399 4971 2452 5026 in
2476 4983 2734 5026 ascensus
2756 4968 3124 5024 testimonium
3147 4968 3455 5024 elevabant.
3481 4967 3673 5024 Cicero
3697 4967 3840 5023 Verr.

2259 5044 2324 5099 δε
2356 5044 2648 5112 Accurrunt
2669 5040 2738 5094 ad
2760 5049 2961 5109 tempus
2982 5050 3252 5112 emptores,
3281 5041 3502 5112 digitum
3530 5042 3686 5094 tollit.

2340 5113 2360 5152 τ
2385 5117 2542 5169 Putat
2568 5110 2810 5166 Nannius
2840 5110 3072 5180 palmam
3096 5113 3301 5167 lictoris
3325 5110 3465 5166 idem
3496 5125 3617 5167 esse
3631 5126 3695 5166 ac
3719 5123 3842 5181 pr:-

2268 5187 2404 5241 toris
2444 5181 2736 5239 vindictam
2778 5184 2920 5251 apud
2972 5183 3273 5238 Horatium.
3327 5182 3457 5237 Erat
3508 5191 3687 5236 autem
3739 5184 3840 5234 vln-

2261 5257 2432 5322 dicta,
2464 5255 2606 5320 sive,
2641 5263 2704 5309 ut
2738 5253 2832 5309 alii
2870 5263 3088 5316 vocant,
3137 5255 3366 5321 festuca,
3414 5253 3664 5324 quaedam
3708 5254 3840 5324 virga

2260 5329 2419 5399 cujus
2448 5334 2717 5399 extremo,
2750 5326 3113 5399 siveprtctor,
3143 5324 3258 5380 sive
3281 5322 3445 5399 jussu
3475 5325 3717 5392 ejusdem
3756 5322 3839 5376 lic-

2257 5394 2366 5465 tor,
2398 5407 2560 5468 caput
2592 5396 2761 5468 illius,
2793 5395 2886 5468 qui
2908 5397 3256 5468 asserebatur
3288 5397 3341 5468 in
3369 5394 3712 5468 libertatem,
3734 5403 3838 5468 tan:

2259 5462 2481 5542 gebat;'
2506 5467 2772 5542 malumus
2813 5462 3015 5522 'tamen
3044 5466 3252 5542 _p_alma
3304 5467 3599 5537 signiﬁcari
3645 5462 3835 5542 domini

2256 5534 2356 5598 seu
2393 5534 2600 5597 lietoris
2635 5554 2876 5603 manum,
2909 5553 3012 5609 qua
3043 5534 3118 5594 illi
3167 5534 3378 5606 alapam
3414 5534 3836 5609 _manumi_lt_endo

2259 5611 2584 5675 indigebant
2613 5628 2626 5664 :
2659 5609 2726 5665 de
2747 5625 2856 5675 quo
2885 5606 3017 5664 Vide
3049 5611 3142 5663 lib.
3173 5623 3235 5675 II,
3265 5607 3479 5663 Phaedri
3510 5607 3616 5661 fab.
3649 5606 3736 5660 36.

2327 5695 2352 5732 ε
2384 5679 2544 5739 Rom.
2569 5680 2732 5747 edit.,
2756 5679 2903 5746 bona:
2931 5681 3227 5751 voluntatis,
3257 5679 3348 5735 sed
3371 5680 3621 5751 sapientis
3649 5687 3832 5731 tantum

568 5749 728 5826 Ωιιοᾴ
758 5759 942 5826 autem
963 5749 1213 5818 additur,
1233 5749 1495 5826 tollentem
1515 5751 1738 5826 digitum
1767 5768 1870 5826 non
1893 5753 2040 5826 uidit,
2071 5753 2146 5811 ibi
2246 5763 2359 5820 est:
2386 5755 2511 5811 alite
2535 5768 2661 5809 cum
2686 5753 2940 5809 omnibus
2965 5749 3187 5808 omnino
3211 5763 3342 5808 mss.
3370 5759 3427 5805 ut
3455 5761 3555 5806 nos
3583 5749 3636 5804 in
3669 5758 3823 5804 texta.

566 5818 804 5887 tangitur
831 5818 1003 5886 prisca
1030 5823 1385 5890 consuetudo,
1422 5818 1524 5893 Qua
1563 5818 1652 5895 «iui
1690 5823 1962 5894 emebant,
2005 5823 2142 5897 digi~
