3996 6292
132 298 271 357 1089

1342 288 1831 354 Ειιιδτοωιιωι
1867 291 2147 354 CLASSIS
2174 292 2216 351 l.

3281 298 3422 360 {090

126 411 462 483 operationis
511 410 648 467 liher
700 418 817 477 est;
853 410 977 482 quia
1022 409 1163 482 quod
1218 408 1332 465 vult
1383 407 1716 464 facit:liher
1744 408 2123 477 Asapientite.
2167 406 2356 462 Omnis
2402 420 2535 479 ergo
2582 406 2671 478 qui
2717 406 2995 464 Christum
3051 408 3279 482 recipit,
3326 429 3418 471 sa-

125 520 258 574 ergo
288 504 527 575 sapiens.
572 504 798 575 Sapiens
828 504 1009 560 omnia
1048 520 1168 576 quae
1211 502 1359 569 facit,
1390 502 1533 559 bene
1562 501 1710 557 facit.

123 598 225 666 Qui
254 606 435 654 autem
465 598 605 655 bene
636 596 763 653 facit
789 598 992 663 omnia,
1024 606 1172 653 recte
1209 596 1339 652 facit
1367 594 1549 651 omnia
1584 612 1597 649 :
1624 596 1716 666 qui

120 707 255 747 vero
285 702 432 749 recte
462 691 591 747 facit
627 690 832 760 omnia,
860 692 1047 763 utique
1084 691 1365 758 inoffense,
1394 700 1450 746 et
1479 690 1715 761 irrepre-

120 784 485 851 hensibiliter,
520 796 572 840 et
598 784 718 841 sine
750 784 949 841 damno
975 797 1029 841 et
1068 785 1431 842 commotione
1458 783 1540 839 sui
1582 781 1717 839 facit

120 878 329 933 omnia.
353 874 450 933 Cui
477 877 638 948 igitur
663 876 763 932 hoc
793 879 1001 941 subest,
1032 888 1088 931 ut
1110 877 1372 932 inoffense
1399 875 1563 932 faciat
1591 891 1711 930 om-

119 972 234 1038 nia,
280 970 445 1027 faciat
489 969 1064 1041 irreprebensibiliter.
1107 970 1272 1025 faciat
1310 972 1429 1025 sine
1473 984 1716 1026 commo-

118 1064 270 1120 tione
295 1064 399 1131 sui,
426 1064 544 1120 sine
561 1062 794 1130 damno;
820 1064 953 1118 nihil
982 1064 1304 1134 insipienter
1325 1062 1473 1131 facit,
1506 1061 1601 1119 sed
1627 1078 1714 1119 sa-

115 1156 337 1227 pienter
387 1156 588 1212 omnia.
664 1157 764 1223 Qui
800 1166 980 1211 autem
1037 1156 1309 1226 sapienter
1358 1154 1525 1222 facit,
1580 1154 1713 1210 nihil

115 1249 287 1305 habet
313 1248 457 1318 quod
486 1256 723 1313 metuat;
756 1258 935 1303 metus
958 1250 1104 1303 enim
1138 1248 1189 1302 in
1222 1256 1445 1317 peccato
1475 1256 1576 1303 est.
1610 1245 1713 1302 Ubi

112 1350 299 1397 autem
341 1342 487 1397 nulla
524 1340 780 1407 formido,
825 1341 896 1395 ibi
926 1338 1194 1395 libertas:
1226 1338 1314 1393 ubi
1355 1337 1597 1403 libertas,
1639 1337 1713 1393 ibi

112 1444 359 1507 potestas
373 1433 601 1491 faciendi
614 1433 754 1505 quod
772 1433 907 1489 vult:
929 1433 1075 1488 solus
1088 1448 1216 1503 ergo
1230 1432 1445 1502 sapiens
1459 1430 1594 1487 liber
1606 1440 1711 1486 est.

182 1528 276 1583 20.
298 1528 513 1584 Etenim
527 1529 616 1600 qui
641 1528 944 1598 nequecogi
979 1535 1177 1596 potest,
1212 1541 1385 1597 neque
1414 1525 1712 1595 prohiberi,

112 1621 159 1676 is
181 1636 524 1691 nequaquam
539 1636 727 1676 servus
745 1636 757 1674 :
778 1620 1039 1691 sapientis
1061 1629 1241 1674 autem
1266 1628 1352 1675 est
1370 1635 1544 1690 neque
1564 1619 1705 1690 cogi.

110 1732 293 1787 neque
317 1715 627 1788 prohiberi:
660 1732 767 1771 non
797 1723 881 1771 est
911 1716 1072 1786 igitur
1101 1729 1291 1771 servus
1319 1715 1557 1785 sapiens.
1579 1714 1712 1770 Pro-

1819 499 2008 570 piens:
2042 500 2136 571 qui
2161 508 2344 555 autem
2377 500 2614 571 sapiens,
2648 500 2784 557 liber
2814 516 2829 555 :
2860 503 3037 558 omnis
3073 502 3238 575 igitur
3259 502 3421 561 Chri-

1816 592 2028 647 stianus
2054 601 2111 647 et
2133 590 2273 647 liber
2302 601 2357 648 et
2387 592 2623 663 sapiens.

1888 683 1979 740 25.
2015 684 2207 740 Docuit
2246 700 2334 741 me
2370 694 2548 742 tamen
2579 685 2873 757 Apostolus
2900 687 3043 759 quod
3073 689 3210 746 ultra
3246 690 3417 763 ipsam

1817 776 2127 835 libertatem
2157 778 2249 841 sit.
2284 778 2571 835 utservire
2602 778 2825 837 libertas
2850 780 2923 836 sit
2954 799 2968 835 :
2999 780 3128 837 Cum
3152 783 3313 851 liber,
3338 783 3421 840 iu-

1814 872 1955 943 quit,
1978 888 2137 927 essem
2166 874 2396 927 omnium
2424 890 2503 928 me
2528 888 2727 928 servum
2758 873 2859 943 feci
2876 891 2895 941 ;
2917 885 2970 929 ut
2999 876 3172 946 plures
3201 878 3421 948 lucrifa-

1816 978 1984 1018 cerem
2026 964 2071 1033 (Ι
2101 962 2221 1019 Cor.
2254 980 2334 1031 ιι,
2366 963 2479 1035 19).
2506 965 2647 1035 Quid
2669 974 2754 1021 est
2782 967 2920 1022 ultra
2952 967 3280 1039 libertatem,
3315 970 3421 1027 nisi

1816 1056 2022 1114 habere
2040 1058 2299 1131 Spiritum
2324 1060 2533 1132 gratim,
2558 1059 2759 1118 habere
2787 1060 3152 1120 cltaritatetn?
3173 1065 3424 1122 Libertas

1815 1149 1963 1207 enim
1988 1150 2219 1206 liberum
2246 1151 2374 1208 facit
2394 1151 2729 1223 hominibus,
2753 1155 2995 1211 charitas
3023 1158 3256 1215 amicum
3285 1158 3424 1217 Deo.

1817 1242 1972 1299 Unde
2002 1243 2080 1297 ait
2105 1241 2354 1300 Christus
2384 1260 2398 1298 :
2437 1244 2541 1301 Vos
2562 1255 2735 1301 autem
2755 1248 2868 1303 dixi
2896 1250 3093 1304 amicos
3120 1247 3300 1322 (Joan.
3328 1267 3421 1321 xv,

1817 1334 1931 1403 15).
1965 1334 2111 1390 Bona
2152 1337 2427 1403 charitas,
2459 1336 2530 1394 de
2564 1355 2668 1409 qua
2709 1340 2947 1396 dicitur:
2978 1341 3085 1397 Per
3113 1342 3423 1400 charitatem

1816 1424 2047 1498 Spiritus
2092 1429 2272 1484 servile
2318 1430 2536 1485 invicem
2578 1429 2775 1505 (Galat.
2827 1450 2893 1501 v,
2941 1434 3052 1504 15).
3097 1434 3338 1494 Servivit
3366 1446 3424 1494 et

1814 1518 2091 1587 Christus,
2120 1532 2179 1576 ut
2202 1538 2394 1578 omnes
2416 1522 2617 1579 liberos
2640 1523 2864 1581 faceret.
2896 1524 3089 1582 Manus
3118 1528 3233 1600 ejus
3259 1528 3313 1583 in
3333 1544 3421 1584 co—

1816 1609 1975 1679 phino
2006 1613 2295 1669 seruierunt
2324 1612 2495 1684 (Psal.
2534 1631 2714 1683 Lxxx,
2740 1618 2795 1688 7)
2825 1635 2838 1673 :
2884 1618 2977 1691 qui
3023 1634 3133 1676 non
3177 1618 3422 1693 rapinam

1816 1711 1901 1757 est
1944 1704 2243 1761 arbitratus
2282 1722 2406 1763 esse
2436 1722 2497 1763 se
2535 1710 2801 1780 aequalem
2836 1711 2969 1780 Deo,
3001 1712 3231 1769 formam
3276 1714 3423 1771 servi

110 1812 338 1868 hibetur
365 1813 531 1878 enim,
560 1811 651 1881 qui
683 1826 789 1867 non
824 1809 1062 1882 fungitur
1094 1810 1190 1877 iis,
1237 1826 1355 1881 qua:
1398 1808 1671 1865 desiderat
1698 1827 1713 1862 :

1830 1797 2029 1867 accepit
2054 1796 2227 1869 (Phil.
2256 1815 2313 1867 ιι,
2341 1800 2430 1871 6);
2462 1810 2518 1858 et
2540 1802 2721 1858 omnia
2753 1806 3007 1861 omnibus
3030 1809 3203 1864 factus
3231 1816 3335 1875 est,
3361 1816 3423 1864 ut

110 1921 236 1975 quae
268 1913 453 1959 autem
480 1902 754 1959 desiderat
779 1901 1018 1973 sapiens,
1049 1902 1151 1957 nisi
1182 1916 1244 1957 ea
1272 1915 1393 1973 quas
1424 1901 1638 1956 virtutis
1658 1908 1715 1956 et

112 1998 426 2069 disciplina:
446 2006 593 2065 sunt,
621 1997 739 2053 sine
760 1996 957 2067 quibus
981 2012 1102 2052 esse
1125 2011 1229 2051 non
1260 1995 1480 2067 potest?
1509 1996 1563 2050 ln
1596 1996 1715 2065 ipso

109 2092 261 2148 enim
290 2101 440 2159 sunt,
467 2106 569 2147 nec
598 2090 934 2146 divelluntur
958 2091 1025 2146 ab
1054 2105 1141 2146 eo.
1182 2089 1336 2158 Quod
1366 2090 1411 2146 si
1443 2088 1713 2145 divellun-

111 2194 222 2251 tur,
246 2186 362 2253 jam
393 2201 498 2240 non
530 2187 774 2256 sapiens,
798 2185 890 2256 qui
916 2186 987 2240 sit
1012 2186 1132 2241 sine
1158 2185 1373 2241 virtutis
1403 2201 1500 2242 usu
1522 2201 1586 2241 ac
1606 2185 1716 2242 dis-

109 2278 311 2349 ciplina
335 2318 352 2345 ,
396 2278 592 2348 quibus
633 2278 749 2348 ipse
778 2293 837 2334 se
868 2278 1079 2335 fraudet
1102 2321 1117 2346 ,
1148 2280 1192 2334 si
1224 2294 1331 2334 non
1363 2280 1434 2335 sit
1464 2280 1714 2335 volunta-

112 2371 226 2428 rius
258 2371 477 2426 virtutis
507 2371 799 2441 interpres.
830 2369 984 2438 Quod
1016 2371 1060 2425 si
1100 2371 1331 2441 cogitur,
1366 2370 1714 2427 manifestum

113 2474 196 2520 est
240 2462 386 2534 quod
433 2463 633 2519 invitus
672 2461 855 2518 faciat.
923 2461 981 2516 lu
1031 2463 1285 2518 omnibus
1330 2472 1513 2519 autem
1559 2463 1716 2520 factis

115 2567 205 2614 aut
228 2573 257 2610 a
288 2556 491 2612 virtute
520 2556 891 2611 correctiones
914 2564 1061 2625 sunt,
1088 2564 1179 2609 aut
1206 2571 1235 2611 a
1265 2556 1471 2613 malitia
1501 2558 1718 2629 prolap-

116 2649 322 2712 siones.
369 2656 465 2703 aut
510 2647 710 2715 media,
758 2656 853 2703 aut
902 2648 1284 2704 indifferentia.
1337 2647 1565 2706 Virtutis
1608 2666 1714 2707 non

117 2754 356 2809 coaetus,
388 2740 486 2797 sed
513 2741 856 2797 voluntarius
877 2748 1170 2797 exsecutor
1192 2749 1274 2798 est
1297 2743 1552 2813 sapiens;
1580 2759 1717 2815 quo-

119 2834 259 2889 niam
290 2833 477 2888 omnia
508 2848 627 2903 qua:
652 2832 890 2903 placent,
919 2834 1032 2905 agit
1062 2834 1281 2889 malitias
1313 2833 1549 2906 fugitans
1570 2878 1585 2904 ,
1615 2852 1715 2893 nec

119 2926 381 2983 somnium
406 2926 527 2996 ejus
545 2924 804 2982 admittit.
836 2926 1273 2983 lndill‘erentibus
1296 2928 1369 2982 ita
1396 2944 1504 2983 non
1535 2945 1719 2985 move-

120 3029 223 3087 tur,
266 3031 321 3076 ut
351 3019 522 3075 nullis
571 3020 860 3075 momentis
888 3019 1028 3076 sicut
1068 3021 1260 3091 vulgus
1300 3020 1580 3077 hominum
1614 3022 1719 3078 huc

122 3122 279 3185 atque
306 3114 440 3169 illuc
470 3114 786 3180 inclinetur,
818 3113 915 3170 sed
944 3123 1217 3186 tamquam
1248 3116 1302 3170 in
1334 3127 1535 3174 statera
1565 3134 1718 3175 mens

1817 1891 2073 1948 omnibus
2094 1893 2322 1950 salutent
2354 1894 2573 1953 afferret
2598 1897 2641 1971 (l
2667 1897 2786 1954 Cor.
2810 1899 3018 1972 tx,22).
3048 1901 3217 1973 Cujus
3241 1902 3424 1959 imlta—

1817 1992 1903 2039 tor
1933 1984 2153 2052 Paulus,
2186 1997 2240 2043 et
2266 1989 2420 2059 quasi
2443 1989 2545 2045 sub
2574 1990 2719 2063 Lege
2744 2002 2883 2061 erat,
2908 2002 2962 2049 et
2988 1992 3146 2064 quasi
3174 1996 3295 2051 sine
3319 1995 3425 2053 Le-

1816 2091 1883 2147 ge
1915 2077 2129 2134 vivebat
2155 2094 2255 2149 pro
2275 2096 2464 2137 eorum
2498 2082 2754 2151 utilitate,
2792 2099 2929 2156 quos
2965 2086 3221 2157 cupiebat
3246 2088 3424 2145 lucra-

1817 2167 1861 2221 ri
1887 2186 1902 2223 :
1934 2177 1991 2224 et
2023 2170 2251 2228 infirmis
2280 2173 2470 2229 volens
2501 2174 2666 2229 flebat
2689 2174 2973 2243 inﬁrmus,
3005 2186 3064 2232 ut
3093 2192 3193 2235 eos
3223 2178 3422 2236 cenﬂr-

1820 2271 2031 2319 maret:
2077 2275 2131 2319 et
2171 2266 2445 2333 currebat,
2477 2277 2533 2322 ut
2560 2268 3093 2339 comprehenderet:
3124 2281 3181 2329 et
3224 2287 3424 2345 corpus

1798 2367 1975 2409 suum
2023 2355 2358 2427 castigabat,
2403 2368 2461 2413 ut
2511 2367 2810 2429 potestates
2853 2377 3045 2418 aereas
3097 2364 3151 2421 in
3202 2363 3424 2425 Christo

1818 2446 2201 2519 triumpharet.

1888 2540 1980 2596 24.
2005 2540 2104 2597 Est
2130 2558 2259 2615 ergo
2289 2544 2520 2615 sapienti
2542 2554 2599 2603 et
2618 2546 2825 2604 servire
2844 2548 3093 2605 libertas.
3123 2548 3280 2609 Unde
3303 2550 3422 2609 col-

1818 2635 2004 2707 ligitur
2031 2636 2155 2708 quia
2188 2638 2356 2694 stulto
2385 2649 2439 2695 et
2483 2640 2752 2711 imperare
2780 2644 3015 2700 servitus
3040 2654 3154 2714 est;
3190 2645 3427 2718 et,quod

1820 2735 1974 2805 pejus
2000 2742 2105 2802 est,
2136 2750 2259 2791 cum
2296 2736 2640 2805 paucioribus
2674 2740 2882 2809 pra‘sit,
2914 2740 3162 2810 pluribus
3190 2740 3427 2799 dominis

1820 2839 1873 2885 et
1900 2829 2243 2900 gravioribus
2271 2832 2461 2887 servit.
2492 2831 2673 2888 Servit
2704 2833 2852 2888 enim
2882 2835 3120 2906 propriis
3151 2836 3425 2906 passioni-

1823 2922 1945 2990 bus,
1991 2922 2161 2979 servit
2190 2924 2582 2992 cupiditatibus
2630 2926 2766 2991 suis,
2811 2943 3042 2999 quarum
3082 2928 3422 2987 dominatum

1822 3031 1923 3073 nec
1950 3026 2108 3071 nocte
2134 3025 2312 3087 potest
2338 3018 2544 3090 fugere,
2573 3034 2674 3075 nec
2704 3020 2826 3088 die;
2853 3025 2979 3092 quia
3000 3023 3141 3078 intra
3169 3022 3429 3079 sedomi-

1822 3125 1922 3166 nos
1954 3110 2137 3179 habet,
2187 3112 2327 3167 intra
2375 3128 2434 3168 se
2480 3114 2759 3170 sc‘rvitium
2808 3116 3012 3185 patitur
3056 3116 3425 3186 intolerabile.

122 3205 237 3277 ejus
274 3222 429 3279 :equa
476 3207 631 3263 lance
676 3206 910 3277 pendeat
940 3223 955 3273 ;
998 3216 1055 3262 nt
1097 3224 1273 3280 neque
1310 3209 1376 3264 ad
1418 3210 1716 3281 voluptaria
1746 3204 1792 3269 C
1823 3203 2051 3287 Gemina
2071 3205 2215 3261 enim
2246 3206 2480 3261 servitus
2505 3217 2610 3275 est,
2630 3207 2801 3264 altera
2823 3209 3091 3281 corporis,
3120 3207 3428 3271 animarum

123 3299 477 3368 prepeudeat,
497 3313 674 3369 neque
702 3299 925 3354 omnino
955 3298 1022 3354 ad
1053 3315 1137 3365 ea,
1167 3316 1287 3371 quae
1308 3311 1434 3356 sunt
1461 3318 1721 3359 aversan-

124 3390 208 3458 da,
233 3393 317 3448 vel
345 3391 546 3448 leviter
576 3391 815 3447 studium
844 3392 1071 3448 inclinet
1093 3409 1271 3459 suum,
1301 3394 1397 3450 sed
1424 3396 1719 3453 immobilis

123 3496 335 3543 maneat
360 3486 589 3543 affectu.
631 3486 787 3543 Unde
827 3486 998 3558 liquet
1025 3489 1150 3559 quia
1179 3489 1313 3547 nihil
1354 3491 1555 3547 invitus
1592 3492 1723 3548 facit

125 3580 365 3649 sapiens,
399 3596 581 3652 neque
612 3582 825 3653 cogitur
851 3597 865 3646 ;
898 3581 1024 3652 quia
1055 3582 1103 3636 si
1140 3597 1331 3640 servus
1354 3592 1532 3653 esset,
1560 3599 1721 3656 coge-

124 3682 271 3729 retur
299 3690 313 3727 :
343 3673 487 3729 liber
518 3674 680 3744 igitur
703 3684 785 3729 est
813 3674 1054 3745 sapiens.

193 3766 281 3822 21.
306 3767 609 3838 Apostolus
629 3784 844 3839 quoque
872 3768 952 3824 sic
982 3769 1174 3826 deﬁnit
1202 3770 1390 3827 dicens
1420 3790 1432 3825 :
1460 3770 1583 3827 Non
1608 3789 1721 3827 sum

128 3874 215 3930 ego
243 3860 388 3928 liber,
413 3876 522 3915 non
554 3878 661 3915 sum
688 3861 953 3933 apostolus
1006 3863 1050 3935 (l
1077 3862 1197 3919 Cor.
1225 3881 1299 3932 Ix,
1333 3866 1386 3937 1)
1406 3868 1427 3921 2'
1450 3866 1554 3923 Sed
1584 3867 1722 3923 adeo

131 3952 282 4022 liber,
322 3967 379 4013 ut
406 3970 535 4012 cum
581 3955 981 4012 subintrassent
1005 3957 1222 4029 quidam
1258 3967 1469 4015 tentare
1500 3960 1720 4016 liberta-

130 4052 232 4102 tem
281 4048 419 4119 ejus,
466 4063 571 4104 nec
611 4048 678 4103 ad
724 4048 939 4118 horam,
968 4059 1030 4105 ut
1071 4051 1187 4121 ipse
1215 4052 1289 4106 ait
1318 4050 1515 4125 (Colat.
1545 4068 1604 4119 ιι,
1638 4054 1720 4125 5),

132 4139 345 4197 cederet
369 4141 728 4213 subjectioni,
767 4151 824 4197 ut
861 4142 1063 4199 veritas
1091 4143 1368 4215 Evangelii
1401 4145 1724 4216 praedicare-

135 4243 237 4289 tur.
267 4234 365 4304 Qui
391 4251 528 4306 ergo
559 4250 667 4293 non
694 4237 884 4302 cessit,
913 4237 1102 4293 volens
1133 4238 1464 4307 praedicavit.
1500 4238 1598 4296 Ubi
1631 4255 1725 4296 vo-

133 4324 325 4395 luntas,
356 4330 427 4385 ibi
462 4344 673 4386 merces
700 4330 1033 4386 voluntatis:
1063 4331 1152 4387 ubi
1178 4333 1495 4399 necessitas,
1529 4333 1600 4389 ibi
1628 4334 1724 4390 ob-

136 4420 372 4489 sequium
425 4422 798 4477 necessitatis.
850 4422 1042 4480 Melior
1088 4440 1220 4496 ergo
1268 4426 1520 4482 voluntas
1562 4443 1722 4498 quam

138 4513 444 4568 necessitas.
474 4512 624 4570 Velle
649 4529 780 4586 ergo
801 4515 1061 4586 sapientis
1087 4526 1191 4585 est,
1218 4534 1409 4589 parere
1436 4529 1490 4575 et
1516 4520 1726 4576 servire

139 4598 454 4674 insipientis.

196 4694 285 4751 22.
313 4696 439 4753 Haec
470 4700 633 4755 etiam
670 4711 753 4756 est
782 4701 1033 4771 Apostoli
1075 4701 1319 4758 definitio
1352 4704 1587 4761 dicentis
1615 4723 1629 4759 :
1663 4706 1726 4762 Si

140 4786 266 4842 enim
297 4792 472 4847 colens
493 4793 587 4847 hoc
610 4810 731 4867 ago,
763 4794 1043 4849 mercedem
1070 4795 1261 4851 habebo
1286 4814 1304 4851 :
1333 4798 1377 4853 si
1402 4809 1570 4853 autem
1598 4800 1729 4855 invi-

142 4887 239 4947 tus,
277 4881 589 4956 dispensatio
630 4886 756 4941 mihi
794 4887 994 4942 credita
1035 4897 1109 4942 est
1139 4887 1183 4960 (l
1220 4888 1340 4944 Cor.
1374 4905 1448 4957 ιιι,
1483 4891 1596 4961 17).
1629 4890 1729 4948 Sa-

141 4970 300 5040 pienti
339 4974 501 5044 igitur
528 4992 738 5034 merces
768 4976 1049 5045 defertur.
1077 4980 1296 5050 sapiens
1326 4990 1506 5037 autem
1536 4996 1606 5038 ex
1634 4996 1725 5038 vo-

142 5060 339 5123 luntate
370 5068 529 5125 facit:
575 5072 711 5128 liber
747 5072 929 5144 itaque
959 5072 1258 5129 secundum
1291 5076 1611 5146 Apostolnm
1642 5091 1731 5131 sa-

144 5156 309 5223 piens.
337 5160 490 5219 Unde
520 5173 577 5220 et
607 5166 722 5236 ipse
761 5166 995 5222 clamat:
1037 5165 1134 5223 Vos
1172 5169 1309 5222 enim
1346 5169 1401 5223 in
1445 5169 1730 5225 libertatem

144 5253 300 5305 vocati
325 5256 467 5322 estis,
499 5266 698 5313 tantum
729 5276 791 5314 ne
814 5260 1102 5315 libertatem
1131 5261 1184 5315 in
1210 5262 1533 5318 occasionem
1556 5263 1729 5317 carnis

147 5339 269 5396 detis
299 5344 493 5416 (Galat.
521 5365 587 5415 v,
618 5350 730 5421 15).
760 5351 1081 5422 Sequestrat
1107 5368 1137 5407 a
1167 5352 1286 5424 lege
1328 5352 1727 5423 Christianum,

148 5446 215 5488 ne
239 5435 430 5495 invitus
453 5442 702 5499 videatur
728 5444 832 5516 legi
861 5446 1217 5503 succumbere
1241 5465 1255 5502 :
1287 5447 1453 5519 936
1488 5457 1645 5503 vocat
1674 5449 1729 5504 in

144 5522 489 5599 Evangelium
510 5578 526 5604 ,
558 5536 703 5609 quod
734 5538 979 5593 volentes
1007 5547 1063 5595 et
1097 5538 1393 5611 przedicant
1416 5550 1471 5597 et
1499 5556 1732 5612 operan-

143 5623 243 5672 tur.
264 5619 493 5683 ludzeus
522 5630 623 5685 sub
653 5630 817 5701 Lege,
846 5628 1185 5687 Christianus
1209 5650 1307 5704 per
1340 5634 1688 5705 Evangelium
1715 5652 1728 5688 :

140 5706 192 5765 in
216 5710 352 5785 Lege
379 5722 647 5789 servitus,
674 5724 728 5777 in
760 5723 1055 5793 Evangelia
1087 5724 1332 5795 libertas,
1368 5726 1461 5783 ubi
1494 5728 1731 5799 cognitio

207 5835 233 5865 ⁸
262 5828 372 5890 Hoc
397 5834 705 5908 Saphoclei
725 5854 918 5896 versus
942 5841 1244 5912 exemplum
1271 5857 1337 5901 ex
1362 5843 1590 5902 Philone
1609 5860 1729 5901 cum

108 5924 119 5945 χ
150 5928 157 5933 ,

1823 3296 2029 3353 altera:
2060 3297 2263 3354 domini
2290 3308 2469 3355 autem
2490 3302 2735 3372 corporis
2757 3304 2974 3373 quidem
3005 3303 3279 3375 homines,
3310 3307 3431 3364 ani-

1824 3405 2032 3447 marum
2063 3398 2243 3447 autem
2276 3392 2499 3449 malitite
2542 3402 2598 3449 et
2646 3395 2952 3466 passiones,
2997 3413 3027 3453 a
3070 3398 3269 3470 quibus
3308 3400 3426 3459 sola

1824 3483 1989 3539 animi
2020 3483 2242 3540 libertas
2263 3485 2567 3556 sapientem
2595 3487 2865 3555 vindicat;
2911 3500 2971 3546 ut
3008 3492 3236 3549 servitio
3268 3494 3320 3551 ei
3362 3493 3431 3551 li-

1826 3589 1947 3636 ceat
1975 3580 2147 3636 exire.

1896 3673 1986 3729 25.
2020 3676 2337 3741 Quaeramus
2387 3674 2552 3747 igitur
2598 3676 2749 3733 illum
2780 3692 2913 3736 vere
2942 3678 3268 3751 sapientem,
3298 3696 3433 3742 vere

1827 3766 2081 3835 liberum,
2104 3770 2194 3840 qui
2228 3768 2473 3838 quamvis
2502 3770 2608 3826 sub
2634 3770 2990 3841 plurimorum
3023 3772 3303 3830 dominatu
3333 3776 3434 3833 de-

1824 3868 1937 3931 gat,
1971 3859 2142 3916 libere
2165 3859 2299 3915 dicit
2323 3878 2335 3913 :
2368 3860 2496 3929 Quis
2518 3870 2592 3916 est
2616 3903 2630 3928 ,
2654 3863 2741 3933 qui
2772 3879 2969 3918 mecum
2987 3865 3191 3935 judicio
3220 3876 3435 3922 conten-

1828 3950 1965 4005 dat?
1995 3949 2076 4006 Tu
2102 3953 2243 4008 solus
2272 3970 2484 4007 manum
2515 3963 2658 4009 tuam
2677 3972 2709 4009 a
2727 3972 2809 4010 me
2828 3956 3045 4024 abstine,
3072 3973 3104 4012 a
3123 3960 3275 4031 cujus
3304 3974 3428 4013 con-

1828 4054 2001 4116 spectu
2025 4062 2128 4099 non
2149 4054 2325 4113 petere
2346 4062 2425 4100 me
2451 4047 2799 4115 abscondere;
2826 4058 2875 4104 et
2900 4050 3052 4103 timor
3074 4060 3191 4107 tuus
3221 4068 3323 4107 non
3347 4068 3431 4109 me

1828 4137 2071 4208 percellat
2096 4133 2217 4207 (Job
2244 4154 2362 4204 sui,
2388 4138 2455 4195 l9
2474 4150 2523 4194 et
2542 4140 2703 4211 seq.).

1898 4230 1987 4285 26.
2020 4230 2190 4298 Quem
2236 4242 2456 4288 secutus
2488 4232 2663 4289 David
2694 4249 2789 4291 rex
2821 4234 2899 4291 ait
2928 4252 2943 4290 :
2975 4235 3093 4293 Tibi
3119 4239 3218 4295 soli
3247 4256 3433 4311 pecca-

1827 4322 1876 4376 vi
1906 4320 2082 4391 (Psal.
2113 4338 2165 4391 ι,
2198 4322 2274 4394 6).
2304 4323 2494 4397 Reguli
2532 4327 2678 4383 enim
2715 4330 2978 4387 subnixus
3006 4329 3247 4403 fastigio,
3275 4334 3433 4405 quasi

1830 4412 2006 4483 legum
2032 4412 2288 4471 dominus
2316 4415 2528 4487 legibus
2563 4432 2690 4474 reus
2721 4433 2833 4475 non
2874 4429 3013 4487 erat,
3045 4422 3149 4478 soli
3181 4421 3296 4481 Deo
3328 4424 3434 4481 ob-

1828 4506 2026 4562 noxius
2057 4506 2364 4573 tenebatur,
2386 4508 2477 4579 qui
2503 4508 2757 4565 dominus
2785 4518 2870 4568 est
2894 4521 3250 4582 potestatum.

1742 4604 1797 4665 1)
1893 4599 1983 4653 27.
2020 4598 2200 4656 Alium
2241 4598 2369 4655 audi
2413 4598 2685 4657 liberum:
2716 4601 2854 4657 Mihi
2879 4613 3052 4659 autem
3090 4622 3185 4678 pro
3220 4608 3437 4667 minimo

1830 4701 1925 4759 est,
1954 4700 2007 4746 ut
2033 4708 2065 4745 a
2093 4692 2232 4747 vobis
2251 4690 2529 4763 dijudieer,
2551 4703 2645 4749 aut
2672 4694 2736 4749 ab
2758 4695 2981 4752 humano
3006 4699 3090 4753 die
3107 4714 3129 4755 :
3154 4700 3245 4755 sed
3268 4718 3434 4773 neque

1830 4802 1911 4841 me
1936 4785 2111 4856 ipsum
2139 4784 2408 4858 dijudico;
2435 4784 2567 4840 nihil
2590 4788 2726 4841 enim
2750 4787 2879 4843 mihi
2906 4806 3017 4845 sum
3040 4792 3274 4849 conscius
3297 4832 3312 4848 .
3335 4831 3351 4848 .
3372 4831 3389 4849 .
3415 4832 3433 4850 .

1830 4880 1918 4951 qui
1949 4889 2122 4933 autem
2150 4876 2411 4951 dijudicat
2436 4895 2535 4945 me,
2574 4875 2828 4937 Dominus
2850 4892 2925 4938 est
2962 4884 3005 4955 (Ι
3026 4883 3145 4941 Cor.
3171 4902 3244 4953 tv,
3276 4886 3331 4953 5,
3352 4886 3434 4959 ι).

1833 4971 1973 5028 Vera
1996 4970 2225 5028 libertas
2245 4970 2486 5028 hominis
2500 4971 2780 5043 spiritalis,
2799 4976 2924 5047 quia
2945 4976 3208 5047 dijudicat
3227 4978 3436 5049 omnia,

1830 5065 1949 5137 ipse
1975 5078 2155 5121 autem
2185 5079 2217 5119 a
2246 5063 2464 5121 nemine
2494 5062 2845 5135 dijudicatur,
2882 5083 2984 5125 nec
3018 5084 3050 5123 a
3092 5084 3437 5142 quocumque

1832 5166 2095 5217 creaturas
2117 5156 2399 5229 participe,
2429 5156 2526 5213 sed
2558 5158 2661 5213 soli
2708 5158 2819 5215 Deo
2855 5173 2917 5215 se
2943 5159 3224 5216 subditum
3260 5163 3436 5232 novit,

1832 5254 1923 5327 qui
1948 5253 2101 5310 solus
2129 5253 2248 5309 sine
2274 5259 2499 5323 peccato
2528 5261 2612 5309 est
2649 5251 2696 5321 (Ι
2719 5250 2841 5309 Cor.
2866 5268 2928 5320 ιι,
2963 5253 3079 5324 15),
3120 5254 3190 5311 de
3216 5270 3325 5327 quo
3353 5257 3438 5315 di—

1833 5348 1908 5405 cit
1927 5346 2031 5403 Job
2058 5364 2071 5401 :
2102 5345 2239 5401 Vivit
2260 5334 2536 5412 Dominus,
2558 5346 2645 5417 qui
2669 5346 2744 5401 sic
2763 5362 2843 5400 me
2856 5346 3064 5419 judicat
3086 5344 3210 5417 (Job
3260 5364 3433 5419 xxvn,

1833 5443 1927 5514 2);
1959 5443 2109 5500 solus
2133 5443 2279 5498 enim
2309 5442 2401 5497 ille
2427 5451 2609 5513 potest
2641 5442 2888 5512 judicare
2917 5443 3147 5513 justum,
3187 5446 3342 5518 cujus
3377 5449 3435 5507 in

1835 5545 2128 5607 conspectu
2168 5534 2368 5592 ctelnm
2409 5551 2519 5593 non
2555 5545 2642 5595 est
2679 5535 2964 5606 mundum,
3012 5553 3115 5596 nec
3152 5541 3435 5604 stellarum

1835 5648 1969 5705 pura
1996 5642 2052 5689 et
2071 5632 2220 5689 clara
2245 5632 2467 5693 lumina.

1909 5727 2001 5782 28.
2047 5726 2180 5795 Quis
2221 5736 2304 5782 est
2346 5722 2439 5795 qui
2487 5732 2512 5759 ει
2565 5722 2865 5796 Sophoclea
2908 5726 2962 5783 in
3014 5728 3252 5788 medium
3297 5733 3439 5793 ferat

1841 5844 1965 5902 aliis
1996 5842 2239 5915 plurimis
2287 5848 2562 5897 mutuatus
2588 5840 2800 5900 videtur
2824 5830 3179 5919 Ambrosius;
3205 5858 3264 5911 at
3293 5850 3440 5919 inter
