3996 6292
529 263 672 324 1095
1893 258 2137 320 SANCTI
2174 258 2495 324 ANBROSII
3685 268 3788 328 1096

524 396 643 441 tura
667 382 819 439 homo
850 380 1190 452 imprudens,
1221 389 1270 435 et
1313 389 1577 452 tamquam
1603 380 1754 436 uinea
1779 379 1933 434 homo
1976 395 2128 452 egens
2152 384 2208 445 Α
2305 382 2475 438 ordini
2506 381 2691 438 Enoclt
2717 391 2868 455 atque
2890 383 3070 440 Eliam
3093 385 3536 440 annumerandos.
3565 384 3682 441 Post
3708 404 3794 456 que

526 493 720 543 sensu;
752 475 796 531 si
843 475 1116 546 reliqueris
1155 489 1273 528 eum
1296 515 1312 540 ,
1355 473 1592 529 desertus
1636 473 1731 528 erit
1762 472 1945 547 (Prov.
1978 489 2129 539 xxiv,
2308 479 2484 534 Achab
2508 489 2555 532 et
2585 476 2830 534 Nabuthe
2872 479 3010 536 inter
3035 495 3092 534 se
3132 478 3480 550 comparatis,
3509 479 3795 549 propositus

526 566 650 640 30).
677 567 934 624 Colamus
960 582 1094 639 ergo
1118 580 1321 638 corpus
1351 564 1455 622 hoc
1484 574 1730 621 nostrum
1748 605 1764 631 ,
1803 565 2133 636 castigemus
2307 571 2570 641 problema
2595 573 2954 640 confirmatur.

527 663 682 732 illud,
711 663 1022 736 redigamus
1041 664 1094 720 in
1113 665 1577 731 servitutem,non
1599 663 1731 720 illud
1744 664 2127 736 despiciamus.
2544 665 2856 720 Aunnosius
2883 663 3242 722 Snmncurto
3273 666 3527 719 salutem.

598 758 689 814 45.
740 756 880 814 Sunt
923 757 1065 814 enim
1100 767 1124 794 ⁸
1152 757 1396 813 membra
1443 768 1633 812 nostra
1673 772 1823 812 arma
1865 758 2129 829 justitim,
2310 753 2362 809 l.
2405 753 2736 811 Videbamur
2760 756 3007 826 proxime
3030 756 3084 812 in
3109 755 3544 827 disceptationes
3580 755 3794 812 incidisse

530 860 658 909 sunt
685 859 742 906 et
785 865 936 906 arma
981 850 1206 922 peccati.
1259 849 1314 907 Si
1365 849 1674 915 elevantur,
1719 865 1871 906 arma
1910 850 2135 922 justitin:
2236 846 2617 918 ρὶιίιοεοριιίεε,
2644 862 2767 903 cum
2789 847 2859 903 de
2881 848 3116 922 apostoli
3146 849 3302 904 Pauli
3348 848 3584 920 epistola
3621 863 3798 904 sumen-

526 954 687 1016 sunt,
735 955 795 1001 ut
833 953 1111 1017 peccatum
1157 945 1209 1000 in
1246 943 1332 1000 his
1360 960 1468 1001 non
1512 943 1867 1001 dominetur:
1897 945 1944 999 si
1991 960 2134 1000 mor-
2239 945 2322 996 tes
2351 939 2656 1008 exordium,
2684 951 3044 999 tractaremus
3071 941 3216 1014 quod
3237 943 3419 998 omnis
3441 942 3659 1011 sapiens
3675 941 3796 998 liber.

531 1049 681 1095 tuum
713 1036 740 1077 δ
772 1037 940 1095 fuerit
967 1052 1167 1110 corpus
1191 1045 1436 1093 nostrum
1465 1048 1717 1108 peccato,
1751 1053 1860 1093 non
1888 1036 2140 1109 regnabit
2241 1032 2439 1089 Verum
2471 1044 2680 1104 postea,
2711 1049 2834 1090 cum
2887 1035 3034 1091 Petri
3090 1035 3323 1105 apostoli
3361 1035 3647 1106 epistolam
3687 1035 3798 1105 lege-

529 1133 586 1190 in
609 1147 675 1190 eo
705 1131 884 1204 culpa,
903 1141 958 1188 et
987 1141 1150 1189 erunt
1171 1131 1414 1188 membra
1438 1141 1623 1188 nostra
1643 1147 1673 1188 a
1700 1141 1920 1204 peccato
1947 1132 2134 1188 libera.
2239 1142 2379 1193 rem,
2408 1125 2618 1184 adverti
2645 1127 2791 1200 quod
2822 1130 2999 1186 omnis
3019 1130 3240 1200 sapiens
3290 1130 3456 1186 etiam
3513 1129 3704 1184 dives:
3728 1145 3798 1183 nec

533 1225 652 1282 Non
721 1224 1041 1282 obediamus
1091 1225 1254 1296 igitur
1307 1224 1696 1295 cupiditatibus
1741 1225 1899 1296 ejus,
1962 1240 2138 1296 neque
2241 1235 2430 1278 sexum
2457 1220 2772 1292 exceperit,
2803 1221 2895 1292 qui
2925 1223 3157 1278 feminas
3201 1230 3458 1277 ornatum
3482 1236 3696 1277 omnem
3721 1237 3799 1276 nos

529 1316 887 1374 exhibeamus
931 1318 1177 1374 membra
1234 1327 1420 1373 nostra
1465 1333 1617 1372 arma
1671 1317 1974 1388 iniquitatis
2011 1331 2142 1388 pec-
2243 1315 2295 1369 in
2329 1313 2580 1384 pretiosis
2608 1313 2903 1370 monilibus
2925 1354 2942 1380 ,
2970 1315 3066 1370 sed
3098 1315 3151 1368 in
3181 1313 3338 1369 bonis
3360 1313 3617 1368 moribus
3637 1312 3799 1369 habere

533 1420 678 1468 cato.
706 1410 762 1469 Si
795 1411 999 1468 videris
1039 1411 1328 1469 mulierem
1357 1411 1426 1468 ad
1452 1411 1950 1483 concupiscendum
1980 1427 2100 1469 eam
2119 1453 2136 1479 ,
2241 1406 2521 1477 scripserit
2545 1423 2558 1460 :
2585 1417 2608 1443 θ
2632 1404 2754 1460 Non
2782 1406 2933 1473 enim,
2964 1405 3162 1476 inquit,
3185 1405 3511 1460 extrinsecus
3535 1404 3801 1475 capillorum

534 1508 781 1564 membra
834 1516 927 1564 tua
971 1523 1124 1564 arma
1169 1508 1377 1579 peccati
1422 1516 1571 1564 sunt.
1618 1507 1677 1564 Si
1729 1507 1944 1563 locutus
1982 1521 2043 1562 es
2072 1521 2117 1561 at

2242 1497 2550 1571 implicatio,
2576 1507 2666 1552 aut
2693 1499 2809 1552 auri
2841 1497 3255 1569 circumpositio,
3294 1507 3385 1551 aut
3430 1497 3642 1551 habitus
3691 1497 3801 1550 resti-

531 1601 930 1658 sollicitandam
973 1616 1095 1658 eam
1119 1643 1134 1670 ,
1167 1601 1350 1672 lingua
1391 1610 1482 1657 tua
1527 1610 1583 1657 ει
1606 1615 1671 1656 os
1695 1609 1848 1656 ιυυω
1895 1598 2139 1654 membra
2243 1598 2530 1644 mentorum
2559 1599 2940 1657 ornamentum,
2973 1588 3064 1644 sed
3086 1588 3173 1642 ille
3198 1587 3535 1643 absconditus
3564 1588 3723 1642 cordis
3741 1587 3798 1638 llo-

531 1695 745 1769 peccati
797 1704 946 1752 sunt.
979 1695 1037 1754 Si
1080 1695 1350 1752 abstulisti
1381 1695 1645 1751 terminos
1669 1709 1700 1748 a
1725 1692 1967 1763 patribus
1999 1691 2116 1762 posi

2245 1698 2328 1734 mo
2357 1681 2418 1750 (Ι
2450 1679 2596 1736 Petr.
2627 1697 2704 1750 Ill,
2738 1681 2795 1747 5,
2821 1682 2856 1736 4
2878 1680 2920 1753 ).

533 1799 649 1857 tos,
677 1790 922 1846 membra
950 1798 1040 1846 tua
1068 1805 1219 1846 arma
1255 1788 1464 1860 peccati
1494 1798 1638 1844 sunt.
1661 1787 1717 1844 Si
1743 1784 2010 1842 festinasti
2048 1799 2142 1840 νε-
2169 1802 2219 1863 B
2315 1777 2374 1831 2ο
2416 1775 2532 1832 Duo
2558 1787 2686 1832 sunt
2709 1776 2868 1847 igitur
2895 1786 3095 1833 etesse
3121 1777 3402 1832 hominem
3430 1775 3482 1831 in
3512 1776 3741 1843 homine,
3765 1786 3800 1830 et

529 1882 830 1941 locioribus
857 1883 1086 1955 pedibus
1107 1883 1174 1939 ad
1205 1882 1588 1940 effundendum
1613 1881 1986 1938 innocentium
2011 1895 2139 1936 san-
2242 1871 2398 1926 illum
2438 1885 2560 1926 esse
2599 1870 2825 1926 divitem
2849 1912 2864 1935 ,
2909 1872 3000 1940 qui
3059 1870 3160 1926 sibi
3207 1869 3485 1925 nullarum
3529 1868 3801 1924 divitiarum

532 1974 776 2048 guinem,
807 1975 1055 2032 membra
1082 1987 1174 2031 ma
1198 1991 1347 2031 arma
1372 1974 1674 2046 iniquitatis
1701 1983 1852 2028 sum,
2240 1976 2396 2018 usum
2435 1961 2695 2032 requirat.
2747 1960 2981 2017 Pulchre
3009 1971 3189 2016 autem
3219 1960 3404 2017 cordis
3450 1961 3722 2017 hominem
3743 1961 3802 2015 di.

600 2066 701 2124 ιι.
743 2067 970 2134 Contra,
1002 2067 1049 2122 si
1072 2067 1255 2122 vidisti
1286 2082 1541 2140 egenum,
1573 2074 1630 2122 et
1673 2064 1932 2121 induxisti
1962 2065 2016 2120 in
2037 2063 2135 2120 do-
2240 2056 2350 2124 xit,
2399 2071 2466 2112 eo
2515 2054 2660 2126 quod
2688 2063 2832 2111 totus
2861 2055 3142 2128 sapientia:
3182 2056 3253 2110 sit
3273 2055 3633 2111 absconditus
3655 2097 3671 2119 ,
3699 2057 3803 2110 sicut

525 2177 676 2220 mum
705 2171 876 2228 tuam,
903 2161 1148 2218 membra
1178 2171 1266 2217 tua
1295 2176 1446 2217 arma
1464 2160 1692 2232 iustitiae
1738 2167 1885 2215 sunt.
1942 2158 1999 2215 Si
2020 2157 2130 2214 eri-
2239 2151 2358 2223 ipsa
2386 2150 2680 2222 sapientia,
2701 2165 2824 2222 qua:
2854 2167 2960 2209 non
2982 2149 3218 2216 videtur,
3241 2149 3339 2205 sed
3370 2149 3709 2215 intelligitur.
3728 2148 3802 2203 Ne-

528 2255 698 2327 puisti
729 2253 983 2325 iniuriam
1010 2253 1397 2324 accipientem,
1427 2251 1516 2308 vel
1548 2266 1670 2306 eum
1693 2252 1787 2321 qui
1839 2249 2140 2305 ducebatur
2240 2259 2330 2300 mo
2350 2254 2478 2300 ante
2507 2244 2728 2300 Petrum
2753 2244 2845 2298 tali
2872 2245 3224 2315 expressione
3255 2258 3388 2298 usus
3413 2253 3535 2308 est,
3580 2253 3638 2298 ut
3684 2241 3800 2298 dice

531 2347 602 2404 ad
623 2347 942 2410 mortem.si
973 2345 1183 2402 scidisti
1214 2344 1635 2416 chirographum
1657 2341 1943 2410 debitoris,
1967 2357 2140 2398 mem-
2240 2348 2323 2395 ret
2349 2336 2533 2394 cordis
2584 2335 2896 2402 hominem;
2945 2338 3192 2394 exterior
3230 2337 3377 2393 enim
3413 2337 3582 2393 homo
3612 2337 3800 2406 plurima

532 2438 636 2497 bra
670 2450 758 2494 tua
783 2454 933 2496 arma
958 2438 1184 2510 iustitiae
1213 2446 1357 2494 sunt.
1381 2436 1440 2494 Si
1467 2436 1751 2493 confessus
1777 2452 1838 2493 es
1856 2436 2137 2493 Christum
2239 2431 2294 2486 in
2325 2446 2385 2487 se
2433 2429 2677 2486 membra
2734 2429 2898 2486 habet
2923 2447 2937 2486 :
2972 2429 3203 2486 interior
3250 2439 3437 2484 autem
3466 2429 3650 2485 cordis
3674 2429 3803 2484 homo

534 2532 558 2606 (
581 2547 735 2588 arma
765 2533 914 2590 enim
947 2531 1259 2589 intellectus
1307 2533 1324 2600 (
1347 2530 1506 2588 Prov.
1540 2547 1652 2597 xiv,
1678 2532 1748 2601 7)
1782 2542 1802 2570 ο
1848 2531 1989 2588 labia
2029 2546 2136 2587 sa-
2240 2534 2387 2582 totus
2417 2527 2611 2596 plenus
2631 2525 2917 2596 sapientia:
2939 2534 3039 2592 est,
3066 2525 3259 2597 plenus
3282 2527 3495 2598 gratim,
3528 2526 3709 2598 plenus
3731 2525 3801 2580 de-

538 2623 804 2700 pientite)
833 2626 976 2682 labia
1007 2635 1097 2682 tua
1127 2611 1372 2682 membra
1389 2625 1620 2697 iustitiae
1650 2633 1796 2680 sunt.
1827 2624 1930 2692 Qui
1959 2631 2140 2695 potest
2239 2618 2405 2675 coris.

536 2718 762 2777 dicere:
798 2717 992 2774 Oculus
1012 2735 1155 2774 eram
1187 2734 1463 2787 caecorum,
1495 2735 1584 2790 pes
1609 2717 1946 2785 claudorum,
1991 2727 2139 2788 pater
2312 2713 2366 2768 5.
2407 2709 2474 2766 In
2495 2712 2900 2785 incorruptione,
2933 2713 3128 2784 inquit,
3161 2713 3321 2784 quieti
3351 2723 3400 2768 et
3429 2714 3643 2769 modesti
3678 2711 3802 2784 spiri-

541 2810 873 2882 inﬁrmorum
900 2808 1034 2882 (Job
1060 2826 1188 2867 xxtx
1221 2852 1236 2878 ,
1267 2808 1374 2882 15)
1401 2852 1416 2877 ,
1463 2809 1706 2867 membra
1735 2809 1854 2881 ejus
1893 2811 2136 2867 membra
2240 2815 2346 2872 tus,
2373 2804 2464 2878 qui
2489 2814 2562 2859 est
2587 2814 2708 2861 ante
2725 2804 2892 2860 Deum
2921 2806 3060 2862 dives
3090 2805 3268 2876 (Ibid.
3291 2806 3336 2878 ).
3393 2807 3461 2863 Et
3483 2823 3606 2863 vere
3643 2806 3797 2868 dives.

542 2904 773 2977 justitize
794 2913 942 2961 sunt.
2239 2899 2332 2968 qui
2371 2898 2424 2952 in
2469 2909 2764 2969 conspectu
2810 2899 2905 2955 Dei
2962 2910 3141 2971 potest
3189 2899 3345 2955 dives
3372 2897 3802 2967 videri,incujns

601 2998 765 3074 951
803 2997 898 3056 45.
951 2999 1095 3070 Ergo
1131 2997 1347 3054 liberati
1379 3013 1410 3054 a
1443 3006 1703 3068 peccato,
1759 2997 1914 3068 quasi
1962 2996 2140 3068 pretio
2238 3000 2535 3062 conspectu
2569 3000 2711 3046 terra
2733 2991 2950 3063 exigua,
2974 2992 3206 3049 mundus
3235 2993 3353 3064 ipse
3400 3002 3650 3064 angustus
3692 2998 3798 3046 est:

531 3093 704 3164 empti
735 3090 1018 3164 sanguinis
1047 3090 1273 3159 Christi,
1323 3105 1431 3147 non
1483 3091 1840 3162 subjiciamur
1887 3089 2139 3146 servituti
2239 3083 2334 3138 sed
2384 3084 2560 3139 solum
2607 3082 2759 3138 illum
2811 3085 2952 3140 Deus
2999 3084 3223 3142 divitem
3246 3087 3422 3152 novit,
3454 3087 3534 3155 qui
3577 3082 3801 3139 sitdives

545 3185 828 3244 hominum
853 3185 938 3240 vel
967 3185 1303 3256 passionum.
1332 3183 1454 3241 Non
1503 3184 1894 3241 erubescamus
1944 3197 2140 3254 peeca-
2164 3197 2209 3261 ο
2241 3180 2571 3246 aeternitate,
2597 3179 2690 3250 qui
2722 3195 2830 3234 non
2853 3195 3039 3251 opum,
3065 3181 3161 3253 sed
3189 3181 3456 3237 virtutum
3498 3182 3685 3237 fruetus
3724 3192 3803 3232 re-

540 3289 656 3336 tum
705 3287 949 3335 nostrum
1004 3276 1185 3333 fateri.
1236 3275 1374 3333 Vide
1401 3291 1565 3348 quam
1598 3275 1754 3342 liber,
1787 3274 1879 3346 qui
1927 3282 2141 3345 poterat
2241 3271 2460 3328 condat.
2493 3270 2624 3338 Quis
2655 3280 2835 3326 autem
2885 3281 3013 3327 ante
3056 3272 3226 3328 Deum
3244 3272 3432 3342 dives,
3483 3272 3588 3328 nisi
3614 3270 3798 3343 quietus

535 3371 760 3431 dicere:
791 3369 916 3427 Non
946 3371 1196 3425 reveritus
1217 3385 1330 3424 sum
1361 3366 1748 3422 multitudinem
1800 3366 2024 3438 pepuli;
2080 3373 2136 3418 ut
2241 3371 2298 3422 et
2324 3363 2601 3420 modestus
2639 3363 2884 3434 spiritus,
2927 3362 3092 3437 942
3127 3366 3218 3436 qui
3261 3381 3560 3436 numquam
3588 3378 3798 3421 corrum-

534 3488 639 3528 uon
665 3469 1029 3526 annuntiarem
1057 3467 1111 3522 in
1136 3479 1411 3538 conspectu
1430 3465 1661 3518 omnium
1680 3471 1943 3535 peccatum
1969 3475 2138 3516 meum
2243 3457 2429 3528 pitur?
2470 3455 2662 3512 Nonne
2691 3457 2789 3512 tibi
2831 3455 3044 3513 videtur
3095 3457 3270 3523 dives,
3329 3458 3426 3527 qui
3446 3458 3610 3514 habet
3646 3472 3796 3530 pacem

537 3566 560 3639 (
587 3562 710 3620 Job.
743 3578 896 3629 xxxr,
925 3562 998 3618 55
1021 3566 1068 3632 ).
1093 3560 1196 3630 Qui
1221 3559 1365 3616 enim
1389 3558 1680 3615 conﬁtetur
1706 3555 1960 3620 Domino,
1986 3554 2140 3610 exui-
2240 3550 2432 3617 animi,
2457 3551 2908 3622 tranquillitatem
2937 3551 3134 3620 quietis
3158 3568 3172 3617 ;
3202 3561 3259 3606 ut
3279 3552 3418 3607 nihil
3449 3553 3793 3623 concupiscat.

535 3668 628 3716 tur
646 3675 678 3714 a
703 3657 970 3714 servitute
994 3673 1011 3723 ;
1037 3654 1220 3710 Justus
1246 3655 1392 3710 enim
1419 3662 1688 3708 accusator
1713 3659 1788 3706 est
1811 3651 1894 3705 sui
1914 3649 1970 3704 in
1995 3648 2141 3720 prin-
2241 3644 2405 3700 nullis
2428 3643 2739 3715 exagitetur
2766 3643 3122 3714 cupiditatum
3170 3644 3455 3714 procellis,
3515 3659 3616 3700 nec
3649 3652 3794 3699 vetera

538 3751 677 3824 cipio
695 3749 950 3806 sermonis
983 3747 1162 3819 (Prov.
1192 3763 1345 3814 xvm,
1372 3725 1496 3817 i7):
1515 3743 1634 3800 Non
1657 3743 1832 3800 solum
1860 3742 2018 3809 liber,
2041 3739 2137 3797 sed
2240 3735 2518 3798 fastidiat,
2573 3743 2630 3790 et
2650 3750 2785 3790 nova
2816 3743 3062 3807 quaerat,
3099 3747 3154 3792 et
3182 3751 3403 3810 semper
3433 3735 3794 3796 desiderando,

537 3843 704 3902 etiam
723 3843 902 3914 justus
927 3859 943 3898 :
976 3840 1073 3898 sed
1095 3839 1304 3911 justitia
1331 3839 1388 3894 in
1419 3838 1671 3895 libertate
1699 3844 1808 3904 est,
1831 3845 1888 3892 et
1915 3833 2139 3891 libertas
2243 3831 2336 3886 ﬁat
2366 3831 2418 3886 in
2446 3831 2675 3885 summis
2705 3829 2910 3885 divitiis
2961 3831 3158 3900 inops?

539 3936 596 3995 in
627 3935 1008 4000 confessione;
1031 3933 1193 3990 simul
1228 3931 1374 3988 enim
1425 3945 1492 3986 ac
1539 3928 1826 3986 confessus
1862 3927 1984 3998 quis
2023 3925 2138 3982 lue-
2313 3923 2367 3977 4.
2409 3923 2486 3978 Ea
2511 3931 2598 3978 est
2633 3922 2649 3960 ί
2688 3938 2790 3994 pax
2823 3938 2952 3979 vere
2976 3922 3158 3991 dives,
3189 3939 3310 3994 quae
3342 3934 3573 3996 superat
3620 3936 3792 3980 omnem

535 4032 632 4099 rit,
663 4029 986 4088 absolvitur.
1013 4029 1256 4100 Denique
1291 4025 1437 4095 Dixi,
1467 4022 1816 4097 pronuntiabo
1868 4021 2138 4076 adversum
2242 4026 2477 4073 mentem
2525 4014 2750 4088 (Philip.
2789 4031 2862 4084 tv,
2895 4017 2970 4087 7).
3006 4016 3165 4073 Dives
3195 4033 3325 4088 pax,
3356 4017 3515 4074 dives
3551 4015 3795 4077 modestia.

535 4138 618 4180 me
656 4121 969 4193 iniustitiam
1008 4135 1178 4174 meam
1207 4117 1430 4173 Domino
1454 4156 1468 4182 ,
1509 4126 1559 4171 et
1595 4123 1652 4169 tu
1695 4111 1935 4168 remisisti
1956 4111 2134 4183 impie-
2239 4109 2390 4166 dives
2412 4107 2582 4176 ﬁdes;
2612 4107 2788 4163 Fideli
2825 4110 2962 4164 enim
3025 4119 3161 4165 totus
3199 4110 3427 4165 mundus
3463 4110 3704 4184 possessio
3739 4114 3795 4160 est

539 4226 700 4274 tatem
721 4215 896 4272 cordis
922 4214 1024 4270 mei
1046 4211 1234 4285 (Psal.
1287 4225 1438 4278 xxxi,
1485 4208 1574 4282 5).
1606 4207 1754 4264 Mora
1799 4221 1930 4278 ergo
1977 4205 2136 4261 abso-
2241 4202 2436 4276 (Prov.
2469 4218 2603 4269 xvn,
2631 4200 2708 4275 6)
2734 4221 2747 4256 :
2780 4201 2932 4260 dives
2953 4203 3310 4274 simplicitas;
3341 4215 3474 4260 sunt
3497 4206 3638 4261 enim
3665 4212 3714 4258 et
3735 4200 3796 4254 di-

537 4308 761 4367 lutionis
783 4309 836 4364 in
865 4305 1175 4364 conﬁtendo
1194 4312 1299 4373 est,
1323 4302 1724 4361 confessionem
1746 4300 1992 4373 sequitur
2007 4315 2133 4370 pec-
2240 4296 2386 4352 vitim
2411 4295 2802 4368 simplicitatis,
2824 4312 2949 4368 quae
2977 4296 3107 4352 nihil
3137 4297 3394 4366 discutit,
3432 4299 3567 4354 nihil
3591 4306 3796 4354 contrac-

537 4409 787 4459 catorum
815 4397 1088 4455 remissio.
1115 4396 1349 4468 Sapiens
1373 4403 1462 4451 est
1483 4393 1672 4464 igitur,
1702 4391 1794 4464 qui
1821 4391 2136 4447 conﬁtetur:
2243 4399 2378 4456 tum,
2407 4387 2542 4444 nihil
2586 4399 2900 4460 suspectqu
2920 4431 2935 4456 ,
2981 4399 3075 4445 aut
3097 4388 3473 4446 frudulentum
3503 4400 3686 4462 putat,
3725 4383 3797 4441 sed

536 4491 699 4558 liber,
735 4491 825 4548 cui
852 4499 1133 4562 peccatum
1155 4488 1448 4545 dimissum
1472 4495 1580 4554 est,
1603 4485 1750 4542 nulla
1773 4484 1887 4556 jam
1918 4493 2138 4540 contra-
2239 4497 2376 4555 puro
2404 4497 2466 4538 se
2489 4480 2668 4538 fundit
2688 4481 2907 4538 aﬁ‘ectu.
3395 4495 3402 4499 '

539 4583 679 4642 hens
708 4599 818 4640 tera
849 4583 1082 4656 peccati.
1111 4581 1263 4648 Vale,
1291 4588 1350 4638 et
1376 4595 1478 4638 nos
1500 4578 1688 4649 dilige,
1730 4585 1790 4632 ut
1810 4575 1977 4642 lacis;
2009 4577 2136 4648 quia
2162 4602 2217 4664 D
2310 4574 2364 4633 5.
2409 4575 2569 4631 Dives
2591 4575 2830 4643 bonitas,
2860 4591 3022 4648 quam
3044 4576 3090 4632 si
3121 4578 3244 4648 quis
3272 4577 3580 4633 servaverit
3601 4617 3616 4642 ,
3663 4569 3798 4645 pasri'

537 4685 597 4733 et
615 4689 718 4748 ego
757 4683 812 4731 te
832 4673 1025 4747 diligo.
2245 4678 2331 4724 tur
2361 4669 2413 4723 in
2444 4666 2650 4724 divitiis
2677 4669 2917 4725 omlestis
2943 4669 3318 4735 hereditatis;
3351 4681 3408 4726 et
3433 4681 3492 4726 ut
3511 4666 3798 4739 antiquiori-

971 4763 999 4803 ἀ
1033 4763 1371 4823 EPISTULA
1409 4761 1702 4820 XXXVIII.
2240 4762 2342 4818 bus
2365 4761 2634 4832 exemplis
2652 4761 2949 4833 Scriptura:
2971 4771 3212 4818 utamur:
3231 4761 3449 4830 Beatus,
3469 4763 3641 4833 inquit
3659 4759 3705 4828 ,ἀ
3724 4759 3796 4819 tit.-

535 4863 837 4938 Sapientem
862 4875 973 4917 esse
999 4859 1206 4916 divitem
1222 4900 1238 4925 ,
1269 4874 1433 4929 neque
1460 4858 1543 4914 hic
1569 4857 1736 4913 ullum
1765 4872 1944 4912 sexum
1972 4856 2144 4928 excipi
2241 4873 2393 4927 quem
2411 4857 2582 4929 arguit
2605 4854 2874 4913 Dominus.
2900 4856 3311 4912 Admonitionem
3336 4869 3512 4912 autem
3533 4855 3628 4913 Dei
3656 4874 3713 4911 ne
3736 4871 3798 4906 rr-

603 4973 660 5012 se
683 4953 935 5011 didicisse
958 4967 1023 5007 ex
1052 4949 1200 5006 Petri
1231 4950 1453 5020 epistola
1474 4991 1490 5018 ,
1539 4951 1690 5022 cujus
1732 4949 1878 5004 locus
1901 4949 2138 5004 enuclea-
2243 4952 2621 5007 cusaneris.....
2653 4949 2724 5006 In
2754 4961 2890 5022 tame
2908 4949 3145 5006 liberabit
3165 4959 3214 5004 te
3240 4967 3274 5004 a
3293 4960 3493 5019 morte,
3547 4953 3601 5005 in
3650 4946 3801 5019 prelis

605 5059 715 5106 tur.
745 5046 943 5102 Pacem
969 5043 1200 5114 aliasque
1225 5042 1436 5098 virtutes
1461 5043 1642 5098 divites
1668 5059 1794 5109 esse,
1825 5041 2141 5114 divitumque
2242 5043 2308 5099 de
2327 5037 2482 5098 manu
2508 5043 2635 5115 ferri
2673 5043 2909 5098 liberabit
2949 5053 3018 5112 te,
3047 5053 3096 5098 et
3114 5060 3148 5098 α
3175 5043 3386 5115 ﬂagello
3415 5045 3611 5115 tingue
3645 5054 3690 5098 te
3713 5040 3801 5095 ds-

2309 5217 2336 5258 ά
2375 5222 2596 5293 Scripta
2625 5225 2770 5280 circa
2799 5239 2929 5280 ann.
2952 5223 3077 5280 587.

2311 5302 2336 5330 °
2377 5293 2454 5348 Ita
2485 5309 2618 5368 mss.
2646 5307 2706 5368 et
2729 5297 2890 5368 edit.,
2926 5297 3028 5350 nisi
3053 5295 3194 5367 quod
3225 5295 3384 5352 Rom.
3417 5296 3658 5368 praefert,
3689 5295 3801 5362 ρκθ·

601 5236 630 5267 δ
667 5223 921 5282 Forsitan
942 5235 1050 5278 non
1077 5219 1350 5292 ingratum
1373 5220 1556 5288 fuerit,
1590 5221 1636 5292 si
1675 5235 1807 5292 qua:
1825 5229 2128 5292 sequuntur

530 5311 707 5372 usque
731 5295 801 5351 ad
827 5307 1124 5372 numerum
1142 5290 1397 5372 ultimum
1423 5333 1447 5372 ,ν
1473 5290 1726 5372 conferre
1756 5290 1978 5348 libuerit
2003 5307 2126 5372 cu_m

530 5361 634 5436 iis;
676 5382 800 5440 qua:
837 5367 893 5440 in
914 5365 1012 5420 lib.
1046 5362 1164 5419 ide
1208 5361 1376 5418 Jacob
1402 5371 1458 5418 et
1485 5361 1606 5418 Vita
1655 5364 1808 5418 beata
1835 5403 1852 5430 ,
1887 5378 2012 5435 cap.
2052 5365 2086 5419 5
2109 5405 2125 5431 ,

534 5437 812 5504 numJO,
843 5437 1214 5492 disseruntur.

602 5511 634 5551 ιι
676 5511 751 5566 Ita
789 5507 916 5565 cod.
965 5506 1167 5578 Boyer.
1205 5504 1436 5571 ;ca:teri
1479 5519 1610 5578 vero
1638 5513 1755 5578 ,_et
1777 5518 1970 5562 omnes
1994 5505 2124 5562 edit.

533 5581 1018 5654 praetermiserunt,
1044 5575 1231 5650 corpus
1255 5585 1510 5632 nostrum.
1536 5575 1689 5632 Haud
1719 5577 1862 5632 bono
1879 5592 2068 5633 sensu.

612 5663 637 5691 ο
671 5651 832 5706 Rom.
855 5649 987 5706 edit.
1017 5657 1076 5704 et
1097 5647 1252 5706 nauci
1309 5663 1472 5706 mss...
1509 5647 1649 5703 labia
1699 5647 1985 5706 sapientis:
2018 5664 2068 5706 vt

612 5663 637 5691 ο
671 5657 832 5706 Rom.
855 5657 987 5706 edit.
1017 5657 1076 5704 et
1097 5657 1252 5718 pauci
1309 5663 1472 5712 mss.,
1509 5657 1649 5703 labia
1699 5657 1985 5716 sapientis;
2018 5659 2126 5706 vet.

534 5730 594 5792 et
617 5735 750 5776 mss.
772 5721 943 5792 multo
963 5719 1169 5792 plures,
1192 5719 1331 5792 labia
1347 5721 1646 5792 sapientiae;
1663 5718 1899 5775 fortasse
1922 5721 2128 5792 sapien-

539 5790 650 5857 tia;
680 5805 804 5846 nam
831 5787 1051 5846 Gnaeus
1071 5788 1236 5847 habet
1253 5787 1389 5850 ὅπλα
1403 5787 1460 5849 δῦ
1489 5793 1778 5854 αἰσθήσιως
1795 5792 1943 5863 χείλη
1971 5787 2125 5864 copit.

2237 5379 2355 5418 rum
2381 5381 2482 5441 non
2514 5367 2604 5441 sit,
2635 5367 2998 5441 inquit,_‘elc._;
3031 5381 3134 5441 ms.
3159 5383 3292 5423 vero
3325 5367 3525 5441 Boycr.
3553 5379 3716 5425 totum
3736 5368 3797 5441 Ia-

2232 5450 2356 5509 eum
2382 5435 2464 5491 his
2496 5439 2677 5492 verbis
2704 5435 2881 5493 reddit
2907 5454 2921 5491 :
2947 5437 3088 5500 Non,
3119 5435 3644 5506 inquit,extrtnseeus
3668 5436 3801 5509 capil-

2233 5506 2403 5581 lorum
2429 5509 2712 5575 intricatio,
2734 5518 2820 5563 aut
2842 5510 3287 5581 auricompositio.
3308 5521 3397 5566 aut
3421 5506 3802 5567 uestimentorum

2231 5578 2443 5702 subitus
2467 5591 2830 5635 ornamentum
2845 5590 2946 5650 est,
2977 5581 3068 5637 sed
3083 5578 3313 5638 interior
3359 5582 3688 5638 absconditus
3712 5595 3803 5636 cor-

2269 5666 2315 5702 is
2381 5667 2523 5702 omo.

2269 5666 2315 5703 l8
2343 5666 2523 5708 nomo.

2309 5719 2639 5805 (“Nonnulli
2659 5739 2818 5790 mss.,
2844 5742 2949 5793 pax
2974 5741 3089 5792 tera
3108 5726 3256 5805 dives
3279 5726 3540 5805 ,‘Poyet‘?
3579 5741 3688 5805 pax,
3709 5737 3802 5776 Mil

2231 5801 2281 5850 et
2313 5792 2489 5852 dives:
2515 5796 2709 5855 melius
2734 5792 2912 5854 tamen
2941 5798 3146 5867 caeteri,
3167 5811 3234 5854 ac
3257 5792 3476 5856 editfut
3500 5796 3558 5854 in
3579 5792 3748 5854 'textu.
