3996 6292
226 299 364 358 1097

1453 287 1938 350 EPISTOLARUM
1977 285 2261 344 CLASSIS
2297 285 2337 340 I.

3391 288 3527 347 1098

216 417 517 473 condet.....
558 414 710 471 Ferte
762 413 935 469 bestia
973 410 1202 483 paciﬁca:
1242 417 1392 464 erunt
1433 410 1544 474 tibi,
1595 419 1646 463 et
1695 409 1822 463 scies

1935 404 2055 458 πολυ
2088 405 2331 480 χρύσους
2361 402 2566 472 τύχας,
2601 398 3022 471 imperialcsque
3049 413 3211 472 gazas
3232 442 3245 466 ,
3280 416 3379 459 suo
3411 416 3534 461 erat

214 509 351 580 quod
375 509 428 562 in
459 525 584 581 pace
615 509 713 562 erit
739 507 922 561 domus
964 513 1052 558 tua
1090 502 1250 575 (Job.
1285 518 1342 568 ν,
1379 502 1444 577 17
1470 501 1509 565 ).
1563 499 1819 569 Mitigatis

214 602 358 656 enim
390 600 573 655 carnis
603 598 764 669 hujus
795 596 961 664 vitiis,
991 603 1046 654 et
1071 592 1437 664 passionibus,
1466 606 1584 661 quae
1613 589 1816 645 milita-

215 710 274 749 re
299 693 562 748 adversus
587 692 826 746 animam
851 689 1050 754 solent,
1077 685 1425 744 tabernacula
1447 693 1538 738 tua
1557 683 1674 738 sine
1698 697 1819 752 per-

215 786 522 844 turbatione
551 794 732 850 erunt,
760 783 956 841 domus
986 782 1106 838 sine
1124 779 1451 845 otl'ensione,
1481 790 1670 832 semen
1699 773 1818 844 sine

213 882 451 946 defectu,
486 888 512 917 ἰ
543 880 840 951 posteritas
865 877 1006 934 sicut
1033 875 1170 932 odor
1191 874 1306 946 agri
1341 871 1510 943 pleni,
1539 869 1818 951 sepultura

213 976 355 1031 sicut
382 975 596 1031 messis.
635 972 911 1045 Siquidem
947 969 1161 1042 quando
1189 967 1282 1023 alii
1303 967 1331 1006 ι)
1359 981 1516 1022 suum
1545 961 1817 1019 defectum

213 1069 572 1132 arbitrantur,
605 1076 736 1124 tunc
758 1081 994 1126 acervus
1021 1063 1185 1120 tritici
1225 1062 1303 1118 tui
1353 1058 1608 1132 supernis
1639 1067 1816 1113 matu-

207 1177 308 1234 rus
340 1161 573 1217 infertur
604 1174 625 1201 ο
653 1160 958 1232 apothecis.

284 1257 338 1310 6.
383 1254 770 1325 Meritojustus
799 1267 1018 1324 semper
1050 1251 1284 1316 fenerat,
1336 1250 1552 1320 iniquus
1587 1247 1814 1317 indiget.

211 1348 307 1406 Ille
333 1347 360 1386 ιι
384 1348 624 1419 justitias
654 1347 886 1414 fenerat,
911 1346 1125 1403 fenerat
1147 1343 1464 1400 mandatum
1494 1343 1587 1398 Dei
1617 1355 1820 1412 paupe-

210 1446 366 1501 ribus
393 1453 446 1501 et
470 1445 659 1516 egenis
686 1463 698 1497 :
726 1453 782 1499 at
810 1459 941 1500 vero
964 1442 1231 1513 insipiens
1271 1452 1326 1496 et
1356 1439 1502 1511 quod
1552 1447 1706 1508 putat
1759 1451 1819 1492 se

216 1539 439 1606 habere,
466 1553 808 1610 nequaquam
842 1536 1102 1607 possidet.
1147 1533 1230 1590 An
1260 1543 1417 1606 putas
1446 1533 1596 1588 illum
1641 1531 1819 1602 possi-

210 1630 370 1698 dere,
402 1631 493 1703 qui
520 1630 775 1687 thesauro
803 1645 901 1686 suo
923 1629 1013 1685 die
1039 1643 1103 1684 ac
1127 1637 1287 1684 nocte
1330 1626 1621 1690 incubans,
1655 1639 1819 1678 avara

211 1731 270 1780 et
295 1724 494 1779 misera
525 1731 810 1794 torquetur
839 1722 1241 1778 sollicitudine?
1279 1721 1375 1777 Ille
1417 1735 1547 1775 vero
1573 1728 1733 1790 eget,
1764 1726 1820 1774 et

1922 504 2212 550 contentus
2243 492 2484 564 palmite.
2534 489 2724 546 Nonne
2769 491 2983 547 videtur
3015 492 3102 548 hic
3135 495 3308 566 magis
3336 496 3525 568 dives,

1923 586 2009 641 hic
2039 586 2210 657 magis
2256 601 2383 650 rex,
2434 582 2572 654 ‘qui
2618 583 2722 640 sibi
2763 585 3105 653 abundabat,
3141 603 3265 642 suas
3306 588 3532 659 regebat

1921 681 2282 751 cupiditates;
2312 688 2367 733 ut
2400 677 2534 733 nihil
2563 677 2800 733 alienum
2829 678 3288 749 concupisceret?
3311 681 3405 737 ille
3435 696 3532 736 au-

1921 783 2029 828 tem
2076 773 2500 843 egentissimus,
2539 771 2625 826 cui
2671 786 2862 826 aurum
2903 787 3061 827 suum
3117 772 3260 838 vile,
3317 773 3534 830 alienus

1923 867 2134 937 palmes
2161 865 2594 937 pretiosissimus
2624 865 3020 928 aestimabatur?
3061 866 3167 921 Sed
3187 883 3291 938 qua
3319 869 3534 923 ratione

1926 971 1949 1008 ε
1963 961 2372 1033 egentissimus,
2396 975 2664 1032 cognosce
2697 978 2708 1014 :
2743 959 2869 1032 quia
2903 960 3108 1016 divitiae
3151 961 3355 1032 injuste
3401 977 3536 1018 con-

1920 1063 2158 1127 gregatae
2195 1064 2528 1110 evomuntur
2560 1053 2697 1126 (Job
2725 1071 2817 1118 xx.
2846 1055 2911 1110 15
2934 1045 2994 1125 )’;
3029 1055 3180 1111 radix
3206 1068 3388 1112 autem
3420 1056 3536 1127 jus-
3611 1123 3613 1126 η

1924 1156 2102 1203 torum
2150 1159 2332 1204 manet
2384 1145 2585 1216 (Prov.
2641 1163 2754 1215 xu,
2786 1146 2917 1216 12),
2951 1159 3006 1203 et
3056 1157 3115 1202 ut
3156 1149 3329 1219 palma
3377 1151 3539 1206 tloret

1925 1238 2100 1311 (Psal.
2137 1254 2228 1294 xcr
2250 1277 2267 1304 ,
2304 1237 2419 1308 15).

1995 1334 2049 1389 9.
2097 1333 2180 1388 Αιι
2235 1347 2342 1388 non
2389 1333 2641 1402 egentior
2688 1346 2928 1402 paupere
2985 1333 3071 1399 is,
3118 1335 3210 1404 qui
3261 1344 3532 1406 tamquam

1925 1426 2116 1482 umbra
2157 1425 2594 1498 prazterit(Psal.
2633 1426 3122 1495 cxun,4)?llodie
3169 1428 3367 1498 impius
3389 1430 3536 1484 exal-

1927 1529 2092 1588 tatur,
2125 1537 2249 1577 cras
2275 1537 2385 1577 non
2411 1521 2535 1584 erit,
2553 1535 2652 1576 nec
2675 1519 2994 1576 invenietur
3015 1521 3212 1592 aliquis
3244 1522 3398 1578 locus
3420 1523 3539 1593 ejus

1925 1611 2110 1685 (Psal.
2137 1629 2329 1681 xxxvi,
2363 1614 2464 1679 35,
2496 1613 2623 1684 '56).
2651 1612 2789 1679 Quid
2815 1623 2898 1668 est
2924 1614 3107 1684 itaque
3135 1613 3361 1670 divitem
3387 1629 3536 1681 esse,

1926 1707 2031 1762 nisi
2075 1706 2401 1764 abundare?
2444 1708 2578 1775 Quis
2608 1718 2791 1762 autem
2823 1708 3101 1773 abundat,
3137 1709 3228 1778 qui
3261 1709 3332 1764 sit
3357 1709 3542 1764 animo

212 1818 258 1873 si
287 1818 413 1872 aliis
445 1818 598 1872 dives
629 1815 866 1880 videtur,
897 1816 1000 1873 sibi
1032 1830 1237 1886 pauper
1265 1823 1389 1880 est;
1420 1814 1546 1884 quia
1573 1827 1679 1867 non
1710 1811 1816 1866 uti.
1851 1819 1899 1878 Β
1925 1802 2294 1856 contractior?
2341 1799 2442 1868 Qui
2491 1811 2674 1856 autem
2722 1803 2907 1857 animo
2964 1803 3321 1869 contractior,
3358 1805 3544 1875 utique

214 1923 309 1969 tur
340 1930 406 1970 eo
436 1912 579 1984 quod
605 1911 792 1977 habet,
819 1911 910 1982 qui
939 1910 1115 1984 adhuc
1143 1910 1246 1964 alia
1271 1909 1449 1980 rapit,
1474 1908 1578 1963 alia
1611 1905 1823 1962 deside-

216 2020 303 2064 rat
336 2027 347 2062 :
379 2008 471 2063 tibi
504 2007 646 2064 enim
688 2006 871 2061 nullus
896 2005 1178 2076 cupiditati
1203 2003 1432 2068 modus,
1473 2003 1565 2072 qui
1613 2001 1818 2058 fructus

213 2103 569 2159 divitiarum?
593 2101 764 2158 Nemo
795 2111 881 2158 est
907 2100 1079 2167 dives,
1113 2101 1203 2172 qui
1228 2099 1370 2171 quod
1406 2097 1588 2164 habet,
1636 2111 1820 2152 secum

216 2195 349 2252 hinc
379 2195 597 2252 auferre
632 2211 740 2250 non
772 2203 982 2266 potest:
1005 2194 1149 2265 quod
1179 2193 1324 2249 enim
1358 2191 1444 2247 hic
1465 2191 1820 2260 relinquitur,

215 2306 326 2344 non
356 2297 624 2353 nostrum,
646 2286 741 2342 sed
770 2285 1008 2342 alienum
1035 2295 1138 2341 est.

289 2385 343 2438 7.
387 2383 548 2439 Dives
576 2380 785 2445 Enoch,
820 2379 1079 2452 quiquod
1108 2378 1298 2434 habuit
1341 2392 1527 2433 secum
1576 2382 1823 2431 transtu-

218 2482 308 2548 lit,
344 2488 400 2537 et
427 2495 644 2536 omnem
678 2478 830 2533 illum
877 2476 1138 2532 bonitatis
1176 2491 1291 2532 suae
1314 2489 1540 2531 censum
1586 2473 1826 2530 caelesti-

218 2576 323 2631 bus
355 2574 537 2631 intulit
557 2571 962 2644 receptaculis(
992 2569 1120 2626 Gen.
1149 2585 1202 2637 v,
1233 2569 1304 2623 25
1325 2569 1376 2638 ):
1429 2568 1520 2638 qui
1548 2567 1670 2627 ideo
1699 2583 1825 2635 rap-

220 2680 306 2726 ttts
361 2679 456 2735 est,
498 2686 560 2725 ne
601 2683 688 2723 cor
715 2670 831 2740 ejus
879 2665 1082 2721 malitia
1122 2672 1343 2718 mutaret
1389 2661 1564 2732 (Sap.
1590 2677 1665 2728 tv,
1695 2660 1820 2731 11).

222 2765 383 2820 Dives
403 2763 585 2830 Elias,
648 2762 739 2833 qui
796 2761 1054 2815 virtutum
1079 2771 1302 2813 suarum
1347 2755 1633 2811 thesauros
1659 2769 1825 2810 curru

222 2859 384 2931 igneo
407 2856 656 2915 sublimis
681 2853 906 2911 sedibus
932 2851 1187 2908 aethereis
1209 2848 1414 2905 invexit
1444 2847 1464 2921 (
1488 2846 1556 2903 ιν
1587 2845 1718 2920 Reg.
1745 2863 1780 2901 ιι
1806 2887 1822 2914 ,

225 2954 351 3026 11).
387 2953 454 3008 Et
485 2961 686 3008 tamen
725 2951 826 3005 iste
857 2963 966 3005 non
1013 2946 1317 3004 mediocres
1360 2944 1582 3001 divitias
1625 2943 1827 2998 haeredi

224 3047 470 3120 reliquit,
498 3062 635 3119 quas
667 3047 784 3117 ipse
810 3060 918 3102 non
944 3044 1238 3099 amitteret.
1284 3040 1416 3108 Quis’
1454 3039 1597 3094 hunc
1629 3051 1830 3109 paupe-

225 3159 340 3199 rem
374 3142 456 3196 vcl
485 3151 610 3196 tunc
637 3139 858 3208 dixerit,
885 3153 1009 3194 cum
1035 3136 1210 3192 victus
1247 3133 1551 3206 quotidiani
1574 3131 1827 3202 indigens

1923 1894 2209 1964 angustior
2246 1910 2258 1946 :
2293 1909 2415 1964 quae
2448 1895 2611 1964 igitur
2641 1895 2693 1949 in
2724 1893 2992 1966 angustiis
3023 1895 3390 1952 abundantia?
3421 1897 3540 1954 Non

1923 2001 2054 2057 ergo
2085 1985 2234 2042 dives
2261 2029 2277 2054 ,
2307 1986 2401 2057 qui
2430 2002 2540 2042 non
2577 1987 2835 2044 abundat.
2871 1986 3027 2043 Unde
3069 1988 3295 2058 pulchre
3326 1989 3493 2044 David
3526 2009 3540 2044 :

1928 2080 2158 2149 Divites,
2183 2083 2399 2153 inquit,
2430 2091 2710 2154 eguerunt,
2746 2092 2793 2137 et
2821 2085 3110 2138 esurieruttt
3138 2082 3310 2155 (Psal.
3344 2101 3540 2152 χχχιιι,

1930 2173 2039 2242 10);
2070 2173 2324 2241 quoniam
2353 2188 2477 2230 cum
2508 2175 2772 2231 haberent
2802 2165 3214 2245 Scripturarum’
3243 2176 3537 2232 thesauros

1925 2268 2233 2323 cmlestium
2261 2308 2276 2333 ,
2311 2277 2578 2340 eguerunt
2607 2269 2697 2340 qui
2731 2283 2838 2323 non
2872 2269 3258 2325 intellexerunt
3286 2312 3300 2336 ,
3330 2280 3384 2325 et
3414 2287 3542 2326 esu-

1927 2363 2137 2417 rierunt
2181 2363 2275 2432 qui
2322 2363 2528 2418 nullum
2579 2364 2842 2433 spiritalis
2891 2365 3084 2432 gratia:
3128 2373 3413 2434 gustarunt
3459 2367 3542 2418 ci-

1927 2453 2078 2509 bum.

2001 2548 2088 2604 10.
2121 2545 2270 2601 Nihil
2299 2546 2463 2617 igitur
2487 2545 2682 2602 atfectu
2705 2547 2972 2617 sapientis
2999 2546 3168 2601 ditius
3191 2589 3206 2615 ,
3240 2547 3378 2604 nihil
3411 2548 3544 2605 insi-

1929 2641 2128 2712 pientis
2160 2643 2428 2713 cgentius.
2469 2641 2605 2696 Nam
2655 2656 2777 2696 cum
2823 2657 3049 2710 regnum
3089 2641 3185 2697 Dei
3238 2657 3542 2714 pauperum

1927 2738 2001 2793 sit
2033 2736 2257 2808 (Matth.
2294 2754 2347 2804 v,
2390 2735 2480 2808 5),
2513 2737 2643 2810 quid
2689 2751 2813 2792 esse
2844 2736 3174 2806 locupletius
3225 2738 3445 2807 potest?
3477 2737 3549 2792 Et

1930 2829 2055 2886 ideo
2088 2831 2354 2900 praeclare
2379 2829 2675 2900 Apostolus
2706 2847 2718 2882 :
2755 2828 2800 2882 0
2830 2829 3301 2899 altitudo,inquit,
3337 2829 3546 2884 divitia-

1930 2941 2046 2978 rum
2069 2925 2336 2996 sapientite
2365 2933 2410 2976 et
2441 2924 2669 2977 scientia:
2693 2922 2793 2977 Dei
2815 2921 2996 2992 (Rom.
3023 2939 3096 2987 ιιι,
3118 2923 3212 2994 53)
3236 2924 3247 2975 !
3273 2922 3545 2979 Praeclare

1933 3018 2095 3072 etiam
2133 3016 2296 3071 David
2326 3057 2338 3080 ,
2371 3016 2458 3084 qui
2494 3015 2546 3068 in
2579 3015 2662 3069 via
2706 3015 3146 3069 testimoniorum
3196 3015 3500 3070 caalestium
3528 3059 3542 3082 ,

1933 3111 2086 3181 quasi
2111 3109 2162 3164 in
2192 3107 2443 3164 omnibus
2469 3107 2690 3171 divitiis,
2723 3106 3096 3162 delectabatur
3122 3106 3140 3176 (
3162 3104 3309 3160 Psal.
3342 3123 3540 3174 cxvut,

225 3236 505 3300 alimonia,
536 3235 843 3290 mitteretur
868 3232 934 3288 ad
963 3231 1199 3297 viduam,
1225 3238 1282 3284 ut
1302 3234 1621 3299 pasceretur
1646 3225 1715 3281 ab
1735 3240 1820 3290 ea;

1935 3205 1998 3259 14
2020 3202 2062 3275 ).
2098 3202 2375 3271 Expresse
2414 3200 2656 3271 Moyses,
2691 3200 2781 3270 qui
2811 3200 2922 3254 ait:
2962 3197 3306 3268 Nephthalim
3329 3203 3540 3255 satietas

227 3329 450 3404 quando
475 3328 544 3384 ad
572 3329 694 3399 ejus
714 3342 903 3383 vocem
927 3326 1126 3382 malum
1155 3321 1508 3380 claudebatur
1536 3330 1590 3376 et
1617 3319 1827 3390 aperie-

227 3425 412 3490 batur,
446 3419 662 3494 quando
692 3419 758 3475 ad
784 3419 903 3490 ejus
938 3418 1163 3474 verbum
1195 3415 1389 3487 hydria
1435 3413 1622 3468 farinae
1651 3419 1707 3467 et
1731 3425 1827 3466 vas

227 3518 344 3574 olei
376 3531 482 3572 non
508 3515 800 3572 deficiebat
840 3529 934 3584 per
977 3511 1294 3576 triennium,
1339 3507 1436 3564 sed
1466 3505 1779 3562 abundabat
1813 3523 1825 3557 :

229 3625 335 3666 nec
362 3609 704 3664 minuebatur
739 3621 858 3675 usu,
887 3604 984 3661 sed
1015 3602 1327 3674 replebatur
1367 3601 1384 3670 (
1411 3598 1477 3655 lIl
1513 3599 1643 3670 Reg.
1675 3613 1785 3652 xvn
1813 3639 1827 3663 ,

227 3706 262 3761 9
305 3711 356 3759 et
397 3701 589 3774 seq.)?
629 3700 761 3769 Quis
812 3700 964 3755 illum
1010 3712 1302 3769 pauperem
1352 3693 1572 3756 dixerit.
1622 3691 1689 3746 ad
1738 3706 1832 3745 cu-

220 3798 314 3869 jus
351 3795 680 3851 voluntatem
722 3790 1089 3849 descendebat
1134 3791 1273 3862 ignis
1321 3788 1418 3861 (IV
1454 3788 1574 3859 Reg.
1611 3783 1783 3853 1,14)
1813 3825 1827 3848 ,

223 3907 389 3962 quem
423 3888 566 3944 invia
595 3886 718 3941 aliis
759 3884 978 3939 ﬂumina
1012 3897 1119 3938 non
1143 3878 1544 3937 concludebant
1573 3874 1666 3950 (IV
1693 3875 1827 3945 Reg.

225 4003 287 4052 II,
318 3984 406 4055 8),
449 3982 547 4038 sed
583 3982 637 4036 in
673 3977 836 4052 943
868 3993 1026 4033 suum
1077 3975 1286 4032 fontem
1340 3971 1724 4034 recurrebant;
1773 3975 1833 4023 ut

225 4084 378 4135 sicco
409 4076 677 4148 prepheta
711 4072 969 4128 transiret
1013 4069 1193 4142 pede?

299 4171 352 4225 8.
386 4171 534 4225 Duos
564 4167 825 4223 ﬁnitimos
850 4157 1008 4220 vetus
1035 4161 1260 4218 historia
1293 4157 1555 4216 describit
1579 4155 1668 4230 (III
1698 4155 1829 4227 Reg.

226 4248 320 4323 an
339 4306 353 4332 ,
382 4265 475 4320 let
505 4265 667 4335 seq.),
696 4277 877 4333 regem
907 4259 1114 4325 Achab,
1136 4267 1192 4314 et
1213 4269 1504 4328 pauperem
1526 4252 1830 4318 Nabuthen;

223 4375 390 4432 quem
422 4359 612 4415 horum
639 4357 1039 4428 pauperiorem,
1063 4368 1222 4425 quem
1246 4352 1501 4408 ditiorem
1523 4345 1834 4406 credimus?

226 4454 384 4509 Alter
413 4451 581 4523 regali
613 4450 785 4506 fulcro
816 4448 1127 4504 divitiarum
1156 4446 1446 4518 praeditus,
1493 4439 1836 4512 inexplebilis

227 4545 662 4615 insatiabilisque
686 4542 880 4614 opibus
901 4542 1013 4597 suis
1031 4583 1045 4607 ,
1069 4540 1316 4612 exiguam
1343 4536 1601 4608 pauperis
1623 4535 1834 4589 vineam

1927 3297 2293 3368 accipientium
2324 3293 2505 3367 (Deut.
2537 3309 2732 3360 χχχιιι,
2755 3292 2871 3364 25).
2906 3292 3276 3363 Nephthalim,
3308 3292 3335 3330 h
3367 3295 3543 3352 abun—

1931 3388 2114 3446 dantia
2143 3389 2479 3460 significatur
2508 3386 2699 3442 Latina
2732 3385 3207 3455 interpretatione,
3231 3388 3315 3442 vel
3339 3387 3539 3442 dilata-

1933 3487 2027 3541 tio.
2061 3485 2135 3541 Ibi
2189 3500 2319 3556 ergo
2365 3482 2736 3546 abundantia,
2768 3480 2858 3535 ubi
2901 3481 3162 3536 satietas:
3214 3481 3304 3536 ubi
3353 3493 3538 3539 autem

1931 3578 2110 3636 fames
2139 3577 2498 3649 cupiditatum
2519 3617 2533 3642 ,
2569 3574 2655 3630 ubi
2701 3573 3049 3644 inexplebilis
3080 3575 3391 3646 appetentia
3419 3592 3432 3640 ;
3468 3575 3540 3632 ibi

1932 3673 2120 3744 utique
2167 3680 2482 3744 paupertas.
2517 3668 2624 3724 Sed
2658 3667 2781 3738 quia
2811 3667 2897 3720 vix
2930 3666 3035 3721 ulla
3078 3666 3157 3722 rei
3205 3669 3535 3737 pecuniaria:

1933 3765 2020 3821 vel
2046 3765 2230 3820 mundi
2263 3763 2425 3834 hujus
2472 3759 2742 3832 cupiditas
2785 3758 3094 3815 satietatem
3140 3758 3335 3826 habet;
3373 3759 3388 3796 ί
3420 3760 3543 3816 ideo

1932 3858 2140 3916 addidit
2166 3876 2177 3910 :
2199 3856 2266 3911 Et
2295 3855 2568 3927 replebitur
2586 3851 2934 3906 benedictione
2957 3848 3170 3920 (Ibid.).

2008 3933 2096 4008 II.
2131 3949 2447 4008 Secundum
2482 3947 2598 4002 htec
2627 3945 2820 4001 Petrus
2845 3942 3124 4012 apostolus
3147 3942 3398 3998 definivit
3429 3962 3536 3999 nutt

1935 4051 1989 4104 in
2025 4060 2161 4101 auro
2207 4051 2264 4100 et
2307 4050 2531 4113 argento
2569 4048 2625 4094 et
2661 4035 2994 4092 indumentis
3039 4034 3362 4091 feminarum
3420 4055 3542 4093 esse

1935 4147 2318 4198 ornamentum
2344 4178 2359 4204 ,
2389 4135 2486 4191 sed
2525 4133 2578 4188 in
2619 4131 2833 4188 occulto
2871 4129 3055 4186 cordis
3105 4129 3327 4186 homine
3375 4141 3542 4203 atque

1937 4232 2330 4303 absconditotl
2354 4230 2466 4285 Pet.
2494 4227 2576 4295 ιιι,
2594 4229 2682 4298 3);
2707 4226 2855 4282 unde
2883 4224 3030 4280 nulla
3059 4240 3119 4281 se
3142 4236 3303 4280 exuat
3333 4227 3538 4283 cultum

1937 4330 2157 4402 pietatis
2182 4370 2196 4394 ,
2228 4332 2478 4382 ornatum
2504 4321 2711 4393 gratim,
2736 4320 2860 4373 vita:
2889 4325 3108 4374 aeternae
3140 4317 3537 4376 haereditatetn.

1941 4425 2073 4480 Vale
2096 4466 2110 4490 ,
2142 4431 2198 4478 et
2230 4434 2327 4476 nos
2361 4416 2526 4487 dilige
2552 4432 2566 4481 ;
2597 4413 2720 4484 quia
2754 4426 2851 4468 nos
2881 4419 2932 4466 te
2953 4409 3252 4480 diligimus.

2290 4516 2456 4591 9M,
2496 4518 2508 4566 ι
2561 4511 2892 4571 EPISTOLA
2935 4509 3182 4566 xxmx.

225 4639 563 4697 desideravit
592 4655 606 4693 :
638 4638 779 4693 alter
825 4647 848 4674 θ
878 4635 1186 4705 despiciens
1230 4634 1414 4688 animo
1457 4606 1704 4703 βασιλέων
1742 4630 1837 4689 τὰς
1863 4617 1918 4679 D
1945 4621 2254 4677 Faustinum
2272 4622 2482 4687 propter
2498 4609 2691 4666 sororis
2714 4616 2926 4663 mortem
2945 4606 3212 4661 hominum
3229 4612 3540 4666 consortium

307 4787 330 4813 τι
372 4774 641 4830 Alluditur
673 4772 740 4828 ad
769 4773 908 4828 Gen.
939 4787 1108 4835 xxvu,
1135 4769 1235 4824 27:
1266 4767 1403 4822 Ecce
1429 4767 1556 4820 odor
1585 4766 1683 4836 ﬁlii
1703 4763 1825 4836 mei,

225 4853 361 4906 sicut
387 4848 514 4902 odor
543 4847 654 4917 agri
688 4845 844 4917 pleni,
871 4854 1004 4910 etc.,
1032 4833 1132 4917 nec
1159 4857 1264 4896 non
1292 4839 1357 4917 ad
1384 4838 1486 4917 Job
1507 4854 1558 4917 Υ,
1585 4833 1660 4891 26
1694 4853 1706 4888 :
1746 4833 1831 4887 ln-

227 4919 563 4993 gredieﬁrisin
577 4911 911 4971 abundantia
936 4915 1250 4986 sepulcrum,
1279 4911 1410 4967 sicut
1440 4911 1663 4979 infertur
1687 4921 1829 4959 acer-

231 4991 326 5047 i‘tts
355 4991 531 5056 tritici,
564 5000 672 5044 etc.

305 5063 333 5101 ιι
372 5055 558 5134 Quies
583 5060 806 5134 Boyer.,
838 5075 985 5134 suum
1017 5055 1606 5134 fructum__ttrbit_rantur.

309 5147 330 5172 ε
379 5133 478 5190 Ubi
509 5117 720 5202 aliquid
763 5117 1064 5202 reponitur,
1119 5131 1196 5183 ait
1240 5126 1478 5202 Nannius
1511 5117 1828 5202 ,napotheca

227 5206 463 5264 dicitur:
488 5194 634 5260 nunc
660 5194 841 5260 autem
894 5194 1445 5272 pharmacopularum
1481 5194 1724 5250 ollicinas
1754 5194 1827 5244 ita

227 5277 594 5350 appellamus.

305 5349 333 5386 ιι
373 5348 534 5402 Rom.
560 5349 717 5412 edit.,
733 5348 966 5419 justitias
995 5350 1193 5418 fenerat
1213 5337 1589 5419 n_tandato_Dei
1613 5353 1637 5419 ί
1661 5335 1788 5419 διίξε-
1808 5376 1822 5399 ,

229 5436 298 5476 ac
344 5435 478 5474 mss.
509 5461 522 5484 ,
557 5447 559 5450 -
581 5405 814 5488 jttstitias
854 5405 1050 5488 fenerat
1098 5415 1396 5488 mandatum
1442 5409 1560 5488 ρει.
1595 5407 1675 5488 __I_n
1710 5405 1828 5488 solo

228 5494 432 5617 Doyﬁr.
454 5477 774 5572 geminatur
799 5477 1020 5560 fenerat,
1051 5489 1194 5560 quod
1233 5486 1426 5542 saltem
1460 5483 1511 5536 in
1558 5480 1679 5534 aliis
1703 5477 1831 5532 sub-

231 5575 349 5617 mte
399 5573 584 5617 tuttur.

230 5564 584 5633 intelligitur.

313 5647 336 5672 ε
371 5622 595 5688 Λῆιθτιι.
620 5648 741 5687 cum
775 5648 905 5688 mss.
940 5645 1048 5686 non
1082 5631 1297 5698 paucis,
1321 5625 1574 5698 aspiciens
1603 5622 1797 5698 animo.

314 5705 333 5743 ί
370 5704 606 5760 Divitem
629 5719 751 5759 eum
774 5719 894 5760 esse
911 5695 1098 5758 deﬁnit
1115 5701 1308 5758 Cicero
1323 5695 1444 5754 loco
1462 5697 1581 5760 cit.,
1601 5695 1684 5748 cui
1698 5700 1842 5746 tanta

233 5778 498 5851 possessio
515 5784 621 5851 est,
657 5785 712 5830 ut
725 5777 791 5829 ad
820 5775 1098 5851 liberaliter
1117 5772 1385 5828 vivendum
1407 5768 1558 5851 facile
1577 5773 1845 5851 contentus

231 5838 305 5911 sit
329 5891 344 5917 ,
373 5849 462 5920 qui
490 5838 621 5902 nihil
640 5855 856 5918 quaerat,
887 5846 1018 5901 nihil
1044 5855 1286 5917 appetat,
1317 5838 1422 5899 etc.
1451 5838 1682 5895 Maxime
1712 5849 1848 5894 vero

769 5945 1048 6008 ΡΑτιιοι..
1108 5939 1284 6002 XVI.

1930 4761 1998 4815 ab
2023 4759 2141 4829 ejus
2169 4747 2585 4829 argumentandi
2605 4746 2816 4829 ratione
2839 4744 2894 4798 in
2916 4742 3540 4829 eo'discrepatnAmhro-

1931 4817 2080 4894 sius',
2111 4817 2261 4898 quod
2285 4837 2384 4898 pro
2405 4833 2649 4898 veterum
2679 4817 3385 4898 Itonianprumcsemplis.,
3415 4834 3538 4888 qua:

1929 4903 2022 4957 ille
2049 4886 2300 4962 adliihet;
2335 4894 2422 4948 hic
2453 4891 2619 4946 nullis
2645 4889 2813 4943 utitur
2844 4886 2949 4942 nisi
2981 4903 3014 4943 e'
3043 4887 3222 4942 divina
3254 4886 3536 4958 Scriptura

2003 4972 2135 5026 litis.

1932 4988 2135 5042 penus.

2005 5053 2029 5089 ες
2071 5040 2202 5097 Cod.
2239 5037 2471 5108 Boyer._._
2500 5031 2891 5108 egentissimus?
2920 5029 3055 5095 Quia
3093 5030 3286 5084 divitia:
3322 5045 3539 5102 congre-

1931 5124 2064 5184 gatae
2094 5104 2336 5184 pereunt;
2357 5105 2509 5184 radix
2531 5104 2693 5184 enim_,
2721 5111 2829 5184 etc.

2009 5183 2033 5221 ιι
2063 5171 2210 5239 Idem
2237 5179 2358 5234 cod.
2393 5180 2616 5248 Boyer.,
2648 5175 2849 5248 Latium
2873 5171 3311 5248 interpretationis
3339 5173 3542 5248 signi/ig

1935 5257 2131 5312 catione
2167 5242 2532 5306 abundantiam
2581 5245 2660 5300 uel
2701 5245 3003 5298 dilationem
3051 5242 3328 5311 signiﬁcat.
3381 5242 3539 5311 Quot!

1937 5343 2067 5385 vero
2107 5326 2173 5381 ad
2203 5325 2345 5377 hunc
2395 5316 2874 5390 signiﬁcatum,jn
2899 5328 2988 5390 _eo
3029 5313 3293 5390 alluditur
3332 5315 3397 5390 ad
3445 5316 3536 5373 illa

1936 5383 2100 5457 verba
2122 5395 2272 5454 citati
2299 5392 2405 5448 loci
2443 5383 2505 5446 éx
2539 5391 2692 5443 Deut.
2723 5403 2734 5439 :
2766 5383 3058 5457 Nephtltali
3080 5384 3401 5457 abundantia
3425 5405 3543 5456 per-

1936 5454 2173 5546 metu.
2212 5477 2259 5522 et
2304 5466 2487 5538 ριεηαε
2516 5462 2611 5514 ενίι
2657 5455 3113 5546 ξῆνῗῗίὲίέίίῗῖτέθὲδ·
3163 5454 3294 5546 Nam
3343 5454 3544 5542 “limini

1938 5525 2140 5601 i‘ectius
2160 5525 2646 5619 interpretaremur
2667 5525 3158 5619 identvocabulum
3183 5525 3548 5619 opmparatio-

1938 5599 2062 5671 nem
2081 5656 2094 5675 .
2127 5599 2484 5668 retorsionem
2508 5617 2570 5655 ac
2599 5599 3038 5675 tortuositatem,
3063 5608 3122 5654 ut
3150 5599 3314 5671 vulgo
3342 5603 3542 5659 solent.

2019 5669 2035 5725 ι
2071 5669 2265 5756 Boyer.
2301 5679 2482 5756 solus,
2514 5675 2628 5756 ideo
2658 5672 2720 5724 de
2741 5671 2890 5738 justo
2910 5669 3118 5756 digitm.

2022 5760 2034 5809 i
2071 5741 2284 5824 Sci-ipta
2309 5747 2448 5805 haud
2470 5741 2644 5800 multo
2666 5752 2788 5814 post
2807 5756 2937 5795 ann.
2960 5741 3088 5798 587.

2968 5908 3047 5972 35
