3996 6292
450 235 592 298 ιορυ
1810 217 2054 278 SANCTI
2094 215 2419 278 auunosn
3635 223 3754 282 ttoo

517 347 800 425 fugientem
825 339 1028 414 arguit,
1058 338 1154 393 hoc
1178 335 1279 410 ipsi
1303 335 1470 392 sorori
1493 333 1775 408 iujurium,
1798 345 1860 388 ao
1884 330 2060 385 interi-
2084 330 2134 392 Α
2233 329 2286 386 5.
2320 330 2527 388 Verum
2554 329 2691 388 forte
2733 344 2954 389 asseras
2993 346 3260 389 securum
3307 339 3361 390 te
3397 341 3420 371 ε
3457 332 3526 391 de
3571 336 3758 393 meritis

516 423 624 498 tum
650 451 753 494 non
781 432 1073 490 hominibus
1101 430 1290 495 solum,
1323 427 1413 485 sed
1442 436 1490 483 et
1514 425 1807 482 ciuitatibus
1832 435 2065 479 eommu-
2163 423 2284 495 ejus
2311 439 2374 480 ac
2413 423 2548 492 ﬁde;
2583 423 2809 498 nequire
2843 434 3031 483 tamen
3066 425 3214 484 ferre
3242 425 3601 493 desiderium,
3630 431 3758 502 quod

516 547 635 588 nem
652 543 764 586 esse
789 537 1024 582 monens.
1055 521 1208 577 Nihil
1239 527 1361 592 ergo
1389 517 1472 572 itii
1481 519 1598 589 jam
1624 515 1797 572 deberi
1821 513 1922 569 nisi
1948 527 2065 583 pre-
2162 531 2282 575 cam
2307 519 2420 590 jam
2452 534 2562 577 non
2612 519 2800 578 videas
2826 521 3136 578 secundum
3165 534 3392 578 carnem
3419 565 3434 590 ,
3479 523 3641 593 idque
3676 521 3758 580 ιίβί

517 643 599 682 ces
621 641 642 692 ;
665 631 832 678 vetare
852 616 1110 688 siauidem
1139 611 1446 686 Apostoium
1467 653 1481 676 ,
1510 625 1575 667 ne
1602 621 1751 682 quem
1782 607 2062 664 secundum
2161 624 2377 668 summa
2405 611 2583 669 dolori
2623 616 2714 670 sit.
2749 615 2862 672 Nec
2894 613 3029 672 illud
3072 615 3124 672 te
3155 623 3339 672 movet
3371 615 3759 688 Apostolicum,

516 733 724 776 carnem
734 718 850 792 jam
877 723 1268 788 cognoscamus,
1286 716 1342 763 at
1359 718 1544 762 noram
1563 711 1874 761 creaturam.
1906 701 2062 770 Qut:-
2157 707 2306 780 quod
2351 707 2469 764 alt:
2516 708 2652 776 Quia
2689 711 2943 766 neminem
2985 711 3226 766 novimus
3255 727 3320 767 ea:
3361 704 3464 766 hoc
3501 711 3759 766 secundum

517 827 640 868 nam
667 809 764 865 ma
783 809 882 876 sit,
910 815 956 862 et
983 801 1244 876 quomodo
1270 799 1420 858 illum
1443 797 1606 856 solari
1627 795 1930 854 Ambrosii!
1948 793 2061 866 ὄρει
2159 817 2386 858 carnem.
2417 801 2487 857 Et
2511 801 2558 858 si
2581 805 2910 880 cognouimus
2939 805 3222 860 secundant
3250 819 3464 861 carnem
3491 803 3759 873 Christum,

515 914 773 972 teneatur,
807 900 1140 973 expenditur.
2157 897 2248 954 sed
2277 913 2413 952 nunc
2431 899 2548 972 jam
2571 915 2674 954 non
2703 899 2936 954 novimus
2958 897 3038 969 (ll
3066 897 3193 954 Car.
3220 915 3274 966 v,
3305 887 3439 970 46)?
3467 896 3611 954 Caro
3630 901 3760 955 enim

779 1000 1082 1054 Ansaostos
1123 991 1396 1050 Fsusrtuo
1434 987 1693 1047 salutem.
2157 1001 2342 1048 nostra
2389 1002 2650 1063 perpetua
2681 1007 2807 1049 esse
2850 1009 2914 1048 ac
2959 991 3219 1048 diuturna
3259 997 3368 1050 non
3419 999 3632 1062 potest;
3681 1009 3762 1048 ne-

513 1097 570 1151 1.
600 1091 814 1150 Acerba
859 1097 914 1148 te
959 1089 1258 1146 dolituri!
1288 1085 1502 1152 .dOlOl'e
1529 1081 1740 1138 οδίιυπι
1775 1087 2054 1151 germanae
2154 1098 2308 1140 cesse
2347 1092 2430 1140 est
2459 1083 2703 1151 occidat,
2755 1093 2812 1140 ut
2845 1095 3135 1156 resurgat:
3177 1101 3411 1142 necesse
3437 1083 3552 1141 ἐει
3605 1088 3759 1142 resol-

439 1201 546 1247 tua:
576 1205 683 1244 non
716 1186 1080 1260 ignorabam;
1110 1199 1218 1239 non
1247 1193 1430 1238 tamen
1471 1188 1531 1235 ut
1559 1190 1592 1234 a
1636 1175 1796 1232 nobis
1823 1187 1881 1231 te
1905 1169 2056 1228 ablo-
2157 1185 2316 1234 vatur
2339 1220 2355 1245 ,
2387 1185 2448 1234 ut
2476 1179 2811 1250 requiescat,
2844 1177 2865 1218 ι
2899 1187 2958 1236 ut
2989 1177 3084 1235 iiat
3108 1179 3328 1252 quidam
3363 1179 3493 1236 linis
3541 1184 3756 1249 peccati.

434 1297 633 1355 gares,
661 1279 760 1338 sed
807 1288 864 1336 ut
905 1277 1065 1335 nobis
1107 1283 1160 1334 te
1197 1275 1502 1332 redderes:
1537 1283 1662 1327 nam
1694 1277 1750 1326 et
1793 1271 1842 1324 st
1871 1267 2053 1323 minus
2156 1269 2224 1326 Et
2255 1269 2377 1328 ideo
2417 1270 2621 1328 multos
2659 1272 3016 1342 cognovimus
3047 1271 3354 1328 secundum
3387 1287 3644 1337 carnem,
3674 1274 3757 1331 sed

427 1375 666 1448 jucunda
708 1371 902 1431 solatia
951 1369 1354 1436 maerentibus,
1403 1377 1584 1424 tamen
1636 1377 2048 1434 nonnumquam
2154 1379 2298 1422 nunc
2347 1364 2460 1437 jam
2515 1381 2623 1422 non
2673 1366 2946 1422 novimus.
2989 1365 3173 1436 ipsum
3236 1366 3533 1422 Dominum
3586 1367 3754 1424 .iesum

393 1465 750 1526 "necessaria
793 1475 943 1524 sunt.
988 1463 1071 1522 Tu
1111 1467 1296 1521 autem
1340 1459 1521 1518 abiisti
1563 1460 1619 1516 in
1651 1466 1865 1516 secreta
1896 1471 2051 1513 mon-
2149 1462 2546 1535 cognovimus,
2579 1462 2755 1534 inquit
2783 1461 3112 1533 Apostolus,
3145 1461 3455 1519 secundum
3498 1477 3749 1518 carnem:

429 1563 567 1620 tium
589 1606 604 1630 ,
641 1571 696 1618 et
722 1562 868 1618 inter
897 1559 1137 1618 ferarum
1170 1557 1464 1616 diversaris
1492 1556 1695 1628 spelaaa
1714 1595 1729 1620 ,
1761 1553 2045 1642 omnibu:
2147 1555 2241 1612 sed
2261 1571 2398 1610 nune
2413 1558 2529 1630 jam
2560 1569 2665 1610 non
2687 1555 2942 1610 novintus.
2966 1551 3086 1610 Jam
3113 1555 3264 1612 enim
3289 1553 3482 1611 carnis
3504 1555 3750 1626 deposue-

431 1669 611 1712 manze
636 1653 1080 1711 conversationis
1103 1663 1128 1691 ει
1150 1667 1251 1709 usu
1273 1650 1554 1716 abdicato,
1579 1647 1805 1724 etquod
1828 1647 2047 1721 gravius
2147 1658 2232 1707 rat
2258 1651 2482 1707 exuvias
2498 1691 2516 1719 ,
2539 1649 2650 1722 jam
2679 1651 2863 1721 specie
2895 1649 3133 1707 hominis
3163 1665 3271 1706 non
3301 1649 3594 1706 videbatur
3613 1695 3630 1720 ,
3655 1650 3751 1722 jam

431 1759 518 1810 est
543 1795 558 1820 ,
580 1749 794 1824 judicio
825 1759 940 1806 tuo.
2073 1727 2123 1792 Β
2149 1758 2249 1816 pro
2276 1743 2535 1800 omnibus
2563 1754 2810 1800 mortuus
2836 1753 2992 1812 erat,
3024 1753 3081 1801 et
3102 1759 3294 1800 omnes
3319 1744 3374 1802 in
3405 1741 3502 1799 illo
3533 1745 3748 1813 mortui;

498 1845 557 1900 Ξ.
589 1843 900 1900 Tantumne
945 1840 1018 1900 de
1061 1847 1116 1896 te
1143 1839 1475 1897 commeruit
1507 1849 1769 1909 germana
1811 1845 1934 1902 tua,
1982 1841 2042 1890 ut

427 1947 654 2012 propter
681 1950 845 2011 quam
873 1936 1150 1994 excellere
1177 1933 1320 2006 apud
1351 1943 1405 1990 te
1433 1929 1624 1990 debuit
1663 1929 1908 1988 conditio
1943 1927 2044 1985 hu-

425 2047 631 2102 mana,
681 2041 804 2104 quae
835 2041 947 2086 tam
991 2029 1264 2102 egregiam
1305 2025 1562 2084 feminam
1612 2025 1768 2094 tulit,
1815 2029 2044 2096 propter

429 2137 553 2186 eam
581 2126 728 2200 apud
753 2136 806 2184 te
835 2127 1062 2198 minoris
1091 2123 1464 2196 praerogativa:
1485 2117 1600 2178 sit?
1629 2120 1720 2178 liia
1749 2129 1900 2177 certe
1931 2117 2041 2174 vita

426 2223 703 2280 excedens
730 2262 745 2289 ,
769 2218 874 2277 hoc
903 2235 964 2276 se
992 2217 1264 2275 mulcebat
1291 2215 1488 2272 solatio
1511 2256 1528 2283 ,
1560 2215 1714 2286 quod
1735 2222 1790 2270 te
1816 2211 1918 2270 sibi
1952 2227 2043 2269 su-

423 2316 717 2388 perstitem
739 2313 1174 2383 derelinqueret,
1200 2320 1481 2382 parentem
1501 2308 1810 2380 nepmibus,
1836 2321 2035 2379 praesu-

423 2408 535 2466 lem
582 2407 827 2480 parvulis
850 2449 866 2476 ,
899 2406 1281 2462 auxiliatorem
1324 2402 1646 2460 destitutis:
1679 2409 1736 2457 tu
1775 2400 1848 2457 ita
1889 2409 1942 2456 te
1985 2407 2042 2456 et

425 2501 723 2572 nepotibus
763 2508 819 2557 ct
849 2497 1007 2554 nobis
1051 2497 1326 2568 abnegas,
1357 2505 1415 2552 ut
1456 2494 1850 2552 consolationis
1893 2489 2041 2550 illius

426 2596 669 2654 fructum
695 2609 804 2652 non
830 2595 1155 2652 sentiamus.
1189 2590 1282 2648 Ilia
1317 2600 1371 2649 te
1396 2590 1561 2646 chara
1588 2591 1814 2662 pignora
1840 2595 2040 2644 vocant

421 2707 535 2750 non
567 2689 636 2748 ad
667 2688 1000 2757 dolendum,
1033 2685 1129 2744 sed
1169 2685 1237 2743 ad
1265 2683 1695 2750 consolandum;
1735 2691 1793 2738 ut
1818 2690 1944 2738 cum
1987 2688 2039 2738 te

422 2785 653 2855 vident,
685 2794 919 2842 matrem
967 2779 1123 2838 sibib
1155 2797 1265 2837 non
1313 2777 1541 2836 credant
1583 2778 1830 2836 obiisse:
1883 2777 1936 2832 in
1987 2783 2039 2832 te

423 2895 548 2938 eam
590 2885 1022 2948 recOgnoscant,
1051 2877 1104 2932 in
1153 2883 1208 2931 te
1247 2873 1366 2946 ejus
1405 2871 1756 2945 praesentiam
1787 2875 2033 2940 teneant,

423 2977 480 3033 in
512 2985 566 3032 te
591 2975 759 3031 vitam
787 2973 910 3046 ejus
936 2971 1042 3028 sibi
1075 2985 1298 3027 manere
1324 2967 1682 3025 arbitrentur.

497 3071 554 3128 5.
587 3067 701 3126 Sed
749 3066 906 3125 doles
939 3061 1080 3136 quod
1129 3062 1334 3120 dudum
1379 3059 1770 3118 ﬂorentissima
1815 3068 2040 3131 repente

2145 1841 2242 1900 sed
2275 1849 2332 1899 ut
2364 1857 2459 1913 per
2485 1841 2664 1914 ipsum
2696 1841 2978 1909 renovati,
3012 1851 3068 1898 et
3097 1840 3354 1896 viviﬁcati
3383 1840 3579 1911 spiritu
3605 1883 3623 1910 ,
3650 1842 3746 1911 jam

2146 1951 2254 1994 non
2281 1937 2416 2006 sibi,
2452 1937 2548 1995 sed
2578 1935 2800 1996 Christo
2826 1937 3032 1993 vivant.
3061 1937 3218 1995 Unde
3269 1945 3324 1994 et
3353 1937 3485 1993 alibi
3517 1938 3590 1993 ait
3620 1938 3744 1994 ide

2146 2027 2442 2101 Apostolus
2476 2049 2490 2088 :
2545 2029 2668 2087 Viuo
2700 2040 2872 2087 autem
2888 2034 3008 2104 jam
3044 2047 3148 2087 non
3179 2045 3275 2104 ego
3295 2075 3311 2100 ,
3345 2031 3470 2086 uiuit
3497 2041 3666 2086 autem
3699 2033 3744 2085 is

2143 2139 2226 2180 me
2248 2122 2489 2182 Christus
2519 2123 2683 2199 (Gal.
2712 2139 2784 2194 tt,
2811 2123 2940 2194 20).

2215 2221 2267 2276 6.
2291 2221 2594 2293 Meritoque
2613 2221 2706 2292 qui
2724 2229 2851 2278 ante
2869 2219 3519 2292 cognoveratsecundum
3535 2235 3736 2276 carnem

2141 2311 2442 2384 Christum,
2481 2315 2594 2388 jam
2625 2315 2976 2388 Operationes
3016 2313 3134 2386 ejus
3175 2313 3532 2370 invisibiliter
3559 2325 3740 2384 agnos-

2142 2414 2274 2467 c'ens
2297 2451 2312 2476 ,
2333 2409 2447 2481 jam
2466 2421 2578 2464 non
2603 2422 2826 2464 carnem
2853 2407 2974 2478 ejus
2991 2447 3006 2472 ,
3033 2406 3131 2462 sed
3154 2407 3457 2478 potentiam
3483 2415 3732 2473 seruum,

2141 2503 2232 2574 q‘ui
2279 2511 2406 2558 ante
2427 2511 2749 2574 persecutor
2776 2499 3073 2571 discipulos
3105 2498 3377 2565 hominis,
3407 2510 3465 2555 et
3505 2499 3730 2571 pcdisscv

2139 2609 2278 2668 quos
2318 2595 2500 2653 carnis
2553 2587 2763 2652 infestis
2809 2593 2951 2651 odiis
3001 2595 3270 2666 urgebat,
3319 2601 3512 2668 pustea
3559 2595 3733 2651 doctor

2139 2689 2382 2763 gentium
2415 2686 2615 2756 iactus,
2651 2700 3006 2746 veneratores
3036 2687 3343 2759 maiestatis
3368 2687 3489 2760 ejus
3513 2687 3578 2742 ad
3611 2702 3730 2758 prte-

2140 2779 2470 2842 dlcationen‘t
2534 2781 2815 2855 Evangelii
2885 2783 3157 2840 insu'uere
3223 2794 3390 2854 atque
3456 2781 3730 2839 informare

2140 2885 2404 2948 coeperat.
2452 2875 2521 2933 Et
2568 2875 2694 2934 ideo
2723 2875 2978 2934 addidit:
3026 2875 3226 2946 Siquis
3269 2878 3326 2932 in
3372 2876 3576 2934 Christo
3619 2891 3730 2931 non

2139 2984 2378 3030 creatura
2413 2970 2496 3045 (ﬂ
2525 2972 2648 3029 Cor.
2685 2989 2752 3038 ν,
2795 2973 2930 3044 I7),
2975 2971 3030 3030 id
3076 2981 3190 3040 est,
3237 2973 3330 3044 q'ui
3378 2974 3648 3045 perlectus
3680 2973 3725 3028 ia

2141 3063 2364 3124 Christo
2385 3111 2402 3140 ,
2433 3083 2571 3126 nova
2613 3079 2864 3126 creatura
2895 3077 3011 3135 est;
3040 3069 3300 3140 quoniam
3330 3068 3426 3140 qui
3455 3083 3583 3125 caro
3622 3077 3724 3130 est,

425 3162 712 3221 occiderit.
761 3130 967 3216 Verum
1015 3159 1122 3217 hoc
1173 3155 1332 3213 nobis
1358 3167 1652 3211 commune
1704 3167 1812 3209 non
1857 3130 2038 3208 solum
2066 3130 2113 3198 C
2143 3130 2494 3234 imperat...
2537 3169 2641 3218 εει,
2697 3158 2944 3234 Denique
2987 3130 3105 3232 έρέε
3151 3130 3418 3216 οοηιῑηὶις
3457 3163 3577 3216 ,ηε
3624 3157 3726 3214 που

421 3273 547 3315 cum
577 3255 891 3312 hominibus
907 3295 922 3316 .
949 3251 1048 3309 sed
1073 3251 1236 3308 etiam
1260 3265 1383 3306 cum
1405 3247 1740 3316 civitatﬂrus,
1767 3246 2040 3316 terrisque

421 3349 560 3422 ipsis
602 3356 704 3404 est.
756 3357 778 3386 ε
807 3344 1014 3416 Nempe
1059 3342 1130 3400 de
1173 3335 1508 3398 Bononiensi
1549 3341 1776 3396 veniens
1827 3339 1964 3395 urbe
2008 3353 2038 3392 a

426 3448 582 3512 tergo
609 3437 922 3495 Claternam
949 3478 964 3503 ,
991 3437 1165 3508 ipsam
1191 3434 1526 3504 Bononiam,
1557 3433 1820 3489 Mutinam
1849 3475 1864 3500 ,
1896 3431 2041 3488 Rbe-

424 3531 573 3606 gium
615 3529 1038 3600 derelinquebas
1063 3571 1078 3595 ,
1122 3525 1176 3582 in
1221 3527 1446 3584 dextera
1483 3535 1602 3582 erat
1641 3523 1964 3594 Brixillum,
2008 3537 2038 3578 a

425 3625 610 3683 fronte
657 3621 983 3680 occurrebat
1037 3619 1348 3705 Placentia,
1402 3631 1647 3678 veterem
1698 3621 2037 3677 nobilitatem

427 3718 552 3789 ipso
589 3715 768 3774 adhuc
797 3715 1018 3772 nomine
1048 3727 1284 3781 sonans,
1316 3712 1384 3769 ad
1415 3713 1608 3768 lteram
1641 3711 1916 3783 Apennini
1954 3711 2038 3768 itt-

426 3811 576 3870 culta
609 3797 934 3874 miseratus,
980 3815 1035 3864 et
1077 3805 1590 3862 ﬂorentissimorum
1637 3803 1914 3877 quondam
1945 3819 2042 3875 po-

427 3905 682 3978 pulorum
709 3893 930 3960 castella
957 3899 1373 3965 consider-abas.
1407 3907 1568 3972 atque
1598 3896 1795 3955 affectu
1824 3899 2040 3970 relege-

430 3999 531 4056 bas
555 3993 895 4054 dolenti.Tot
919 3994 1082 4066 igitur
1102 3995 1484 4048 semirutarum
1509 3993 1723 4049 urbium
1747 3989 2035 4058 cadavera,

432 4100 816 4162 terrarumque
861 4087 965 4145 sub
993 4085 1188 4144 eodem
1229 4095 1524 4156 conspectu
1571 4087 1816 4157 exposita
1849 4083 2037 4140 funera

431 4201 544 4244 non
575 4196 628 4244 te
657 4186 959 4242 admonent
985 4183 1178 4250 unius,
1207 4191 1413 4240 sancta:
1453 4182 1581 4239 licet
1609 4191 1664 4239 ct
1703 4181 2040 4238 admirabilis

435 4278 682 4345 feminea,
730 4277 1110 4334 decessionem
1163 4275 1645 4332 consolabiliorem
1696 4273 2036 4344 habendam;

435 4373 746 4446 praesertim
767 4387 891 4429 cum
918 4371 1010 4427 illa
1035 4369 1090 4426 in
1118 4379 1441 4443 perpetuum
1470 4379 1742 4440 prostrata
1771 4385 1837 4426 ac
1862 4369 2039 4426 diruta

435 4467 550 4526 sint
580 4484 592 4520 :
629 4465 746 4521 haec
785 4472 982 4519 amem
1015 4462 1082 4519 ad
1125 4469 1340 4534 tempus
1368 4461 1808 4534 quidemet-cpta
1842 4463 2000 4520 nobis
2021 4503 2037 4532 ,

435 4558 721 4616 meliorem
751 4553 863 4611 illic
888 4554 1054 4610 vitam
1086 4554 1302 4626 exigat?

509 4651 568 4708 ι.
588 4651 778 4722 Itaque
803 4663 914 4704 non
941 4657 1050 4705 tam
1065 4646 1459 4720 depktrandam
1479 4688 1495 4715 ,
1521 4661 1684 4719 quam
1706 4661 2042 4720 prosequen-

439 4748 565 4803 dum
593 4741 935 4800 orationibus
951 4755 1078 4796 reor
1103 4757 1119 4796 :
1142 4753 1242 4796 nec
1263 4738 1714 4796 ntmstiﬂcandam
1735 4738 1764 4777 (ι
1777 4739 2044 4810 Ἰεστγιηὶε

433 4840 543 4898 tuis
567 4881 583 4909 ,
607 4836 904 4908 scd‘magis
929 4834 1300 4892 oblationibus
1329 4833 1493 4909 955
1521 4835 1756 4890 animam
1781 4833 1900 4906 ejus
1929 4835 2036 4893 Do-

433 4933 587 4994 mino
610 4928 1100 4990 commendandam
1121 4927 1384 4986 arbitror.

507 5098 534 5127 ⁸
565 5093 817 5154 Νοηηυιιί
843 5108 976 5150 mas.
1006 5107 1072 5148 ae
1100 5100 1210 5148 vet.
1240 5092 1399 5160 edit.,
1425 5110 1526 5149 usu
1550 5094 1840 5150 abdicatus.

504 5165 532 5205 δ
557 5167 697 5224 God.
727 5167 957 5239 Boyer.1
981 5163 1541 5239 nuncgedarttabesge.

511 5249 534 5276 ο
565 5235 1103 5295 lmitatio'estServii
1123 5235 1344 5306 Sulpitii
1361 5236 1432 5292 ad
1445 5235 1770 5294 Ciceronem
1786 5237 1861 5295 de
1885 5239 2037 5295 obitu

435 5309 629 5367 Tullim
665 5309 828 5365 lilia:
857 5308 944 5382 Ea:
971 5307 1100 5362 Asia
1117 5306 1350 5382 rediens,
1381 5323 1498 5382 eum
1535 5310 1598 5382 ab
1627 5308 1828 5380 Egina
1857 5309 2040 5382 Mega-

433 5397 547 5439 ram
569 5397 746 5438 omnis
779 5381 1096 5452 ndrigausm,
1123 5379 1514 5454 enipi-regiones
1531 5379 1732 5454 circum
1750 5382 1894 5454 circa
1911 5379 2036 5454 pro-

431 5457 630 5526 spicere
656 5469 676 5507 :
704 5461 820 5526 post
861 5449 944 5506 uie
962 5459 1094 5526 _er'at
1131 5449 1362 5526 Egiua,
1388 5461 1511 5506 ante
1543 5450 1802 5526 dit-gara,
1851 5449 2040 5509 deletur

483 5535 672 5596 gms»,
705 5521 927 5596 sinistra
947 5521 1230 5578 Corinthus
1249 5563 1266 5590 ,
1291 5537 1406 5594 qua
1430 5522 1624 5594 oppida
1646 5521 1881 5594 quodam
1902 5535 2039 5596 tem-

435 5593 562 5662 pore
605 5593 966 5665 ﬂorentissima
1004 5597 1248 5665 fuerunt,
1296 5593 1434 5648 nunc
1474 5593 1734 5665 prostrata
1777 5605 1826 5650 et
1873 5595 2044 5652 diruta

435 5672 554 5717 ante
569 5663 742 5739 oculos
767 5665 963 5739 jacent.
988 5663 1134 5739 Capi
1146 5663 1558 5739 egometmeettnt
1581 5667 1849 5739 cogitare:
1873 5665 2044 5739 Hem!

436 5747 532 5816 nos
565 5731 889 5816 digii-litim)!“
908 5731 1253 5816 indignatum:
1272 5773 1287 5798 ,
1313 5736 1359 5789 si
1377 5737 1509 5816 quis
1537 5731 1769 5816 nostrum
1811 5738 2039 5816 interiit,

435 5809 533 5857 aut
552 5803 750 5856 occisus
771 5806 868 5865 est;
893 5813 1014 5858 cum
1027 5803 1084 5859 in
1107 5817 1211 5860 uno
1231 5803 1346 5862 loco
1367 5813 1444 5862 tot
1456 5805 1765 5879 oppidorum
1785 5803 2040 5867 cadavera

2136 3255 2459 3329 permanebit
2501 3256 2722 3330 spiritus
2749 3271 2892 3311 meus
2922 3256 2976 3310 in
3007 3254 3124 3310 istis
3153 3253 3481 3320 hominibus,
3513 3254 3726 3324 quoniam

2140 3356 2323 3404 carnes
2353 3357 2472 3404 sunt
2503 3347 2662 3420 (Cen.
2691 3363 2744 3404 vr
2763 3389 2779 3416 ,
2813 3345 2893 3420 3).
2923 3340 3174 3404 Carnalis
3204 3346 3396 3418 itaque
3435 3351 3547 3402 no‘n
3575 3355 3652 3402 est
3683 3347 3725 3398 in

2140 3434 2403 3499 Christo:
2435 3441 2533 3498 sed
2565 3442 2610 3499 si
2650 3439 2774 3514 quis
2801 3441 2857 3497 in
2901 3439 3125 3497 Christo
3169 3448 3289 3509 est;
3323 3453 3462 3496 nova
3506 3449 3722 3495 creaum

2141 3541 2226 3590 est
2247 3576 2265 3601 ,
2295 3548 2404 3590 non
2436 3539 2644 3590 natura:
2668 3533 2910 3590 novitate
2937 3531 3205 3588 formatus
3233 3575 3248 3599 ,
3279 3531 3378 3590 sed
3409 3533 3617 3605 gratiae.
3643 3529 3727 3587 Ve

2142 3631 2256 3683 t'era
2307 3626 2488 3699 itaque
2532 3639 2652 3698 qua:
2695 3625 2994 3682 secundum
3033 3640 3255 3682 carnem
3287 3635 3483 3688 eram,
3519 3623 3726 3680 transie-

2142 3729 2274 3778 runt
2302 3738 2315 3775 ;
2347 3715 2485 3776 facta
2533 3731 2661 3776 sunt
2708 3734 2845 3776 nova
2892 3720 3095 3774 omnia.
3139 3717 3272 3786 Qum
3319 3717 3448 3784 ilia,
3483 3718 3584 3774 nisi
3629 3731 3725 3785 qua

2139 3812 2328 3870 Scriba
2355 3813 2548 3870 doctus
2579 3813 2633 3869 in
2666 3827 2834 3886 regno
2865 3813 3135 3870 caelorum
3167 3811 3326 3867 novit
3357 3809 3589 3881 (Matth.
3619 3824 3725 3870 xm,

2141 3906 2213 3965 δε
2234 3909 2275 3981 ),
2307 3909 2503 3964 similis
2531 3903 2678 3965 illius
2702 3905 3112 3978 patrisfamilias
3137 3946 3152 3972 ,
3176 3905 3273 3977 qui
3296 3903 3516 3976 profert
3542 3903 3610 3960 de
3633 3901 3729 3958 the-

2139 4016 2306 4059 sauro
2344 4017 2444 4057 suo
2492 4015 2630 4057 nova
2653 4010 2708 4058 et
2730 4010 2945 4068 vetera,
2977 4013 3160 4070 neque
3205 4009 3394 4055 vetera
3429 3998 3549 4054 sine
3578 3996 3726 4062 novis,

2140 4107 2317 4166 neque
2363 4107 2498 4150 nova
2535 4081 2654 4149 sine
2695 4091 3020 4149 veteribus?
3048 4091 3175 4147 Ideo
3203 4097 3262 4146 et
3306 4089 3555 4148 Ecclesia
3582 4090 3728 4149 dicit.

2139 4187 2266 4260 quia
2300 4203 2431 4242 nova
2476 4196 2524 4242 et
2549 4197 2721 4242 uetera
2749 4187 2948 4242 seruaui
2991 4185 3084 4240 tibi
3122 4182 3313 4254 (Cant.
3339 4197 3447 4252 vn,
3477 4183 3602 4258 i5).
3643 4181 3729 4240 Sed

2141 4282 2479 4341 transierunt
2505 4288 2726 4348 vetera,
2777 4280 2830 4336 id
2861 4289 2975 4348 est,
3019 4277 3179 4348 Legis
3211 4277 3476 4351 mysteria
3526 4277 3730 4334 abscon-

2137 4374 2286 4444 dita,
2317 4375 2370 4430 in
2396 4373 2621 4431 Christo
2648 4375 2788 4431 faeta
2816 4381 2946 4429 sunt
2973 4371 3154 4427 omnia
3185 4383 3353 4427 nova.

2212 4465 2266 4522 7.
2301 4465 2428 4523 Haec
2469 4477 2554 4523 est
2581 4480 2720 4521 nova
2761 4469 3044 4531 creatura,
3085 4463 3154 4520 de
3193 4475 3303 4532 qua
3350 4463 3650 4532 Apostolus
3683 4459 3736 4516 ad

2057 4533 2116 4591 Β
2125 4557 2362 4615 ‘Galatbs
2383 4559 2496 4612 a‘it':
2525 4556 2592 4612 in
2613 4555 2819 4613 Christo
2839 4557 2973 4612 enim
2991 4553 3118 4610 Jesu
3139 4571 3304 4627 neque
3323 4557 3649 4614 circumcisio
3663 4554 3738 4608 aii-

2141 4651 2269 4724 quid
2302 4651 2470 4718 ualet,
2502 4667 2662 4722 neque
2692 4651 3038 4722 prwputium:
3065 4650 3157 4706 sed
3191 4664 3327 4706 noua
3358 4661 3632 4718 creatura,
3667 4660 3741 4719 per

2140 4761 2298 4817 quam
2314 4749 2432 4819 jam
2456 4748 2702 4800 renouata
2727 4760 2850 4799 caro
2875 4744 3058 4814 ﬂoret,
3089 4753 3137 4798 et
3158 4747 3392 4812 fructum
3421 4744 3616 4799 invasit
3638 4760 3736 4816 pro.

2139 4839 2252 4904 tia,
2285 4853 2402 4909 quae
2425 4849 2543 4893 ante
2564 4836 2833 4893 inueterati
2856 4835 3046 4910 ﬂagitii
3072 4835 3250 4906 spinas
3278 4835 3507 4892 habebat
3531 4834 3669 4908 (Cat.
3693 4851 3733 4898 τ,

2140 4930 2220 5003 6).
2249 4931 2388 5002 Quid
2411 4947 2543 5004 ergo
2572 4941 2660 4992 est
2688 4942 2714 4982 8
2739 4930 2888 5004 quod
2927 4945 3288 4998 maereamus,
3317 4930 3364 4986 si
3391 4931 3508 5001 jam
3538 4930 3608 4987 ad
3635 4927 3734 4984 aui-

2141 5099 2373 5167 projecta
2394 5100 2644 5171 jaceant!
2673 5098 2746 5154 ita
2770 5097 3040 5155 Nannius.

2185 5168 2239 5242 ξ
2279 5169 2405 5242 Ms._
2433 5169 2633 5242 Boyer.
2681 5170 2927 5240 lacrymis
2982 5170 3084 5242 tuis
3137 5169 3400 5242 animum,
3440 5168 3551 5242 sed

2140 5239 2481 5296 oblationibus
2509 5237 2624 5295 citis
2655 5237 3114 5297 commendandam
3152 5240 3396 5295 arbitror.
3428 5237 3736 5296 Obsembis

2139 5311 2318 5369 obiter
2345 5312 2690 5371 Ambrosium
2721 5313 2824 5368 hoe
2853 5315 2975 5368 loco
2999 5314 3142 5368 sicut
3176 5321 3232 5368 et
3260 5311 3390 5366 alibi
3435 5326 3546 5367 non
3587 5307 3735 5366 semei

2141 5383 2588 5456 consuetudinem
2611 5383 2920 5456 orationum
2952 5394 3116 5456 atque
3133 5383 3477 5441 oblationum
3497 5397 3602 5452 pro
3619 5395 3736 5436 mor-

2147 5457 2253 5512 tuis
2283 5455 2648 5511 faciendarum
2679 5455 2978 5510 testificari.

2221 5537 2245 5600 ἲ
2273 5524 2454 5600 Codex
2489 5527 2681 5600 Boyer.
2715 5525 2898 5600 solus,
2927 5525 2996 5583 de
3015 5527 3214 5582 meritis
3231 5526 3446 5600 eius_ad
3465 5526 3642 5600 ﬁdem.

2221 5597 2242 5638 ί
2267 5599 2414 5654 Mss:
2428 5597 2705 5666 nonnulli,
2733 5608 2782 5653 et
2809 5598 2902 5668 ﬁat
2925 5599 3140 5668 quidam
3159 5639 3175 5661 .
3203 5607 3313 5654 etc.
3334 5597 3538 5670 Boyer.
3567 5597 3732 5656 solus.

2145 5686 2348 5728 necesse
2371 5679 2447 5726 est
2463 5671 2689 5742 utﬁunt
2709 5671 2962 5742 quosdam
2987 5670 3117 5740 ﬁnes
3145 5679 3371 5740 peccato.

2218 5751 2244 5793 δ
2272 5742 2404 5800 God;
2439 5741 2636 5814 uougg,
2661 5741 2804 5813 quod
2824 5753 3148 5810 memisse;
3175 5741 3642 5800 nmreatis~recte.
