3996 6292
232 282 369 353 ttat

1469 291 1977 352 EPISTULARUM.
2005 290 2288 353 CLASSIS
2319 295 2359 350 l.

3409 304 3551 362 H02

221 420 369 464 mam
417 405 616 463 dicitur
650 427 662 461 :
694 406 1038 463 Renovabitur
1074 412 1205 463 sicut
1257 408 1448 480 aquila
1469 410 1716 478 juventus
1752 418 1841 464 tua
1869 424 1924 489 Α
1946 410 2207 483 diligere,
2236 409 2329 482 qui
2354 408 2614 481 obsequio
2645 410 2853 468 militlm
2882 379 3036 469 vobis
3055 412 3259 471 subditi
3284 428 3431 473 sunt.
3469 420 3556 475 Si-

222 489 401 563 (Psal.
426 516 497 555 cn
519 543 532 568 ,
561 500 653 574 5)?
683 500 822 570 Quid
850 501 1097 573 estquod
1127 502 1550 573 ingemis’camns
1575 517 1673 573 pro
1693 516 1841 558 mor-
1941 505 2159 577 quidem
2188 504 2291 562 hoc
2323 506 2552 562 interest
2581 507 2722 563 inter
2749 507 2920 563 bonos
2946 518 3002 564 et
3042 509 3214 567 malos
3240 512 3517 584 principes
3537 556 3554 583 ,

222 594 333 649 tuis
357 636 370 660 ,
399 609 525 649 cum
569 593 681 666 jam
718 595 1093 651 reconciliatio
1137 596 1323 652 mundi
1370 595 1509 668 apud
1540 596 1710 653 Deum
1742 596 1838 651 Pa-

224 694 364 742 trem
395 684 533 741 facta
556 688 627 743 sit
655 702 749 758 per
779 688 1067 744 Dominum
1096 688 1283 745 Jesum
1318 690 1382 762 (ll
1407 688 1528 745 Cor.
1557 704 1610 756 ν,
1637 689 1769 762 18)ἳ

296 777 351 834 8.
386 778 654 848 Quoniam
679 795 813 851 ergo
838 779 1043 838 Christi
1070 782 1330 839 beneﬁcia
1363 790 1643 850 tenemus,
1672 780 1841 855 9&6

222 885 348 928 cum
376 872 520 942 apud
548 886 739 929 omnes
760 914 775 940 ,
808 883 919 928 tum
944 874 1086 945 apud
1112 883 1163 931 te
1192 888 1292 946 pro
1319 873 1536 930 Christo
1566 875 1839 947 legatione

223 962 665 1039 lutigimurUbid.
681 1007 695 1032 ,
710 964 828 1038 20);
851 975 909 1022 ut
932 968 1151 1023 noveris
1176 967 1550 1023 irrevocabilia
1567 967 1685 1038 ejus
1712 980 1839 1023 esse

222 1058 368 1115 dona
388 1102 402 1127 ,
434 1069 492 1116 ut
519 1061 734 1128 credas,
767 1062 910 1133 quod
938 1075 1155 1133 semper
1186 1061 1464 1119 credidisti
1498 1080 1511 1115 :
1547 1078 1649 1119 nec
1668 1062 1839 1118 nimio

222 1166 461 1210 manere
493 1163 640 1210 tuam
695 1156 745 1211 in
775 1157 999 1215 dubium
1040 1157 1283 1213 adducas
1328 1159 1685 1223 scntentiam;
1711 1158 1838 1228 quia

225 1246 351 1304 ideo
379 1258 658 1319 peccatum
685 1249 861 1307 iactus
893 1258 978 1308 est
1010 1250 1273 1308 Dominus
1304 1252 1464 1308 lesus
1486 1294 1500 1318 ,
1534 1263 1590 1307 ut
1620 1251 1842 1307 tolleret

223 1356 505 1417 peceatum
535 1346 720 1402 mundi
735 1345 914 1417 (Joan.
939 1363 980 1414 ι,
1000 1345 1117 1417 S9);
1140 1346 1520 1403 etessemusiu
1538 1346 1628 1402 illo
1650 1358 1840 1402 omnes

221 1435 431 1506 iustitia
462 1438 559 1495 Del
584 1440 669 1509 (ll
692 1439 816 1495 Cor.
844 1450 899 1509 ν,
928 1439 1031 1511 Si)
1061 1459 1074 1494 :
1099 1440 1214 1512 jam
1243 1446 1349 1497 udn
1378 1441 1553 1512 culpa:
1576 1440 1798 1495 obnoxii
1823 1482 1837 1509 ,

223 1532 321 1588 sed
342 1533 570 1603 justitite
599 1536 1046 1591 remuneratione
1072 1534 1417 1591 securi.Vale
1442 1545 1496 1591 et
1521 1549 1618 1592 nos
1642 1533 1838 1605 dilige;

224 1625 355 1696 quia
387 1642 486 1684 nos
509 1636 561 1685 te
586 1627 887 1698 diligimus.

755 1730 781 1760 τι
818 1718 1159 1778 ἘΡΙΒἸῸΕΑ
1203 1720 1319 1777 XL.

1939 598 2084 670 quod
2136 600 2263 656 boni
2307 600 2613 657 libertatem
2663 610 2879 668 amant,
2929 588 3245 658 servitutem
3294 604 3551 676 improbi.

1938 688 2083 755 Nihil
2138 693 2303 749 etiam
2357 693 2411 749 iu
2472 693 2758 749 sacerdote
2814 702 2923 750 tam
2980 696 3350 766 periculosum
3406 700 3547 769 apud

1944 783 2139 851 Deum,
2171 794 2277 841 tam
2310 793 2467 857 turpe
2490 785 2633 856 apud
2660 785 2931 854 homines,
2960 802 3120 859 quam
3143 789 3287 860 quod
3312 792 3550 858 sentit,

1940 893 2049 933 non
2082 878 2254 936 libere
2293 879 2638 937 denuntiare.
2685 882 2967 952 Siquidem
2999 884 3264 954 scriptum
3308 895 3428 942 est:
3483 885 3551 941 Et

1938 970 2184 1043 loquebar
2208 972 2262 1027 in
2291 974 2597 1029 testimoniis
2628 976 2730 1028 tuis
2759 975 2813 1029 in
2841 985 3116 1046 conspectu
3138 992 3337 1051 regem,
3368 988 3417 1033 et
3448 996 3551 1035 non

1942 1063 2487 1137 confundebaNPsal.
2512 1081 2700 1133 aut“,
2725 1065 2855 1138 b6);
2886 1078 2942 1122 et
2962 1067 3095 1123 alibi
3124 1087 3136 1121 :
3167 1068 3277 1124 Fili
3301 1073 3547 1141 hominis,

1939 1157 2314 1228 speculatorem
2345 1168 2394 1213 te
2416 1160 2565 1228 posui
2591 1158 2783 1213 domui
2801 1158 3003 1226 Israel,
3037 1162 3093 1215 in
3130 1178 3220 1226 eo,
3250 1162 3460 1234 inquit,
3492 1176 3551 1220 ut

1940 1252 1987 1306 si
2010 1261 2269 1307 avertatur
2301 1253 2473 1325 justus
2498 1269 2530 1306 α
2556 1253 2780 1327 justitiis
2809 1254 2916 1308 suis
2940 1297 2953 1322 ,
2984 1260 3031 1308 cl
3064 1257 3241 1326 fecerit
3270 1255 3551 1327 delictum;

1940 1348 2064 1418 quia
2090 1362 2194 1402 non
2218 1347 2501 1402 distinxisti
2523 1349 2572 1403 ei
2594 1389 2607 1412 ,
2639 1357 2663 1387 ο
2690 1347 2793 1404 hoc
2814 1356 2899 1404 est
2923 1391 2938 1416 ,
2970 1363 3081 1404 non
3111 1349 3301 1406 dixisti
3326 1352 3454 1423 quid
3484 1355 3555 1408 sit

1940 1439 2243 1497 cavendum
2270 1482 2285 1509 ,
2313 1457 2416 1496 non
2453 1442 2758 1497 retinebitur
2798 1443 3046 1498 memoria
3077 1445 3301 1516 justitia
3327 1447 3438 1517 eius
3459 1488 3472 1511 ,
3505 1457 3555 1500 et

1941 1534 2247 1607 sanguinem
2272 1538 2390 1608 ejus
2419 1536 2484 1591 de
2507 1551 2663 1589 manu
2692 1545 2783 1589 tua
2809 1537 3095 1608 exquiram.
3128 1535 3208 1592 Ta
3232 1547 3405 1593 autem
3436 1536 3454 1575 ί
3509 1543 3554 1593 si

1945 1625 2243 1680 distinxeris
2283 1627 2455 1696 justo,
2500 1637 2557 1681 ut
2594 1643 2700 1682 non
2741 1626 2904 1701 9‘7
2958 1639 3164 1699 peccet,
3213 1640 3259 1685 et
3299 1630 3413 1702 ipse
3452 1647 3553 1688 non

1945 1718 2257 1788 peccaverit,
2280 1722 2456 1792 justus
2472 1721 2579 1775 vita
2606 1721 2736 1775 vivet
2757 1738 2777 1789 ;
2802 1722 2928 1791 quia
2944 1721 3125 1778 dixisti
3148 1724 3195 1778 ei
3216 1739 3236 1778 :
3264 1735 3315 1780 et
3353 1734 3411 1779 tu
3437 1727 3554 1781 ani-

222 1815 304 1872 Ab
329 1816 639 1889 imperatore
658 1815 831 1871 audiri
862 1832 915 1871 se
940 1816 1199 1887 postulat,
1225 1816 1503 1887 afﬁrmans
1532 1815 1585 1869 in
1607 1815 1842 1886 principe
1871 1830 1920 1896 Β
1944 1821 2249 1867 mammam
2278 1813 2517 1869 liberabis
2542 1813 2761 1886 (Eucti.
2789 1830 2872 1882 tn,
2906 1814 3117 1889 17-49).

298 1911 510 1966 laudari
541 1911 880 1983 facilitatem;
910 1918 1077 1966 tacere
1104 1926 1158 1965 se
1186 1913 1299 1966 sine
1324 1911 1591 1980 utriusque
1613 1910 1844 1982 periculo

303 2019 406 2058 non
434 2019 614 2075 posse;
656 2018 747 2059 nec
782 2004 983 2075 regibus
1020 2002 1296 2075 displicere
1329 2004 1660 2071 libertatem;
1697 2004 1843 2058 illum

300 2111 420 2150 vero
439 2140 454 2164 ,
486 2097 722 2167 quamvis
752 2097 869 2167 pius
908 2098 1005 2161 sit,
1035 2097 1206 2168 decipi
1246 2112 1434 2167 posse;
1458 2097 1760 2153 sententiam
1782 2095 1845 2151 de

298 2202 567 2263 synagoga
606 2192 903 2262 reparanda
938 2208 1048 2248 esse
1089 2194 1467 2262 periculosam,
1500 2208 1617 2247 cum
1646 2193 1844 2264 episco-

303 2296 426 2351 pum
474 2284 726 2353 martyrio
768 2283 847 2337 vel
892 2285 1309 2353 prtevaricationi
1338 2294 1580 2355 exponat.
1612 2283 1678 2338 In
1714 2285 1848 2338 hanc

302 2391 410 2429 rem
451 2375 685 2445 exemplo
714 2373 919 2429 Iuliani
946 2377 1245 2447 proposito,
1276 2377 1518 2447 rescripti
1558 2390 1728 2431 causa
1768 2391 1848 2431 rc-

304 2470 575 2541 tolluntur,
598 2470 824 2524 maxime
844 2470 982 2541 quod
1006 2469 1182 2525 Judaei
1216 2472 1400 2542 plures
1437 2470 1662 2525 usserint
1688 2470 1848 2524 eccle-

304 2566 433 2620 sias.
467 2563 606 2620 Hine
635 2566 809 2639 agitur
825 2563 890 2620 de
925 2564 1428 2632 Valentinianorum,
1453 2567 1540 2634 qui
1570 2564 1848 2636 gentilibus

305 2661 512 2730 pejores
538 2656 894 2725 declarantur,
922 2658 1046 2730 [ano
1066 2701 1081 2724 ,
1108 2676 1169 2713 ac
1194 2658 1446 2724 donariis,
1471 2674 1583 2729 qua
1603 2658 1847 2713 diceban—

307 2761 390 2805 tur
411 2750 641 2819 sublatu,
667 2752 981 2817 extenuatis,
996 2752 1221 2827 jnnuam
1249 2752 1315 2805 ad
1340 2752 1627 2806 calumnias
1647 2750 1852 2807 Judteis

303 2846 531 2916 aperiri,
562 2846 980 2918 triumphumque
1008 2846 1074 2901 de
1112 2845 1320 2902 Christo
1355 2847 1470 2901 dari
1526 2847 1848 2903 demonstra-

306 2951 410 2996 tur.
449 2939 564 2995 Hac
595 2941 659 2995 de
677 2958 733 2995 re
759 2940 1040 3013 allegorica
1062 2943 1350 2997 instituitur
1372 2940 1586 2997 Domini
1607 2954 1849 3014 expostu—

307 3038 467 3102 latio;
499 3048 772 3107 postquam
801 3037 1088 3093 deterretur
1112 3035 1332 3092 Maximi
1358 3039 1591 3110 exemplo
1612 3037 1852 3094 Theodo-

305 3129 435 3194 sius,
476 3144 599 3183 neve
643 3128 857 3185 Juda’os
878 3140 968 3183 aut
1004 3130 1272 3184 ‘Iitereticos
1307 3129 1486 3184 ulcisci
1513 3130 1850 3197 velit,admo-

306 3221 462 3288 nitus,
490 3222 658 3276 denuo
683 3221 984 3276 stimulatur
1010 3223 1080 3276 ml
1106 3221 1449 3276 clementiam.

216 3306 232 3312 “
310 3312 337 3350 ι’
370 3312 811 3370 Clementissimo
843 3314 1111 3385 principi,
1158 3330 1220 3370 ac
1264 3314 1576 3372 beatissimo
1613 3315 1847 3387 impera-

235 3406 346 3463 tori
374 3407 681 3465 Tnsonosto
710 3421 940 3480 augusw
972 3411 1271 3463 Ausnosms
1302 3409 1615 3481 episcopus.

311 3503 364 3558 1.
400 3502 687 3559 Exercitus
719 3515 741 3542 ο
766 3519 983 3574 semper
999 3503 1216 3575 jugibus
1245 3504 1358 3561 fere
1387 3505 1532 3561 curis
1560 3516 1679 3561 sum
1698 3548 1712 3573 ,
1746 3506 1851 3561 lm-

236 3607 456 3669 pcralor
476 3598 787 3655 beatissime
820 3617 831 3652 :
866 3598 959 3654 sed
990 3615 1280 3669 numquam
1312 3609 1461 3655 tanto
1488 3601 1537 3654 in
1571 3609 1707 3657 testu
1738 3599 1807 3656 lui
1833 3644 1846 3667 ,

236 3700 445 3763 quanto
472 3707 649 3759 nunc;
676 3707 800 3748 cum
829 3691 984 3748 video
1008 3692 1308 3748 cavendum
1340 3710 1407 3748 ne
1428 3692 1556 3763 quid
1578 3694 1672 3760 sit,
1703 3692 1846 3763 quod
1867 3764 1885 3774 _

235 3786 539 3842 ascribatur
566 3784 698 3840 mihi
730 3788 892 3841 etiam
937 3785 1003 3840 de
1052 3784 1323 3857 sacrilegii
1356 3785 1613 3856 periculo.
1663 3786 1849 3857 Itaque

236 3889 365 3951 peto
392 3889 450 3935 ut
474 3878 741 3951 patienter
764 3894 1073 3936 sermonem
1103 3895 1282 3936 meum
1308 3879 1516 3936 audias.
1544 3880 1676 3935 Nam
1696 3880 1742 3935 si
1769 3880 1849 3936 in-

237 3974 436 4046 dignus
478 3989 633 4041 sum,
666 3973 756 4045 qui
796 3989 826 4028 a
880 3987 930 4029 te
977 3972 1201 4038 audiar;
1255 3972 1505 4044 indignus
1546 3990 1665 4029 sum
1693 4016 1709 4040 ,
1756 3974 1847 4045 qui

236 4081 341 4137 pro
362 4077 415 4123 te
443 4066 695 4131 olleram,
722 4066 807 4121 cui
833 4074 922 4121 tua
944 4076 1070 4121 vota
1088 4106 1102 4131 ,
1126 4067 1214 4119 cui
1246 4074 1365 4121 tuas
1391 4065 1699 4121 committas
1727 4081 1846 4136 pre-

237 4173 351 4216 ces.
383 4158 503 4232 Ipse
531 4175 662 4231 ergo
708 4176 813 4215 non
841 4159 1031 4216 audies
1058 4174 1213 4225 eum,
1249 4174 1407 4229 quem
1440 4170 1539 4232 pro
1586 4169 1636 4215 te
1675 4160 1848 4215 audiri

238 4252 414 4309 velis?
440 4251 555 4308 Non
583 4251 770 4308 audies
793 4267 889 4324 pro
916 4267 973 4308 se
995 4262 1281 4323 agentem,
1306 4266 1466 4323 quem
1496 4268 1592 4321 pro
1614 4253 1734 4307 aliis
1756 4260 1849 4307 au-

236 4345 411 4402 disti?
438 4345 548 4402 Nec
580 4346 784 4401 vereris
806 4345 1067 4416 judicium
1100 4356 1282 4407 tuum,
1318 4361 1385 4400 ne
1413 4359 1537 4400 cum
1566 4344 1847 4416 indignum

239 4439 480 4509 putaris,
512 4454 673 4511 quem
705 4439 927 4501 audias,
964 4439 1243 4511 indignum
1275 4439 1503 4507 ieceris,
1538 4439 1625 4508 qui
1670 4454 1767 4510 pro
1799 4450 1851 4495 te

239 4534 535 4592 audiatur?

2018 1905 2072 1962 5.
2108 1907 2250 1961 Malo
2280 1907 2461 1978 igitur,
2490 1906 2814 1978 imperator,
2850 1908 3119 1967 bonorum
3162 1912 3293 1969 mihi
3318 1927 3449 1971 esse
3476 1925 3557 1969 te-

1947 2012 2093 2066 cum,
2125 2015 2288 2073 quam
2323 2001 2591 2057 malorum
2621 2006 2988 2071 consortium;
3016 2015 3073 2062 et
3094 2006 3222 2064 ideo
3246 2009 3555 2066 clementia:

1948 2101 2056 2150 tute
2086 2093 2380 2166 displicere
2431 2094 2597 2153 debet
2625 2098 2935 2154 sacerdotis
2994 2100 3299 2166 silentium,
3326 2102 3557 2160 libertus

1947 2186 2186 2258 placere.
2212 2187 2344 2244 Nam
2372 2188 2578 2244 silentii
2614 2190 2728 2246 mei
2773 2191 3020 2261 periculo
3052 2193 3372 2261 involireris,
3396 2196 3559 2252 liber-

1948 2281 2077 2336 tatis
2107 2282 2505 2353 bonojuvaris.
2539 2280 2657 2339 Non
2714 2292 2850 2355 ergo
2900 2286 3256 2356 importunus
3296 2289 3558 2346 indebltis

1949 2390 2037 2430 me
2066 2375 2355 2441 intersere,
2376 2374 2568 2430 alienis
2600 2376 2824 2447 iugero:
2856 2378 2951 2433 sed
2979 2377 3184 2436 debitis
3212 2382 3551 2453 obtempero,

1948 2467 2223 2522 mandatis
2252 2466 2348 2523 Dei
2378 2469 2550 2522 nostri
2592 2467 2815 2524 ‘ohedlo.
2842 2469 3003 2536 Quod
3032 2471 3179 2527 facio
3204 2472 3445 2543 primum
3478 2478 3557 2530 tui

1946 2570 2153 2622 amore,
2180 2560 2260 2613 tui
2285 2557 2480 2629 gmtia,
2506 2565 2613 2613 tute
2627 2558 2810 2615 studio
2833 2562 3226 2618 conservandae
3255 2563 3467 2621 salutis.
3499 2566 3558 2623 Si

1948 2652 2003 2707 id
2030 2653 2161 2708 mihi
2182 2653 2267 2708 vel
2295 2665 2403 2707 non
2423 2651 2686 2720 creditur,
2710 2653 2794 2709 vel
2819 2652 3164 2711 lnterdieitur
3188 2674 3200 2709 :
3225 2657 3350 2713 dico
3370 2672 3503 2715 sane
3530 2670 3554 2707 ε

1947 2744 2149 2801 divinae
2177 2744 2403 2802 olfenste
2458 2757 2632 2802 metu.
2665 2745 2801 2802 Nam
2852 2747 2897 2803 si
2948 2762 3130 2803 areum
3166 2750 3472 2819 periculum
3501 2760 3556 2808 te

1949 2850 2196 2908 exueret,
2227 2840 2500 2912 patienter
2535 2856 2624 2897 me
2660 2856 2762 2912 pro
2804 2851 2855 2897 te
2898 2841 3180 2911 olferrem,
3213 2845 3309 2901 sed
3350 2861 3459 2900 non
3488 2847 3553 2901 li-

1952 2934 2181 3000 benter;
2204 2934 2349 2989 malo
2366 2935 2513 2989 enim
2545 2943 2595 2990 te
2616 2935 2736 2991 sine
2758 2948 2882 2991 meo
2904 2945 3190 3009 acceptum
3221 2939 3332 2995 Deo
3359 2953 3483 2996 esse
3503 2950 3560 2996 et

1950 3029 2250 3101 gloriosum
2275 3027 2536 3099 periculo.
2568 3028 2665 3085 Sin
2699 3038 2880 3085 autem
2914 3028 3120 3086 silentii
3150 3030 3263 3087 mei
3301 3032 3557 3090 dissimu-

1954 3120 2283 3191 lationisque
2330 3120 2489 3191 culpa
2523 3129 2699 3176 etme
2752 3120 3022 3193 ingravat,
3082 3137 3185 3180 nec
3244 3131 3296 3178 te
3326 3123 3555 3192 liberat;

1875 3222 1921 3285 C
1955 3214 2100 3269 malo
2151 3213 2607 3284 importuniorein
2660 3227 2782 3278 me,
2835 3226 2999 3284 quam
3060 3215 3408 3273 inutiliorem
3462 3232 3555 3275 aut

1955 3310 2255 3381 turpiorem
2283 3308 2520 3379 judices.
2555 3307 2833 3379 Siquidem
2867 3308 3141 3381 scriptum
3171 3318 3292 3379 est,
3332 3311 3553 3371 dicente

1952 3409 2149 3459 sancto
2175 3399 2428 3469 apostolo
2472 3398 2670 3466 Paulo,
2719 3398 2878 3469 cujus
2909 3416 3019 3458 non
3059 3410 3216 3471 potes
3242 3401 3551 3460 doctrinam

1952 3494 2210 3551 refellere
2241 3510 2252 3545 :
2289 3491 2433 3547 Iusta
2463 3500 2777 3562 Opportune,
2830 3493 3161 3563 importune;
3193 3511 3378 3567 argue,
3413 3497 3558 3553 obsc-

1954 3607 2041 3645 cra
2067 3632 2082 3658 ,
2134 3590 2349 3659 increpa
2393 3588 2446 3641 in
2479 3588 2616 3641 oumi
2660 3586 2914 3658 patientia
2958 3598 3005 3643 et
3036 3587 3273 3644 dactrina
3321 3589 3390 3663 (ll
3416 3589 3553 3648 Tim.

1953 3700 2027 3748 tv,
2059 3683 2140 3755 2).

2024 3776 2078 3831 4.
2109 3776 2382 3831 llabemus
2402 3789 2534 3846 ergo
2561 3782 2617 3829 et
2643 3789 2745 3829 nos
2794 3775 2880 3830 cui
2923 3773 3220 3848 displicere
3250 3779 3371 3849 plus
3416 3783 3559 3850 peri-

1954 3875 2064 3929 culi
2096 3875 2163 3928 sit
2182 3889 2196 3938 ;
2223 3871 2525 3943 praesertim
2549 3885 2671 3926 cum
2691 3870 2855 3926 etiam
2881 3871 3301 3941 imperatoribus
3320 3884 3429 3929 non
3452 3874 3562 3932 dis-

1954 3969 2154 4039 pliceat
2176 3983 2276 4021 suo
2305 3980 2578 4037 quemque
2607 3963 2755 4035 fungi
2806 3981 3058 4033 munere,
3084 3975 3141 4022 et
3168 3964 3442 4039 patienter
3464 3985 3561 4025 au-

1954 4065 2117 4121 diatis
2148 4044 2595 4131 unumquemque
2620 4073 2720 4129 pro
2758 4072 2860 4113 suo
2901 4069 3282 4131 suggerentem
3327 4062 3511 4118 oitioio
3541 4083 3555 4131 ;

1952 4160 2122 4213 immo
2148 4153 2481 4225 corripiatis,
2502 4152 2546 4208 sl
2572 4166 2680 4207 non
2709 4158 2893 4206 utatur
2914 4148 2942 4187 ιι
2965 4151 3171 4207 militia:
3196 4168 3310 4210 suae
3337 4155 3553 4213 ordine.

1953 4250 2109 4319 Quod
2130 4264 2262 4319 ergo
2285 4249 2338 4305 in
2366 4246 2432 4301 iis
2457 4244 2695 4301 libenter
2718 4243 3101 4315 accipitis,qui
3118 4244 3272 4301 vobis
3301 4247 3553 4317 militant,

1953 4362 2083 4404 num
2110 4345 2214 4401 hoc
2246 4344 2298 4398 in
2347 4339 2731 4397 sacerdotibus
2782 4348 2964 4410 potest
3002 4339 3297 4397 molestum
3337 4342 3508 4400 videri
3540 4361 3554 4412 ;

1954 4459 2077 4499 cum
2109 4442 2159 4497 id
2182 4441 2490 4513 l0qnaniur.
2515 4450 2621 4491 non
2653 4433 2796 4507 quod
2820 4433 3206 4501 volumus,sed
3237 4438 3379 4508 quod
3399 4438 3542 4510 jube-

1956 4554 2077 4595 mur
2105 4534 2270 4592 'lScis
2318 4530 2464 4589 enim
2491 4531 2688 4585 lectum
2722 4543 2735 4582 :
2773 4526 2902 4584 Cum
2947 4527 3153 4584 stabilis
3193 4539 3314 4585 ante
3341 4548 3484 4603 rcges
3512 4545 3559 4589 et

312 4630 368 4683 2.
403 4628 511 4686 Sed
542 4644 718 4701 neque
748 4602 1029 4699 imperiale
1056 4637 1143 4684 est
1169 4628 1475 4686 libertatem
1507 4628 1722 4684 dicendi
1750 4628 1847 4684 de-
1880 4629 1928 4689 Ι)
1955 4627 2396 4702 ρνωδὶάεο,ηοιί1ε
2426 4624 2655 4695 cogitare
2679 4620 2807 4693 quid
2835 4622 3159 4690 loquamini;
3191 4602 3555 4680 dabiturrenim

230 4734 442 4793 negare
469 4764 481 4787 ,
509 4736 683 4792 neque
723 4720 1065 4776 sacerdotale
1085 4761 1099 4788 ,
1128 4718 1157 4758 ἀ
1186 4721 1328 4791 quod
1351 4721 1558 4776 sentias
1578 4763 1592 4786 ,
1629 4736 1733 4775 non
1763 4720 1848 4776 di-

241 4830 390 4872 cere.
414 4815 553 4873 Nihil
576 4817 719 4873 cnim
742 4814 795 4869 in
819 4814 974 4869 vobis
1002 4810 1423 4884 imperatoribus
1451 4824 1558 4870 tam
1587 4814 1850 4885 populare

241 4919 297 4968 et
350 4920 456 4966 tam
500 4911 731 4966 amabile
759 4918 878 4974 est,
924 4923 1083 4979 quam
1129 4907 1436 4964 libertatem
1468 4908 1631 4963 etiam
1685 4907 1740 4962 in
1786 4906 1851 4961 iis

319 5081 345 5109 ιι
375 5070 590 5143 Scripta
620 5065 850 5143 sublin.
885 5065 1011 5121 anni
1038 5064 1164 5143 388.
1337 5134 1350 5143 _
1426 5133 1436 5143 ⁸
1504 5134 1515 5143 _

316 5142 344 5182 ι)
376 5142 449 5198 Ita
470 5132 663 5197 omnes
683 5138 817 5195 edit.
849 5145 907 5194 et
945 5152 1075 5192 mss.
1111 5137 1267 5205 longe
1303 5133 1517 5205 plurimi
1552 5151 1564 5185 :
1597 5132 1843 5187 nonnulli

245 5226 428 5273 tamen
470 5215 646 5268 solum
678 5211 962 5282 praeﬁgunt
988 5204 1341 5282 {Ambrosius
1370 5204 1655 5282 Theodosio
1681 5205 1847 5282 impe-

243 5288 429 5345 rotari.
463 5286 632 5360 Hujus
651 5276 812 5353 porro
833 5276 1088 5360 epistolae
1117 5279 1374 5360 Paulinus
1401 5276 1666 5360 meminit,
1700 5278 1847 5360 ejus-

245 5376 354 5432 que
380 5350 1392 5432 scribéudzeoccasionem,_inateria1n
1433 5357 1594 5432 atque
1634 5350 1844 5429 exitum

245 5420 437 5488 narrat
454 5473 467 5494 .
493 5431 563 5486 de
586 5427 785 5497 quibus
807 5424 1060 5480 omnibus
1085 5424 1140 5477 in
1163 5423 1418 5497 ejusdem
1438 5429 1684 5497 tempore
1709 5420 1815 5474 assi
1831 5447 1845 5457 -

246 5503 464 5577 grando
485 5493 621 5577 satis
642 5500 972 5577 dispmatum
986 5506 1082 5577 est
1104 5497 1157 5552 in
1190 5493 1595 5577 Admonitione.
1818 5563 1828 5573 .

326 5588 347 5613 ε
382 5575 508 5630 Mss.
542 5564 780 5640 aliquot,
812 5568 1083 5640 Exercitus
1111 5564 1574 5640 seraperjugibus,
1599 5564 1857 5640 seucuris

248 5662 386 5710 sunt,
404 5634 685 5716 imperator
705 5634 1017 5703 beatissime,
1036 5634 1261 5716 deditus.
1288 5634 1446 5716 [laud
1463 5636 1603 5691 male
1616 5634 1855 5716 quidem;

250 5720 344 5774 alii
376 5708 558 5771 tamen
596 5717 812 5784 plures.
840 5723 1129 5784 etiomnes
1158 5710 1290 5765 edit.
1323 5708 1484 5784 nobis
1508 5709 1861 5784 patrocinan-

253 5798 364 5845 tnr.
396 5787 501 5842 nisi
519 5780 840 5857 quodllom.
862 5783 993 5857 edit.
1007 5784 1273 5857 exprimit
1299 5780 1621 5857 adverbium
1638 5794 1857 5857 seraper.

1957 4732 2097 4787 vobis
2127 4732 2178 4782 in.
2200 4729 2294 4783 illa
2327 4727 2457 4781 hora
2511 4723 2636 4796 quid
2668 4723 2958 4793 loquamini
2988 4739 3132 4779 :non
3154 4722 3290 4778 enim
3320 4739 3407 4777 vos
3434 4724 3559 4776 estis

1955 4826 2041 4895 qui
2069 4822 2361 4893 loquimini,
2392 4819 2482 4874 sed
2516 4817 2748 4889 Spiritus
2789 4812 2966 4874 Patris
3012 4818 3189 4884 vestri,
3218 4816 3307 4887 qui
3332 4815 3558 4884 loquitur

1957 4922 2014 4975 in
2042 4917 2180 4973 vobis
2231 4912 2447 4987 (Matth.
2485 4927 2549 4978 ι,
2585 4909 2673 4974 19,
2714 4908 2833 4977 ‘30).
2869 4910 2938 4965 Et
2984 4919 3166 4967 tamen
3207 4908 3253 4963 si
3284 4906 3340 4962 in
3376 4907 3559 4962 causis

1952 5056 2214 5195 (“cf
2240 5120 2388 5186 cod.,
2419 5119 2516 5195 hoc
2552 5125 2628 5173 est
2649 5157 2664 5182 ,
2693 5114 3122 5195 nondistinxisti.
3149 5112 3217 5195 Et
3242 5110 3379 5167 infra
3396 5153 3411 5179 ,
3436 5112 3558 5195 quia

1952 5184 2257 5257 distinxi‘s'ti.
2296 5184 2381 5250 At
2410 5191 2529 5246 vice
2567 5203 2726 5243 versa
2755 5188 2846 5244 ubi
2895 5186 3036 5242 idem
3066 5184 3237 5257 codex
3267 5199 3389 5257 cum
3434 5184 3558 5240 aliis

1952 5256 2125 5328 multo
2155 5266 2505 5338 pluribus‘et
2541 5263 2752 5338 cunctis
2771 5258 3003 5338 edi_t.._si
3040 5256 3337 5338 distineat-is
3373 5258 3552 5328 justo,

1952 5359 2084 5401 mss.
2120 5329 2268 5396 P'rat.
2306 5353 2371 5393 ac
2399 5334 2557 5392 Gem.
2591 5334 2793 5402 legunt.
2822 5332 2867 5386 si
2897 5329 3090 5384 dixeris
3110 5330 3278 5399 justo.
3564 5332 3568 5337 ‘

2033 5418 2046 5455 ί
2087 5415 2201 5469 Duo
2231 5426 2390 5475 mss.,
2442 5408 2487 5461 si
2510 5406 2702 5461 dixeris
2721 5406 2931 5476 justo._
3356 5468 3397 5476 η
3464 5422 3469 5427 .

2032 5497 2058 5535 s
2090 5468 2220 5555 lleg.
2254 5468 2387 5538 cod.
2408 5479 2582 5544 solus,
2614 5468 2802 5530 ditiiue
2850 5469 3068 5537 o/fensse
3096 5485 3311 5525 memor.
3344 5468 3485 5526 Nam
3514 5475 3558 5529 si

1966 5568 2089 5614 ...tu
2116 5555 2375 5611 hauseris.

2035 5568 2394 5686 {iugi-31:3;
2419 5622 2474 5678 in
2491 5618 2756 5690 principio
2784 5616 2945 5690 hujus
2964 5611 3449 5690 epistolaalnemm
3479 5617 3567 5674 his

1965 5702 2169 5767 verbis,
2200 5699 2286 5769 qui
2314 5686 2556 5763 obsequio
2582 5686 3042 5769 militia)_videt_ur
3079 5686 3325 5769 militiam
3361 5702 3565 5769 ponere

1968 5757 2315 5831 non'ta'nt'um
2346 5757 2456 5835 pro'
2470 5762 2738 5835 castrensi
2766 5757 3064 5835 stipendio,
3112 5757 3207 5835 sed
3249 5772 3346 5835 pro
3364 5757 3565 5832 quavis

326 5828 364 5898 ί(
379 5828 1503 5926 sinerent."statuarii};fit};
1512 5828 1863 5908 statua...
1969 5828 2267 5909 iunctione,
2294 5828 2629 5904 ministerio,
2646 5843 2715 5892 let
2738 5828 2944 5892 cilicio.
2976 5830 3105 5889 Huic
3122 5828 3382 5889 Nannius.
