3996 6292
486 300 626 359 1105

1825 288 2070 347 SANCTI
2111 286 2435 346 AMBROSII

3676 283 3792 341 ΗΜ

481 413 789 488 reipublicae
839 411 1050 483 loquar,
1082 409 1333 482 quamvis
1361 408 1526 465 etiam
1553 406 1663 462 illic
1711 406 1924 476 justitia
1974 422 2091 463 ser-
2119 411 2171 472 Α
2199 414 2436 476 perator,
2472 420 2540 461 ne
2566 405 2883 477 acquieseat
2929 402 3227 461 sententia:
3262 412 3372 457 tua:
3397 417 3414 469 ;
3442 417 3514 458 ne
3563 402 3795 473 praevari-

487 513 664 571 vanda
689 512 781 579 sit,
807 526 915 567 non
946 517 1099 567 tanto
1129 509 1401 579 astringar
1424 514 1594 573 metu,
1625 506 1670 561 si
1701 521 1807 562 non
1847 506 2040 562 audiar
2072 525 2087 567 :

490 612 545 664 in
578 621 738 665 causa
764 620 894 662 vero
931 604 1032 660 Dei
1062 617 1222 675 quem
1266 600 1478 668 audies,
1521 600 1570 656 si
1607 600 1953 657 sacerdotem
1983 616 2091 657 non

2195 508 2371 566 cetur,
2399 513 2506 555 non
2543 498 2744 556 limes?

2268 592 2321 645 7.
2341 590 2455 646 Non
2490 592 2655 647 etiam
2685 593 2917 657 vereris,
2940 591 3090 664 quod
3112 591 3365 647 futurum
3389 599 3509 655 est;
3542 604 3610 646 ne
3639 589 3795 647 verbis

493 704 707 770 audias,
760 700 916 773 cujus
945 697 1154 769 majore
1197 705 1450 767 peccatur
1495 694 1782 765 periculo?
1829 694 1964 763 Quis
1992 694 2094 750 tibi
2198 685 2416 742 resistat
2436 686 2625 742 comiti
2657 688 2794 742 tuo?
2823 687 3065 744 Necesse
3093 686 3203 743 erit
3232 686 3409 759 igitur
3435 692 3499 740 ut
3524 694 3618 740 aut
3638 685 3657 707 ⁸
3676 700 3804 757 patr

491 814 682 856 verum
722 794 943 852 audebit
969 792 1174 859 dicere,
1200 791 1246 847 si
1273 789 1532 847 sacerdos
1563 805 1671 845 non
1694 789 1935 845 audeat?

561 894 616 949 5.
649 890 781 947 Novi
806 898 858 946 te
888 889 1059 959 pium,
1088 885 1441 951 clementem,
1485 882 1697 950 mitem,
1746 890 1912 953 atque
1945 891 2096 938 tran-

494 984 746 1058 quillum,
776 981 939 1038 iidem
980 994 1043 1035 ac
1074 978 1325 1034 timorem
1352 976 1566 1032 Domini
1612 973 1765 1031 cordi
1793 973 1963 1047 958
1999 974 2097 1028 ha-

494 1078 712 1134 bentem
747 1073 883 1130 :sed
915 1074 1239 1144 plerumque
1267 1070 1443 1140 aliqua
1478 1083 1581 1125 nos
1629 1067 1846 1123 fallunt.
1884 1067 2098 1123 Habent

496 1171 666 1242 aliqui
686 1169 861 1226 zelum
881 1166 1001 1231 Dei,
1032 1164 1126 1221 sed
1164 1178 1273 1220 non
1291 1161 1586 1220 secundum
1609 1161 1895 1218 scientiam
1912 1160 2091 1235 (Rom.

496 1280 553 1333 x,
587 1262 669 1336 2).
699 1261 779 1318 Ne
807 1260 974 1332 igitur
996 1259 1100 1313 hoc
1122 1258 1287 1315 etiam
1330 1255 1583 1312 fidelibus
1609 1254 1805 1310 animis
1842 1254 2091 1326 obrepat,

497 1356 799 1416 cavendum
831 1355 1091 1411 arbitror.
1125 1352 1260 1407 Novi
1284 1351 1541 1422 pietatem
1569 1359 1712 1406 tuam
1742 1365 1867 1421 erga
1901 1349 2095 1417 Deum,

494 1451 773 1508 leuitatem
801 1449 854 1504 in
879 1447 1131 1504 homines
1161 1464 1174 1499 :
1204 1444 1477 1517 obligatus
1515 1459 1634 1500 sum
1668 1444 1948 1500 beneficiis
1977 1452 2099 1499 tua-

496 1559 618 1600 rum
651 1541 1137 1613 indulgentiarum.
1185 1537 1260 1593 Et
1288 1538 1412 1593 ideo
1456 1538 1580 1608 plus
1627 1546 1837 1606 metuo,
1866 1537 2096 1608 amplius

494 1636 761 1693 sollicitor
796 1652 812 1702 ;
840 1649 910 1690 ne
935 1632 1099 1689 etiam
1129 1634 1247 1703 ipse
1287 1640 1379 1686 tuo
1407 1645 1495 1686 me
1527 1639 1712 1702 postea
1738 1629 1945 1700 judicio
1968 1643 2101 1685 eon-

2195 780 2558 837 varicatorem
2598 790 2694 836 aut
2738 794 3033 856 martyrem
3087 783 3261 838 faciat
3303 798 3317 834 :
3351 789 3655 851 utrumque
3688 782 3794 838 alie-

2198 891 2327 932 num
2358 877 2695 948 temporibus
2723 879 2849 943 tuis,
2868 888 3163 950 utrumque
3194 878 3610 949 persecutionis
3625 877 3796 943 instar,

2197 971 2243 1025 si
2275 982 2367 1027 aut
2423 975 2771 1043 praevaricari
2800 982 3048 1045 cogatur,
3083 982 3180 1029 aut
3224 973 3425 1030 subire
3468 973 3794 1044 martyrium.

2205 1062 2371 1119 Vides
2402 1063 2420 1102 ί
2455 1080 2565 1135 quo
2598 1065 2825 1122 inclinet
2870 1080 3052 1123 causa:
3111 1066 3319 1123 exitus.
3353 1066 3416 1124 Si
3447 1064 3652 1122 fortem
3700 1067 3795 1134 epi-

2200 1172 2428 1228 scopum
2473 1169 2661 1229 putas,
2694 1167 2891 1217 caveto
2936 1160 3265 1233 martyrium
3318 1160 3575 1216 fortioris
3606 1160 3689 1214 :si
3730 1161 3796 1215 in-

2200 1259 2543 1309 constantem
2564 1294 2579 1320 ,
2614 1252 2830 1310 declina
2861 1254 3074 1324 lapsum
3124 1252 3433 1325 fragilioris
3466 1267 3484 1308 :
3527 1253 3649 1325 plus
3670 1254 3796 1309 enim

2199 1345 2549 1416 astringitur,
2568 1349 2659 1418 qui
2693 1346 2804 1403 labi
2832 1346 3108 1403 infirmum
3137 1347 3413 1420 coegerit.

2280 1438 2332 1493 8.
2364 1438 2477 1494 Hae
2497 1439 2772 1510 proposita
2793 1441 3133 1506 conditione,
3150 1451 3286 1512 puto
3312 1440 3596 1497 dicturum
3614 1442 3797 1513 episco-

2203 1548 2330 1604 pum
2352 1532 2497 1606 quod
2521 1534 2637 1604 ipse
2661 1545 2687 1583 κ
2720 1535 2872 1606 ignes
2921 1536 3211 1606 sparserit,
3243 1536 3442 1593 turbas
3466 1537 3792 1607 compulerit,

2202 1623 2230 1662 ιι
2255 1627 2482 1698 populos
2507 1627 2875 1695 conduxerit;
2904 1642 2976 1684 ne
2998 1629 3588 1686 amittatoecasionem
3617 1639 3794 1699 martyo

497 1730 746 1797 demnes,
767 1727 915 1801 quod
942 1741 1062 1783 mea
1083 1734 1177 1781 aut
1213 1724 1652 1782 dissimulatione
1674 1733 1767 1779 aut
1787 1722 2099 1779 adulatione
2203 1721 2292 1789 rii,
2322 1730 2377 1777 et
2406 1736 2505 1792 pro
2530 1721 2785 1777 invalidis
2814 1721 3071 1801 subjiciat
3092 1722 3445 1779 validiorem.
3482 1722 3498 1760 ί
3523 1723 3567 1778 0
3597 1722 3794 1779 beatam

498 1821 908 1894 prolapsionem
963 1834 1071 1875 non
1098 1816 1410 1874 evitaveris.
1438 1816 1495 1873 Si
1519 1816 1572 1871 in
1602 1831 1690 1872 me
1718 1815 1933 1886 peccari
1954 1814 2105 1872 vide-
2133 1814 2182 1876 B
2207 1816 2575 1884 mendacium,
2604 1832 2716 1889 quo
2743 1816 3043 1887 acquiritur
3091 1816 3196 1872 sibi
3228 1816 3466 1873 aliorum
3521 1816 3793 1883 absolutio,

497 1931 635 1983 rem,
663 1931 772 1971 non
802 1914 1060 1970 deberem
1087 1921 1306 1977 tacere;
1339 1909 1602 1981 scriptum
1648 1920 1732 1966 est
1775 1909 1919 1965 enim
1951 1926 1965 1965 :
1997 1908 2100 1966 “Si
2204 1910 2287 1966 sui
2313 1910 2519 1981 gratia!
2556 1911 2669 1966 lloc
2692 1917 2799 1978 est,
2828 1911 3149 1981 imperator,
3172 1910 3323 1981 quod
3356 1911 3589 1982 p0posci
3619 1920 3674 1964 et
3691 1926 3792 1982 ego;

496 2007 665 2064 frater
717 2014 841 2061 tuus
882 2005 938 2060 in
970 2013 1025 2061 te
1064 2003 1397 2077 peccaverit,
1423 2003 1641 2073 corripe
1695 2001 1845 2057 illum
1900 2002 2098 2072 primo,

497 2099 704 2157 deinde
757 2098 1002 2169 increpa,
1052 2097 1264 2153 duobus
1293 2105 1390 2152 aut
1415 2096 1587 2152 tribus
1624 2095 1855 2151 testibus
1884 2095 2098 2168 (Matth.

499 2208 656 2261 xvnt,
677 2191 746 2248 l5
774 2202 823 2248 et
848 2190 1003 2264 seq.).
1037 2191 1096 2248 Si
1130 2200 1183 2247 te
1234 2203 1342 2245 non
1389 2189 1641 2257 audierit,
1696 2189 1785 2245 die
1816 2188 2099 2246 Ecclesitc.

500 2284 732 2343 Causam
760 2299 896 2356 ergo
916 2284 1014 2340 Dei
1061 2280 1293 2339 tacebo?
1315 2281 1455 2350 Quid
1486 2282 1646 2353 igitur
1671 2281 1763 2347 sit,
1793 2283 1939 2353 quod
1991 2299 2107 2341 mea

502 2390 650 2436 tuam
672 2378 1113 2436 consideremus.

571 2472 624 2528 6.
653 2471 904 2527 Relatum
932 2477 1024 2526 est
1044 2484 1074 2523 a
1096 2467 1343 2524 bcomite
1372 2462 1607 2525 Orientis
1632 2468 1947 2525 militarium
1982 2484 2107 2541 par-

506 2564 641 2620 tium
662 2563 945 2619 incensam
961 2576 1084 2617 esse
1106 2575 1459 2633 synagogam,
1474 2560 1641 2631 idque
1666 2570 1891 2618 auctore
1905 2562 2104 2619 factum

500 2656 782 2726 episcopo.
813 2652 1037 2711 Iussisti
1078 2652 1343 2709 vindicari
1396 2658 1449 2707 tn
1493 2662 1748 2721 caeteros,
1775 2668 2107 2727 synagogam

496 2752 567 2806 ab
596 2751 718 2820 ipso
744 2746 1080 2805 exaedificari
1122 2746 1406 2818 episcopo.
1434 2756 1455 2783 ε
1485 2745 1603 2801 Νοη
1656 2755 1844 2803 astruo
1874 2763 2106 2820 exspec-

499 2846 722 2903 tandam
751 2844 922 2901 fuisse
946 2843 1310 2900 assertionem
1340 2841 1610 2913 episcopi;
1628 2842 1941 2901 sacerdotes
1959 2845 2107 2901 enim

507 2940 789 2997 turbarum
822 2936 1200 2993 moderatores
1216 2943 1365 3001 sunt,
1389 2933 1622 2990 studiosi
1655 2935 1825 3006 pacis,
1854 2936 1959 2992 nisi
1985 2952 2109 3013 cum

501 3043 558 3091 et
577 3033 679 3105 ipsi
706 3039 998 3087 moventur
1050 3027 1247 3100 injuria
1278 3029 1396 3094 Dei,
1427 3038 1522 3084 aut
1543 3028 1804 3085 Ecclesia:
1830 3039 2105 3088 contume-

502 3129 593 3185 lia.
628 3127 655 3165 ά
686 3126 772 3184 Sit
790 3124 1035 3197 alioquin
1058 3123 1165 3179 iste
1193 3123 1487 3194 episcopus
1528 3119 1828 3178 ferventior
1855 3122 1907 3179 in
1945 3139 2109 3180 exus-

2203 2012 2265 2059 ut
2294 2003 2347 2058 in
2375 2002 2648 2077 mem
2690 2003 2864 2075 magis
2909 2004 3217 2060 vindieares
3253 2014 3343 2061 :et
3385 2006 3431 2059 si
3462 2005 3570 2060 hoc
3610 2007 3796 2061 crimen

2206 2106 2451 2167 putares,
2474 2097 2606 2152 mihi
2625 2096 3112 2165 ascriberes.Quid
3128 2096 3360 2152 mandas
3382 2098 3436 2153 in
3459 2098 3797 2168 absentesja—

2207 2190 2455 2247 dicium?
2484 2191 2667 2249 [labes
2697 2192 3237 2263 praesentem,habes
3254 2193 3613 2251 confitentem
3641 2209 3795 2250 reum.

2206 2283 2395 2340 Procla
2403 2298 2493 2340 mo
2506 2284 2650 2356 quod
2668 2300 2769 2357 ego
2782 2300 3115 2358 synagogam
3130 2285 3470 2341 incenderim
3481 2329 3498 2352 ,
3511 2298 3663 2342 certe
3671 2286 3796 2358 quod

2207 2392 2307 2449 ego
2327 2377 2436 2433 illis
2468 2378 2882 2444 mandaverim;
2917 2394 2985 2434 ne
3010 2388 3157 2435 esset
3181 2378 3335 2435 locus
3366 2379 3421 2435 in
3440 2395 3553 2451 quo
3568 2379 3798 2436 Christus

2209 2482 2525 2543 negaretur.
2550 2471 2607 2528 Si
2630 2471 2926 2542 objiciatur
2950 2470 3108 2539 mihi,
3139 2486 3241 2528 cur
3266 2472 3354 2529 hic
3399 2487 3514 2527 non
3560 2472 3799 2529 incende-

2209 2566 2347 2621 rim?
2378 2564 2705 2636 Diviuojam
2732 2565 2967 2621 cremari
3010 2565 3181 2635 erepit
3200 2564 3410 2635 judicio
3438 2582 3454 2619 :
3490 2581 3669 2622 meum
3696 2579 3799 2622 ees-

2209 2657 2351 2712 savit
2390 2671 2551 2727 opus.
2590 2656 2658 2712 Et
2703 2657 2749 2712 si
2775 2671 2963 2713 verum
2985 2658 3275 2727 quaeritur,
3305 2657 3430 2714 ideo
3468 2660 3689 2729 segnior
3711 2658 3793 2727 fui,

2210 2750 2335 2820 quia
2363 2766 2469 2806 non
2498 2751 2754 2818 putabam
2781 2752 2883 2806 hoc
2927 2750 3338 2807 vindicandum.
3372 2753 3519 2820 Quid
3556 2752 3795 2818 facerem,

2209 2842 2353 2914 quod
2373 2843 2524 2899 nullo
2541 2844 2719 2901 ultore
2747 2844 2868 2902 sine
2918 2847 3147 2916 praemio
3198 2848 3382 2904 foret?
3416 2847 3671 2920 Tangunt
3698 2848 3797 2904 διε

2212 2937 2622 3006 verecundiam,
2654 2939 2751 2995 sed
2805 2949 3068 3017 revocant
3122 2941 3352 3012 gratiam
3390 2957 3407 3007 ;
3442 2944 3455 2993 l
3499 2958 3571 2999 ne
3591 2943 3797 3016 fiatqno

2216 3031 2310 3088 Dei
2334 3032 2531 3088 summi
2557 3031 2914 3089 contrahatur
2934 3031 3187 3091 oﬂ‘ensio.

2284 3128 2340 3184 9.
2366 3128 2497 3184 Esto
2526 3135 2729 3193 tamen,
2788 3142 2952 3184 nemo
2987 3127 3312 3199 episcopum
3348 3130 3421 3185 ad
3470 3131 3577 3188 hoc
3623 3147 3794 3187 munus

496 3220 647 3277 tione
675 3231 985 3292 synagogas,
1008 3214 1252 3271 timidior
1276 3214 1329 3269 in
1347 3212 1556 3285 judicio
1580 3228 1717 3270 :nou
1736 3216 1965 3285 vereris,
1996 3218 2099 3273 im-
2125 3210 2173 3277 C
2204 3219 2495 3275 conveniat
2523 3235 2537 3284 ;
2570 3220 2758 3291 rogavi
2796 3218 2945 3276 enim
2988 3220 3340 3279 clementiam
3373 3230 3527 3280 tuam
3560 3234 3655 3281 :et
3691 3225 3795 3281 licet

576 3368 601 3395 ει
622 3358 761 3430 Reg.
790 3355 914 3412 cod.
960 3354 1112 3430 solus
1145 3370 1157 3405 :
1194 3350 1345 3430 Quod
1396 3350 1440 3405 si
1470 3351 1754 3430 peccaverit
1782 3351 1839 3405 in
1858 3361 1917 3430 te
1944 3356 2105 3426 frater

506 3442 644 3497 tuus,
676 3423 806 3484 vade
826 3437 875 3483 et
901 3426 1106 3496 corripe
1128 3440 1246 3478 eum
1288 3424 1425 3479 inter
1455 3432 1504 3477 te
1540 3430 1589 3497 et
1627 3423 1822 3493 ipsum.
1849 3423 1912 3479 Si
1942 3423 1992 3479 te
2011 3442 2107 3481 att-

504 3494 678 3568 dierit,
711 3503 942 3556 lucratus
968 3513 1023 3552 es
1045 3494 1054 3496 ’
1070 3499 1285 3568 fratrem
1310 3503 1455 3549 tuum
1483 3509 1502 3547 :
1525 3494 1570 3549 si
1590 3503 1762 3568 autem
1802 3504 1852 3549 te
1880 3512 1988 3551 non
2012 3514 2107 3553 au-

503 3566 679 3640 dierit,
706 3572 894 3630 adhibe
922 3566 1090 3624 tecum
1120 3567 1290 3621 adhuc
1334 3581 1498 3619 unum
1534 3567 1613 3619 vel
1639 3566 1803 3640 duos;
1835 3576 1891 3620 ut
1937 3570 1992 3623 in
2020 3586 2109 3624 ore

506 3645 729 3700 duorum
753 3643 831 3696 vel
866 3641 1024 3695 trium
1073 3640 1281 3694 testium
1319 3646 1415 3692 stet
1464 3652 1610 3691 omne
1635 3639 1861 3692 verbum.
1886 3640 2041 3707 Quod
2061 3642 2108 3697 si

508 3732 613 3772 non
639 3714 863 3770 audierit
881 3728 990 3778 eos,
1013 3711 1098 3784 die
1123 3709 1385 3784 Ecclesia.
1418 3707 1657 3784 Advenis
1700 3725 1847 3780 ergo,
1878 3713 2107 3784 impera-

506 3796 607 3851 tor,
635 3786 773 3858 quod
799 3799 1009 3858 causam
1034 3779 1136 3858 Dei
1190 3779 1523 3835 dissimulare
1570 3795 1675 3833 non
1725 3779 1929 3849 queam.
1952 3779 2104 3849 'Quid

507 3851 666 3932 igitur
679 3858 704 3912 .9
719 3856 942 3932 Causam
962 3851 1084 3932 Dei,
1102 3862 1209 3932 etc.

577 3930 605 3969 ι’
623 3927 903 3985 Cedrenus
925 3926 979 3981 in
1004 3924 1139 3980 Hist.
1161 3922 1305 3979 hunc
1329 3921 1704 3994 magistratum
1723 3924 1969 3995 appellat
1991 3925 2107 3982 Ho-

506 4012 750 4059 noratum
792 3998 1110 4072 prmfectum,
1136 3996 1397 4072 nimirum
1453 3994 1981 4072 Constantinnpolis,
2014 3999 2105 4054 ubi

507 4075 647 4131 hanc
675 4066 948 4128 actionem
1002 4067 1299 4137 contigisse
1338 4075 1627 4122 memorat.
1673 4066 1783 4123 Sed
1813 4068 1868 4123 in
1907 4070 1984 4124 rei
2010 4085 2107 4126 ve-

506 4149 719 4203 ritatem
750 4152 857 4198 tam
887 4140 1056 4196 multa
1084 4139 1514 4209 peccat,utgejus
1545 4137 1731 4193 haberi
1760 4141 1933 4209 possit
1960 4141 2105 4197 nulla

507 4218 668 4273 ratio.
704 4213 959 4270 Valesius
997 4215 1050 4265 in
1082 4206 1356 4281 Ammiap.
1379 4206 1777 4281 Marcellinum,
1808 4226 1931 4281 pag.
1954 4212 2015 4279 4,
2038 4211 2108 4268 de

506 4290 711 4345 comite
761 4284 1001 4341 Orientis
1041 4294 1207 4352 agens
1238 4299 1251 4334 :
1278 4278 1555 4348 Cancrum,
1607 4278 1951 4352 inquit,'cum
1998 4278 2107 4339 lucc

509 4360 670 4415 οίυίιίε
690 4366 918 4429 potest_a_s
970 4350 1149 4429 fuerit,
1206 4352 1366 4429 miror
1414 4361 1651 4429 sanctum
1685 4350 2026 4429 Ambrosium
2052 4355 2108 4409 in

506 4421 725 4499 epistola
748 4428 816 4481 ad
838 4421 1179 4499 Theodosium
1199 4421 1309 4478 lucc
1336 4422 1559 4499 scribere
1574 4440 1593 4476 :
1621 4424 1842 4499 relatum
1864 4435 1940 4478 est
1965 4442 2105 4499 aeo-

506 4493 628 4557 mite
668 4499 896 4554 Orientis
937 4496 1240 4552 militarium
1294 4496 1589 4563 partium...
1615 4493 1703 4549 sed
1728 4493 1864 4549 hunc
1914 4497 2109 4552 nodum

506 4573 698 4630 solvent
721 4570 1004 4640 peritiores.
1023 4566 1295 4640 Fult‘sane‘
1317 4567 1370 4620 in
1397 4580 1476 4640 ρο⁸
1493 4564 1979 4640 solvendgfelicior
1996 4568 2107 4625 Go-

506 4636 806 4707 dofredus;
840 4640 926 4695 hic
950 4641 1096 4696 enim
1144 4638 1199 4694 in
1239 4636 1497 4693 Chro‘nol.
1543 4636 1679 4693 Cod.
1723 4636 1933 4694 'l‘hcod.
1967 4649 2023 4695 et
2051 4643 2107 4697 in

504 4719 813 4774 Comment.
835 4712 888 4767 in
918 4711 1021 4782 leg.
1049 4709 1084 4767 9
1106 4710 1174 4782 de
1201 4707 1413 4782 Judaeis
1431 4708 1595 4782 docet
1616 4724 1739 4764 eum
1762 4711 1854 4779 qui
1886 4710 1956 4764 ab
1976 4710 2108 4768 Am-

505 4788 690 4847 brosio
705 4785 906 4841 dicitur
922 4780 1089 4838 co'mes
1104 4781 1331 4836 Orientis
1348 4780 1654 4835 militarium
1678 4782 1928 4849 partium,
1943 4798 2105 4851 quem

505 4863 594 4918 lex
618 4860 784 4918 citata
806 4855 966 4912 titulo
991 4855 1192 4909 comitis
1219 4861 1276 4906 et
1306 4852 1555 4922 magistri
1583 4854 1868 4922 utriusque
1897 4853 2106 4911 militiae

503 4950 600 5006 per
626 4922 1666 5006 orientemsignat,utdistingnatur‘ab
1695 4924 2104 5006 alterqcomite

501 4994 725 5062 orientis
770 4994 1008 5055 civilium
1044 4996 1313 5067 partium,
1347 5011 1509 5064 quem
1553 4994 1811 5067 describit
1853 4996 2104 5054 Zusimus

502 5078 596 5133 lib.
631 5092 663 5132 v
689 5117 703 5137 ,
747 5066 1236 5139 Bullengeruslih.
1297 5082 1348 5119 tv
1377 5067 1447 5121 de
1474 5067 1627 5139 imp.
1662 5066 1822 5121 Rom.
1851 5083 1972 5139 cap.
2005 5069 2101 5138 25,

497 5147 743 5219 quamvis
772 5144 907 5198 duas
932 5140 1053 5196 illas
1081 5138 1373 5219 dignitates
1395 5151 1504 5192 non
1522 5137 1812 5219 'videatur'
1836 5137 1969 5219 satis
2016 5137 2101 5196 di?

496 5208 1049 5291 s'tinguere,at_tamen
1073 5208 1682 5291 ad’cumitemgorientis
1702 5210 2103 5291 militiamque-

536 5228 1049 5291 tinguel‘e,a|t3men
1073 5228 1140 5265 δα
1170 5228 1426 5291 coniugam
1454 5228 1682 5292 ortenus
1702 5228 1963 5279 mutuam
2007 5228 2100 5269 uo-

536 5307 603 5348 ue
643 5286 997 5360 pertinuisse,
1042 5281 1203 5360 clare.
1241 5279 1449 5335 indicat
1474 5281 1649 5360 _lusce
1676 5282 1860 5360 verbis
1899 5300 1913 5336 :
1963 5228 2100 5351 auia

547 5350 676 5418 eme
720 5355 1020 5413 Armeniam
1046 5362 1094 5407 et
1145 5350 1573 5422 Mesopotamiam
1619 5351 1903 5420 vastabant,
1929 5350 2099 5410 comes

493 5435 707 5490 orientis
729 5431 804 5484 vir
830 5424 1124 5497 spectabilis
1151 5424 1201 5497 ei
1217 5438 1337 5477 cum
1358 5423 1585 5497 exercitu
1627 5423 1920 5497 impositus,
1955 5427 2095 5480 vica-

490 5507 599 5561 rius
620 5493 1134 5577 prmfecti'prwtqrio.
1162 5495 1229 5549 Et
1257 5493 1428 5577 paulo
1464 5504 1587 5577 post
1618 5511 1631 5546 :
1662 5493 1841 5577 Comes
1857 5499 2096 5577 ςεηιαρε-

494 5587 593 5630 ster
620 5564 843 5629 militum
871 5564 976 5641 ’ρετ
1000 5564 1526 5641 0rientent_illustris.
1548 5564 1624 5641 _L.
1649 5580 1740 5618 t'ttt
1768 5565 1836 5641 de
1858 5565 1917 5619 Μ
1916 5564 2088 5641 etatis.

498 5647 642 5699 ltlem
663 5657 796 5698 vero
834 5636 1082 5709 sequenti
1107 5651 1230 5705 cap.
1253 5636 1391 5691 duos
1416 5637 1657 5709 comites
1701 5637 1805 5709 rei_
1834 5639 2089 5697 militaris

495 5717 661 5768 fuisse
701 5714 758 5767 in
785 5706 1439 5780 Orientertradittquem
1468 5706 1716 5763 consule.
1761 5707 1889 5765 Htee
1922 5725 2089 5780 porro

493 5783 705 5838 abunde
727 5780 929 5834 Valesii
975 5778 1195 5833 diluunt
1232 5778 1656 5836 dubitationem.
1688 5780 1844 5846 Quod
1899 5778 2084 5839 autem

488 5849 828 5912 Godofredus
853 5857 1042 5905 contra
1083 5850 1375 5906 Baronium
1425 5849 1566 5907 hanc
1618 5851 1908 5925 epistolam
1939 5867 2084 5913 anno

2133 4684 2187 4745 D

2212 3355 2319 3480 ἵ)θό
2345 3354 2605 3426 scriptam
2627 3355 2932 3423 contendit,
2958 3357 3069 3429 jam
3101 3368 3233 3416 ante
3262 3361 3696 3418 examinavimus
3713 3377 3793 3418 suo

2238 3441 2360 3480 oeo.

2238 3441 2360 3483 000.

2287 3504 2307 3528 υ
2333 3497 2558 3569 Aliquot
2587 3514 2743 3567 mss.,
2770 3516 2875 3555 non
2919 3517 3117 3559 assero.
3150 3504 3453 3561 Dietiouem
3484 3523 3617 3564 vero
3649 3523 3790 3562 asser-

2211 3570 2420 3647 tionem,
2452 3586 2573 3647 qua:
2606 3586 2746 3647 pone
2767 3574 3035 3647 sequitur,
3061 3576 3311 3632 Nannius
3337 3580 3570 3647 exponit
3597 3580 3649 3635 in
3678 3579 3790 3633 hunc

2212 3641 2431 3721 modum
2449 3659 2461 3694 :
2482 3641 2830 3721 Asse’rtionem
2848 3641 2867 3711 ξ
2892 3644 2942 3699 id
2968 3658 3071 3714 est,
3089 3641 3489 3721 defensionem.
3507 3650 3789 3721 Metaphora

2212 3714 2603 3795 indesumpta,
2629 3717 2773 3785 quod
2809 3717 2861 3770 in
2899 3731 3063 3795 causa
3091 3719 3309 3795 liberali
3338 3714 3675 3795 assertorem
3699 3724 3790 3777 sive

2212 3786 2482 3861 vindicem
2523 3787 2719 3861 adesse
2745 3786 3057 3857 oportebat,
3088 3808 3199 3861 quo
3218 3791 3450 3847 alterius
3479 3794 3788 3857 libertatem,

2209 3857 2302 3930 qui
2330 3858 2384 3911 in
2414 3858 2734 3930 servitutem
2763 3862 3076 3930 petebatur,
3104 3857 3406 3919 assereret.
3440 3865 3521 3921 ita
3568 3867 3675 3922 ille.
3702 3864 3789 3922 Sed

2210 3928 2350 3982 forte
2368 3929 2551 3984 verius
2577 3944 2641 3985 ac
2663 3928 2966 4000 simplicius
2994 3928 3204 3990 dixeris
3231 3938 3578 3992 assertionem
3603 3940 3709 3993 sive
3722 3937 3789 3991 af-

2212 4000 2573 4079 ﬁrmationem
2596 4003 2842 4072 episcopi
2892 4008 3268 4079 testimonium
3281 4022 3457 4079 gesse,
3491 4026 3602 4079 quo
3630 4023 3788 4065 remnc

2211 4070 2625 4142 illamlecisset,
2640 4070 2709 4129 an
2731 4070 2912 4142 secus,
2927 4075 3258 4135 declararet.
3278 4077 3379 4133 Est
3397 4070 3583 4137 autem
3616 4084 3666 4136 in
3691 4096 3790 4135 m-

2211 4144 2295 4197 bis
2324 4140 2447 4197 Non
2492 4154 2672 4199 astruo
2702 4140 2962 4216 .qumdam
3009 4148 3310 4220 prmteritio
3361 4151 3657 4221 rhetorica,
3682 4167 3786 4224 qua,

2211 4214 2351 4268 auod
2382 4215 2621 4268 maxime
2641 4216 2862 4268 dicitur-
2897 4218 3002 4268 dici
3052 4231 3304 4268 negatur.

2210 4216 2351 4284 quod
2382 4216 2621 4272 maxime
2641 4216 2863 4285 dicitur,
2897 4216 3024 4275 diei'
3052 4231 3304 4292 negatur.
3645 4216 3653 4221 ’
3697 4216 3713 4224 ’

2282 4281 2309 4321 ἀ
2337 4285 2715 4368 Οιῃεηξξῃθίιιεἶ
2763 4302 2829 4368 ac
2873 4307 3002 4368 mss.
3053 4294 3442 4368 pleriqtte,_Sit
3472 4294 3792 4368 aliquisalii

2212 4358 2483 4424 nonnulli,
2512 4357 2597 4415 Sit
2644 4359 2919 4431 aliquibus.
2954 4357 3087 4437 Reg.
3121 4374 3179 4421 et
3212 4357 3433 4423 'Latinii
3480 4357 3789 4440 conjectura,

2215 4429 2298 4485 Sit
2332 4430 2586 4485 alioauin.

2259 4439 2298 4482 ιι
2332 4439 2586 4500 alioquin.

2289 4499 2689 4582 {Praevaricari
2718 4503 2959 4582 Nannius
2990 4506 3134 4562 idem
3190 4508 3279 4567 hic
3329 4524 3456 4568 esse
3490 4514 3630 4579 vult,
3658 4521 3792 4582 atque

2216 4571 2269 4625 in
2322 4572 2683 4657 idololatriam
2735 4576 2976 4633 incidere
3016 4597 3028 4632 :
3064 4582 3551 4650 praevaricatorem

2214 4643 2467 4721 eumdem
2508 4645 2636 4721 diei,
2654 4664 2813 4721 quem
2843 4665 2987 4705 nunc
3007 4643 3315 4720 apostatam
3341 4666 3582 4721 vocant;
3614 4643 3791 4711 cum-in

2214 4713 2429 4798 litteris
2459 4713 2701 4787 profanis
2760 4713 3149 4798 prmvaricator
3183 4724 3229 4779 is
3284 4726 3394 4798 sit,
3422 4730 3519 4798 qui
3568 4713 3689 4784 eum
3716 4739 3792 4783 reo

2213 4786 2457 4865 col_lu_dit,
2491 4786 2793 4865 et__causam
2822 4792 3144 4849 adversario
3177 4797 3382 4865 prodit.

2270 4856 2307 4940 ,τ
2339 4858 2734 4941 Μεενθιίιιιιοι,
2762 4880 2864 4934 quo
2908 4856 3225 4922 inclinentur
3262 4885 3461 4936 cauam,
3482 4870 3576 4927 vel
3604 4887 3700 4941 quo
3729 4870 3791 4924 itt-

2212 4930 2368 4985 eliuet
2393 4946 2573 4986 causa.

2283 5011 2325 5084 ⁸,
2352 5002 2698 5084 Eliberitunae
2734 5007 3057 5084 tiynpdi_an.
3101 5010 3211 5069 505
3259 5012 3471 5084 habita:
3516 5029 3709 5070 canon.
3735 5012 3790 5069 60

2208 5072 2504 5156 prohibuit,
2559 5091 2627 5131 ne
2656 5072 2781 5148 quis
2806 5080 2889 5156 ob
2906 5079 3109 5137 idolum
3141 5083 3487 5156 confractum
3519 5087 3790 5156 interemp-

2211 5145 2392 5228 tus,in
2429 5145 2727 5228 martyrum
2743 5151 3055 5228 .eatalogum
3087 5154 3497 5228 admitteretur.
3533 5145 3791 5213 Verumst

2207 5219 2445 5300 exustio,
2473 5219 2790 5300 de_qua_.hie
2815 5219 3013 5294 agitur,
3028 5225 3246 5300 talionis
3276 5227 3418 5297 lege,
3452 5239 3509 5283 et
3528 5229 3656 5298 jure
3680 5243 3789 5300 gett-

2209 5289 2373 5359 tium,
2395 5300 2451 5343 ut
2480 5289 2619 5345 infra
2650 5289 2875 5359 dicitur;
2901 5289 3009 5350 non
3037 5289 3569 5355 videbatur'illicita'.

2274 5356 2303 5436 1}
2337 5358 2453 5436 Yet.
2480 5362 2638 5430 edit.,
2664 5356 2885 5435 populos
2914 5368 3241 5423 concluserit.

2281 5431 2295 5466 ί
2328 5431 2373 5484 υ
2398 5434 2600 5487 beatum
2646 5431 2973 5491 mendacium
3005 5439 3026 5493 !
3052 5439 3250 5495 eodem
3281 5457 3452 5497 sensu
3498 5442 3605 5498 hoc
3651 5440 3785 5497 intel-

2200 5500 2465 5588 ligetquo
2490 5504 2830 5588 alr-Ecclesm
2862 5511 3073 5566 canitur
3094 5529 3110 5588 ξ
3136 5510 3182 5566 0
3203 5514 3517 5588 felixeulpa
3541 5515 3565 5568 !
3592 5526 3785 5585 propter

2198 5572 2454 5654 elfectum
2500 5575 2749 5654 scilicet;
2784 5595 2883 5654 per
2933 5596 2994 5638 se
3019 5583 3165 5638 enim
3198 5572 3549 5641 mendacium
3592 5572 3785 5654 semper

2199 5645 2401 5726 malum
2431 5656 2537 5726 est.
2562 5648 2689 5715 Adi,
2717 5655 2770 5726 sl
2787 5645 2981 5721 'lubet,
3013 5669 3133 5723 qua:
3155 5670 3256 5710 nos
3278 5658 3453 5726 priori
3483 5666 3637 5713 tomo
3664 5645 3780 5712 lib.t

2195 5714 2569 5792 deAAbraham
2591 5734 2714 5790 cap.
2742 5714 3080 5792 8,num.'7l,
3108 5714 3518 5784 annotavimus.

2271 5787 2524 5872 Ξρπιῃθς
2552 5787 2709 5861 edit),
2742 5787 2807 5850 ne
2842 5794 2936 5864 ﬁat
2984 5787 3114 5868 opus
3137 5813 3158 5853 :
3187 5809 3242 5854 at
3265 5814 3400 5855 mss.
3442 5815 3474 5856 c
3522 5799 3778 5857 contrarie

2192 5867 2456 5919 omittunt
2491 5877 2644 5934 opus.
