3996 6292
171 299 318 360 1105

1383 302 1878 362 EPISTULARUM
1908 303 2190 362 CLASSIS
2222 303 2263 360 1.

3336 309 3478 367 1106

174 423 290 495 ipse
319 422 422 479 hoc
443 434 755 479 revocatum
804 423 983 478 adhuc
1009 438 1118 478 non
1177 423 1422 494 legerim,
1456 433 1770 479 revocatum
1802 430 1852 490 Α
1881 421 2261 494 praefectorum
2285 422 2524 477 incensa:
2545 421 2676 490 sint,
2709 431 2764 478 et
2786 437 2949 478 nemo
2963 423 3484 480 vindicavitilmmo

177 527 356 573 tamen
409 520 824 574 constituamus.
857 518 993 587 Quid
1052 520 1097 574 si
1143 519 1236 574 alii
1291 517 1620 586 timidiores,
1646 519 1776 574 dum

177 622 404 668 mortem
429 611 813 679 reformidant,
845 613 1082 668 offerant
1111 613 1258 680 utde
1284 614 1398 669 suis
1435 613 1780 670 facultatibus

177 713 465 774 reparetur
495 720 768 777 synagoga
801 721 815 768 ;
843 715 936 760 aut
983 721 1170 761 centes
1209 705 1298 761 ubi
1322 705 1424 762 hoc
1450 707 1782 777 compererit

177 797 356 868 primo
382 798 762 864 constitutum,
797 799 915 868 ipse
941 799 1009 855 de
1038 799 1471 855 Christianorum
1495 816 1658 856 censu
1681 816 1783 857 ex-

179 889 437 944 aedificari
462 890 690 961 jubeat?
719 891 977 956 Habebis,
1005 893 1319 963 imperator,
1353 895 1608 949 comitem
1644 911 1783 966 prm-

178 982 563 1048 varicatorem,
583 992 636 1038 et
662 982 789 1038 huic
817 984 1015 1038 vexilla
1043 987 1350 1041 committes
1377 986 1640 1054 victricia,
1659 987 1783 1042 huic

181 1076 448 1142 labarum,
483 1078 585 1132 hoc
637 1089 743 1143 est,
772 1087 798 1116 ει
828 1077 1034 1135 Christi
1083 1090 1356 1136 sacratum
1416 1081 1657 1148 nomine,
1689 1081 1779 1151 qui

180 1185 512 1242 synagogam
545 1172 834 1238 instauret,
867 1186 988 1240 qua:
1034 1171 1312 1227 Christum
1369 1173 1618 1229 nesciat?
1646 1173 1783 1230 lube

180 1263 428 1320 labarum
459 1279 749 1338 synagoga:
797 1267 1008 1334 inferri,
1061 1266 1346 1323 videamus
1402 1269 1445 1322 si
1499 1283 1604 1323 non
1644 1268 1781 1324 resi-

181 1365 352 1412 stunt.

257 1452 346 1508 10.
379 1449 497 1506 Erit
527 1451 694 1522 igitur
750 1452 903 1508 locus
932 1449 961 1489 ι’
986 1451 1301 1507 Judteorum
1337 1451 1580 1522 perfidiae
1611 1452 1786 1509 factus

183 1545 253 1600 de
279 1544 488 1602 exuviis
536 1545 800 1601 Ecclesia:
829 1564 842 1602 :
876 1554 931 1600 et
958 1545 1381 1616 patrimonium,
1410 1546 1553 1617 q‘uod
1602 1545 1787 1602 favore

185 1639 387 1696 Christi
421 1640 745 1712 acquisitum
795 1649 880 1696 est
909 1640 1244 1709 christianis,
1281 1641 1383 1696 ltoc
1430 1640 1788 1696 transferetur

187 1734 256 1791 ad
284 1734 507 1791 donaria
534 1733 867 1805 perfidorum
895 1734 918 1787 ?
945 1734 1203 1806 Legimus
1231 1734 1430 1804 templa
1459 1732 1620 1790 idolis
1649 1734 1790 1788 anti-

1880 518 2072 590 siquis
2109 519 2500 589 imperatorum
2548 519 2716 574 voluit
2762 520 2961 576 factum
2998 521 3246 578 severius
3298 537 3487 592 repre-

1882 610 2143 679 hendere,
2169 611 2287 682 ejus
2317 612 2490 682 magis
2520 612 2613 682 qui
2647 622 2794 668 tanto
2824 622 2911 669 est
2937 615 3219 684 perculsus
3253 615 3483 684 dispen-

1882 703 1996 770 dio,
2031 703 2050 742 τ
2073 719 2291 760 causam
2319 706 2587 776 gravavit.
2623 705 2764 773 Quid
2796 706 2958 776 igitur
2981 707 3216 778 dignius,
3245 717 3302 761 ut
3321 705 3487 762 Calli-

1881 801 1988 857 nici
2016 802 2176 857 castri
2207 805 2259 856 in
2286 811 2441 872 parte
2467 801 2648 871 aliqua
2679 801 3037 857 aedificiorum
3067 800 3481 866 incendium,an

1883 895 2036 950 urbis
2066 896 2255 950 Romae
2284 894 2667 950 vindicandum
2697 897 3082 964 aestimaretur,
3114 897 3159 950 si
3204 903 3487 967 oporteret

1884 991 2107 1045 tamen?
2137 988 2651 1060 KConstantinpoli
2675 989 2876 1044 dudum
2904 989 3096 1044 domus
3125 988 3368 1059 episc0pi
3407 989 3492 1042 in-

1883 1097 2045 1139 censa
2072 1093 2174 1150 est,
2205 1095 2258 1139 et
2307 1083 2452 1139 filius
2493 1084 2803 1140 clementiae
2837 1092 2942 1138 tuae
3002 1083 3316 1138 intercessit
3341 1081 3484 1153 apud

1884 1183 2135 1246 patrem;
2179 1185 2236 1232 ut
2283 1186 2338 1232 et
2358 1191 2534 1243 suam,
2572 1177 2675 1232 hoc
2703 1186 2808 1240 est,
2844 1176 2942 1232 filii
2975 1176 3321 1247 imperatoris
3343 1175 3488 1245 inju-

1887 1269 2048 1334 riam,
2079 1270 2349 1327 ctdomus
2370 1270 2731 1328 sacerdotalis
2764 1269 3074 1327 incendium
3108 1284 3214 1324 non
3250 1268 3490 1324 vindica-

1885 1378 1994 1419 res.
2021 1363 2139 1418 Non
2163 1363 2502 1432 consideras,
2542 1364 2865 1435 Imperator,
2897 1378 2965 1420 ne
2995 1362 3176 1418 ethoc
3211 1377 3336 1418 cum
3374 1361 3491 1416 vin-

1887 1457 2055 1513 dicari
2078 1458 2339 1526 jusseris,
2371 1460 2487 1528 ipse
2525 1457 2720 1514 iterum
2750 1455 3101 1522 interveniat,
3140 1470 3210 1510 ne
3253 1453 3493 1510 vindice-

1890 1549 2017 1605 tur?
2037 1549 2146 1606 Sed
2175 1549 2315 1606 bene
2339 1549 2468 1606 illud
2507 1550 2836 1621 acquisitum
2859 1556 2944 1604 est
2969 1564 2998 1603 a
3030 1557 3187 1620 patre
3208 1547 3352 1612 filio;
3375 1545 3493 1617 dig-

1893 1661 2020 1700 num
2039 1652 2158 1701 erat
2179 1646 2347 1712 enim,
2385 1655 2440 1700 ut
2467 1660 2620 1701 suam
2649 1645 2901 1717 injuriam
2924 1643 3074 1714 prius
3096 1643 3214 1714 ipse
3241 1643 3490 1698 donaret.

1889 1738 2039 1794 Bene
2069 1739 2200 1794 illud
2246 1754 2371 1794 cum
2399 1739 2587 1810 gratiae
2611 1739 2964 1794 distinctione
2991 1736 3224 1792 divisum
3283 1745 3390 1802 est,
3435 1744 3494 1788 ut

183 1832 369 1901 quitus
399 1828 616 1885 condita
636 1830 659 1858 ο
695 1828 764 1884 de
794 1828 1069 1883 manubiis
1098 1827 1464 1892 Cimbrorum,
1499 1827 1567 1882 de
1596 1826 1787 1896 spoliis
1820 1836 1866 1897 Β
1893 1839 1952 1887 et
1980 1831 2123 1886 filius
2156 1846 2255 1900 pro
2279 1841 2473 1899 sua,et
2497 1842 2652 1901 pater
2705 1846 2804 1901 pro
2834 1830 2927 1884 ﬁlii
2962 1829 3157 1900 injuria
3187 1835 3489 1899 rogaretur.

185 1925 527 1995 reliquorum
573 1923 833 1981 hostium.
870 1922 1025 1978 Hunc
1069 1923 1281 1977 titulum
1318 1921 1489 1977 Judcei
1521 1923 1572 1975 iu
1616 1921 1793 1976 fronte

185 2032 477 2089 synagogaa
501 2031 612 2072 sua:
645 2015 890 2072 scribent
916 2035 927 2069 :
953 2014 1238 2084 Templum
1264 2013 1560 2084 impietatis
1590 2013 1790 2069 factum

185 2112 254 2168 de
279 2112 554 2167 manubiis
583 2111 1034 2166 Christianorum.

260 2206 348 2259 ll.
379 2202 405 2241 ἀ
445 2204 553 2260 Sed
581 2205 889 2275 disciplina:
935 2213 986 2259 te
1016 2205 1176 2270 ratio,
1213 2203 1535 2273 imperator,
1586 2213 1788 2259 movet.

183 2297 324 2365 Quid
355 2297 522 2369 igitur
551 2307 634 2352 est
661 2297 929 2368 amplius?
956 2296 1259 2366 disciplina:
1282 2296 1516 2366 species,
1537 2311 1604 2350 an
1628 2310 1790 2352 causa

184 2388 511 2459 religionis?
541 2389 714 2444 Cedat
743 2400 959 2459 oportet
980 2402 1215 2443 censura
1244 2387 1544 2443 devotioni.

259 2483 346 2537 12.
385 2493 408 2520 ο
439 2481 554 2538 Νοιι
585 2481 807 2548 audisti,
863 2484 1185 2551 imperator,
1217 2481 1340 2551 quia
1385 2497 1506 2536 cum
1535 2481 1792 2552 jussisset

183 2577 432 2643 Julianus
464 2576 705 2646 reparari
731 2575 993 2644 templum
1023 2574 1440 2646 Hierosolymis,
1465 2574 1674 2641 divino,
1699 2575 1789 2644 qui

186 2670 460 2726 faciebant
487 2672 824 2741 repurgium,
853 2669 977 2738 igne
1024 2666 1361 2736 flagrarunt?
1389 2667 1506 2722 Non
1535 2682 1698 2723 caves
1721 2684 1791 2724 ne

186 2765 350 2817 etiam
402 2777 544 2817 nunc
591 2764 682 2817 fiat
709 2763 732 2816 ‘t
761 2761 913 2817 Adeo
941 2776 971 2815 a
1001 2771 1052 2816 te
1084 2775 1190 2816 non
1242 2759 1345 2815 fuit
1383 2759 1706 2830 jubendum,
1733 2771 1791 2816 ut

187 2858 440 2915 Julianus
464 2857 814 2928 hocjusserit
846 2859 858 2912 !

256 2950 422 3023 95o
451 2950 536 3022 13.
563 2949 704 3018 Quid
737 2959 920 3004 tamen
971 2949 1199 3005 movet?
1227 2948 1418 3005 Utrum
1446 2950 1570 3022 quia
1615 2950 1788 3020 quod-

187 3057 420 3114 cumque
451 3043 742 3098 aedificium
765 3043 1046 3116 publicum
1089 3055 1342 3099 exustum
1396 3053 1481 3098 est
1510 3087 1525 3108 ,
1555 3059 1622 3100 an
1664 3045 1789 3115 quia

189 3153 478 3211 synagoga:
505 3138 703 3194 locus?
735 3137 794 3194 Si
824 3136 1055 3193 mdificio
1087 3139 1311 3193 incenso
1361 3139 1597 3193 moveris
1639 3139 1790 3194 vilis-

1897 1923 2037 1979 Hinc
2061 1923 2195 1979 nihil
2253 1934 2336 1979 est
2363 1925 2508 1992 quod
2537 1923 2652 1979 filio
2705 1938 2973 1990 reserves,
3020 1931 3077 1978 et
3115 1921 3244 1977 vide
3269 1935 3340 1976 ne
3367 1919 3495 1990 quid

1899 2017 2010 2072 Deo
2030 2019 2282 2087 deroges.

1970 2111 2057 2164 M.
2083 2109 2198 2166 Non
2229 2121 2467 2180 estergo
2495 2125 2660 2167 causa
2689 2119 2853 2166 tanta:
2875 2108 3231 2165 commotioni
3262 2107 3456 2163 idonea
3485 2124 3498 2170 ;

1897 2214 1954 2258 ut
2005 2215 2232 2276 propter
2252 2205 2469 2260 aedificii
2496 2206 2835 2262 cxustionem
2891 2205 2946 2260 in
2980 2205 3234 2276 p0pulum
3277 2213 3384 2259 tam
3411 2217 3497 2257 se-

1896 2313 2024 2354 vere
2047 2299 2390 2355 vindicetur:
2419 2300 2588 2356 multo
2633 2310 2814 2356 autem
2860 2301 3041 2355 minus
3069 2299 3194 2371 quia
3229 2313 3500 2374 synagoga

1894 2391 2116 2446 incensa
2130 2399 2234 2456 est,
2252 2392 2497 2462 perfidiae
2511 2393 2688 2459 locus,
2703 2393 2999 2462 impietatis
3014 2391 3228 2457 domus,
3246 2393 3498 2448 amentia:

1895 2486 2322 2554 receptaculum,
2353 2486 2496 2557 quod
2539 2485 2683 2541 Deus
2729 2486 3009 2541 damnavit
3038 2486 3174 2555 ipse.
3206 2485 3299 2540 Sic
3346 2485 3493 2540 enim

1895 2579 2124 2650 legimus
2149 2595 2248 2650 per
2275 2596 2339 2636 os
2394 2580 2705 2647 Hieremire,
2729 2581 2948 2637 dicente
2982 2581 3214 2636 Domino
3242 2580 3354 2634 Deo
3396 2595 3498 2634 no-

1893 2682 2008 2727 stro
2033 2691 2045 2725 :
2072 2673 2134 2726 Et
2154 2674 2347 2743 faciam
2369 2675 2570 2739 domui,
2598 2675 2684 2729 ubi
2704 2674 2995 2728 invocatum
3017 2682 3091 2728 est
3122 2688 3307 2726 nomen
3328 2688 3497 2726 meum

1891 2768 2250 2838 superipsam,
2265 2768 2319 2821 in
2333 2784 2434 2838 qua
2452 2768 2711 2836 conﬁditis
2731 2783 2840 2834 vos,
2858 2778 2904 2821 et
2917 2769 3030 2822 loco
3052 2783 3200 2838 quem
3218 2765 3340 2820 dedi
3360 2767 3500 2820 vobis

1893 2869 1939 2913 et
1969 2860 2202 2931 patribus
2228 2862 2430 2925 reatris,
2461 2859 2487 2896 ¹¹
2519 2862 2650 2915 sicut
2674 2861 2772 2931 feci
2804 2860 2965 2915 Selon
2995 2877 3012 2914 :
3042 2871 3089 2913 et
3119 2858 3392 2929 projiciam
3415 2873 3502 2910 vos

1892 2973 1924 3009 a
1969 2957 2103 3026 facie
2159 2972 2292 3022 utea,
2316 2957 2448 3009 sicut
2498 2957 2694 3026 projeci
2725 2959 2912 3024 fratres
2935 2963 3131 3009 vestros
3154 2968 3300 3007 omne
3327 2966 3498 3005 semen

1895 3049 2160 3118 Ephrwm.
2197 3048 2261 3103 Et
2287 3060 2340 3103 tu
2371 3049 2480 3103 noli
2522 3064 2670 3102 orare
2693 3065 2786 3120 pro
2808 3049 3001 3119 papula
3030 3049 3155 3112 isto,
3180 3056 3226 3100 et
3250 3045 3358 3098 noli
3380 3062 3500 3115 pos-
3567 3056 3572 3062 '

1895 3141 2063 3195 tulare
2110 3140 2218 3195 illis
2248 3139 2684 3206 misericordiam,
2717 3149 2764 3193 et
2809 3155 2969 3209 neque
3011 3137 3285 3193 accesseris
3310 3136 3378 3189 ad
3419 3151 3500 3190 me

190 3237 330 3290 simo
359 3235 510 3308 (quid
534 3235 678 3290 enim
715 3233 768 3288 in
796 3241 906 3288 tam
942 3233 1165 3304 ignobili
1194 3241 1376 3286 castro
1410 3248 1532 3287 esse
1563 3231 1783 3304 potuit),
1817 3243 1860 3306 (ς
1894 3251 1988 3304 pro
2015 3235 2125 3290 illis
2155 3252 2175 3289 :
2199 3236 2322 3305 quia
2365 3251 2469 3289 non
2516 3235 2794 3290 exaudiam
2824 3246 2890 3288 te.
2926 3235 3027 3287 Aut
3076 3249 3179 3287 non
3206 3231 3349 3285 vides
3371 3230 3497 3302 quid

191 3343 298 3384 non
319 3329 646 3395 recordaris,
675 3328 992 3398 imperator,
1019 3335 1346 3397 quantorum
1376 3326 1561 3381 Romae
1592 3326 1786 3382 domus

267 3507 292 3536 ιι
321 3496 554 3552 Vocibus
599 3493 792 3549 Christi
840 3502 1102 3548 sacratum
1159 3491 1395 3554 nomine,
1448 3490 1604 3543 Hom.
1656 3488 1788 3544 edit.

195 3570 380 3640 adjicit
406 3570 631 3640 signum.
661 3566 767 3623 Sed
797 3576 1188 3640 prmterquam_
1215 3562 1359 3640 quod
1414 3561 1550 3616 hanc
1602 3574 1789 3640 vocem

195 3632 344 3697 nulla
374 3632 476 3694 alia
504 3640 635 3694 edit.
670 3650 762 3694 aut
799 3632 938 3692 inss.
973 3632 1244 3706 agnoscit,
1284 3635 1524 3688 labarum
1574 3632 1793 3702 proprie

195 3716 405 3784 signum
441 3728 546 3765 non
578 3721 716 3772 erat,
745 3711 796 3784 td
837 3720 940 3784 est,
964 3725 996 3784 _e
1024 3709 1198 3784 solida
1253 3706 1476 3784 materia
1514 3719 1618 3784 non
1651 3713 1790 3768 erat,

196 3777 292 3842 se'd
324 3786 503 3840 velum
535 3783 837 3854 augustale.
876 3781 1043 3848 Hujus
1076 3778 1394 3854 instituendi
1416 3777 1788 3854 occasionem.

199 3875 306 3913 non
339 3872 498 3912 secus
524 3870 587 3908 ac
611 3847 858 3924 Ejusdem
895 3847 1122 3908 formam
1153 3849 1368 3924 abunde
1399 3847 1664 3903 describit
1688 3847 1796 3924 Eu—

200 3929 499 3984 sebiuslib.
532 3943 547 3981 t
581 3917 718 3981 Vilaa
745 3926 960 3990 Cunst.,
992 3939 1139 3992 cap.,
1176 3923 1266 3986 51,
1302 3936 1363 3975 ex
1401 3936 1508 3990 quo
1547 3917 1793 3992 eamdem

201 4000 621 4067 descriptionem
645 3998 891 4054 certatim
921 3989 1521 4067 pOSIerioreshistorici
1538 3989 1794 4061 prodide-

204 4081 350 4128 runt.
380 4062 515 4126 Cum
547 4079 725 4126 autem
747 4069 888 4124 idem
924 4062 1191 4122 Eusebius
1233 4064 1434 4120 ibidem
1468 4062 1562 4116 lib.
1597 4075 1794 4125 tt,cap.

206 4146 261 4206 8,
289 4144 492 4198 electos
521 4157 548 4196 a
575 4141 933 4197 Constantino
987 4144 1382 4192 commemoret
1430 4150 1492 4188 ex
1529 4141 1799 4206 protecto-

209 4203 328 4270 rutn
353 4208 580 4269 numero
612 4215 757 4268 viros
796 4211 886 4273 50,
920 4226 1147 4277 quorum
1183 4209 1284 4263 hoc
1333 4222 1498 4260 unum
1532 4213 1648 4277 erat
1679 4203 1800 4277 offi-

210 4289 377 4352 cium,
411 4295 467 4339 ut
516 4285 772 4340 vexillum
804 4275 981 4347 illud,
1035 4281 1177 4352 quod
1214 4280 1516 4334 alternatim
1560 4275 1799 4330 humeris

212 4360 576 4418 sustinebant,
599 4359 1014 4411 circumstantes
1062 4352 1317 4408 satellitio
1343 4365 1442 4405 suo
1473 4357 1756 4418 tuerentur
1783 4363 1796 4399 :

213 4445 350 4504 quos
370 4417 711 4504 Tlt_e0dOSitIs
751 4426 934 4504 junior
962 4427 1214 4504 λάϐωρογ,
1247 4425 1325 4478 sic
1349 4419 1696 4504 enitndCrtcci
1728 4417 1803 4504 Ia—

216 4483 407 4556 barum
430 4500 636 4564 dicunt,
663 4483 984 4570 praepositos
1009 4483 1212 4560 voc'ari,
1241 4505 1297 4570 et_
1315 4510 1346 4550 e
1367 4483 1804 4570 scholis_domes-

218 4575 446 4629 ticorum
470 4562 676 4628 assumi
693 4562 850 4644 jubet
872 4570 924 4644 in
951 4585 1057 4623 uua
1082 4585 1147 4622 ex
1178 4567 1384 4644 legibus
1404 4562 1800 4644 cod-Thermi;

219 4646 416 4700 mirum
450 4635 895 4700 fortasse'videri
941 4650 1122 4710 queat,
1155 4635 1252 4694 cur
1297 4635 1658 4710 Ambrosius,‘
1685 4635 1806 4689 istis

217 4717 458 4778 omissis,
494 4718 825 4772 mentionem
880 4707 1122 4768 absentis
1169 4711 1381 4766 comitis
1425 4709 1508 4762 hic
1537 4707 1803 4778 instituat.

218 4777 609 4869 Verumtamen
645 4787 760 4869 fieri
793 4791 1009 4868 potest,
1035 4792 1100 4869 ἰιι
1141 4777 1807 4869 Theodosiusauidisce-
1832 4809 1886 4869 Β

219 4863 359 4915 deus
385 4862 454 4915 ab
483 4861 707 4916 Oriente
740 4849 864 4931 huic
906 4855 1093 4931 comiti
1125 4850 1542 4931 vexillumillud
1571 4849 1809 4931 relique-

220 4935 312 4992 rit.
344 4941 438 4987 aut
465 4942 585 5002 post
613 4930 890 5002 victoriam
925 4929 1096 5002 ipsum
1120 4941 1244 4980 cum
1294 4924 1485 4979 eodem
1508 4921 1682 4977 redire
1708 4935 1806 5002 vo-

223 5005 386 5060 luerit
414 5022 428 5069 ;
457 4993 912 5076 quemadmodum
945 4993 1259 5076 Stilicoucm
1296 5005 1416 5062 post
1445 5003 1678 5076 mortem
1705 4993 1810 5076 {tr-

223 5077 364 5132 c:tdii
419 5064 949 5143 Constantinopolim
1003 5070 1438 5145 proﬁciscentem
1485 5064 1615 5118 illud
1668 5064 1813 5145 idern

223 5151 488 5205 vexillum
519 5165 702 5206 secum
757 5135 947 5201 tulisse
997 5135 1186 5198 auctor
1213 5149 1298 5197 est
1337 5139 1696 5202 Sozomeuus,
1721 5135 1813 5190 lib.

226 5239 303 5278 is.
327 5237 446 5278 can.
479 5223 533 5277 4.

289 5237 585 5360 aegidis".
608 5306 766 5355 tnss.,
797 5287 1104 5341 Juda’orum
1128 5287 1293 5360 gentis
1317 5282 1548 5357 perﬁdae.

305 5376 325 5403 ε
357 5352 580 5420 βηιιριιΙί
609 5352 764 5421 mss.,
799 5360 861 5413 de
880 5352 1533 5413 manibus'Cintbrorutn...
1565 5353 1627 5406 de
1647 5352 1814 5404 marti-

228 5440 324 5493 bus
346 5437 762 5491 Christianorum.
807 5431 922 5486 Non
953 5432 1085 5485 Satis
1111 5440 1296 5493 recte;
1347 5436 1472 5482 sunt
1529 5424 1674 5481 enim
1706 5436 1822 5476 ma-

232 5510 412 5565 nubiae
443 5519 534 5561 attt
588 5504 832 5576 pecunia:
859 5518 924 5556 ex
978 5501 1168 5576 praeda
1208 5500 1391 5576 hostili
1415 5499 1631 5554 vendita
1650 5509 1817 5576 com-

235 5590 462 5652 paratae,
490 5566 810 5652 aut'praeda
842 5566 1080 5652 ip_sa‘._'_De
1113 5573 1348 5627 Cimbris
1370 5581 1585 5652 autem
1599 5566 1819 5652 a‘alario

232 5637 699 5709 deletis'consule
753 5637 905 5701 Floii
950 5646 1044 5701 lib.
1094 5661 1174 5710 ιιι,
1216 5660 1339 5714 cap.
1370 5644 1425 5708 '5,
1454 5651 1509 5699 et
1545 5637 1819 5697 Paterculi

233 5726 329 5781 lib.
367 5740 426 5790 ιι,
455 5721 791 5794 atquealios.
944 5790 971 5794 η
1036 5789 1047 5794 _
1093 5790 1121 5794 η
1417 5788 1428 5794 ι
1723 5783 1736 5794 ,

310 5794 336 5833 ιι
369 5788 503 5864 Reg.
529 5788 656 5848 cod.
712 5804 888 5864 unus,
920 5789 1193 5864 disciplina
1241 5798 1285 5842 et
1305 5788 1460 5864 ratio
1489 5805 1506 5851 ;
1555 5788 1736 5840 caeteri
1769 5788 1824 5864 et

238 5869 370 5926 edit.
408 5859 554 5922 inter
579 5879 638 5919 se
662 5863 1013 5926 conveniunt,
1051 5861 1152 5916 nisi
1181 5860 1320 5931 quod
1347 5859 1507 5913 Rom.
1540 5872 1636 5926 pro
1659 5861 1824 5908 movet

1902 3331 1986 3385 isti
2014 3330 2208 3400 faciunt
2239 3329 2292 3383 in
2322 3329 2612 3384 ciuitatibus
2638 3326 2782 3382 Juda
2807 3327 3024 3401 (Jerem.
3055 3341 3150 3392 vn,
3175 3323 3244 3380 14
3269 3333 3316 3378 et
3339 3322 3503 3394 seq.)?

1897 3491 2079 3561 posuit
2104 3498 2324 3554 moveat,
2351 3488 2530 3561 minus
2558 3487 2868 3561 commode.

1971 3571 1993 3598 ο
2018 3561 2222 3618 Sensus
2257 3570 2362 3625 est,
2387 3571 2444 3614 ut
2483 3559 2559 3614 ait
2585 3558 2830 3614 Nannius
2856 3576 2870 3614 :
2901 3557 3015 3613 Non
3070 3556 3291 3620 audisti.
3324 3555 3501 3624 impe-

1894 3642 2064 3695 rator,
2099 3648 2194 3686 eos
2225 3632 2315 3701 qui
2351 3631 2918 3702 purgabantarenant,
2946 3645 2974 3682 a
3008 3628 3293 3702 parietinis
3321 3637 3374 3682 et
3405 3641 3499 3681 ca-

1895 3694 2090 3760 ducam
2145 3694 2428 3759 materiam
2455 3694 2873 3769 veruderabant,
2907 3694 3101 3756 'ut'ibi
3135 3715 3331 3754 novum
3366 3708 3502 3752 tem-

1898 3776 2044 3846 plum
2090 3777 2244 3844 jussu
2272 3775 2475 3830 .luliani
2525 3783 2908 3846 consurgeret,
2954 3771 3172 3846 caelein
3200 3772 3323 3846 igne
3347 3785 3502 3846 com-
3561 3798 3572 3806 ν

1898 3841 2256 3903 ἱιιιειοεέεεθ.
2283 3846 2414 3901 Nam
2443 3847 2494 3900 in
2523 3841 2852 3901 Theodoreti
2877 3845 2972 3899 lib.
3003 3860 3060 3898 ιιι
3106 3841 3323 3898 Eccles.
3355 3841 3495 3897 Hist.

1898 3934 2018 3988 cap.
2045 3918 2141 3984 20,
2177 3917 2376 3987 legitur
2423 3919 2604 3987 ignem
2659 3933 2725 3988 es
2772 3914 3421 3988 fundamentiscrupisse
3448 3922 3505 3968 et

1898 3983 2277 4046 concremasse
2328 3983 2629 4058 operarios.
2688 3987 2816 4042 Hmc
2868 3987 2959 4042 ille
3004 3985 3244 4058 :quibus
3292 3983 3500 4040 addere

1899 4062 2166 4134 potuisset
2192 4056 2384 4134 testem
2417 4059 2542 4134 bac
2571 4068 2723 4130 parte
2777 4061 2924 4134 omni
2980 4056 3302 4123 exceptione
3333 4059 3504 4134 majo-

1902 4125 2014 4188 rem
2049 4133 2390 4188 Ammianum
2416 4132 2512 4189 lib.
2559 4125 2712 4199 iisut,
2740 4145 2860 4200 cap.
2899 4132 2946 4196 I,
2969 4138 3026 4186 et
3051 4139 3332 4184 auctorem
3365 4125 3504 4180 Hist.

1901 4205 2142 4273 Tripart.
2177 4204 2269 4259 lib.
2305 4219 2377 4270 vt,
2411 4219 2459 4258 c.
2491 4205 2580 4260 45.

1977 4272 2010 4316 Γ
2031 4277 2203 4348 Long.
2237 4276 2384 4343 cod.,
2402 4291 2630 4348 “causam
2673 4275 2914 4348 curavit._
2940 4272 3211 4348 Caeterum
3232 4277 3500 4348 _castrum

1901 4341 2223 4404 Callinicdm
2283 4349 2338 4401 in
2372 4341 2670 4402 ’Osdroena
2721 4344 2950 4400 orientis
3002 4341 3280 4414 provincia
3334 4345 3499 4414 situm

1904 4421 2074 4477 fuisse
2113 4418 2456 4476 Godufredus
2479 4421 2599 4474 loco
2626 4419 2794 4472 citato
2824 4412 3151 4471 auctoritate
3205 4412 3498 4478 Ammiani,

1905 4493 2107 4548 Zosimi
2139 4507 2202 4547 ac
2218 4491 2436 4546 Notitiaa
2463 4490 2678 4562 imperii
2706 4489 2891 4562 tradit.
2918 4521 2921 4524 -

1981 4576 2004 4612 ις
2036 4565 2304 4619 Discimus
2321 4578 2388 4617 ex
2413 4558 2640 4618 Socrate
2663 4561 2759 4616 lib.
2793 4577 2846 4625 v,
2874 4575 2924 4616 ο.
2960 4558 3048 4626 17,
3082 4558 3361 4613 incensam
3380 4568 3505 4610 esse

1908 4635 2138 4691 Nectarii
2168 4637 2412 4699 domum,
2458 4634 2620 4704 idque
2650 4632 2964 4687 Theodosio
3025 4631 3268 4699 Augusto
3317 4626 3507 4704 et_Cy-

1910 4708 2069 4778 negio
2097 4721 2240 4764 coss.
2267 4697 2552 4771 accidisse,
2585 4706 2687 4778 hoc
2731 4714 2836 4770 est,
2868 4705 2987 4775 ipso
3013 4697 3350 4778 aunb,_qu_od
3381 4697 3506 4778 huic

1910 4767 2156 4847 epistola:
2201 4767 2562 4848 assignamus.
2585 4775 2772 4846 Neque
2799 4767 2930 4830 vero
2953 4775 3112 4848 nobis
3137 4767 3332 4848 officit,
3358 4767 3506 4837 quod

1912 4841 2234 4906 Ambrosius
2261 4841 2464 4920 dudum
2496 4841 2772 4902 incensam
2811 4844 3206 4920 diciteamdem
3235 4841 3454 4920 domum
3488 4852 3504 4900 ;

1914 4921 2143 5005 perinde
2173 4921 2316 5005 enim
2345 4919 2451 5005 hoc
2481 4921 2602 5003 loco
2647 4921 2780 4988 agit,
2808 4934 2884 5002 .ac
2929 4919 2972 4972 si
3019 4917 3144 4999 quis
3195 4917 3506 5005 quempiam

1910 4982 2118 5063 judicio
2163 4990 2482 5063 defendens,
2514 4990 2604 5061 qui
2627 4982 2918 5046 co'mmisso
2960 4982 3057 5058 per
3085 4982 3505 5055 imprudentiam

1919 5061 2238 5136 homicidio,
2284 5061 2480 5136 statim
2535 5076 2750 5132 pinnam
2792 5063 2975 5116 subire
3026 5065 3334 5136 cogeretur,
3382 5064 3508 5136 eum

1920 5151 2042 5192 cum
2075 5135 2182 5188 alio
2205 5124 2773 5196 quicmdem'autesex
2803 5145 3017 5186 menses
3047 5124 3120 5184 ei
3141 5124 3354 5196 insidiis
3381 5135 3506 5190 per-

1926 5215 2193 5278 petratam
2221 5195 2445 5278 impune
2497 5207 2731 5278 tulisset,
2760 5205 2834 5260 ita
2861 5207 3205 5278 compararet
3235 5213 3250 5249 :
3276 5195 3510 5278 Senten-

1923 5272 2052 5334 iiam
2083 5281 2133 5332 in
2161 5272 2602 5333 hunc'insontem
2630 5277 2740 5347 jam
2771 5290 2870 5330 vos
2894 5272 3111 5347 tulistis,
3144 5283 3268 5347 cum
3305 5272 3360 5347 in
3387 5277 3509 5345 sce-

1923 5353 2154 5407 leratum
2186 5349 2358 5415 illum,
2392 5363 2419 5401 a
2447 5364 2556 5420 quo
2587 5341 2790 5403 dudum
2819 5346 2952 5420 civis
2983 5341 3314 5420 immaniter.
3346 5341 3513 5390 truci-

1919 5424 2078 5478 datus
2126 5430 2230 5488 est,
2290 5408 2552 5476 nihildum
2605 5420 2825 5490 gravius
2870 5413 3241 5490 decreveritis.
3293 5408 3352 5463 In
3404 5421 3514 5476 quo

1923 5495 2118 5551 videtis
2143 5485 2224 5547 ab'
2241 5505 2342 5548 usu
2373 5485 2645 5547 commodi
2672 5489 2807 5544 nihil
2838 5485 3116 5542 recedere.

1997 5566 2020 5602 ll
2053 5567 2128 5620 lta
2155 5579 2314 5629 mss.;
2345 5563 2476 5619 edit.
2509 5572 2687 5617 autem
2717 5559 2942 5614 Amerb.
2975 5571 3097 5612 cum
3121 5549 3266 5629 L§X_
3286 5553 3513 5620 interpr.

1922 5639 2110 5694 scribit
2159 5625 2327 5708 Selo':
2360 5635 2513 5689 Eras.
2562 5643 2615 5688 et
2670 5639 2960 5702 sequentes
3012 5643 3136 5684 cum
3167 5625 3511 5708 \'ulg.__vers.

1931 5693 2062 5766 Silo.
2097 5707 2240 5763 Infra
2261 5721 2393 5760 vero
2417 5720 2518 5774 pro
2545 5709 2731 5776 fratres
2750 5693 2962 5770 restros,
2984 5715 3117 5757 mss.
3144 5693 3395 5755 nonnulli
3425 5693 3522 5749 ha-

1928 5783 2082 5846 bent,
2118 5791 2285 5850 patres
2308 5785 2518 5831 vestros.
