3996 6292
179 313 204 369 1
218 313 321 371 109

686 282 713 299 ’
1381 284 1874 355 εριειτοιιιιιωκ
1910 281 2198 347 οιιιδειε
2226 284 2267 342 ι.

3341 279 3482 339 illo

176 442 299 484 cum
329 424 687 482 incenderent
733 417 836 492 ipsi
885 425 1222 475 sacratorum
1275 407 1626 467 basilicarum
1666 401 1785 459 cul-
1811 409 1865 475 Α
1890 397 2055 470 igitur
2090 396 2277 492 statim
2304 411 2335 454 a
2360 396 2631 485 Francis,
2663 410 2694 451 a
2727 394 3012 483 Saxonum
3044 399 3243 471 gente,
3289 390 3346 455 in
3400 392 3488 450 Si-

179 516 368 575 mina?
397 515 458 573 Si
497 514 747 572 Julianus
784 526 893 568 non
950 517 1035 566 est
1084 506 1229 562 ultus
1269 499 1608 562 Ecciesiam;
1649 494 1779 566 quia

178 611 569 684 pravaricator
615 612 776 665 erat:
808 612 868 659 tu
888 643 905 670 ,
932 600 1238 671 imperator
1260 636 1277 663 ,
1306 589 1591 650 ulcisceris
1615 599 1781 661 syna-

177 719 332 778 goga
396 702 698 773 iujuriam,
762 697 888 769 quia
942 693 1274 750 christianus
1315 684 1414 743 es?

246 771 336 853 ἐς.
372 771 586 867 thuid
619 802 798 849 tecum
822 788 1053 862 posthac
1072 782 1328 840 Christus
1352 774 1640 850 loquetur?
1660 771 1778 830 Non

176 888 485 949 recordaris
509 885 640 960 quid
668 883 836 941 David
852 891 1047 938 sancto
1074 893 1172 950 per
1197 872 1413 931 Nathan
1454 867 1779 960 prophetam

177 959 540 1040 mandaverit,
563 976 649 1052 (Ii
679 978 812 1049 Reg.
842 990 940 1042 vn,
971 974 1005 1030 8
1036 981 1085 1027 et
1121 966 1293 1042 seq.)?
1336 965 1456 1039 Ego
1485 974 1536 1020 te
1566 959 1636 1018 de
1664 961 1777 1017 ira-

178 1079 349 1135 tribus
382 1075 490 1132 tuis
534 1074 804 1129 minorem
835 1066 999 1142 elegi,
1028 1076 1085 1123 et
1120 1065 1187 1121 de
1229 1063 1444 1134 privato
1484 1058 1780 1129 imperato-

176 1188 291 1228 rem
325 1171 448 1228 feci.
480 1169 596 1242 Ego
625 1167 697 1224 de
716 1164 902 1222 fructu
921 1160 1151 1219 seminis
1181 1158 1260 1213 tui
1280 1156 1333 1211 in
1357 1152 1487 1211 sede
1510 1146 1783 1223 imperiali

174 1264 369 1321 locavi.
400 1238 649 1334 Egovtibi
677 1256 885 1330 subjeci
911 1254 1171 1311 nationes
1209 1247 1506 1313 barbaras,
1551 1257 1653 1314 ego
1682 1238 1778 1296 tibi

177 1374 366 1429 pacem
399 1357 551 1422 dedi,
577 1369 683 1425 ego
715 1352 809 1409 tibi
859 1350 1143 1411 inimicum
1174 1357 1326 1402 tuum
1354 1345 1410 1398 in
1451 1345 1779 1412 potestatem

175 1427 322 1510 tuam
354 1452 631 1524 captivum
660 1444 888 1505 deduxi.
917 1444 1279 1501 Frumentum
1301 1451 1413 1494 non
1442 1431 1683 1489 habebas
1714 1427 1782 1487 ad

173 1546 454 1605 exercitus
493 1542 840 1608 alimoniam,
870 1539 1115 1610 ipsorum
1141 1531 1388 1589 hostium
1432 1542 1597 1584 manu
1628 1533 1780 1595 pate-

173 1641 277 1695 leci
307 1640 404 1695 tibi
440 1644 649 1708 portas,
672 1630 865 1706 aperui
888 1629 1091 1685 horrea
1121 1642 1136 1680 :
1170 1622 1440 1682 dederunt
1469 1618 1565 1675 tibi
1592 1616 1781 1672 hostes

173 1735 253 1791 tui
279 1744 621 1789 commeatus
642 1741 796 1793 suos,
824 1739 964 1797 quos
987 1721 1094 1779 sibi
1127 1723 1479 1791 paraverant.
1509 1713 1623 1785 Ego
1656 1724 1780 1782 per—

1882 490 2030 561 cilia,
2081 484 2108 526 ά
2163 489 2354 547 Sisciae
2384 530 2401 559 ,
2440 476 2740 547 Petavione
2784 503 2800 541 :
2858 476 3058 557 ubique
3098 483 3339 557 denique
3370 491 3480 545 ter-

1882 601 2065 642 rarum
2095 574 2270 643 victus
2295 593 2398 641 est.
2428 583 2570 654 Quid
2615 584 2707 656 pio
2749 595 3041 641 commune
3068 594 3194 639 eum
3234 566 3482 651 perﬁdo?

1882 681 2164 739 Abolenda
2185 674 2313 739 cum
2332 679 2505 753 impio
2531 688 2657 737 sunt
2687 677 2851 737 etiam
2878 674 3181 749 impietatis
3207 673 3481 744 exempla.

1881 773 2035 843 Quod
2079 773 2156 829 illi
2182 772 2388 838 nocuit,
2424 786 2532 843 quo
2560 771 2740 827 victus
2770 767 3032 836 oh‘endit;
3059 767 3163 823 hoc
3196 780 3303 835 non
3332 765 3488 836 sequi

1881 869 2063 936 debet,
2093 867 2190 925 sed
2218 867 2506 936 damnare,
2536 865 2630 936 qui
2654 863 2808 922 vicit.
3482 852 3488 859 ’

1950 962 2044 1018 24.
2076 960 2266 1033 Itaque
2294 960 2382 1016 illa
2414 958 2507 1021 tibi
2538 974 2647 1021 non
2665 958 2820 1030 quasi
2834 943 3050 1027 ingrato
3082 954 3353 1023 recensui,
3380 954 3479 1012 sed

1881 1058 2034 1129 quasi
2062 1057 2185 1128 jure
2207 1055 2407 1113 collata
2431 1054 2713 1111 numeravi
2736 1068 2750 1119 ;
2779 1062 2835 1108 ut
2864 1051 2951 1109 his
2976 1038 3311 1117 admonitus,
3344 1059 3367 1085 ε
3391 1049 3479 1105 cui

1880 1155 2003 1226 plus
2025 1154 2288 1212 collatum
2316 1161 2421 1219 est,
2449 1153 2569 1224 plus
2591 1149 2811 1222 diligas.
2839 1145 3086 1217 Denique
3126 1144 3234 1202 hoc
3260 1158 3490 1217 respon-

1879 1248 2031 1305 denti
2060 1247 2273 1305 Simoni
2312 1246 2451 1304 dixit
2500 1244 2767 1301 Dominus
2816 1241 2978 1298 Jesus
3005 1258 3018 1293 :
3050 1239 3206 1295 Recte
3235 1238 3493 1313 judicasti

1881 1342 2049 1416 (Luc.
2081 1358 2177 1412 vn,
2203 1342 2338 1415 44).
2384 1340 2695 1412 Statimque
2740 1348 3049 1393 conversus
3090 1333 3156 1389 ad
3206 1332 3490 1389 mulierem

1878 1456 1997 1514 quae
2028 1439 2195 1512 pedes
2216 1439 2337 1510 ejus
2361 1445 2642 1508 unguento
2673 1434 2853 1500 unxit,
2881 1442 3069 1506 typum
3095 1427 3359 1489 Ecclesiae
3398 1442 3490 1499 ge-

1880 1550 2029 1604 rens,
2057 1535 2134 1590 ait
2158 1531 2640 1603 Simoui:Propter
2658 1527 2797 1601 quod
2821 1527 2939 1583 dico
2968 1525 3057 1581 tibi
3089 1522 3345 1580 :remissa
3366 1530 3488 1577 sunt

1880 1639 2093 1702 peccata
2147 1631 2260 1702 ejus
2300 1629 2503 1694 multa,
2552 1626 2800 1700 quoniam
2842 1622 3026 1679 dilexit
3086 1619 3331 1677 multum.
3385 1616 3485 1674 Cui

1880 1700 2052 1780 autem
2071 1700 2242 1781 minus
2262 1722 2565 1790 dimittitur,
2588 1720 2762 1777 minus
2788 1717 2961 1791 diligit
2987 1700 3185 1787 (Ibid.,
3218 1712 3339 1783 tt).
3364 1711 3492 1767 uate

172 1824 590 1884 turltavihostis
617 1822 692 1878 tui
732 1818 989 1881 consilia,
1018 1827 1082 1872 ut
1108 1829 1170 1870 se
1202 1815 1322 1884 ipse
1368 1809 1619 1866 nudaret.
1668 1806 1782 1877 Ego

1898 1828 1974 1874 est
2007 1818 2203 1874 mulier
2225 1833 2348 1890 quae
2371 1817 2425 1872 in
2448 1815 2672 1872 domum
2697 1810 2957 1869 Pharisaei
2982 1802 3228 1875 intravit,
3255 1814 3312 1863 et
3332 1804 3496 1874 ejecit

175 1923 354 1993 ipsum
380 1926 762 1989 usurpatorem
796 1910 1015 1983 imperii
1035 1913 1110 1965 ita
1138 1907 1310 1975 viusi,
1333 1914 1646 1960 acmentem
1663 1899 1782 1971 ejus

178 2016 367 2087 ligavi,
406 2024 467 2071 ut
498 2027 625 2070 cum
654 2011 885 2068 haberet
927 2005 1107 2062 adhuc
1144 2001 1387 2074 fugiendi
1434 1997 1672 2070 copiam,
1700 2002 1785 2050 ta-

174 2124 304 2164 men
332 2123 458 2163 cum
506 2104 765 2162 omnibus
787 2101 905 2158 suis
932 2108 1211 2170 tamquam
1251 2103 1525 2159 metuens,
1561 2106 1631 2146 ne
1658 2090 1783 2160 quis

175 2201 269 2256 tibi
303 2201 530 2271 periret,
566 2199 683 2268 ipse
717 2210 777 2252 se
803 2192 1110 2248 clauderet.
1145 2199 1171 2227 ι
1198 2186 1315 2259 Ego
1356 2184 1616 2243 comitem
1661 2181 1783 2253 ejus

173 2305 343 2365 atque
363 2293 671 2350 exercitum
696 2306 765 2346 ex
785 2288 950 2362 953
979 2286 1153 2341 altera
1185 2292 1344 2356 parte
1373 2289 1612 2342 naturae,
1640 2290 1782 2349 quos

172 2401 305 2445 ante
334 2389 729 2458 disperseram,
766 2401 833 2438 ne.
862 2382 930 2436 ad
970 2378 1101 2434 belli
1147 2376 1474 2433 societatem
1521 2372 1778 2443 coirent,

173 2482 241 2537 ad
263 2480 705 2552 supplementum
735 2474 833 2530 tibi
858 2470 1098 2528 victoria:
1120 2465 1465 2540 congregari.
1491 2465 1607 2537 Ego
1623 2478 1782 2519 exer-

174 2576 344 2631 citum
378 2584 534 2628 tuum
558 2586 624 2625 ex
655 2568 843 2624 multis
886 2562 1172 2621 indomitis
1195 2560 1220 2600 ιι
1253 2572 1564 2616 convenam
1602 2556 1779 2615 natio-

178 2668 366 2733 nibus,
398 2664 555 2736 quasi
581 2663 742 2719 unius
771 2658 953 2731 gentis
974 2656 1138 2712 iidem
1166 2664 1220 2710 et
1242 2651 1695 2721 tranquillitatem
1726 2659 1782 2707 et

178 2759 530 2818 Concordiam
578 2769 805 2812 servare
846 2751 1110 2825 praecepi.
1146 2748 1261 2820 Ego
1302 2760 1428 2802 cum
1476 2743 1778 2815 periculum

181 2870 455 2911 summum
488 2860 740 2909 essetne
782 2847 950 2919 Alpes
992 2841 1157 2900 inﬁda
1208 2839 1569 2897 barbarorum
1616 2849 1782 2908 pene-

181 2960 392 3006 trarcnt
423 2945 678 3012 consilia,
710 2944 852 3000 intra
887 2941 1063 3011 ipsum
1103 2935 1322 3008 Alpium
1353 2933 1553 2987 vallum
1603 2919 1779 2987 victo-

183 3045 320 3100 riam
350 3041 447 3098 tibi
474 3039 707 3103 contuli,
736 3046 796 3092 ut
822 3036 942 3091 sine
969 3033 1172 3088 damno
1199 3030 1470 3085 vinceres.
1496 3024 1612 3096 Ego
1649 3037 1782 3096 ergo

185 3149 239 3194 te
271 3134 614 3207 triumphare
650 3129 754 3186 ieci
797 3128 865 3185 de
912 3124 1135 3182 inimico
1171 3132 1265 3178 tuo
1287 3163 1301 3186 ,
1343 3128 1399 3175 et
1439 3126 1494 3173 tu
1526 3117 1594 3173 de
1625 3115 1781 3188 plebe

186 3246 305 3287 mea
335 3231 434 3286 das
463 3226 598 3289 meis
630 3221 866 3281 inimicis
892 3217 1251 3289 triumphum.

254 3326 349 3381 3'5.
377 3323 569 3378 Nonne
599 3327 888 3393 propterea
918 3313 1184 3368 Maximus
1226 3307 1525 3366 destitutus
1552 3313 1660 3371 est,
1691 3302 1785 3376 qui

184 3429 314 3475 ante
360 3418 510 3489 ipsos
539 3410 907 3486 espeditionis
946 3406 1098 3470 dies,
1138 3419 1261 3458 cum
1310 3400 1552 3456 audisset
1601 3398 1788 3482 liomm

183 3527 517 3586 synagogam
574 3512 889 3571 incensam,
938 3500 1181 3559 edictum
1244 3497 1474 3552 Romam
1528 3492 1784 3557 miserat,

185 3585 346 3678 quasi
398 3603 603 3658 vindex
652 3597 962 3669 disciplinae
1011 3592 1283 3665 publicae?
1340 3587 1495 3646 Unde
1554 3585 1787 3658 populus

183 3695 521 3752 Christianus
562 3694 672 3748 ait:
700 3689 842 3746 Nihil
882 3686 1009 3744 boni
1054 3684 1182 3741 huic
1227 3682 1497 3738 imminet.
1533 3680 1650 3735 iiex
1684 3678 1787 3733 iste

185 3790 412 3847 Judmus
458 3786 632 3844 iactus
677 3790 801 3840 est:
836 3792 859 3821 ε
890 3780 1233 3837 defensorem
1281 3772 1443 3832 istum
1487 3770 1785 3847 disciplina:

187 3886 524 3949 audivimus,
570 3896 733 3952 quem
775 3891 906 3933 mox
954 3873 1210 3931 Christus
1240 3870 1509 3943 probavit,
1550 3870 1641 3939 qui
1690 3886 1788 3940 pro

190 3975 574 4049 peccatoribus
622 3980 870 4029 mortuus
916 3977 1001 4026 est
1042 3967 1238 4038 (Rom.
1274 3982 1329 4035 ν,
1367 3964 1445 4037 6).
1478 3965 1537 4020 Si
1566 3964 1634 4021 de
1662 3978 1783 4019 ser-

192 4086 355 4129 mone
387 4069 489 4126 hoc
524 4066 726 4124 dictum
754 4072 859 4132 est,
888 4061 1018 4135 quid
1052 4060 1120 4117 de
1168 4058 1376 4115 ultione
1420 4056 1666 4113 dicetur?
1692 4057 1787 4114 ille

269 4222 294 4248 ι·
328 4208 580 4279 intelligo
607 4246 622 4274 ,
676 4204 856 4279 inquit
883 4202 1128 4279 Nannius
1154 4245 1170 4270 ,
1218 4198 1473 4279 classem
1509 4197 1790 4279 navarchi,

191 4270 654 4358 quemliaxhuds
675 4270 826 4358 bello
856 4272 1131 4358 maritimo
1158 4270 1503 4358 praefecerat,
1556 4278 1795 4340 tempes-

195 4340 307 4413 fate
344 4354 622 4425 disjecta‘m
669 4348 861 4405 fuisse.
909 4348 1051 4405 Sunt
1088 4340 1233 4402 enim
1266 4345 1357 4416 qui
1402 4340 1540 4399 duas
1583 4352 1794 4425 naturae

199 4435 381 4501 partes
404 4415 703 4501 :t'ppeliettl,
735 4432 940 4501 terram
974 4428 1028 4501 et
1059 4428 1292 4487 aquam:
1326 4426 1511 4471 aerem
1536 4425 1589 4501 et
1616 4415 1793 4501 ignem

200 4484 309 4556 non
340 4484 795 4561 essé'elementa,
836 4491 933 4548 sed
980 4484 1343 4551 elementata;
1379 4497 1502 4561 nata
1537 4484 1796 4541 nimirum

198 4570 453 4636 aliunde,
485 4584 591 4637 non
634 4558 813 4621 autem
841 4563 1182 4637 primordiah
1209 4568 1305 4637 aut
1347 4558 1557 4637 sentina
1610 4572 1794 4614 rerum

1884 1910 2157 1979 Judaeum,
2194 1908 2473 1967 Christum
2504 1916 2689 1964 autem
2718 1901 3035 1976 acquisivit.
3070 1898 3317 1956 Ecclesia
3347 1899 3493 1955 enim

1886 2004 2229 2078 Syuagogam
2279 2003 2549 2060 exclusit:
2578 2016 2679 2057 cur
2726 1999 2926 2056 iterum
2975 2002 3238 2062 tentatur,
3266 2001 3326 2050 ut
3349 1991 3494 2063 apud

1884 2099 2089 2156 Christi
2116 2098 2397 2165 famulum,
2424 2096 2532 2152 hoc
2551 2103 2658 2162 est,
2690 2092 2759 2149 de
2787 2099 3011 2163 pectore
3037 2087 3187 2152 falci,
3219 2085 3292 2143 de
3330 2084 3496 2142 domo

1885 2192 2090 2251 Christi
2118 2193 2415 2266 Synagoga
2439 2189 2695 2249 excludat
2714 2185 3052 2246 Ecclesiam?

1935 2286 2028 2341 25.
2042 2285 2172 2343 Haec
2193 2301 2319 2357 ego,
2350 2284 2676 2355 imperator,
2700 2294 2892 2336 amore
2908 2288 2964 2337 et
2980 2275 3166 2334 studio
3187 2274 3333 2332 tuiin
3352 2274 3494 2330 hunc

1885 2394 2198 2437 sermonem
2221 2377 2452 2435 contuli.
2482 2377 2664 2435 Debeo
2684 2373 2829 2431 enim
2855 2369 3141 2429 beneﬁciis
3170 2365 3300 2434 tuis,
3328 2364 3348 2404 ί
3375 2366 3495 2438 qui-

1884 2473 1986 2529 bus
2002 2486 2087 2527 me
2103 2479 2356 2544 petente,
2381 2467 2628 2526 liberasti
2655 2465 2920 2537 plurimos
2942 2461 3013 2519 de
3034 2460 3264 2526 exsiliis,
3284 2458 3357 2515 de
3379 2472 3501 2517 car-

1884 2564 2128 2631 ceribus,
2157 2563 2227 2618 de
2261 2562 2471 2619 ultima
2504 2560 2661 2617 necis
2696 2558 2908 2631 penis;
2935 2552 3107 2630 οδε
3127 2562 3185 2609 ιιι
3210 2551 3374 2609 malle
3402 2551 3497 2607 de-

1882 2660 2039 2717 beam
2068 2674 2168 2731 pro
2188 2657 2367 2715 salute
2390 2664 2482 2717 tus
2509 2655 2676 2713 etiam
2700 2652 3067 2711 oﬂ'ensionem
3088 2648 3165 2705 tui
3191 2646 3363 2709 animi
3384 2660 3495 2703 non

1883 2755 2080 2810 timere
2111 2751 2304 2826 (nemo
2336 2748 2547 2819 majore
2590 2745 2788 2803 liducia
2837 2745 3046 2809 utitur,
3090 2754 3254 2812 quam
3295 2738 3387 2812 qui
3427 2752 3497 2793 ex

1884 2847 2079 2907 aii'ectu
2106 2845 2305 2918 diligit:
2332 2858 2498 2901 nemo
2512 2850 2666 2898 certe
2686 2839 2851 2898 debet
2871 2837 3099 2905 laedere,
3129 2836 3225 2907 qui
3243 2833 3500 2895 sibienn-

1882 2937 2048 3010 sulit)
2073 2954 2142 2993 ne
2174 2945 2257 2992 tot
2283 2918 2550 2991 annorum
2572 2942 2899 3003 conceptam
2930 2940 2955 2975 κ
2983 2929 3372 3000 cujuscumque
3398 2938 3490 2981 sa-

1884 3030 2127 3090 cerdotis
2156 3028 2387 3100 gratiam
2418 3041 2525 3082 uno
2548 3032 2827 3080 momento
2869 3021 3137 3078 amittam.
3165 3016 3193 3056 ιι
3217 3019 3283 3075 Et
3310 3023 3492 3075 tamen

1886 3140 1994 3182 non
2015 3123 2271 3179 damnum
2296 3120 2488 3193 gratia:
2511 3118 2803 3190 deprecor,
2832 3116 2930 3174 sed
2954 3113 3149 3171 salutis
3168 3110 3491 3183 periculum.

1808 3217 1854 3282 C
1954 3217 2048 3276 26.
2075 3216 2410 3288 Quamquam
2440 3221 2703 3284 quantum
2731 3218 2851 3275 est,
2897 3208 3225 3280 imperator,
3257 3211 3317 3261 ut
3344 3217 3496 3275 qua:-

1889 3312 2120 3369 rendum
2148 3318 2244 3364 aut
2286 3305 2669 3363 vindicandutn
2709 3299 2823 3361 non
2864 3298 3227 3376 putes,un
3270 3297 3324 3354 in
3351 3297 3497 3357 hunc

1888 3408 2034 3464 diem
2082 3419 2241 3461 nemo
2281 3402 2576 3477 quaesivit,
2636 3414 2797 3457 nemo
2854 3412 3109 3469 umquam
3164 3390 3497 3451 vindicavit?

1888 3500 2068 3560 Grave
2088 3508 2171 3555 est
2198 3496 2359 3553 iidem
2388 3496 2533 3551 tuam
2564 3494 2663 3567 pro
2687 3490 2892 3550 iudicis
2917 3482 3244 3563 periclitari.
3262 3482 3487 3567 Gedeon

1886 3611 2011 3653 cum
2067 3591 2363 3650 occidisset
2403 3598 2678 3646 sacratum
2731 3584 2963 3642 vitulum
2990 3581 3212 3658 (ludis.
3250 3594 3325 3646 τι,
3357 3577 3423 3634 3i
3448 3574 3493 3649 ),

1891 3689 2143 3745 dixerunt
2171 3683 2402 3758 gentiles
2432 3701 2446 3737 :
2475 3681 2563 3737 Dii
2612 3681 2712 3751 ipsi
2746 3678 2997 3750 injuriatn
3012 3686 3168 3733 suam
3197 3671 3494 3728 vindicem.
3559 3662 3573 3673 ’

1892 3782 2024 3852 Quis
2082 3779 2249 3836 habet
2293 3776 2636 3851 Synagogatn
2688 3762 3003 3829 vindictae?
3048 3760 3302 3827 Christus
3331 3766 3496 3851 quem

1892 3846 2233 3940 occiderunt,
2257 3846 2417 3941 quem
2452 3846 2826 3940 negaverunt?
2855 3864 2939 3925 An
2962 3864 3106 3919 Deus
3126 3861 3279 3917 Pater
3306 3846 3455 3915 vindi
3474 3888 3488 3899 ο

1892 3968 2198 4031 cabiteos,
2244 3962 2335 4035 qui
2378 3975 2479 4017 nee
2519 3962 2737 4016 Patrem
2781 3956 3078 4028 recipiunt,
3110 3953 3240 4009 dum
3289 3946 3489 4008 Filium

1895 4074 2001 4114 non
2032 4050 2397 4129 receperunt?
2424 4053 2559 4123 Quis
2588 4044 2752 4110 habet
2782 4044 3292 4109 Valeutlhlauowm
3324 4044 3500 4101 haere-

1971 4196 1992 4235 ί
2025 4194 2517 4270 Hochtemporlbus
2559 4188 2793 4270 relatam
2825 4182 3496 4270 deEugeniuhvlmoriam

1898 4273 2101 4327 secutis
2146 4257 2489 4327 Herniannus
2522 4266 2805 4331 attribuit,
2854 4257 3036 4336 aitque
3082 4257 3500 4336 multosgsaueti

1898 4338 2173 4400 Autistitis
2205 4346 2396 4413 rogatu
2421 4338 2490 4396 ab
2518 4338 2746 4407 exsilio,
2770 4328 2827 4393 et
2854 4328 3101 4392 extremo
3128 4344 3229 4404 sup
3272 4329 3397 4385 licio
3430 4328 3496 4385 li-

1899 4412 2121 4461 itm-nine
2151 4424 2293 4461 esse-
2327 4410 2525 4461 Ver-nm
2560 4412 2922 4461 tira'temuant
2955 4400 3099 4461 uuod
3132 4421 3197 4461 ex
3226 4344 3418 4461 grosio
3444 4409 3496 4459 ει

1899 4412 2121 4482 beratos
2151 4400 2301 4482 esse?
2327 4410 2525 4482 Verum
2560 4400 2922 4482 pra'terquant
2955 4400 3099 4482 quod
3132 4400 3418 4482 ex'_0rosio
3444 4409 3501 4459 ct

1900 4480 2101 4543 Paesto
2150 4480 2518 4545 Theodosium
2562 4478 2796 4538 victoria
2852 4488 2945 4536 sua
2990 4478 3294 4534 clementer
3340 4482 3498 4545 usum

1902 4559 2018 4629 ipse
2066 4556 2349 4630 agnoscit,
2387 4550 2515 4627 jam'
2552 4554 2889 4630 advertimus
2918 4548 3303 4630 Ambrosium.
3329 4544 3499 4630 multa

200 4616 1257 4700 Mli}?tit;'uiiitiitig.’c;tft.;mm'mc
1288 4632 1452 4685 inulta
1501 4640 1796 4699 tanguntur
1825 4621 1877 4681 D
1906 4616 2210 4699 liujusni'odi
2245 4616 2629 4700 impe'trasSea
2661 4616 2989 4700 Theodosio.
3025 4622 3090 4700 Et
3117 4630 3265 4700 certe
3291 4618 3502 4700 episeo-

201 4715 445 4771 historim
476 4710 675 4783 capita,
707 4724 831 4777 quae
879 4716 1002 4783 cum
1053 4704 1459 4783 narrationibus
1507 4702 1797 4756 ltistOrico-

202 4804 323 4845 rum
355 4773 805 4856 ejusdeittznlatis
834 4778 1088 4856 conferre
1135 4792 1239 4856 nun
1271 4773 1438 4829 fuerit
1467 4784 1799 4856 super-vaca.

204 4836 835 4915 neu-ni:Videsimiliter
861 4864 980 4923 quae
1002 4849 1070 4904 ad
1098 4851 1233 4919 psal.
1264 4861 1374 4913 ιιι,
1408 4836 1559 4900 ιιυηί.
1592 4836 1684 4910 6‘2,
1710 4844 1807 4897 ob-

202 4930 565 4987 servavimus.
724 4973 733 4979 .

276 5002 305 5041 ι)
346 4998 507 5055 Pauci
539 5004 694 5059 mss.,
723 5006 1069 5050 convenarum
1097 4989 1416 5046 nationibus.

284 5087 307 5113 ο
338 5072 473 5128 Tota
505 5070 593 5126 illa
620 5068 898 5140 pericupe,
944 5062 1660 5140 defensorcmhistutn“...pro
1692 5072 1807 5129 pec-

208 5144 475 5202 catoribus
502 5131 733 5198 moriens
759 5131 852 5207 esi,
887 5131 940 5195 in
967 5131 1074 5194 uno
1106 5134 1230 5191 cod.
1261 5132 1398 5204 Reg.
1423 5131 1805 5186 desideratur:

210 5220 355 5275 forte
384 5231 489 5271 non
523 5214 683 5270 male.

283 5288 310 5327 ιι
343 5288 515 5358 Long.
551 5284 699 5350 cod.,
753 5282 1021 5358 Scythica;
1077 5276 1394 5358 me_ll_us_al_li
1418 5319 1432 5343 ,
1464 5272 1806 5358 atquemet'lit.

215 5361 431 5425 Sistite,
464 5345 606 5427 quod
641 5345 849 5427 numeri
872 5345 1027 5427 male
1048 5348 1305 5427 scribitur
1349 5348 1401 5404 iu
1449 5345 1596 5427 edit._
1618 5345 1808 5427 §icite;

211 5415 336 5491 erat
365 5415 510 5485 enim
541 5428 712 5486 Siscia
758 5424 917 5483 sedes
948 5418 1291 5495 episcopalis
1319 5434 1424 5495 non
1454 5415 1706 5495 ignobilis
1753 5417 1807 5472 it:

215 5488 497 5562 Danuuuia
550 5498 852 5570 superiore.
885 5488 1025 5551 infra
1055 5488 1211 5570 vero,
1243 5493 1331 5570 ubi
1360 5488 1709 5570 onut'esedit.
1747 5503 1808 5543 ac

217 5578 393 5633 multo
422 5563 790 5644 plures-mss”
823 5580 871 5624 et
895 5569 1178 5644 quoniams
1204 5563 1456 5644 gﬂrndit;
1482 5563 1570 5617 alii

225 5630 338 5721 tit-tt}
369 5630 432 5721 se
458 5647 657 5709 lerunt,
681 5652 728 5698 te
750 5630 947 5721 quoque
968 5641 1131 5693 victus
1162 5630 1397 5721 ali-endit:

304 5728 326 5756 ε
362 5718 571 5774 Sensus
602 5703 876 5769 uouniltil'
899 5714 1162 5765 obscurus
1191 5708 1259 5761 ub
1292 5708 1577 5763 verborum
1620 5703 1815 5774 trajec-

1905 4690 2097 4771 porum
2123 4714 2268 4768 esse,
2300 4690 2359 4754 u't
2389 4708 2488 4769 pro
2514 4699 2733 4771 7mi5eris
2766 4696 3121 4771 imperatores
3140 4690 3501 4771 conveniant,

1906 4756 2011 4828 'nott
2040 4756 2208 4828 semel
2233 4756 2266 4826 εἰ
2294 4756 2450 4827 nobis
2472 4770 2820 4824 observatum
2846 4756 2937 4821 ἐει
2957 4764 3099 4828 apud
3130 4756 3501 4823 Ambrosium,

1904 4852 1959 4899 et
1985 4860 2055 4899 ex
2088 4840 2335 4912 pluribus
2360 4840 2643 4912 Augustini
2672 4838 2921 4909 epistolis
2947 4833 3208 4912 advertas
3238 4833 3387 4912 licet.

1984 4926 2009 4961 ις
2041 4907 2244 4970 omnes
2282 4907 2470 4978 edit.,'
2488 4907 2878 4985 cujuscumque
2915 4907 3228 4971 sacerdotii;
3284 4910 3413 4985 mss.
3439 4918 3503 4985 0e

1908 4988 2183 5043 contrario
2220 5000 2388 5056 prope
2431 4970 2503 5038 ad
2553 4970 2723 5056 "unum
2746 4970 3163 5056 ,'cujusrutnque
3192 4970 3500 5056 sacerdotis.

1909 5058 2120 5130 Quibus
2143 5044 2297 5130 prior
2322 5044 2509 5110 'lectio
2540 5053 2711 5126 magis
2740 5044 3004 5130 arriserit,
3037 5044 3107 5104 ita
3150 5044 3451 5130 intelligant
3486 5062 3497 5095 :

1915 5116 1991 5187 Ne
2022 5116 2166 5186 mihi.
2185 5137 2553 5197 comparatam
2588 5116 2895 5197 sacerdotio
2922 5116 3081 5185 meo,
3124 5116 3505 5197 quodcumque

1915 5200 2045 5258 illttd
2078 5201 2171 5269 sit,
2202 5189 2562 5270 sive'diguum
2595 5200 2709 5253 sive
2738 5196 3037 5268 indignum,
3063 5189 3289 5270 gratiam
3330 5194 3390 5270 et
3422 5189 3505 5242 ia—

1914 5256 2099 5331 vorem
2149 5256 2428 5327 amittam.”
2460 5269 2772 5326 LectiOuent
2824 5256 2955 5335 vero
2984 5256 3340 5335 posteriorem
3380 5268 3504 5328 pus-

1913 5360 2103 5402 sumus
2129 5343 2471 5417 interpretari
2524 5338 2616 5417 illo
2662 5348 2826 5417 sensu
2856 5357 2871 5391 :
2901 5332 2999 5391 Ne
3024 5334 3393 5417 cujuscumque
3421 5340 3500 5384 sa-

1912 5417 2157 5484 rerdoiis,
2190 5414 2244 5471 id
2268 5404 2372 5482 Est,
2406 5413 2645 5484 omnium
2690 5404 3325 5484 episcoporum'gratiam
3353 5444 3368 5484 ,
3399 5414 3505 5473 qua

1907 5493 2018 5559 jam
2050 5506 2077 5542 a
2112 5474 2190 5542 tot
2232 5474 3025 5559 anttlsgpriucipum'adversus
3067 5474 3193 5532 reos
3220 5474 3506 5546 indulgeu-

1606 5561 1813 5630 aliquot
1908 5554 2042 5617 tiam
2065 5560 2312 5630 obtinere
2341 5554 2536 5630 solimt,
2566 5554 2829 5630 amittam.

1988 5616 2196 5686 Iitjolb.
2233 5631 2381 5697 cod.,
2429 5624 2497 5681 Et
2526 5616 2719 5678 tamen
2770 5622 2963 5675 donum
3005 5617 3190 5697 gratim
3233 5616 3502 5691 deprecor.

1921 5704 2028 5761 Sed
2070 5704 2252 5772 salutis
2295 5688 2578 5772 periculurn
2632 5696 2880 5772 quantum
2926 5688 3030 5772 est;
3075 5688 3400 5765 Imperator,
3451 5699 3507 5772 tu

229 5760 476 5856 tloneiu,
517 5801 635 5856 qua:
663 5796 724 5841 ut
768 5784 975 5856 facilius
1008 5760 1477 5856 “explicenturﬂla
1497 5760 1817 5835 “ordinanda
1922 5760 2361 5856 qurerendutnulut
2386 5765 2913 5856 uindicgndunt,cclc.
2942 5760 3089 5819 lul'ra
3142 5760 3271 5819 vero
3311 5775 3409 5836 pro
3439 5762 3502 5833 ﬁ-

233 5871 389 5933 sunt:
421 5849 474 5915 tu
503 5849 619 5948 plus
646 5856 854 5939 diligas,
887 5855 966 5907 cui
995 5849 1108 5925 plus
1135 5849 1380 5904 collatum
1406 5860 1495 5905 est.

1925 5834 2041 5903 item
2071 5856 2233 5913 tuam,
2263 5842 2405 5899 idem
2430 5850 2533 5894 ms.
2560 5837 2745 5905 habet,
2777 5834 2933 5906 ﬁdem
2965 5842 3213 5892 nostram.
