3996 6292
515 306 646 362 Mli
1700 308 1711 320 '
1832 298 2084 359 SANCTI
2122 299 2453 359 AMBROSII
3676 298 3785 354 Ill!

508 419 612 476 sim
643 417 974 476 vindicare:
1008 428 1035 457 ι
1059 433 1223 490 quam
1247 418 1421 489 pietas
1448 422 1538 472 tua
1559 413 1834 487 quomodo
1856 413 2119 483 vindicat,
2149 418 2205 480 Α
2297 412 2389 471 50.
2433 412 2545 471 Hoc
2571 421 2750 470 tamen
2778 413 2831 469 in
2863 412 3115 469 notitiam
3143 412 3453 469 clementia:
3482 420 3589 468 ture
3623 425 3790 482 perve-

511 526 640 570 cum
667 525 766 568 eos
803 496 1033 569 excludi.
1049 510 1296 583 jusserit.
1327 525 1429 566 nec
1464 507 1825 565 conveniendi
1857 523 2124 580 usurpare
2228 508 2349 563 nire
2368 506 2549 574 volui;
2580 506 2652 563 de
2673 506 2808 575 hoc,
2835 515 2893 561 ut
2919 506 3131 577 placet,
3161 506 3394 562 arbitrio
3415 515 3516 561 tuo
3540 506 3789 562 consulere

510 606 730 676 copiam
776 604 881 678 (IV
908 604 1042 676 Reg.
1068 621 1211 671 xxu,
1248 602 1344 673 2)?
1371 602 1427 659 Si
1472 601 1679 657 Josiam
1728 600 1823 657 tibi
1869 600 2121 673 objiciam
2224 609 2280 656 et
2307 609 2614 671 temperare
2641 598 2984 671 dignaberis:
3009 598 3144 656 illud
3165 608 3348 656 autem
3379 597 3526 671 quod
3551 613 3634 655 me
3650 600 3787 671 angit,

517 713 707 770 regem
738 699 854 756 Deo
895 699 1223 771 probatum,
1254 698 1358 755 hoc
1400 698 1459 753 in
1489 697 1611 754 istis
1639 696 1948 764 damnabis,
1981 697 2124 769 quod
2225 703 2283 750 et
2304 692 2430 764 jure
2455 695 2637 764 angit,
2681 691 2918 749 exclude
2946 700 3111 763 atque
3140 692 3299 761 ejice.
3329 692 3456 763 Ipse
3486 692 3646 758 facis,
3668 692 3791 761 quid-

521 793 580 850 in
612 792 708 848 illo
740 793 1028 864 probatum
1059 799 1163 847 est.
2226 787 2354 860 quid
2378 786 2495 844 ﬁeri
2516 786 2727 858 jussisti
2752 804 2766 841 :
2790 795 2883 841 aut
2910 786 2957 841 si
2996 785 3088 842 ille
3117 785 3365 841 facturus
3393 800 3503 841 non
3536 795 3653 852 est,
3677 785 3792 840 malo

588 884 680 941 27.
705 881 872 941 Certe
891 884 937 939 si
965 882 1098 939 mihi
1123 897 1316 955 parum
1339 881 1465 940 ﬁdei
1489 881 1758 952 defertur,
1781 883 1915 954 jube
1935 883 2128 940 adesse
2229 892 2284 939 te
2315 883 2490 955 magis
2518 896 2641 937 esse
2667 881 2995 938 clementem
3014 923 3031 948 ,
3072 896 3237 952 quam
3271 881 3428 937 illum
3457 896 3568 937 non
3603 880 3793 947 fecisse,

522 993 663 1049 quos
722 978 1004 1050 putaveris
1050 977 1340 1048 episcopos
1375 993 1390 1032 :
1436 986 1743 1046 tractetur,
1783 978 2126 1051 Imperator,
2234 973 2420 1048 fquod
2442 975 2627 1046 jussus
2655 984 2759 1032 est.

522 1073 651 1144 quid
681 1072 831 1128 salva
862 1071 968 1127 ﬁde
995 1071 1078 1142 agi
1128 1070 1350 1127 debeat.
1402 1070 1461 1128 Si
1489 1070 1559 1127 de
1588 1071 1771 1128 causis
1800 1071 2131 1142 pecuniariis
2303 1069 2393 1125 5|.
2438 1067 2616 1124 Habes
2658 1068 2714 1122 in
2761 1066 2955 1138 quibus
2985 1066 3201 1122 Domini
3251 1065 3436 1123 adhuc
3484 1065 3653 1123 debes
3680 1067 3795 1123 circa

522 1164 755 1222 comites
780 1174 900 1220 tuos
927 1164 1191 1231 consulis,
1216 1173 1424 1234 quanto
1450 1165 1626 1236 magis
1648 1165 1702 1220 in
1728 1179 1893 1221 causa
1914 1165 2134 1237 religio—
2235 1163 2526 1235 imperium
2575 1162 2884 1218 Romanum
2933 1161 3169 1217 invitare
3212 1168 3268 1217 et
3316 1160 3555 1216 emereri
3596 1159 3799 1217 clemen-

523 1259 610 1315 nis
631 1258 947 1315 sacerdotes
974 1257 1191 1314 Domini
1218 1272 1433 1330 requum
1462 1268 1548 1316 est
1569 1259 1850 1314 consulas!
2237 1258 2403 1322 tiam;
2436 1265 2461 1303 ε
2506 1254 2675 1311 habes
2707 1253 2906 1326 quibus
2951 1254 3223 1323 amplius,
3252 1267 3417 1325 quam
3463 1251 3563 1308 tibi
3611 1266 3795 1323 speres:

595 1353 689 1409 28.
720 1351 1046 1408 Cousideret
1077 1352 1369 1409 clementia
1401 1362 1493 1408 tua
1520 1361 1755 1423 quantos
1786 1352 2135 1409 insidiatores
2236 1349 2456 1405 illorum
2506 1348 2711 1419 gratia,
2758 1345 2977 1402 illorum
3011 1346 3163 1401 salus
3196 1355 3249 1402 te
3294 1345 3349 1400 in
3383 1344 3490 1401 hoc
3532 1343 3797 1401 sermoneh

526 1446 731 1503 habeat
767 1447 1015 1503 Ecclesia
1040 1489 1055 1515 ,
1103 1457 1343 1519 quantos
1383 1447 1760 1518 exploratores
1787 1466 1801 1502 :
1835 1448 2007 1505 levem
2056 1450 2133 1504 ri-
2238 1443 2550 1501 conveniat.
2572 1442 2768 1499 Timeo
2798 1457 2868 1498 ne
2897 1455 3117 1498 causam
3144 1451 3291 1496 tuam
3319 1440 3509 1496 alieno
3535 1441 3800 1496 committas

529 1556 676 1598 mam
708 1541 754 1597 si
782 1539 1136 1609 oﬁ'enderint,
1171 1540 1341 1613 ligent
1386 1541 1661 1598 aculeum.
1697 1542 2011 1598 Secundum
2041 1542 2138 1598 ho-
2236 1540 2462 1613 judicio.
2494 1540 2712 1611 Integra
2744 1538 2922 1595 adhuc
2969 1538 3064 1594 tibi
3110 1546 3243 1594 sunt
3270 1535 3481 1593 omnia.
3513 1534 3573 1591 In
3621 1534 3715 1591 hoc
3738 1551 3801 1589 me

530 1636 711 1693 mines
755 1634 954 1706 loquor
993 1652 1006 1688 :
1057 1643 1319 1691 creterum
1358 1634 1387 1673 ι’
1436 1635 1559 1706 plus
1624 1635 1943 1692 hominibus
1997 1638 2140 1692 Deus
2241 1648 2343 1706 ego
2381 1633 2494 1689 Deo
2520 1640 2711 1689 nostro
2752 1646 2853 1703 pro
2891 1640 2945 1687 te
2972 1629 3174 1699 obligo,
3205 1628 3220 1666 ί
3256 1644 3359 1686 nec
3388 1628 3635 1685 verearis
3661 1641 3801 1683 sacra-

538 1730 792 1797 timetur,
822 1730 914 1800 qui
966 1729 1134 1784 etiam
1181 1730 1610 1801 imperatoribus
1649 1730 1777 1802 jure
1826 1729 2136 1802 praefertur.
2242 1736 2509 1784 mentum.
2541 1724 2813 1796 Numquid
2853 1724 2970 1780 Deo
2999 1722 3296 1793 displicere
3338 1721 3551 1793 poterit
3575 1718 3708 1790 quod
3732 1733 3803 1788 pro

536 1832 560 1862 ο
588 1822 644 1878 Si
671 1822 849 1877 amico
874 1819 1160 1892 aliquis,si
1184 1822 1401 1891 parenti
1427 1830 1521 1877 aut
1548 1822 1859 1894 propinquo
1886 1822 2142 1878 deferen-
2170 1835 2220 1897 Β
2245 1823 2364 1894 ejus
2404 1820 2728 1878 emendatur
2753 1816 3208 1875 honoriﬁcentia?
3232 1815 3380 1872 Nihil
3410 1813 3702 1871 mutaveris
3718 1828 3806 1868 eeo

532 1911 662 1967 dum
691 1912 994 1979 existimat,
1029 1918 1181 1966 recte
1211 1926 1313 1983 ego
1340 1920 1399 1968 et
1421 1910 1781 1969 deferendum
1803 1912 2142 1981 Deo,eteum
2248 1927 2302 1973 te
2343 1916 2399 1971 in
2431 1914 2523 1971 illa
2550 1913 2815 1985 epistola,
2847 1912 2962 1968 sive
3005 1910 3175 1966 missa
3195 1951 3210 1977 ,
3249 1910 3367 1965 sive
3412 1906 3654 1963 nondum
3682 1905 3807 1959 missa

531 2002 947 2074 praeferendum
980 2002 1243 2060 omnibus
1267 2003 1535 2074 judicavi.
1565 2002 1809 2061 Consule
1837 2004 1957 2072 tibi,
1979 2003 2145 2078 Impe-
2246 2017 2365 2065 est:
2398 2007 2593 2064 dictari
2618 2005 2750 2076 jube
2776 2005 2938 2060 aliam
2960 2044 2976 2071 ,
3002 2018 3124 2075 qua:
3152 2001 3313 2074 plena
3346 2000 3518 2066 ﬁdei,
3550 1998 3705 2071 plena
3727 1997 3808 2067 pie

535 2106 710 2164 rator,
743 2106 838 2153 aut
871 2106 1063 2169 patere
1094 2113 1185 2154 me
1207 2097 1506 2155 consulere
1536 2097 1692 2154 mihi.
2250 2103 2375 2159 tatis
2415 2102 2505 2157 sit.
2537 2098 2662 2155 Tibi
2689 2099 2960 2170 integrum
2996 2105 3081 2154 est
3112 2093 3411 2152 emendare
3433 2135 3451 2162 ,
3482 2091 3619 2149 mihi
3643 2098 3810 2148 nonest

604 2192 697 2249 29.
726 2191 870 2260 Quid
895 2191 1249 2263 respondebo
1274 2201 1492 2264 postea,
1522 2193 1571 2249 si
1591 2202 1933 2264 compertum
1956 2193 2144 2263 fuerit,
2251 2197 2523 2270 integrum
2553 2194 2925 2251 dissimulare.

538 2285 670 2341 data
716 2284 844 2341 hinc
897 2286 1227 2341 auctoritate
1252 2328 1267 2353 ,
1315 2286 1528 2358 aliquos
1576 2288 2004 2345 christianorum
2055 2299 2149 2346 aut
2324 2288 2416 2345 3‘2.
2451 2288 2464 2339 i
2506 2286 2870 2344 Antiochenis
2901 2295 3052 2343 tuam
3080 2284 3299 2341 donasti
3328 2283 3624 2356 iniuriam,
3653 2281 3810 2336 inimici

542 2378 759 2450 gladio,
792 2388 887 2434 aut
932 2378 1202 2446 fustibus,
1253 2389 1347 2436 aut
1397 2380 1670 2451 plumbeis
1720 2387 1980 2440 necatos?
2008 2384 2151 2454 Quo-
2252 2383 2331 2438 tui
2365 2380 2391 2420 ιι
2419 2380 2561 2438 ﬁlias
2599 2380 2915 2446 revocasti,
2967 2377 3294 2435 uutriendas
3334 2376 3483 2448 apud
3513 2376 3719 2431 afﬁnem
3741 2373 3811 2429 de-

544 2472 717 2528 modo
742 2473 845 2527 hoc
864 2472 1108 2544 purgabo
1134 2472 1376 2529 factum?
1402 2472 1687 2541 Quomodo
1708 2477 1984 2533 excusabo
2009 2478 2150 2549 apud
2252 2476 2403 2544 disti,
2428 2474 2586 2531 matri
2612 2474 2790 2530 hostis
2816 2474 2894 2529 tui
2916 2472 3110 2530 misisti
3133 2472 3203 2528 de
3227 2473 3429 2527 errario
3459 2481 3557 2526 tuo
3585 2478 3810 2539 sumptus.

545 2565 861 2636 episcopos,
892 2565 987 2637 qui
1018 2580 1164 2621 nunc
1191 2566 1319 2638 quia
1348 2581 1449 2637 per
1481 2567 1706 2639 triginta
1738 2577 1797 2626 et
1834 2553 2155 2627 innumeros
2253 2568 2383 2625 Haec
2417 2576 2565 2623 tanta
2597 2568 2802 2637 pietas,
2833 2575 2983 2622 tanta
3012 2580 3141 2638 erga
3183 2564 3356 2621 Deum
3404 2562 3543 2619 ﬁdes
3586 2561 3685 2617 hoc
3706 2561 3814 2615 facta

546 2672 722 2714 annos
751 2658 779 2695 ά
810 2659 1120 2732 presbyteri
1149 2660 1370 2732 quidam
1417 2659 1584 2736 955
1612 2663 1786 2734 gradu
1815 2664 2021 2733 functi,
2064 2667 2153 2723 vel
2254 2659 2657 2718 obfuscabitur.
2684 2659 2763 2716 Tu
2786 2659 2951 2731 igitur
2978 2660 3070 2730 qui
3100 2658 3327 2714 armatis
3358 2655 3657 2729 pepercisti
3680 2654 3812 2709 hosti-

545 2752 790 2829 ministri
836 2751 1103 2809 Ecclesiae
1147 2752 1507 2809 retrahuntur
1542 2769 1573 2810 a
1603 2770 1835 2812 munere
1879 2762 2073 2823 sacro,
2101 2767 2156 2813 et
2256 2754 2393 2823 bus,
2421 2762 2479 2811 et
2497 2752 2727 2810 servasti
2760 2753 3010 2808 inimicos
3030 2760 3186 2819 tuos;
3214 2766 3305 2817 ne,
3331 2765 3547 2823 quaeso,
3571 2758 3712 2805 tanto
3732 2756 3814 2802 διες

548 2843 720 2899 curize
764 2843 1121 2916 deputantur,
1163 2846 1408 2917 graviter
1435 2846 1700 2918 gemunt?
1731 2857 1755 2885 ο
1781 2847 1916 2904 Nam
1973 2850 2020 2904 si
2061 2851 2156 2921 qui

550 2935 712 2993 vobis
758 2936 1028 3004 militant,
1074 2948 1230 2994 certo
1276 2938 1493 2995 militias
1534 2947 1786 3011 tempore
1830 2952 2153 3009 servantur;

553 3040 760 3102 quanto
783 3031 960 3105 magis
989 3034 1154 3089 etiam
1178 3048 1277 3090 eos
1297 3035 1657 3115 considerare
1679 3034 1910 3104 debetis,
1935 3040 2028 3111 qui
2045 3040 2158 3097 Deo
2259 3046 2454 3094 nanter
2479 3037 2765 3108 acceperis
2794 3051 2882 3092 me
2908 3046 2963 3093 et
3002 3051 3104 3108 pro
3130 3048 3185 3092 te
3214 3045 3270 3092 et
3301 3049 3521 3107 prome
3544 3034 3812 3093 timentem;

550 3125 823 3182 militant!
870 3126 1195 3195 Quomodo,
1231 3129 1451 3200 inquam
1477 3170 1493 3196 ,
1535 3130 1643 3187 hoc
1693 3131 1971 3188 excusabo
2015 3133 2158 3206 apud
2261 3133 2434 3187 sancti
2464 3131 2610 3187 enim
2639 3145 2745 3186 vox
2768 3139 2891 3187 est:
2925 3129 2995 3186 Ut
3021 3130 3146 3200 quid
3191 3132 3361 3201 factus
3384 3146 3507 3184 sum
3538 3129 3703 3183 uidere
3724 3141 3813 3180 cos-

556 3221 873 3292 episcopos,
899 3222 991 3293 qui
1011 3232 1321 3293 queruntur
1346 3223 1415 3281 de
1443 3224 1688 3294 clericis,
1720 3235 1775 3283 et
1802 3226 2160 3299 impressione
2187 3237 2232 3302 ο
2265 3225 2526 3280 tritionem
2547 3224 2726 3296 populi
2753 3224 2855 3278 mei
2886 3223 2907 3294 (
2923 3223 2942 3277 l
2970 3222 3148 3278 Much.
3177 3238 3235 3292 ιι,
3264 3222 3365 3293 7),
3400 3230 3463 3277 ut
3492 3221 3739 3278 oﬁeusam
3757 3219 3813 3271 in.

551 3315 703 3386 gravi
730 3317 936 3372 vastari
961 3317 1211 3374 scribunt
1234 3318 1544 3375 ecclesias?
2259 3334 2477 3377 curram
2525 3320 2663 3377 Dei?
2693 3318 2810 3391 Ego
2854 3328 3007 3376 certe
3049 3318 3196 3390 quod
3245 3318 3697 3376 honoriﬁcentius
3732 3315 3813 3371 ﬁeri

2256 2848 2348 2906 dio
2374 2857 2534 2920 putes
2562 2848 2949 2905 vindicandum
2984 2848 3038 2903 in
3065 2845 3426 2903 christianos.

2328 2942 2419 2998 '55.
2458 2941 2616 2999 Nunc
2665 2951 2745 3007 te,
2792 2941 3129 3013 Imperator,
3178 2955 3347 3013 rogo,
3402 2950 3466 2997 ut
3520 2955 3630 2997 non
3667 2951 3813 3009 asper-

2259 3447 2315 3494 et
2343 3438 2476 3494 edit.
2508 3437 2642 3494 satis
2668 3436 3039 3503 conveniunt,
3074 3434 3177 3490 nisi
3206 3434 3353 3506 quod
3386 3436 3444 3490 in
3489 3433 3579 3490 bis
3612 3433 3810 3506 habetur,

2262 3509 2403 3565 Nam
2432 3526 2549 3564 cum
2580 3511 2617 3563 ii
2645 3510 2767 3582 qui,
2798 3517 2908 3565 etc.
2943 3504 3242 3582 Fornerius
3273 3516 3432 3582 parte
3461 3521 3558 3573 tu,
3587 3508 3754 3562 seleet
3773 3504 3809 3565 'l,

2297 3598 2361 3638 ro
2399 3578 2683 3648 seruentur,
2728 3591 2789 3636 ut
2834 3590 2953 3636 erat
2992 3580 3046 3634 in
3096 3578 3255 3645 edit.,
3309 3580 3431 3636 sive
3482 3587 3737 3635 servantur
3774 3586 3813 3630 α

2283 3663 2454 3725 egunt
2481 3654 2733 3725 plerique
2766 3667 2925 3725 mss.,
2953 3651 3355 3725 emendandum
3388 3661 3550 3722 putat
3594 3651 3808 3725 [mea

2261 3721 2405 3782 ba'ud
2450 3721 2771 3782 incontirue.
2803 3724 3077 3780 Cancrum
3110 3724 3217 3780 hoc
3254 3721 3723 3779 locoAmbrOsius
3754 3721 3811 3773 in—

2259 3796 2405 3872 dicat
2438 3791 2644 3872 leg.__88
2681 3797 2752 3853 de
2802 3795 3092 3872 Decu_rion.
3135 3805 3194 3872 et_
3236 3794 3418 3867 legem
3466 3795 3577 3852 100
3616 3791 3808 3872 ejusdem

2262 3868 2439 3945 tituli2
2466 3865 2662 3939 quibus
2703 3877 2826 3945 post
2861 3865 3311 3945 quinquennium
3340 3876 3577 3945 armata:
3619 3865 3807 3945 militis.

2260 3951 2355 3995 aut
2378 3940 2448 3996 50
2470 3934 2642 3995 annos
2659 3934 2920 4009 palatina}
2945 3934 3247 4010 dignitatis,
3272 3939 3599 4011 immunitas
3616 3934 3811 4011 abitis?

2260 4012 2580 4068 muneribus
2608 4006 2951 4068 conceditur.
2968 4006 3073 4067 Adi
3096 4010 3352 4066 similiter
3372 4011 3483 4080 leg.
3505 4008 3572 4063 12
3589 4010 3650 4064 de
3668 4006 3809 4080 Priati-

630 3444 658 3474 ι
686 3434 823 3510 Reg.
856 3436 983 3510 cod.
1023 3452 1185 3503 unus,
1227 3454 1542 3510 quamquam
1564 3454 1675 3509 prte
1698 3448 1899 3493 caeteris
1924 3439 2035 3510 ipse
2066 3449 2156 3494 tua

559 3509 817 3575 quomodo
842 3509 1098 3582 vindicas,
1130 3525 1248 3563 cum
1278 3526 1383 3582 eos
1426 3509 1634 3564 excludi
1652 3512 1910 3582 jusseris;
1948 3509 2154 3582 reliqui

556 3593 693 3634 mss.
734 3586 793 3636 et
817 3594 1007 3635 omnes
1024 3579 1156 3635 edit.
1185 3589 1245 3635 ut
1273 3580 1327 3635 in
1360 3589 1509 3636 textu
1532 3622 1548 3646 ,
1593 3579 1696 3636 nisi
1725 3582 1867 3651 quod
1902 3596 2002 3651 pro
2028 3579 2156 3648 quo-

561 3651 737 3717 modo,
770 3651 990 3723 quidam
1022 3651 1145 3723 cod.
1179 3652 1385 3723 legunt,
1418 3668 1633 3723 quoque
1661 3652 1835 3707 modo.
1881 3651 2151 3710 Caeterum

561 3730 783 3795 exstant
810 3722 1181 3795 pluresrleges
1222 3721 1278 3779 in
1320 3721 1456 3779 Cod.
1496 3721 1578 3778 tit.
1622 3724 1690 3780 de
1726 3724 1929 3780 litaret.
1958 3727 2154 3795 quibus

563 3792 806 3867 omnium
835 3792 1229 3867 hgreticorum
1267 3794 1651 3851 conventicula
1681 3792 2149 3867 proliihitasunt,

559 3863 837 3936 licetiillic
869 3864 1234 3922 Valentiniani
1266 3867 1551 3936 speciatim
1583 3863 1697 3923 non
1721 3868 2093 3926 nominantur.

526 3990 531 3993 Α
634 3934 663 3974 δ
692 3934 825 4011 Mss.
858 3952 967 4011 non
992 3936 1171 4008 pauci.
1206 3934 1457 3993 Craterum
1478 3939 1598 4011 plus
1623 3940 1877 4007 omnibus,
1906 3952 2015 3996 etc.

640 4018 663 4046 ε
695 4009 825 4082 Mss.
871 4009 1100 4082 aliquot,
1133 4010 1178 4082 si
1203 4012 1371 4082 amico
1402 4009 1497 4065 suo
1529 4010 1727 4081 aliqui,
1756 4012 1803 4066 si
1839 4014 2040 4082 parenti
2065 4022 2155 4068 aut

564 4080 887 4151 prapinquo;
918 4080 1255 4152 deferendum
1290 4081 1417 4146 Deo,
1442 4092 1489 4135 et
1517 4080 1654 4149 eum,
1678 4096 1783 4140 etc.
1840 4080 1848 4082 ἡ

635 4149 664 4189 d
693 4151 807 4189 Nnn
847 4154 1003 4189 nox-mi
1047 4168 1159 4189 mem
1249 4153 1549 4189 sas-nebula.“
1587 4156 1792 4189 nsu'dnm
1845 4163 1928 4189 nlla
1978 4153 2103 4189 Ωιι-δῖ

692 4151 1006 4226 Nonpauci
1047 4168 1205 4226 mss.,
1248 4153 1549 4226 presbyterii
1585 4156 1817 4224 quidam,
1845 4163 1951 4210 etc.
1978 4153 2155 4212 Curia:

564 4237 729 4299 porro
750 4224 1487 4299 ofﬁciumclericismaxime
1514 4239 1800 4299 onerosum
1824 4237 1964 4295 erat,
1986 4244 2156 4299 quan-

565 4294 859 4369 doquidem
887 4295 955 4351 ad
986 4295 1118 4351 illud
1167 4296 1514 4369 tributorum,
1552 4294 2150 4369 acpublicorum'aedi-

564 4365 819 4437 liciorum
869 4382 997 4422 cura
1043 4368 1376 4437 pertinebat.
1413 4365 1711 4426 Onerosius
1761 4379 1942 4426 tamen
1981 4371 2157 4427 adhuc

564 4435 780 4513 fuisset,
812 4439 856 4494 si
882 4435 1211 4513 spectacula
1231 4440 1455 4513 profana
1480 4455 1673 4513 curare
1720 4440 1951 4497 clericos
1994 4457 2157 4513 opor-

566 4507 763 4564 tuisset
785 4551 801 4574 ,
833 4518 892 4565 ut
916 4507 1282 4567 Innocentius
1326 4512 1349 4567 I
1366 4554 1379 4574 .
1412 4511 1673 4567 decretali
1704 4527 1799 4568 sua
1830 4513 1897 4567 ad
1928 4507 2152 4571 Victric.

566 4576 829 4655 ﬁothom.
884 4595 1007 4655 cap.
1054 4582 1123 4637 15
1177 4583 1310 4655 cidit.
1354 4582 1597 4655 Quesn.,
1642 4584 1770 4640 item
1819 4584 1979 4655 epist.
2013 4586 2047 4641 4
2088 4588 2157 4641 ad

568 4649 767 4727 Nuper.
811 4649 1020 4727 eam},
1047 4664 1099 4708 et
1130 4653 1288 4727 epist.
1314 4649 1495 4727 Qarad
1516 4654 1685 4725 episc.
1716 4649 1911 4727 synodi
1951 4656 2153 4726 Tolet.,

568 4722 783 4799 videtur
808 4723 1133 4799 signiﬁcare.
1166 4725 1509 4799 Probabilius
1535 4722 1713 4799 tamen
1742 4722 1825 4783 est
1851 4722 2157 4799 intelligeti-

564 4795 696 4851 dum
731 4795 1147 4853 esse’eumdem
1181 4797 1500 4865 pontiﬁcem
1541 4798 1610 4855 de
1647 4799 1798 4855 laicis
1833 4795 2152 4867 curialibus,

562 4881 702 4941 quos
732 4877 881 4923 vetat
920 4868 1325 4941 iniclericalem
1357 4869 1586 4941 gradum
1628 4871 1900 4941 adoptari.
1951 4873 2157 4930 Saltem

564 4937 819 4996 dubitare
847 4955 956 4996 non
987 4940 1121 4996 licet
1164 4937 1397 4997 clericos
1430 4941 1671 5009 profanis
1699 4937 1807 4998 illis
1833 4943 2156 5001 ministeriis

562 5015 883 5082 neutiquam
914 5013 1083 5069 fuisse
1114 5012 1401 5080 obnoxios,
1430 5013 1558 5068 dum
1585 5014 1700 5070 haec
1729 5014 1999 5072 scriberet
2029 5022 2157 5070 Am-

562 5084 784 5140 brosius
812 5093 1038 5156 noster:
1091 5097 1218 5138 nam
1247 5084 1445 5156 alioqui
1494 5101 1788 5156 numquam
1822 5095 1927 5141 tam
1962 5089 2154 5143 leviter

561 5170 679 5213 rem
712 5155 852 5213 adeo
904 5155 1177 5226 indignam
1209 5155 1585 5227 praeteriisset.
1619 5155 1773 5227 Quod
1805 5158 1871 5214 ad
1914 5159 2016 5213 alia
2060 5176 2157 5215 cu-

559 5227 767 5283 riarum
800 5242 1023 5283 munera
1046 5268 1063 5293 ,
1117 5239 1306 5281 eorum
1346 5226 1618 5284 immunes
1648 5226 1880 5285 clericos
1908 5246 2031 5287 esse
2063 5247 2155 5285 vo-

562 5298 741 5355 luerat
769 5297 1165 5372 Constantinus
1193 5296 1420 5368 Magnus
1447 5299 1565 5370 lege
1593 5300 1629 5354 2
1658 5301 1727 5356 de
1760 5300 2003 5372 episeOp.
2046 5302 2153 5357 Ve:

559 5386 680 5426 rum
710 5386 818 5427 non
846 5369 1011 5425 modo
1037 5369 1289 5425 Julianus
1316 5369 1561 5439 apostata
1591 5369 2148 5430 omnes—clericorum

561 5442 963 5516 immunitates
985 5441 1310 5516 resciderat,
1342 5450 1399 5495 ut
1429 5439 1771 5498 Sozomenus
1814 5444 1911 5516 ιιι).
1941 5461 1991 5513 v,
2023 5460 2144 5516 cap.

563 5510 615 5577 5,
652 5515 749 5570 sed
792 5523 849 5569 et
875 5514 968 5569 alii
1010 5528 1227 5587 quoque
1281 5514 1673 5587 imperatores
1698 5514 1917 5587 easdem
1954 5510 2149 5587 partim

561 5593 980 5653 revocaverant,
1016 5586 1214 5655 partim
1248 5584 1416 5640 variis
1442 5586 1708 5654 appositis
1744 5584 2152 5643 conditionibus

563 5660 984 5730 tgslrinxgrant,
1019 5666 1074 5730 ut
1103 5655 1318 5712 discere
1350 5665 1435 5712 est
1459 5672 1541 5730 ex
1579 5658 1746 5730 variis
1775 5658 1983 5730 legibus
2011 5661 2147 5717 Cod.

568 5720 776 5799 Theo_d.
804 5726 937 5782 Vide
963 5720 1174 5799 pariter;
1192 5743 1352 5799 supra
1384 5728 1542 5795 epist.
1571 5728 1660 5796 18,
1692 5720 1855 5785 num:
1877 5732 1945 5787 i3
1973 5741 2027 5787 et
2056 5733 2145 5799 14.

626 5797 849 5887 fhiie‘g.
879 5797 1087 5887 codex:
1122 5796 1270 5887 hiant
1291 5796 1336 5851 si
1361 5800 1475 5882 quig
1500 5802 1649 5887 'vobjs
1670 5800 1891 5887 militet,
1930 5796 2073 5887 scrip
2097 5822 2151 5860 se

567 5866 768 5922 militiae
792 5856 1018 5937 {erupere
1061 5856 1299 5924 tuetur...
1331 5856 1649 5928 considerari
1692 5856 2147 5948 oportct'sreliqui

2182 4770 2237 4830 D

2258 4100 2369 4139 eor.
2402 4085 2487 4155 qui
2512 4085 2567 4138 in
2597 4099 2760 4145 sacr.,
2794 4090 2928 4148 etc.,
2951 4098 3056 4155 qua
3088 4084 3319 4155 ipsemet
3343 4077 3685 4155 Théodosius
3707 4077 3812 4149 pals

2261 4156 2389 4212 time
2415 4156 2623 4226 militia:
2655 4165 2870 4226 tempus
2898 4154 2968 4210 ad
2995 4154 3062 4210 10
3082 4169 3256 4209 annos
3279 4154 3519 4226 redegit.

2338 4226 2356 4265 τ
2397 4225 2582 4283 Codex
2616 4225 2781 4298 Reg,
2807 4226 2944 4295 quod
2976 4235 3030 4281 tu
3057 4227 3293 4293 iusseris.

2336 4308 2361 4370 β
2410 4299 2653 4370 lntellige
2696 4296 3226 4370 Theodosiiiliberos
3256 4297 3347 4353 hic
3377 4296 3673 4368 designari.

2331 4369 2361 4408 ιι
2399 4368 2611 4427 Omnes
2624 4370 2755 4425 edit.
2789 4368 2855 4425 ac
2876 4368 3126 4440 plurique
3153 4385 3308 4433 mss.,
3341 4369 3614 4425 conveniat
3640 4383 3815 4430 metu:

2262 4460 2509 4511 causam;
2538 4442 2693 4499 Colb.
2732 4456 2906 4511 unus,
2941 4443 3228 4497 conveniat.
3273 4440 3463 4498 Moneo
3511 4457 3577 4497 ue
3608 4455 3811 4497 cum.

2263 4515 2397 4587 Reg.
2432 4526 2489 4570 ut
2518 4530 2619 4571 nos
2648 4514 2701 4570 in
2727 4522 2898 4570 textu.

2342 4584 2365 4625 ἵ
2401 4586 2627 4644 Scilicet
2647 4594 3028 4640 sacramentum
3058 4586 3318 4642 custodire
3357 4584 3637 4642 interdum
3662 4592 3814 4655 eontra

2261 4657 2502 4714 ofﬁcium
2530 4666 2651 4723 est,
2683 4656 3344 4730 quemadtnodumtradit
3374 4659 3609 4730 ipseruet
3637 4664 3815 4713 sanctus

2267 4730 2464 4786 Doctor
2494 4730 2586 4784 lib.
2620 4746 2637 4784 ι
2663 4730 2732 4786 de
2757 4728 2918 4785 Olﬁc.
2951 4744 3074 4799 cap.
3108 4728 3210 4799 50,
3238 4728 3555 4785 ιιιιιιιξῖϐαί.

2338 4801 2351 4851 i
2401 4801 2701 4872 Antiochiae.
2724 4817 2819 4872 per
2842 4798 3167 4857 seditiOnetn
3189 4798 3412 4858 eversas
3436 4816 3563 4858 esse
3588 4798 3816 4856 Flaccilla

2260 4871 2626 4942 imperatricis
2654 4871 2818 4941 atque
2844 4876 3010 4929 etiam
3035 4872 3330 4929 Theodosii
3348 4883 3560 4929 statuas
3576 4872 3815 4929 Zosimus.

2262 4942 2597 5015 Sozomenus
2620 4944 2823 5015 aliique
2839 4945 3139 5015 scriptores
3165 4946 3362 5002 litteris
3380 4945 3813 5015 commendarunt.

2264 5014 2434 5085 Hujus
2486 5030 2649 5087 porro
2689 5013 2966 5072 facinoris
2989 5016 3277 5074 occasione
3324 5033 3451 5074 cum
3507 5017 3737 5072 maximo
3774 5013 3814 5087 in

2262 5084 2407 5143 metu
2434 5084 2620 5143 essent
2647 5087 3044 5144 Antiochenses
3062 5133 3076 5157 ,
3112 5088 3178 5144 ad
3218 5105 3314 5145 eos
3340 5091 3702 5145 consolandos
3725 5084 3817 5157 p01.

2258 5160 2561 5235 cherrimas
2580 5160 2859 5235 orationes
2886 5160 2955 5235 de
2980 5158 3185 5216 Statuis
3214 5161 3407 5235 habuit
3430 5160 3814 5235 Chrysostouuu‘

2259 5231 2436 5288 adhuc
2469 5231 2771 5303 presbyter.
2812 5230 2922 5287 Sed
2970 5246 3236 5288 converso
3267 5234 3487 5289 tandem
3531 5230 3598 5289 ad
3637 5233 3812 5289 mitiora

2260 5304 2484 5376 consilia
2512 5302 2853 5376 Theodosio,
2889 5302 3031 5376 idem
3056 5303 3343 5376 Chrysost.
3368 5305 3529 5362 Orat.
3555 5306 3626 5363 20
3649 5305 3711 5360 ad
3732 5307 3811 5358 ΔΒ·

2260 5373 2424 5445 tioch.
2452 5375 2664 5445 egregie
2683 5375 2856 5445 ipsius
2882 5373 3226 5431 clementiam
3252 5378 3675 5433 commendavit.

2330 5444 2355 5483 ¹ί
2396 5444 2525 5518 Mss.
2553 5444 2730 5510 Helm,
2748 5445 2964 5502 Thuan.
2995 5458 3049 5502 et
3073 5446 3283 5515 Carol.,
3312 5449 3453 5518 ﬁlios
3478 5448 3723 5504 revocasti
3740 5461 3812 5499 sa-

2253 5517 2517 5581 trieudos,
2550 5527 2657 5572 etc.
2679 5518 2814 5585 Qua:
2842 5518 3060 5589 quidem
3109 5518 3272 5575 lectio
3302 5517 3347 5575 Si
3391 5536 3520 5576 vera
3558 5532 3732 5586 esset,
3763 5529 3811 5571 eo

2256 5590 2412 5644 laude
2439 5589 2655 5663 dignior
2676 5590 2973 5645 haberetur
2993 5590 3363 5663 Theodosius,
3389 5595 3480 5663 qui
3508 5603 3697 5648 contra
3718 5604 3811 5659 pro-

2252 5663 2426 5731 priam
2469 5661 2815 5734 securitatem
2845 5662 3098 5717 masculis
3128 5663 3300 5734 hostis
3330 5661 3425 5719 sui
3444 5666 3630 5721 liberis
3655 5675 3810 5734 peper-

2252 5734 2437 5809 cisset.
2497 5732 2875 5809 V_eruu_itamen
2940 5743 3134 5803 przcter
3196 5733 3515 5809 Victorem,
3562 5732 3809 5809 quem__ab

2252 5804 2625 5877 Andragatlrio
2670 5804 3057 5877 interemptum
3088 5815 3274 5862 narrat
3309 5804 3600 5877 Zosimus;
3635 5806 3805 5863 virilem

2252 5874 2462 5946 prolem
2490 5876 2724 5933 Maximo
2747 5874 2917 5935 fuisse
2950 5891 3056 5933 non
3086 5880 3416 5949 reperimus.
