3996 6292
196 324 334 380 1113

1368 317 1861 377 EPISTOLARUM
1901 319 2185 378 CLASSIS
2223 320 2263 375 Ι.

3352 327 3491 386 1111

194 441 391 512 potuit,
422 439 552 508 feci;
583 448 643 496 ut
669 456 757 498 me
780 441 953 513 magis
977 439 1196 497 audires
1219 439 1271 495 in
1296 437 1468 511 regia,
1495 453 1586 507 ne,
1619 439 1664 494 si
1696 453 1793 496 ne-
1817 444 1870 505 Λ
1967 439 2023 496 4.
2065 440 2220 497 Unde
2248 449 2302 496 et
2345 442 2639 513 Apostolus
2681 444 2790 500 ait:
2823 445 2963 514 Quid
3009 445 3199 514 vultis,
3246 447 3300 501 in
3345 448 3493 518 virga

195 546 353 589 cesse
384 541 563 599 esset,
595 534 815 590 audires
843 535 896 588 in
930 533 1194 590 Ecclesia.

574 628 742 702 956
790 637 817 664 ι
870 627 1205 686 EPISTOLA
1261 626 1398 682 xu.

195 723 443 779 Sororem
473 731 532 777 ut
557 722 621 776 de
645 724 712 778 iis
750 739 866 794 qua:
901 739 1179 795 synagoga:
1218 739 1278 776 ac
1325 722 1437 794 [ani
1476 737 1633 791 supra
1677 721 1788 774 dic-

264 828 430 884 torum
452 832 609 870 causa
629 829 920 885 evenerant,
938 818 1202 872 certiorem
1219 819 1398 887 faciat,
1415 819 1572 886 refert
1601 830 1787 884 quem-

263 911 544 965 admodum
611 913 726 966 loco
787 911 1066 968 Hieremia:
1115 912 1178 967 de
1217 912 1545 966 sacerdotum
1588 911 1789 975 verbis,

268 1003 554 1075 explicato,
597 1002 967 1078 Evangelicam
1012 1005 1281 1060 lectionem
1311 1005 1664 1071 enarraverit,
1709 1020 1793 1058 os-

265 1097 485 1151 tenderit
526 1097 638 1151 illic
683 1095 898 1152 Domini
951 1099 1364 1153 misericordiam
1407 1096 1790 1159 commendari,

267 1191 418 1259 cuius
444 1189 579 1244 idem
609 1207 640 1244 a
679 1190 826 1246 nobis
854 1192 1015 1262 exigit
1055 1192 1430 1258 imitationem,
1463 1207 1524 1244 ac
1562 1190 1793 1244 docuerit

267 1300 368 1352 qua
383 1283 584 1338 ratione
603 1284 947 1355 evangelicum
967 1285 1301 1356 peccatricem
1323 1282 1621 1338 Dominicos
1638 1283 1792 1353 pedes

268 1376 512 1443 lavando,
541 1376 815 1449 tergendo,
845 1377 1085 1446 ungenda
1113 1388 1265 1447 atque
1289 1376 1571 1431 osculando
1597 1379 1791 1447 refera—

265 1485 380 1523 mus
398 1486 416 1535 ;
437 1469 631 1540 alioqui
657 1485 751 1524 nos
778 1471 1096 1540 praphelicce
1121 1469 1544 1539 reprehensioni,
1570 1471 1680 1540 {ore
1706 1468 1794 1522 ob-

265 1563 472 1629 noxios;
491 1563 708 1633 denique
728 1579 827 1634 quo
855 1565 1009 1618 modo
1026 1580 1262 1618 sermone
1286 1579 1529 1618 converso
1546 1563 1613 1616 ad
1630 1561 1795 1617 Theo-

267 1659 472 1713 dosium
496 1701 510 1727 ,
545 1657 752 1713 tandem
791 1669 848 1712 ut
887 1669 1148 1714 revocaret
1177 1659 1436 1723 edictum,
1472 1657 1762 1711 obtinuerit.

659 1750 686 1789 δ
727 1750 999 1807 Fursa
1049 1766 1316 1808 souout.

1891 535 2093 588 veniam
2121 534 2189 589 ad
2226 551 2314 590 vos
2336 578 2350 603 ,
2378 553 2445 590 an
2484 537 2536 591 in
2569 536 2846 605 charitale,
2879 538 3168 610 spirituque
3202 548 3498 593 mansuetu-

1894 627 2034 682 dinis
2074 627 2126 699 (Ι
2169 628 2288 683 Cor.
2323 645 2397 698 ιν,
2429 629 2493 685 2|
2516 630 2573 701 )‘l
2604 631 2764 686 Prius
2803 632 2949 687 enim
2979 633 3187 703 virgam
3221 632 3361 688 dixit
3386 675 3398 697 ,
3443 643 3498 688 et

1895 730 2170 792 tamquam
2198 722 2360 796 957
2390 724 2540 795 virga
2573 725 2768 780 nucina
2813 728 3084 796 percussit
3125 736 3407 795 errantes,
3443 736 3502 783 ut

1893 822 2080 884 postea
2130 815 2509 872 consolaretur
2539 833 2635 872 eos
2671 819 2863 889 spiritu
2897 820 3358 877 mansuetudinis.
3392 819 3500 876 Ita-

1893 923 2000 978 que
2027 921 2188 977 quem
2234 907 2380 979 virga
2413 911 2771 965 sacramentis
2819 911 3097 966 abdicavit
3141 912 3498 980 cmlestibus,

1895 999 2148 1056 eumdem
2183 1002 2551 1058 mansuetudo
2574 1004 2836 1060 restituit.
2869 1004 3148 1075 Discipulo
3176 1021 3396 1076 quoque
3420 1016 3498 1061 ta-

1895 1093 1965 1148 lia
1991 1094 2311 1165 praescripta
2342 1094 2524 1161 dedit,
2557 1094 2775 1151 dicens:
2802 1097 2998 1168 Argue,
3027 1097 3258 1165 obsecra,
3288 1099 3500 1170 increpa

1899 1187 1972 1258 (ll
2019 1185 2154 1242 Tim.
2188 1205 2262 1255 tv,
2311 1188 2406 1261 2).
2459 1189 2574 1245 Duo
2615 1190 2784 1257 dura,
2820 1207 2986 1246 unum
3039 1193 3206 1248 mite:
3241 1193 3336 1248 sed
3376 1193 3501 1248 ideo

1895 1279 2065 1345 dura,
2101 1289 2159 1336 ut
2206 1282 2372 1336 etiam
2414 1283 2529 1354 ipsa
2561 1283 2831 1349 molliret;
2866 1284 2995 1354 quia
3035 1285 3178 1338 sicut
3208 1285 3368 1354 aegris
3414 1301 3498 1340 reo

1895 1372 2164 1428 dundanti
2197 1373 2326 1430 felle
2363 1375 2688 1445 corporibus
2729 1375 2979 1431 ciborum
3017 1385 3112 1430 aut
3164 1388 3323 1446 potus
3353 1391 3504 1431 ama-

1897 1466 2080 1522 ritudo
2111 1466 2420 1534 dulcescit,
2451 1479 2505 1523 et
2536 1477 2725 1524 contra
2755 1468 3041 1540 epularum
3073 1470 3314 1525 suavitas
3355 1483 3502 1524 ama-

1897 1561 2124 1618 ritudini
2153 1572 2270 1620 est:
2297 1563 2369 1618 ita
2392 1563 2486 1619 ubi
2509 1565 2724 1620 animus
2747 1574 2832 1621 est
2860 1565 3107 1630 saucius,
3136 1563 3156 1602 τ
3184 1565 3504 1634 voluptariae

1899 1657 2014 1714 fotu
2065 1659 2398 1716 adulationis
2449 1660 2727 1732 aegrescit,
2777 1669 2832 1716 et
2876 1675 3094 1716 rursum
3145 1659 3504 1716 correctionis

1899 1756 2235 1820 temperatur
2263 1752 2645 1808 amaritudine.

268 1845 322 1901 l.
356 1844 662 1901 Sollicitam
707 1845 1054 1900 sanctitatem
1108 1853 1257 1898 tuam
1298 1855 1420 1898 esse
1458 1840 1636 1897 adhuc
1663 1840 1797 1895 scri-
1826 1853 1874 1914 Β
1971 1843 2025 1899 5.
2058 1843 2185 1899 llaec
2212 1843 2280 1899 de
2323 1844 2641 1915 prOphetica
2676 1844 2913 1900 lectione
2942 1843 3106 1900 libata
3137 1844 3287 1900 sint:
3329 1844 3506 1900 Evan-

193 1936 329 1994 bere
358 1937 577 2008 dignata
624 1952 684 1993 es
723 1936 858 1991 mihi
886 1979 900 2002 ,
934 1951 1000 1992 eo
1050 1935 1194 2008 quod
1224 1935 1515 1991 sollicitum
1561 1949 1646 1989 me
1677 1947 1798 1988 esse

197 2029 555 2100 scripserim;
590 2030 735 2084 unde
763 2030 937 2085 miror
963 2029 1106 2100 quod
1131 2028 1342 2084 litteras
1391 2043 1495 2082 non
1525 2028 1800 2096 acceperis

196 2138 374 2191 meas,
402 2123 606 2193 quibus
636 2123 876 2179 refusam
907 2123 1036 2178 mihi
1067 2123 1392 2192 scripseram
1423 2120 1795 2176 securitatem.

190 2215 332 2271 Nam
362 2231 485 2271 cum
520 2228 541 2254 ο
576 2216 808 2272 relatum
832 2225 980 2272 esset
1012 2231 1340 2288 synagogam
1373 2214 1684 2270 Judteorum
1719 2213 1800 2267 in-

190 2324 420 2367 ceusam
452 2324 482 2364 a
517 2310 862 2375 christianis,
897 2320 1120 2364 auctore
1151 2311 1442 2379 episcOpo,
1476 2319 1529 2364 et
1564 2308 1801 2362 Valenti-

192 2405 487 2460 nianornm
512 2406 987 2470 conventiculum;
1016 2405 1226 2472 jussnm
1255 2413 1398 2470 erat,
1429 2421 1513 2457 me
1539 2404 1798 2472 Aquileia:

195 2497 420 2570 posito,
458 2506 517 2553 ut
558 2511 828 2570 synagoga
857 2498 926 2552 ab
970 2497 1229 2567 episcopo
1260 2496 1704 2561 remdilicaretur,
1747 2505 1801 2548 et

193 2592 253 2646 in
305 2591 608 2646 monachos
660 2589 1049 2655 vindicaretur,
1085 2589 1176 2658 qui
1219 2587 1590 2643 incendissent
1632 2585 1800 2640 mdili-

193 2687 345 2742 cium
363 2686 1050 2744 Valentiuiauorum.Tum
1074 2701 1196 2755 ego,
1221 2701 1342 2741 cum
1362 2685 1562 2756 smpius
1588 2685 1800 2757 agendo

193 2795 391 2851 parum
423 2780 750 2852 proﬁcerem
772 2821 784 2842 .
811 2780 1096 2850 epistolam
1120 2779 1246 2834 dedi
1269 2778 1618 2848 imperatori,
1639 2795 1798 2850 quam

193 2872 364 2930 simul
390 2874 540 2939 misi;
569 2883 622 2928 et
647 2873 734 2930 ubi
761 2873 1024 2945 processit
1051 2873 1118 2928 ad
1146 2872 1446 2928 Ecclesium
1473 2913 1486 2938 ,
1523 2871 1664 2927 hunc
1686 2888 1802 2927 scr-

194 2982 421 3024 moncm
452 2968 613 3024 habui
639 2987 653 3024 :

272 3061 328 3115 2.
371 3061 427 3116 ln
477 3061 620 3117 libro
669 3061 988 3133 prophetico
1036 3063 1298 3134 scriptum
1341 3072 1461 3116 est:
1511 3061 1672 3117 Sume
1713 3062 1801 3116 tibi

197 3157 445 3211 baculum
483 3157 728 3225 nucinum
763 3156 992 3228 (Jerem.
1024 3156 1072 3228 ι)
1093 3173 1107 3221 ;
1132 3167 1186 3212 et
1208 3172 1311 3227 qua
1343 3155 1552 3210 ratione
1579 3154 1683 3210 hoc
1723 3154 1804 3209 di—

1899 1936 2026 2008 gelii
2048 1952 2266 2008 quoque
2297 1938 2460 1995 lectio
2501 1939 2628 2010 quid
2663 1937 2864 1995 habeat
2890 1938 3304 1995 consideremus
3340 1956 3354 1994 :
3398 1939 3508 1994 Ro—
3531 1999 3545 2013 _

1901 2033 2036 2102 gavit
2061 2032 2275 2102 quidam
2323 2033 2609 2102 pharisazns
2640 2031 2921 2088 Dominum
2949 2032 3162 2100 Iesum,
3193 2043 3247 2087 ut
3281 2033 3493 2087 mandu-

1902 2136 2042 2180 caret
2086 2127 2423 2190 cumil!o;et
2465 2127 2726 2199 ingressus
2757 2128 2968 2181 domum
3014 2125 3306 2190 Phariswi,
3333 2127 3506 2180 discu-

1902 2218 2029 2272 buit.
2067 2217 2134 2272 Et
2159 2235 2273 2273 ecce
2302 2220 2512 2286 mulier,
2541 2236 2654 2291 quae
2677 2231 2788 2276 erat
2814 2221 2867 2274 in
2898 2221 3104 2275 civitate
3131 2221 3422 2292 peccatrix,
3451 2229 3507 2273 ut

1901 2314 2134 2383 cognovit
2160 2314 2298 2383 quod
2333 2312 2487 2368 Jestts
2515 2316 2756 2369 accubuit
2784 2316 2834 2368 in
2862 2315 3014 2368 domo
3047 2313 3340 2379 Pharisaei,
3375 2299 3510 2368 attu-

1902 2405 1959 2458 lit
1999 2407 2318 2459 alabastrum
2366 2409 2613 2479 unguenti
2656 2423 2675 2461 :
2721 2417 2768 2461 et
2808 2418 2952 2462 stans
2979 2416 3116 2461 retro
3165 2423 3311 2461 secus
3356 2407 3510 2478 pedes

1900 2497 2031 2568 ejus,
2058 2506 2082 2542 8
2106 2496 2349 2567 lacrymis
2375 2499 2524 2569 ca’pit
2549 2499 2721 2569 rigare
2743 2498 2900 2568 pedes
2927 2500 3040 2568 ejus
3066 2496 3222 2569 (Luc.
3247 2513 3342 2563 vn,
3372 2496 3443 2552 56
3465 2507 3511 2550 et

1901 2606 2003 2660 seq.
2022 2588 2066 2661 ).
2093 2588 2160 2643 Et
2182 2591 2394 2661 reliqua
2423 2591 2672 2645 recitavit
2703 2605 2874 2660 usque
2898 2592 2964 2645 ad
2993 2591 3172 2646 locum
3197 2607 3209 2644 :
3237 2587 3397 2645 Fides
3422 2599 3510 2644 tua

1901 2693 1949 2738 te
1976 2684 2174 2739 salvam
2216 2687 2367 2756 fecit,
2401 2685 2529 2739 vade
2559 2686 2612 2738 in
2655 2700 2798 2754 pace.
2849 2684 3024 2752 Quam
3070 2683 3340 2753 simplex,
3385 2682 3513 2736 sub-

1898 2779 2083 2849 juuxi,
2118 2779 2172 2834 in
2203 2779 2386 2834 verbis
2409 2821 2422 2844 ,
2457 2795 2618 2849 quam
2658 2777 2922 2850 profunda
2956 2780 3008 2832 in
3039 2778 3286 2832 consiliis
3329 2776 3507 2832 Evan—

1901 2875 2031 2945 gelii
2066 2874 2260 2929 lectio!
2295 2873 2479 2944 Itaque
2508 2875 2632 2944 quia
2659 2873 2841 2944 magni
2870 2872 3167 2927 consiliarii
3192 2884 3375 2926 sermo
3405 2878 3512 2935 est,

1903 2967 2252 3023 altitudinem
2283 2967 2403 3037 ejus
2434 2967 2850 3021 consideremus
2875 2963 3058 3037 (Esai.
3089 2979 3163 3030 ιχ,
3198 2962 3288 3034 6).

1977 3060 2029 3113 6.
2077 3059 2336 3114 Dominus
2369 3067 2555 3114 noster
2575 3057 2734 3113 .lesus
2760 3056 3012 3112 Christus
3039 3053 3304 3126 judicavit
3335 3053 3508 3125 magis

1907 3155 2160 3210 homines
2207 3152 2489 3209 beneﬁciis
2535 3152 2745 3224 alligari
2794 3167 2998 3223 posse,
3033 3160 3086 3206 et
3117 3150 3398 3221 provocari
3443 3152 3510 3204 ad

196 3250 342 3306 xctit
370 3250 632 3306 Dominus
650 3251 963 3322 prophetae,
994 3251 1252 3307 debemus
1275 3251 1662 3316 considerare;
1691 3266 1799 3306 non
1829 3252 1874 3315 C
1905 3262 1966 3304 ea
1993 3245 2016 3283 ³·
2049 3261 2168 3317 qua:
2198 3255 2324 3301 sunt
2365 3254 2514 3300 recta
2561 3243 2809 3299 facienda
2832 3283 2847 3309 ,
2882 3257 3041 3314 quam
3071 3252 3248 3297 metu:
3282 3241 3509 3312 plusque

195 3344 380 3400 otiose
423 3345 624 3400 etenim
657 3346 922 3415 scriptum
971 3356 1091 3410 est;
1121 3344 1561 3416 quandoquidem
1609 3355 1662 3399 et
1689 3342 1714 3380 ιι
1748 3346 1800 3399 in

197 3438 576 3495 Peutateucho
600 3439 835 3509 legimus
861 3438 1005 3510 quod
1030 3438 1179 3509 virga
1201 3438 1406 3493 nucina
1425 3441 1602 3492 Aaron
1621 3451 1802 3493 sacer-

195 3530 369 3598 dotis,
404 3547 524 3587 cum
553 3531 647 3588 diu
667 3531 904 3605 reposita
933 3532 1144 3596 fuisset,
1167 3530 1400 3586 efﬁoruit
1428 3529 1627 3602 (Num.
1654 3545 1761 3584 xvn
1783 3571 1798 3598 ,

197 3625 285 3698 8).
308 3624 437 3680 Nam
460 3626 672 3683 videtur
692 3642 790 3698 per
811 3627 1016 3698 virgam
1046 3636 1069 3661 θ
1096 3625 1402 3696 signiﬁcare
1423 3624 1566 3696 quod
1595 3623 1801 3679 directa

195 3732 329 3774 esse
373 3717 567 3774 debeat
620 3718 906 3790 prophetia
945 3719 1030 3773 vel
1072 3717 1424 3772 sacerdotalis
1469 3717 1800 3781 auctoritas;

195 3820 259 3867 ut
304 3825 411 3866 non
458 3820 567 3867 tam
611 3811 995 3878 delectabilia,
1039 3825 1198 3881 quam
1232 3809 1385 3864 utilia
1417 3809 1762 3880 persuadeat.

277 3908 333 3962 3.
377 3905 616 3978 Ideoque
641 3907 895 3960 nucinnm
920 3905 1169 3960 baculum
1201 3919 1418 3959 sutnere
1439 3903 1662 3974 jnbctnr
1684 3917 1802 3974 pro-

195 4000 370 4072 pheta
391 4043 405 4068 ,
438 4001 564 4072 quia
596 4008 912 4056 memoratae
946 4015 1165 4069 pomum
1215 4000 1430 4053 arboris
1460 4014 1704 4052 amarum
1748 3998 1803 4053 in

195 4098 406 4152 cortice
433 4137 448 4164 ,
489 4097 686 4152 durum
738 4098 790 4151 in
822 4104 957 4152 testa
982 4140 996 4163 ,
1046 4096 1194 4151 intus
1219 4106 1302 4151 est
1350 4097 1720 4163 fructuosum;
1751 4107 1808 4151 ut

195 4189 270 4244 ad
323 4189 442 4260 ejus
489 4189 903 4245 similitudinem
951 4188 1214 4260 pr0pheta
1247 4204 1462 4261 quoque
1515 4205 1696 4243 amara
1753 4198 1806 4244 et

197 4285 341 4338 dura
367 4284 688 4354 praetendat,
711 4294 765 4340 ct
785 4284 1108 4339 denuntiare
1137 4283 1307 4339 tristia
1334 4299 1440 4338 non
1466 4283 1804 4339 reformidet.

197 4376 476 4434 Similiter
519 4378 686 4433 etiam
737 4376 1027 4440 sacerdos,
1069 4376 1194 4446 quia
1234 4375 1526 4446 prmceptio
1557 4375 1674 4446 ejus
1706 4375 1805 4430 etsi

197 4471 270 4526 ad
321 4479 533 4541 tempus
582 4470 849 4541 aliquibus
898 4484 1080 4524 amara
1129 4470 1402 4536 videatur,
1434 4478 1488 4524 et
1533 4481 1804 4539 tamquam

199 4567 358 4638 virga
386 4567 567 4621 Aaron
595 4565 833 4636 reposita
864 4564 957 4620 diu
991 4565 1041 4618 in
1065 4564 1286 4619 auribus
1309 4562 1803 4628 dissimulantium;

199 4673 388 4717 tamen
419 4660 715 4733 aliquando
741 4676 860 4716 cum
887 4659 1188 4715 aestimatur
1211 4659 1451 4726 aruisse,
1487 4658 1748 4714 ﬂorescit.

293 4815 318 4843 ⁸
358 4805 566 4875 Scripta
594 4818 738 4858 anno
769 4803 895 4858 388.

285 4877 312 4915 δ
353 4869 512 4933 Rom.
538 4875 670 4931 edit.
696 4875 748 4930 in
777 4889 880 4945 qua
913 4873 1144 4945 primum
1174 4871 1388 4945 vulgata
1415 4869 1811 4945 fui_t_heec__epi-

201 4951 511 5015 stola,cam
542 4940 824 5002 inscribit}
859 4943 1160 5000 Ambrosius
1179 4940 1811 5015 episcopusllfarcellinw

200 5013 411 5088 sorori;
441 5018 564 5073 cod.
613 5019 746 5089 Reg.
774 5020 825 5073 in
859 5032 968 5087 quo
997 5015 1118 5089 solo
1160 5013 1406 5068 eamdem
1455 5013 1608 5089 licuit
1645 5027 1804 5079 repo-

201 5097 349 5156 rirc,
391 5081 721 5161 simplicius"
750 5081 1013 5159 praeﬁgit,
1044 5085 1250 5161 _Fr_ater
1296 5085 1487 5138 sorori.
1535 5081 1806 5138 Caeterum

205 5165 354 5220 hanc
386 5157 556 5231 ipsain
581 5157 867 5231 epistolam
897 5157 1004 5214 tam
1026 5157 1281 5231 distincte
1311 5167 1527 5231 tamque
1549 5170 1809 5231 expresse

201 5226 707 5308 signat-Paulinus,
733 5243 792 5289 ut
817 5233 1098 5297 dubitare,
1128 5229 1257 5300 quin
1288 5243 1416 5283 vere
1448 5226 1807 5282 Ambrosiana

203 5307 284 5364 sit
304 5350 316 5371 ,
351 5308 481 5363 nulli
515 5307 803 5375 possimus.

290 5392 310 5416 τ’
354 5381 429 5436 Ita
473 5371 608 5448 R'eg.
634 5376 779 5448 cod;
809 5386 861 5430 at
891 5375 944 5430 in
973 5373 1269 5448 Rom._edit
1295 5371 1529 5448 legitur:
1567 5372 1810 5448 Relatum

204 5463 340 5506 esset
380 5443 684 5521 imperdtori
736 5447 1088 5521 Synagogant
1120 5443 1423 5521 Judteomm
1467 5445 1522 5521 in
1575 5443 1811 5511 partibus

207 5515 464 5578 Orientis"
493 5515 849 5574 lncensamf...
885 5515 967 5574 ’ρι’
988 5517 1469 5572 Valentinianorum
1500 5515 1693 5570 lucum.
1719 5556 1730 5568 .
1758 5558 1769 5568 .
1795 5555 1808 5568 .

203 5597 304 5667 qui
355 5593 704 5648 incendissent
757 5593 946 5646 locum.

289 5664 315 5703 ει
359 5667 517 5720 Rom.
553 5664 710 5729 edit.,
748 5666 801 5717 in
847 5661 1215 5730 heptateucho,
1249 5675 1353 5730 qua
1397 5673 1532 5714 voce
1564 5659 1619 5714 in
1672 5659 1808 5728 psal.

203 5753 436 5810 quoque
460 5749 656 5810 cxvut,
685 5751 850 5810 set-ru.
883 5734 976 5798 2t,
1013 5733 1280 5810 manu”,
1307 5745 1442 5810 usus
1472 5738 1556 5786 cst
1585 5730 1811 5810 A‘mbro-

206 5802 366 5872 s'ins',
397 5807 488 5864 ubi
509 5809 615 5862 vim
648 5806 892 5876 ejusdem
924 5803 1174 5876 vocabuli
1201 5803 1580 5876 explicuimus.
1613 5802 1813 5876 Penta-

208 5881 451 5938 teuchus
469 5893 600 5936 vero
619 5873 856 5949 quinque
879 5875 1141 5932 librorum
1163 5875 1362 5945 Moysis
1381 5873 1688 5945 complexio
1707 5883 1811 5929 est.

1906 3339 2228 3395 charitatem
2274 3339 2540 3408 prolicere
2562 3379 2576 3404 ,
2607 3352 2771 3408 quam
2803 3335 3145 3392 formidinem
3191 3335 3256 3389 ad
3286 3350 3508 3390 correc-

1909 3435 2135 3489 tionem.
2170 3433 2357 3503 Itaque
2395 3431 2660 3502 praemisit
2697 3430 2963 3502 gratiam,
2995 3429 3222 3486 veniens
3261 3444 3359 3499 per
3390 3427 3511 3483 Vir-

1905 3530 2045 3602 ginis
2087 3539 2339 3601 partum;
2372 3538 2428 3584 ut
2458 3529 2513 3584 in
2542 3529 2816 3601 baptismo
2859 3536 3078 3599 peccata
3121 3525 3374 3588 donaret,
3403 3540 3514 3595 quo

1905 3625 2008 3680 sibi
2037 3623 2242 3680 faceret
2270 3625 2556 3695 gratiores.
2588 3621 2792 3676 Deinde
2819 3621 2862 3676 si
2895 3618 3260 3689 competentia
3291 3615 3305 3653 ί
3341 3614 3510 3688 gratis

1906 3718 2038 3772 viris
2065 3716 2248 3772 ofﬁcia
2295 3728 2719 3785 reponeremus,
2753 3713 2920 3782 ipsius
2955 3713 3146 3782 gratiae
3188 3723 3508 3765 remunera-

1909 3810 2111 3865 tionem
2145 3809 2378 3864 futuram
2422 3809 2662 3862 onminm
2709 3807 2763 3860 in
2797 3805 2900 3861 hac
2933 3805 3158 3859 muliere
3188 3803 3509 3859 declaravit.

1907 3905 2040 3960 Nam
2069 3905 2116 3959 si
2160 3903 2538 3958 tantummodo
2572 3902 2744 3971 prima
2780 3901 2958 3955 debita
2989 3899 3151 3954 nobis
3179 3896 3512 3961 remisisset,

1909 3999 2184 4054 videretur
2210 3999 2439 4063 cautior,
2472 4011 2634 4066 quam
2684 3993 3090 4064 indulgentior;
3119 3989 3512 4045 correctionis-

1909 4095 2061 4162 quei
2123 4091 2496 4162 providentior
2538 4103 2698 4159 quam
2748 4084 3212 4142 remunerationis
3260 4082 3508 4153 magniﬁ-

1909 4185 2141 4240 centior.
2176 4183 2405 4254 Augusti
2449 4181 2613 4237 animi
2657 4181 2774 4234 sola
2816 4179 3014 4233 astutia
3049 4187 3166 4240 est,
3197 4185 3255 4230 ut
3286 4175 3511 4230 illiciat:

1914 4280 2023 4334 Deo
2050 4288 2231 4334 autem
2259 4277 2550 4343 convenit,
2575 4285 2631 4329 ut
2653 4290 2790 4346 quos
2815 4273 3121 4328 invitaverit
3144 4286 3238 4342 per
3256 4271 3508 4341 gratiam,

1909 4373 2128 4430 eosdem
2165 4374 2351 4443 gratia:
2383 4373 2555 4441 ipsius
2579 4370 2929 4426 incrementis
2963 4367 3246 4438 provehat.
3275 4365 3513 4437 Ideoque

1913 4468 2070 4524 nobis
2119 4478 2174 4523 et
2222 4476 2346 4522 ante
2377 4465 2539 4521 donat
2588 4481 2685 4536 per
2725 4466 3053 4536 baptismum
3079 4505 3093 4532 ,
3123 4472 3178 4519 et
3219 4470 3341 4531 post
3371 4460 3515 4516 bene

1913 4562 2276 4620 servientibus
2308 4562 2559 4617 uberiora
2588 4560 2838 4630 largitur.
2864 4558 2938 4613 Ita
2963 4572 3095 4628 ergo
3119 4555 3320 4612 Christi
3349 4555 3516 4611 benc-

1833 4651 1884 4710 D
1913 4656 2030 4712 licia
2057 4666 2109 4712 et
2137 4655 2410 4712 incentiva
2435 4653 2658 4710 virtutis
2686 4662 2740 4707 et
2767 4652 2990 4724 prmmia
3022 4659 3173 4705 sunt.

1992 4808 2014 4833 ι’
2055 4796 2214 4850 Rom.
2244 4795 2403 4857 edit.,
2431 4793 2718 4865 signiﬁcari
2759 4790 2897 4862 quod
2943 4791 3140 4844 directa
3189 4803 3297 4844 esse
3338 4787 3514 4841 debeat

1915 4867 2216 4940 prOpltetica
2237 4909 2250 4933 ,
2283 4877 2390 4921 etc.

1993 4931 2024 4977 Γ
2055 4939 2214 4993 Rom.
2238 4931 2407 4999 'mss.,
2439 4935 2857 4990 volnutariw.....
2888 4931 3248 5001 correptionis.

1989 5023 2014 5057 ις
2054 5011 2189 5079 Reg.
2224 5009 2392 5065 codex
2413 5051 2428 5072 ,
2483 5007 2748 5077 Lacrymis
2777 5007 2978 5076 rigabat
3024 5005 3176 5079 pedes
3201 5005 3356 5079 ejus:
3387 5010 3512 5070 post

1915 5101 2034 5154 qua:
2061 5075 2310 5154 omissis,
2341 5091 2400 5154 et
2426 5075 2632 5148 reliqua
2648 5075 2889 5154 recitavit
2909 5075 3069 5154 usque
3096 5075 3167 5128 ad
3193 5075 3364 5126 locum
3382 5112 3398 5135 ,
3422 5081 3516 5154 to-

1917 5146 2022 5210 tam
2056 5152 2350 5223 evangelici
2387 5146 2564 5207 textus
2587 5150 2794 5223 seriem
2825 5146 3286 5223 ad_li_t‘ietn.usqne
3313 5146 3510 5223 capitis

1916 5214 2282 5295 prosequitur.
2329 5224 2393 5278 Et
2439 5223 2539 5277 hac
2567 5221 2792 5277 decursa
2827 5219 3042 5281 subdit,
3089 5216 3257 5283 Quum
3293 5214 3515 5286 simplex

1913 5302 1970 5353 in
1998 5299 2162 5352 verbis
2182 5339 2196 5362 ,
2229 5307 2334 5351 etc.

1989 5369 2012 5406 ιι
2057 5356 2200 5424 Idem
2227 5369 2423 5431 codex,
2445 5381 2559 5438 qua:
2587 5374 2704 5420 sunt
2727 5373 3075 5438 recta,_quam
3100 5369 3269 5423 metu;
3297 5356 3516 5428 plusque

1915 5441 2166 5498 charitate
2200 5433 2477 5510 proﬁcere,
2511 5453 2666 5506 quam
2698 5433 3008 5510 formidine,
3041 5441 3146 5510 etc.

1997 5512 2011 5550 ί
2061 5499 2226 5574 ΙΙ)ἰ‹1.’.
2261 5499 2548 5580 gratiarum
2591 5509 2642 5561 in
2690 5499 2782 5559 nos
2825 5504 3006 5573 ofﬁcia
3055 5499 3509 5572 despcnderemus,

1919 5586 2058 5640 forte
2092 5583 2534 5654 rcpenderemns.

1994 5658 2006 5706 i
2059 5643 2350 5712 Ita'codex
2396 5666 2556 5708 manu
2604 5655 2902 5703 exaratus:
2943 5655 2998 5698 at
3025 5644 3183 5700 Rom.
3231 5643 3362 5701 edit.
3399 5645 3516 5700 hinc

1919 5739 2126 5784 tantum
2159 5727 2356 5790 habet,
2405 5719 2778 5794 providentior.
2828 5718 3051 5790 Augusti
3097 5732 3314 5794 uanique
3355 5718 3516 5772 animi

1919 5810 1993 5856 est
2015 5840 2030 5868 ,
2067 5809 2123 5854 ut
2165 5789 2382 5863 illiciat,
2406 5789 2518 5848 non
2552 5799 2723 5846 autem
2752 5789 3067 5846 promoveat.
3107 5789 3368 5857 Ideoque,
3408 5797 3515 5845 etc.
