3996 6292
503 266 640 325 1115

1819 264 2068 326 8ΔΝΟἸῚ
2112 264 2436 330 ΑΙΒΒθθιΙ

3667 279 3780 336 ιιιι

573 385 622 440 7.
659 392 685 422 α
724 382 833 442 Sed
865 399 1028 442 nemo
1055 383 1376 442 vocabulum
1415 381 1749 443 feneratoris
1791 379 2102 440 horrescat.
2134 384 2184 444 Δ
2201 382 2460 454 judicasti
2481 381 2634 456 (Luc.
2657 399 2751 454 vn,
2775 385 2869 453 t2,
2890 385 3020 460 ιδ).
3053 387 3332 444 Laudatur
3375 387 3638 446 Pharismi
3657 392 3781 461 judi-

499 473 722 532 Fuim’us
771 486 900 533 ante
945 477 1048 534 sub
1095 465 1406 534 feneratore
1437 475 1613 545 duro,
1644 477 1735 549 qui
1786 475 1890 534 nisi
1931 484 2108 535 morte

498 569 765 628 debitoris
809 565 1018 641 expleri
1065 585 1131 628 ac
1175 570 1366 626 satiari
1397 569 1651 642 nequiret
1697 567 1862 642 (Luc.
1891 566 2104 640 λιι).

465 725 470 730 ,
503 664 663 722 Venit
709 663 972 721 Dominus
1016 666 1216 734 Jesus,
1248 665 1384 721 vidit
1423 663 1450 704 ιι
1489 665 1648 737 gravi
1693 680 1800 722 nos
1838 663 2108 738 obligatos

498 761 710 817 fenore.
755 756 927 816 Nemo
975 757 1134 816 fenus
1184 775 1343 816 suum
1397 755 1725 831 patrimonio
1774 758 2106 816 innocentia

499 869 610 910 suae
638 860 854 926 poterat
882 853 1194 910 exsolvere:
1218 839 1288 910 de
1315 869 1440 910 meo
1459 895 1474 920 ,
1503 853 1650 912 unde
1671 868 1758 911 me
1787 852 2106 923 liberarem,

501 947 706 1004 habere
757 962 865 1004 non
919 957 1197 1020 poteram,
1253 963 1456 1006 novum
1515 963 1689 1021 genus
1745 947 2106 1006 absolutionis

437 1091 444 1096 .
501 1041 632 1098 mihi
678 1040 904 1109 detulit;
940 1046 998 1097 ut
1044 1041 1382 1099 creditorem
1435 1051 1745 1108 mutarum,
1776 1041 1903 1114 quia
1949 1038 2108 1098 fenus

501 1131 644 1190 unde
669 1133 938 1190 solverem
960 1174 976 1202 ,
1009 1148 1118 1190 non
1154 1133 1446 1192 habebam.
1483 1123 1768 1190 Debitores
1793 1143 1976 1192 autem
2005 1147 2106 1190 nos

506 1245 613 1286 non
641 1239 860 1295 natura,
887 1228 984 1285 sed
1004 1227 1163 1300 culpa
1191 1226 1426 1297 fecerat;
1464 1227 1701 1300 peccatis
1727 1227 1872 1284 enim
1901 1227 2106 1284 nostris

501 1339 606 1380 aera
637 1322 823 1394 gravia
854 1323 1241 1379 contraximus
1260 1365 1276 1392 ,
1307 1323 1476 1397 958
1497 1331 1554 1378 ut
1581 1336 1830 1380 essemus
1859 1321 2102 1389 obnoxii,

499 1417 588 1488 qui
635 1432 856 1472 eramus
909 1416 1101 1482 liberi;
1149 1417 1367 1472 debitor
1411 1417 1558 1472 enim
1605 1427 1728 1482 est,
1771 1415 1864 1488 qui
1893 1414 2104 1488 aliquid

499 1511 711 1582 accepit
745 1511 815 1568 de
856 1510 1193 1570 feneratoris
1241 1512 1498 1586 pecunia.
1555 1513 1848 1570 Peccatum
1897 1527 2030 1570 vero
2071 1527 2106 1570 tt

499 1606 719 1663 diabolo
754 1615 870 1662 est:
904 1616 1176 1680 tamquam
1209 1609 1260 1664 in
1295 1609 1413 1680 ejus
1447 1609 1778 1680 patrimonio
1809 1609 1908 1663 has
1939 1607 2108 1666 habet

496 1693 696 1770 impius
722 1715 888 1771 opes;
913 1701 1055 1756 sicut
1075 1701 1222 1756 enim
1245 1699 1450 1759 Christi
1474 1701 1678 1758 divitia:
1703 1701 1932 1758 virtutes
1952 1710 2100 1770 sunt,

2211 473 2356 529 ciunt
2378 516 2394 540 ,
2421 475 2515 531 sed
2546 477 2791 549 arguitur
2827 477 3074 538 allectos.
3111 482 3185 537 De
3209 482 3336 538 aliis
3385 483 3530 540 bene
3575 484 3782 555 iudicat:

2208 568 2305 624 sed
2346 567 2488 641 quod
2539 571 2608 628 de
2649 569 2771 628 aliis
2799 573 3080 646 opinatur,
3109 575 3226 648 ipse
3275 576 3612 637 mercdis.
3639 579 3781 636 Audis

2208 661 2522 720 laudantem
2563 663 2812 722 Judaeum
2857 667 3118 726 Ecclesiae
3158 669 3545 742 disciplinam,
3587 671 3781 744 ejusqn

2209 771 2392 816 veram
2414 759 2640 829 gratiam
2667 759 3053 830 praedicantem
3068 804 3085 828 ,
3109 761 3474 820 honorautem
3501 763 3781 821 sacerdotes

2211 849 2502 920 Ecclesiae,
2538 860 2561 890 θ
2606 851 2844 909 hortaris
2875 863 2934 910 ut
2967 856 3184 924 credat,
3215 858 3430 922 renuit;
3474 857 3551 914 ita
3583 860 3717 928 quod
3740 861 3782 914 is

2208 946 2367 1002 nobis
2409 946 2624 1016 laudat,
2669 949 2787 1020 ipse
2831 965 2942 1006 non
2991 954 3259 1023 sequitur.
3299 951 3418 1008 Non
3471 947 3608 1024 ergo
3649 954 3781 1025 plena

2206 1041 2324 1112 ejus
2347 1037 2588 1098 laudatio
2613 1050 2724 1112 est,
2756 1044 2882 1114 quia
2911 1043 3119 1101 audivit
3145 1061 3176 1100 a
3198 1043 3462 1102 Christo:
3491 1043 3782 1120 licetqui-

2205 1137 2370 1204 casti;
2415 1152 2539 1192 nam
2581 1147 2637 1192 et
2687 1136 2822 1194 Cain
2871 1146 3026 1196 recte
3062 1137 3304 1207 obtulit,
3351 1139 3456 1198 sed
3499 1156 3610 1195 non
3661 1149 3782 1196 recte

2206 1229 2437 1286 divisit:
2469 1231 2701 1304 ideoque
2740 1231 2878 1288 dixit
2915 1231 2997 1288 illi
3062 1231 3209 1290 Deus
3255 1233 3368 1289 :Si
3416 1241 3556 1290 recte
3585 1231 3780 1301 olera,

2207 1337 2310 1376 uou
2341 1332 2479 1378 recte
2518 1332 2689 1380 autem
2729 1323 2933 1380 dividas
2953 1341 2973 1380 :
3002 1325 3254 1396 peccasti,
3286 1326 3502 1396 quiesce
3527 1323 3689 1396 (Ceu.
3721 1340 3779 1391 iv,

2208 1414 2296 1490 7).
2331 1415 2476 1488 Ergo
2515 1427 2571 1474 ct
2611 1416 2704 1474 hic
2744 1425 2895 1475 recte
2937 1417 3109 1490 οδε
3153 1417 3391 1483 obtulit,
3441 1418 3574 1489 quia
3606 1417 3781 1488 judical

2204 1509 2486 1568 Christum
2535 1525 2564 1564 a
2619 1509 2938 1567 christianis
2983 1511 3217 1581 amplius
3265 1509 3650 1582 diligendum;
3685 1509 3780 1580 quia

2205 1603 2374 1658 multa
2413 1602 2569 1660 nobis
2601 1613 2818 1674 peccata
2849 1603 3111 1661 donavit:
3139 1603 3237 1660 sed
3267 1621 3380 1660 non
3411 1613 3566 1660 recte
3593 1603 3778 1668 divisit,

2204 1697 2331 1768 quia
2389 1698 2600 1769 putavit
2630 1698 2780 1770 quod
2823 1708 3044 1770 peccata
3081 1699 3368 1754 hominum
3423 1708 3614 1770 posset
3656 1699 3780 1770 igno-

497 1794 568 1848 ita
598 1793 803 1850 diaboli
851 1809 983 1864 opes
1009 1793 1240 1850 crimina
1281 1803 1430 1852 sunt.
1467 1794 1777 1866 Redegerat
1806 1795 2103 1850 humanum
2137 1795 2185 1858 B
2211 1805 2366 1856 rare,
2395 1791 2486 1861 qui
2519 1790 2840 1848 hominibus
2873 1801 3101 1863 peccata
3126 1792 3459 1848 dimitteret.

491 1875 664 1958 genus
692 1887 746 1942 in
781 1897 1102 1959 perpetuam
1129 1888 1504 1962 captivitatem
1537 1899 1560 1927 ο
1587 1888 1843 1961 obnosia:
1869 1887 2102 1945 incredi-

497 1981 622 2036 tatis
649 1981 802 2052 gravi
827 1981 1015 2038 fenore
1032 1980 1212 2056 ,_quod
1235 1985 1510 2038 obteratus
1535 1987 1727 2038 auctor
1757 1980 1824 2036 ad
1850 1990 2100 2054 posteros

496 2073 564 2128 de
589 2058 832 2130 fenerata
853 2075 1206 2149 successione
1235 2074 1638 2131 transmiserat.
1663 2073 1821 2130 Venit
1841 2073 2101 2130 Dominus

497 2165 655 2223 lesus
681 2207 696 2230 ,
727 2175 962 2224 mortem
1002 2182 1158 2224 suam
1216 2183 1312 2238 pro
1360 2173 1539 2224 morte
1577 2168 1821 2224 omnium
1869 2167 2099 2233 obtulit,

498 2261 816 2331 sanguinem
847 2275 1004 2317 suum
1035 2277 1138 2334 pro
1166 2263 1432 2334 sanguine
1459 2261 1593 2318 fudit
1623 2262 2027 2320 universorum.

570 2355 626 2408 8.
670 2353 997 2410 Mutavimus
1041 2370 1172 2427 ergo
1223 2355 1586 2424 creditorem,
1634 2371 1744 2412 non
1797 2355 2100 2422 emisimus;

501 2445 667 2500 immo
705 2447 1000 2512 evasimus,
1028 2454 1210 2504 utanet
1236 2447 1380 2503 enim
1426 2447 1700 2514 debitum,
1733 2449 1890 2506 fenus
1937 2449 2105 2506 inter-

498 2536 648 2604 cidit,
669 2535 884 2595 dicente
912 2539 1141 2596 Domino
1167 2539 1298 2596 Jesu
1323 2541 1482 2612 quiin
1508 2541 1726 2598 vinculis
1739 2551 1860 2596 sunt
1879 2559 1893 2595 :
1913 2538 2102 2610 Exite;

499 2641 547 2686 et
567 2633 647 2688 his
671 2634 758 2703 qui
780 2633 835 2688 in
862 2650 1064 2690 carcere
1091 2644 1210 2690 sunt
1229 2651 1248 2690 :
1274 2634 1576 2701 Proceditc;
1591 2634 1812 2692 dimissa
1830 2645 1957 2692 sunt
1971 2650 2105 2706 ergo

500 2733 718 2794 peccata
752 2735 929 2781 vestra
975 2724 1161 2799 (Esai.
1195 2743 1321 2783 xuii
1343 2769 1358 2794 ,
1381 2726 1478 2800 9).
1511 2727 1776 2784 Omnibus
1829 2727 1992 2798 igitur
2021 2727 2103 2784 di-

499 2818 683 2886 misit,
711 2834 812 2876 uec
837 2819 1125 2892 quisquam
1147 2830 1264 2889 est,
1296 2819 1382 2877 cui
1408 2837 1516 2876 non
1539 2819 1817 2876 relaxarit.
1843 2819 1934 2878 Sic
1958 2819 2101 2878 enim

495 2912 757 2982 scriptum
783 2921 888 2978 est,
907 2913 1031 2984 quia
1064 2913 1288 2970 donavit
1313 2914 1488 2968 omnia
1513 2913 1704 2970 delicta
1721 2955 1737 2980 ,
1766 2911 1942 2968 deleas
1965 2913 2104 2984 quod

493 3007 763 3060 adversum
805 3023 899 3062 nos
938 3019 1046 3064 erat
1089 3001 1498 3080 chirographum
1539 3007 1734 3063 decreti
1767 3003 2002 3082 (Coloss.
2031 3021 2100 3076 it,

496 3100 594 3165 15,
640 3097 768 3171 id).
819 3097 929 3154 Cur
973 3115 1072 3156 nos
1117 3099 1348 3156 aliorum
1407 3111 1657 3158 tenemus
1706 3099 2100 3172 chirographa,

2281 1887 2366 1942 ll.
2390 1885 2622 1958 Ideoque
2645 1886 2721 1941 ait
2739 1886 2948 1942 Simoni
2980 1905 2994 1941 :
3037 1886 3192 1942 Vides
3221 1889 3360 1944 hanc
3381 1887 3689 1943 mulierem?
3711 1886 3784 1942 ls-

2205 1981 2336 2035 tratu’
2361 1980 2414 2035 in
2441 1980 2650 2036 domum
2679 1989 2842 2048 tuam,
2870 1997 3056 2052 aquam
3085 1981 3305 2053 pedibus
3339 1982 3470 2036 uicis
3499 1997 3606 2036 nou
3642 1981 3783 2036 dedis-

2203 2073 2241 2128 ti
2271 2090 2289 2128 :
2317 2073 2426 2129 hcc
2465 2083 2640 2130 autem
2679 2073 2922 2146 lacrumis
2947 2075 3056 2130 suis
3082 2076 3268 2147 rigavit
3294 2077 3454 2146 pedes
3478 2091 3621 2130 sucos
3645 2074 3782 2147 (Las.

2204 2183 2308 2236 vn,
2337 2167 2453 2240 id).
2482 2168 2686 2224 Omnes
2704 2185 2872 2226 unum
2898 2184 3096 2242 corpus
3123 2169 3326 2226 Christi
3357 2186 3582 2235 sumus,
3617 2169 3784 2224 enica-

2207 2269 2306 2330 put
2327 2261 2488 2327 Deus,
2515 2263 2759 2318 membra
2785 2270 2966 2318 autem
2987 2276 3091 2318 nos
3111 2275 3302 2318 sumus
3334 2261 3542 2336 (lCor.
3563 2278 3654 2329 ιιι,
3679 2261 3778 2330 ti):

2205 2353 2298 2408 alii
2329 2353 2563 2412 fortasse
2609 2355 2785 2422 oculi,
2819 2365 2873 2410 ut
2929 2357 3208 2427 prophetae
3237 2375 3255 2410 :
3285 2355 3524 2412 dentes:
3566 2367 3626 2411 ut
3676 2371 3780 2427 apo-

2204 2449 2332 2505 stoli
2357 2489 2376 2517 ,
2419 2450 2512 2522 qui
2543 2449 2888 2521 Evangelicaa
2927 2451 3332 2522 praedicationis
3371 2452 3560 2507 cibum
3609 2452 3782 2506 nostris

2205 2541 2453 2598 infudere
2485 2541 2835 2612 pectoribus;
2865 2543 3170 2614 meritoque
3203 2543 3476 2614 scriptum
3503 2555 3625 2600 est:
3656 2545 3781 2599 Oculi

2203 2641 2318 2712 ejus
2357 2638 2548 2694 hilares
2589 2655 2622 2692 a
2657 2639 2798 2704 uino,
2825 2648 2874 2693 et
2908 2639 3086 2694 dentes
3112 2637 3448 2694 candidiores
3485 2641 3624 2694 lacte
3645 2639 3776 2709 (Ceu.

2205 2747 2358 2800 sua,
2381 2730 2488 2803 12).
2507 2731 2646 2789 Sunt
2665 2743 2721 2790 et
2751 2747 2944 2788 manus
2963 2732 3084 2803 ejus
3103 2731 3183 2788 illi
3203 2773 3218 2798 ,
3243 2733 3336 2804 qui
3369 2733 3627 2788 videntur
3649 2748 3782 2787 csse—

2204 2835 2422 2882 cutorcs
2449 2825 2718 2882 bonorum
2749 2841 2998 2897 operum.
3043 2825 3182 2883 Sunt
3219 2835 3276 2882 et
3304 2836 3506 2882 venter
3523 2825 3674 2897 ejus,
3707 2825 3780 2896 qui

2203 2919 2348 2974 vires
2375 2918 2649 2974 alimonia:
2685 2918 3014 2989 pauperibus
3061 2918 3385 2991 largiuntur.
3419 2918 3562 2976 Sunt
3603 2927 3778 2989 ergoet

2207 3017 2371 3086 pedes
2413 3015 2536 3086 ejus
2581 3013 2745 3084 aliqui
2775 3031 2789 3068 :
2828 3025 2993 3085 atque
3037 3013 3243 3069 utinam
3277 3029 3501 3070 merear
3533 3014 3653 3084 ejus
3683 3026 3778 3065 esse

2205 3109 2517 3166 calcancum
2544 3108 2558 3162 ι
2582 3108 2791 3178 Aquam
2813 3107 2978 3179 igitur
2999 3107 3156 3163 mittit
3187 3106 3240 3162 in
3271 3106 3444 3176 pedes
3463 3106 3681 3168 Christi,
3706 3106 3778 3176 qui

494 3201 546 3245 et
587 3192 838 3249 volumus
880 3192 1102 3264 exigere
1145 3191 1358 3260 aliena,
1403 3195 1494 3263 qui
1538 3202 1850 3250 nostrorum
1897 3193 2098 3250 utimur
2127 3192 2172 3256 C
2204 3203 2367 3259 etiam
2400 3202 2604 3258 ultimis
2647 3203 2954 3274 quibusque
2997 3211 3216 3274 peccata
3257 3203 3550 3269 concedit;
3580 3212 3636 3258 et
3675 3202 3780 3256 dum

497 3285 874 3359 indulgentia?
907 3285 1009 3356 Qui
1035 3286 1257 3342 donavit
1283 3287 1536 3343 omnibus
1555 3328 1570 3353 ,
1601 3287 1672 3342 ab
1702 3287 1958 3344 omnibus
1984 3293 2100 3348 esi-

495 3379 606 3448 git;
641 3387 698 3432 ut
725 3378 872 3450 quod
919 3381 1292 3452 unusquisque
1335 3379 1440 3436 sibi
1485 3379 1768 3437 dimissum
1817 3383 2096 3451 meminit,

496 3472 584 3526 alii
617 3473 732 3544 ipse
761 3473 1020 3530 dimittat.

567 3563 624 3621 9.
670 3566 800 3623 Vide
851 3583 920 3623 ne
971 3569 1279 3640 graviorem
1329 3583 1549 3625 causam
1607 3567 1836 3640 incipias
1895 3569 2099 3628 habere

501 3656 801 3726 fenerator,
845 3675 1004 3728 quam
1049 3660 1296 3716 debitor:
1341 3662 1480 3718 sicut
1523 3661 1618 3718 ille
1676 3661 1730 3718 in
1773 3660 2096 3734 Evangelio,

501 3757 590 3812 cui
618 3757 876 3815 Dominus
902 3773 1032 3815 suus
1064 3760 1271 3816 dimisit
1290 3757 1323 3823 ,ά
1345 3775 1508 3818 omne
1535 3760 1800 3828 debitum,
1827 3761 1918 3816 ille
1947 3769 2098 3832 post-

499 3867 561 3906 ea
607 3865 634 3906 a
682 3867 948 3910 conservo
998 3869 1098 3909 suo
1142 3855 1310 3926 erepit
1339 3855 1592 3928 exigere,
1637 3853 1781 3927 quod
1833 3855 1950 3926 ipse
1990 3869 2098 3910 non

500 3946 778 4015 solverat;
809 3948 953 4004 unde
988 3949 1163 4004 iratus
1188 3949 1444 4007 dominus
1473 3953 1589 4022 ejus
1617 3949 1686 4006 de
1714 3951 1831 4021 ipso
1871 3951 2100 4008 summis

499 4041 678 4112 exegit
699 4041 944 4112 injuriis,
969 4042 1114 4112 quod
1145 4042 1194 4100 ei
1216 4053 1342 4099 ante
1371 4043 1918 4116 donaverat(Matth.
1944 4059 2096 4114 avni,

498 4132 568 4187 27
597 4143 645 4189 et
671 4150 776 4204 seq.
795 4133 836 4206 ).
871 4135 1174 4192 Caveamus
1195 4151 1329 4209 ergo
1358 4153 1426 4193 ne
1453 4138 1610 4194 nobis
1639 4139 1743 4195 hoc
1769 4138 2013 4206 accidat,
2043 4149 2101 4196 ut

502 4243 612 4286 non
643 4231 970 4300 remittendo
989 4275 1004 4299 ,
1035 4249 1157 4304 quae
1188 4234 1344 4291 nobis
1373 4235 1663 4304 debentur,
1697 4237 2016 4308 incipiamus
2043 4247 2101 4296 et

500 4321 590 4374 illa
616 4323 834 4380 solvere
861 4339 982 4394 qua:
1013 4326 1240 4382 remissa
1271 4335 1403 4382 sunt
1431 4329 1614 4395 nobis;
1649 4329 1720 4385 ita
1749 4329 1896 4386 enim
1925 4331 2099 4401 scrip-

501 4423 614 4469 tum
645 4425 760 4487 est,
811 4418 1026 4476 dicente
1074 4421 1303 4476 Domino
1345 4421 1514 4480 Jesu:
1548 4422 1643 4481 Sic
1669 4435 1715 4480 et
1753 4425 1897 4480 uobis
1943 4425 2098 4496 faciet

505 4505 666 4562 Pater
703 4525 864 4576 meus,
888 4513 974 4580 qui
1002 4513 1058 4568 in
1101 4513 1241 4569 oculis
1266 4523 1362 4578 est,
1389 4515 1436 4570 si
1473 4532 1578 4571 non
1602 4517 1900 4573 remiscritis
1929 4533 2096 4572 unus-

2207 3294 2444 3366 plebeios
2473 3293 2694 3360 liberat,
2725 3291 2928 3350 Christi
2963 3302 3143 3350 tamen
3164 3293 3307 3348 lavat
3330 3295 3648 3366 vestigium.

2277 3386 2362 3443 12.
2415 3387 2574 3442 Mittit
2615 3397 2670 3442 et
2713 3387 2800 3442 ille
2848 3402 3043 3458 aquam
3074 3384 3127 3442 in
3159 3386 3328 3457 pedes
3375 3387 3622 3454 Christi,
3657 3387 3776 3458 quia

2206 3491 2546 3550 peccatorum
2577 3479 2883 3536 colluvione
2923 3479 3145 3534 mu-dat
3180 3479 3584 3535 conscientiam
3612 3492 3773 3542 suam;

2202 3573 2450 3630 ambulat
2485 3573 2628 3630 enim
2677 3573 2925 3628 Christus
2969 3572 3025 3628 in
3075 3572 3400 3642 pectoribus
3451 3573 3774 3645 singulorum.

2203 3667 2348 3725 Cave
2374 3668 2536 3738 igitur
2567 3683 2636 3722 ne
2657 3666 2921 3738 pollutam
2949 3664 3154 3721 habeas
3177 3663 3577 3721 conscientiam
3593 3708 3607 3731 ,
3634 3673 3682 3719 et
3703 3678 3774 3733 pe-

2203 3762 2300 3818 des
2327 3759 2533 3816 Christi
2563 3760 2790 3832 iucipias
2817 3759 3123 3832 inquinare.
3149 3758 3294 3814 Cave
3321 3773 3394 3814 ne
3432 3760 3637 3830 spinam
3659 3758 3704 3810 iu
3727 3765 3772 3809 te

2205 3855 2569 3927 improbitatis
2594 3852 2870 3920 offendat,
2919 3868 3025 3924 qua
3070 3852 3190 3922 ejus
3221 3853 3274 3908 iu
3311 3863 3365 3906 te
3412 3849 3763 3909 deambulanti;

2202 3951 2517 4006 calcancum
2542 3949 2816 4004 saucietur
2845 3945 3000 4018 (Luc.
3030 3962 3134 4014 vit,
3157 3945 3277 4017 44).
3303 3945 3444 4002 Nam
3479 3948 3601 4003 ideo
3615 3959 3772 4016 aquam

2202 4041 2430 4114 pedibus
2457 4041 2661 4098 Christi
2687 4057 2794 4097 non
2820 4041 2972 4098 dedit
2993 4040 3316 4110 pharismus,
3341 4041 3472 4113 quia
3497 4039 3774 4098 mundum:

2200 4136 2506 4192 colluvione
2529 4135 2766 4205 perfidia
2793 4135 3033 4192 animum
3057 4152 3164 4190 non
3191 4134 3450 4190 habebat.
3481 4135 3633 4191 Unde
3657 4133 3774 4188 etum

2201 4245 2354 4286 suam
2387 4229 2672 4286 mundaret
2697 4229 3086 4285 conscientiam
3109 4271 3126 4296 ,
3177 4228 3268 4298 qui
3306 4244 3508 4300 aquam
3553 4244 3654 4283 non
3684 4239 3776 4280 sus-

2199 4333 2420 4394 ceperat
2457 4321 2707 4380 Christi?
2757 4323 3000 4381 Ecclesia
3041 4333 3226 4390 .autem
3256 4332 3314 4378 et
3363 4340 3566 4393 aquam
3603 4323 3775 4384 habet,

2201 4429 2254 4474 et
2301 4419 2566 4491 lacrymas
2609 4418 2817 4474 habet:
2863 4432 3056 4488 aquam
3105 4416 3495 4487 baptismatis,
3545 4417 3778 4485 larryinas

2201 4512 2559 4582 paenitentiae.
2611 4509 2771 4566 Fides
2804 4526 3071 4581 namque,
3119 4527 3242 4581 qua:
3272 4511 3560 4578 superiora
3599 4515 3779 4578 [versati

503 4601 718 4673 quisque
733 4603 992 4671 [rati-iano
1017 4605 1082 4660 de
1105 4607 1344 4663 cordibus
1367 4609 1547 4665 uestris
1572 4607 2101 4682 (lbid.,5d).Dimit-
2127 4598 2183 4660 D
2209 4606 2488 4677 deplorat,
2524 4620 2660 4662 nova
2689 4620 2884 4662 cavere
2920 4605 3227 4661 consuevit.
3264 4603 3410 4676 Ergo
3445 4603 3633 4662 Simon
3670 4600 3774 4672 pba‘

503 4706 684 4752 tamus
719 4713 850 4770 ergo
891 4715 1098 4771 pauca,
1157 4703 1352 4772 quibus
1403 4704 1556 4776 plura
1612 4705 1810 4760 donata
1852 4713 2014 4760 sunt:
2048 4713 2104 4760 et

500 4791 872 4864 intelligamus
897 4809 964 4852 eo
993 4811 1092 4852 nos
1124 4795 1234 4854 Deo
1256 4800 1598 4870 acceptiores
1621 4797 1770 4865 fore,
1799 4807 1908 4872 quo
1937 4799 2101 4856 etiam

501 4886 654 4956 plura
685 4887 990 4957 donamus;
1019 4891 1146 4962 quia
1173 4893 1275 4948 hoc
1302 4894 1576 4965 gratiores
1602 4895 1712 4950 Deo
1733 4908 1922 4951 sumus
1943 4933 1958 4963 ,
1985 4906 2098 4966 quo

499 4980 657 5052 nobis
683 4982 908 5040 dimissa
945 4995 1092 5040 sunt.

573 5075 660 5134 10.
709 5077 953 5151 Denique
1001 5080 1368 5152 interrogatus
1411 5093 1439 5136 a
1483 5081 1715 5138 Domino
1755 5079 2094 5152 pharisaeus:

507 5169 652 5238 Quis,
689 5171 892 5243 inquit,
923 5190 1038 5230 eum
1082 5175 1200 5242 plus
1247 5175 1454 5247 diligit?
1483 5171 1824 5248 Respondit:
1865 5175 2100 5234 Αἰαίηιο

501 5266 620 5332 quia
667 5267 711 5321 is
737 5268 824 5321 cui
867 5269 983 5340 plus
1011 5269 1244 5324 donavit.
1295 5269 1395 5326 Cui
1425 5271 1686 5328 Dominus
1714 5271 1854 5328 dixit
1895 5290 1908 5328 :
1939 5271 2100 5328 Recte

575 5413 599 5442 τι
643 5406 934 5465 Prtemittit
972 5411 1102 5470 edit.
1151 5413 1338 5482 Romi,
1386 5415 1549 5470 Erant
1577 5413 1684 5467 duo
1723 5412 1983 5468 debitores
2005 5413 2120 5468 csti-

511 5475 970 5554 da_m_{euc_ratori,
1009 5485 1154 5554 quod
1183 5487 1235 5541 in
1281 5475 1468 5542 codice
1495 5483 1633 5554 Reg.
1655 5484 2116 5553 praetermittitur.

2213 4700 2424 4766 risaaus,
2448 4699 2541 4770 qui
2566 4713 2758 4770 aquam
2792 4713 2898 4752 non
2947 4696 3212 4764 habebat,
3245 4697 3437 4768 utique
3463 4705 3520 4752 et
3549 4697 3781 4766 lacrytnas

2213 4809 2320 4852 non
2353 4791 2606 4848 habebat.
2635 4791 2920 4860 Quomodo
2953 4791 3100 4848 enim
3133 4791 3364 4848 haberet
3389 4791 3681 4862 lacrymas,
3710 4788 3779 4859 qui

2213 4887 2588 4960 ptettitentiam
2609 4903 2715 4944 non
2733 4888 2975 4960 gerebat;
3000 4887 3260 4960 quoniam
3283 4902 3420 4943 vero
3441 4903 3550 4944 non
3565 4884 3782 4944 credebat

2208 4985 2262 5040 in
2278 4983 2576 5050 Christum,
2603 4997 2704 5038 nec
2727 4982 2960 5037 habebat
2978 4979 3278 5052 lacrymas?
3297 4979 3433 5034 Na
3451 4980 3497 5036 si
3519 4977 3778 5037 habuisset,

2209 5077 2429 5135 lavisset
2452 5076 2640 5132 oculos
2655 5087 2803 5142 suos;
2820 5083 2878 5130 ut
2894 5069 3171 5130 Christum
3198 5073 3411 5129 videret
3428 5087 3591 5144 quem
3614 5071 3781 5128 adhuc.

2206 5187 2328 5230 cum
2352 5171 2512 5228 simul
2536 5168 2905 5235 accumberel,
2927 5184 3034 5223 non
3062 5165 3302 5248 videbat.
3331 5165 3466 5221 Nam
3493 5165 3541 5223 si
3569 5165 3778 5220 vidisset.

2205 5283 2314 5324 non
2347 5266 2532 5338 utique
2561 5263 2630 5322 de
2681 5263 2800 5334 ejus
2827 5270 3093 5333 potestate
3131 5259 3462 5316 dubitasset.

2295 5406 2320 5446 ἀ
2365 5407 2567 5463 Eadem
2590 5405 2747 5470 edit.,
2770 5419 2918 5460 ontue
2938 5401 3189 5458 debitum.
3219 5397 3364 5457 Nam
3390 5401 3518 5470 quia
3543 5402 3691 5457 ille...
3709 5413 3784 5452 tm

2227 5483 2467 5544 solverat,
2498 5481 2664 5534 iratus
2689 5475 2944 5532 Dominus
2971 5480 3084 5545 ejus
3109 5470 3302 5541 deipso
3331 5477 3514 5545 exigit,
3539 5474 3687 5545 quod,
3707 5482 3784 5524 etc.

577 5546 846 5633 "nliegins
870 5546 1074 5633 eodeni,
1100 5560 1246 5629 gravi
1277 5558 1530 5633 obligatos
1559 5546 1670 5613 ᾱῖτέ
1688 5560 1945 5626 funereo;
1981 5558 2118 5612 forte
2227 5553 2334 5633 Sed
2381 5567 2487 5607 non
2521 5561 2779 5633 erat_cur
2804 5547 3146 5631 jugularetnr
3180 5546 3402 5633 summis
3427 5547 3668 5633 injuriis;
3692 5557 3784 5633 natu

517 5621 715 5697 melius
747 5624 896 5692 legas
913 5661 928 5684 .
957 5621 1176 5697 (euerso.

596 5707 616 5730 ι’
663 5693 824 5748 Rom.
864 5693 1025 5766 edit.,
1057 5703 1280 5760 obnoxia
1309 5705 1752 5768 hwrcditasrnon
1786 5700 1918 5754 satis
1947 5708 2127 5755 recte:

537 5769 592 5820 at
636 5780 826 5846 rprsus
865 5771 1007 5838 quod
1049 5775 1170 5846 legit
1229 5778 1512 5843 obturatas,
1543 5767 1634 5832 ubi
1679 5771 1914 5844 scriptus
1955 5769 2127 5828 codex

536 5835 762 5906 praefert
779 5876 793 5902 ,
825 5835 1068 5918 operatus
1082 5835 1511 5932 ,Vanteponenda'
1527 5858 1630 5906 est.

2227 5627 2338 5696 jam
2369 5637 2475 5679 non
2500 5623 2667 5680 semel
2699 5615 3088 5696 annotavimus
3097 5632 3196 5690 per
3225 5617 3461 5688 iujurias
3478 5615 3785 5674 'Ambrnsium

2231 5689 2501 5754 iormenta
2531 5706 2584 5751 et
2615 5695 2890 5752 cruciatus
2913 5689 3246 5760 significare.

2228 5841 2280 5900 ὁ,
2307 5779 2330 5806 θ
2371 5768 2506 5898 ⁸1⁸8·
2538 5766 2710 5824 codex
2731 5805 2748 5836 ,
2777 5765 3003 5824 hortaris
3049 5771 3102 5818 ut
3133 5762 3312 5818 credat
3331 5801 3349 5830 ,
3390 5772 3445 5818 et
3470 5762 3607 5834 quod
3631 5760 3680 5816 ε,
3717 5773 3786 5812 κο.

2259 5858 2336 5900 is;
2373 5854 2404 5897 e
2425 5856 2479 5897 c.

2315 5883 2332 5910 ,
2373 5881 2479 5898 νυνι
