3996 6292
203 296 336 355 ΗΠ

1380 299 1867 358 EPISTOLARUII
1907 297 2196 358 CLASSIS
2235 299 2282 358 l.

3369 295 3508 360 ill.

275 417 354 471 l3;
399 414 514 471 Non
567 417 804 474 habebat
832 417 1060 487 Mpillos
1111 416 1440 488 pltat-lamus,
1493 416 1582 483 qui
1631 415 1799 470 Naza-
1828 420 1872 480 Α
1901 413 2144 470 dmorum
2170 445 2185 482 ,
2215 413 2451 486 ideoque
2492 415 2694 471 dictum
2727 424 2814 471 est
2841 435 2853 470 :
2891 415 3122 484 Papulas
3154 416 3234 471 hic
3259 417 3402 472 labiis
3432 431 3512 472 me

205 523 370 564 metuo
411 511 556 564 scire
598 528 706 566 non
747 520 960 579 poterat
991 529 1004 566 :
1035 511 1264 568 habebat
1316 508 1592 577 Ecclesia,
1626 519 1652 547 ⁸
1676 526 1798 582 quas

197 602 510 660 Nasamonio
538 606 836 676 quatrebat.
869 605 1060 678 Capilli
1092 606 1257 663 veluti
1282 608 1334 661 in
1361 605 1650 676 superiluis
1675 622 1796 663 cor.

195 697 344 767 poris
380 700 754 767 restituantur;
787 700 950 757 iidem
982 711 1164 757 tamen
1195 701 1241 756 si
1266 711 1557 772 angantur,
1593 701 1794 757 bonum

193 789 431 846 reddunt
471 793 719 859 odorem,
748 803 804 848 et
827 801 1152 850 ornamento
1181 801 1309 848 sunt
1343 794 1507 864 capiti
1563 811 1577 848 :
1611 793 1656 850 si
1689 809 1794 850 non

192 896 464 957 angantur
489 887 641 954 oleo,
677 889 992 959 ingravant;
1033 888 1104 943 ita
1144 896 1198 942 et
1226 886 1431 942 divitize
1453 886 1606 942 oneri
1633 896 1793 956 sunt,

190 979 236 1034 si
266 979 348 1034 his
377 979 454 1034 uti
489 981 721 1047 nescias,
751 981 795 1036 si
825 996 932 1036 non
955 993 1215 1051 aspergss
1243 979 1522 1035 iistristi
1545 978 1793 1036 odorem.

189 1072 245 1127 Si
266 1088 394 1128 vero
415 1074 530 1128 alas
553 1087 820 1145 pauperes
835 1111 850 1140 ,
876 1074 1022 1128 laves
1043 1087 1234 1129 eorum
1247 1073 1492 1140 vulnera,
1524 1072 1796 1130 illuviem-

188 1180 294 1234 que
320 1165 603 1235 detergas;
640 1169 843 1222 tersisti
875 1169 1058 1238 utique
1089 1165 1253 1237 pedes
1281 1165 1502 1222 Christi.

262 1256 351 1312 M.
382 1257 628 1313 Osculum
659 1261 786 1314 mihi
834 1277 936 1316 non
964 1261 1152 1317 dedisti
1184 1279 1202 1317 :
1244 1261 1353 1315 lucc
1386 1269 1557 1316 autem
1595 1277 1660 1316 ex
1696 1277 1796 1330 quo

189 1351 408 1417 intravi,
441 1367 545 1406 non
572 1354 786 1407 cessauit
819 1355 1046 1410 osculari
1088 1357 1242 1428 pedes
1272 1373 1410 1412 meos
1433 1356 1450 1428 (
1471 1355 1637 1420 lbid.,
1677 1354 1792 1426 45).

187 1443 446 1502 Osculum
467 1446 649 1518 utique
680 1447 889 1518 insigne
911 1458 996 1505 est
1022 1450 1322 1506 charitatis.
1355 1449 1512 1507 Unde
1537 1464 1668 1520 ergo
1695 1447 1795 1504 Ju-

187 1538 309 1594 dmo
335 1541 579 1597 osculum
601 1583 616 1608 ,
648 1543 740 1613 qui
765 1558 951 1613 pacem
981 1560 1087 1600 non
1120 1545 1454 1616 recognovit,
1483 1543 1576 1616 qui
1609 1557 1794 1614 pacem

187 1652 215 1687 a
247 1635 467 1692 Christo
498 1651 605 1691 non
635 1639 843 1707 accepit
888 1638 1105 1696 dicente
1134 1657 1148 1696 :
1195 1640 1385 1696 Pacem
1421 1655 1586 1695 meam
1613 1639 1680 1692 dc
1708 1653 1794 1693 ao-

190 1727 266 1779 bis
285 1768 298 1790 ,
333 1743 512 1797 pacem
541 1743 708 1782 meam
731 1731 967 1800 relinquo
992 1732 1132 1786 vobis
1160 1731 1339 1804 (latin.
1370 1747 1485 1792 xtv,
1514 1731 1650 1800 Q7)?
1678 1729 1792 1785 Non

1899 508 2148 578 honorat,
2185 526 2274 563 cor
2305 521 2476 564 autem
2507 526 2680 564 eorum
2711 511 2861 585 longe
2890 522 2963 564 est
2998 529 3029 565 η
3057 528 3135 564 me
3164 510 3380 581 (Matth.
3418 525 3506 578 xv,

1899 598 1991 671 8).
2023 600 2168 672 Ergo
2205 616 2314 656 non
2347 600 2509 657 habet
2537 603 2822 667 osculum,
2852 604 2943 674 qui
2993 603 3151 658 iidem
3183 609 3236 658 et
3271 605 3509 658 charita-

1901 700 2010 748 tem
2043 709 2148 748 non
2177 689 2370 757 habet;
2403 695 2593 749 osculo
2616 694 2758 749 enim
2783 691 2808 730 ἀ
2835 696 2912 747 vis
2935 699 3137 750 amoris
3161 695 3509 765 imprimitur.

1904 782 2003 840 Ubi
2037 798 2145 839 non
2178 796 2259 840 est
2287 800 2474 852 amor,
2509 801 2616 840 non
2660 793 2744 841 est
2773 784 2938 849 ﬁdes,
2988 802 3094 840 non
3137 796 3224 842 est.
3253 787 3507 853 dilectio;

1899 893 2018 949 quae
2047 886 2224 950 potest
2250 893 2372 934 esse
2398 879 2642 934 suavitas
2673 879 3024 935 osculorum?

1971 973 2058 1028 18.
2122 973 2370 1028 Ecclesia
2420 983 2602 1029 autem
2652 989 2759 1028 non
2826 984 3005 1030 cessat
3055 975 3290 1030 osculari
3343 974 3508 1045 pedes

1896 1065 2130 1132 Christi;
2175 1077 2231 1123 et
2279 1067 2402 1124 ideo
2442 1081 2549 1122 non
2581 1083 2778 1130 unum,
2827 1067 2922 1123 sed
2960 1068 3127 1123 multa
3175 1068 3229 1122 in
3270 1067 3508 1124 Canticis

1897 1169 2235 1224 canticorum
2283 1168 2446 1240 exigit
2498 1169 2679 1223 oscula
2729 1167 2914 1238 (Cant.
2958 1184 3006 1234 I,
3045 1169 3068 1222 1
3104 1167 3154 1237 ),
3202 1183 3322 1238 quas
3362 1168 3508 1223 velut

1897 1271 2082 1316 sancta
2123 1260 2289 1316 Maria
2332 1262 2398 1316 ad
2429 1275 2623 1316 omnes
2673 1262 2791 1330 ejus
2833 1271 2919 1315 est
2947 1261 3154 1315 intenta
3183 1275 3465 1315 sermones
3491 1299 3506 1328 ,

1897 1357 2080 1410 ciuilia
2109 1356 2228 1426 ejus
2260 1357 2422 1412 verba
2455 1355 2686 1425 excipit;
2718 1369 2841 1409 cum
2894 1356 3091 1426 legitur
3124 1355 3468 1424 Evangelium
3491 1398 3507 1423 ,

1898 1450 1981 1504 vel
2005 1450 2293 1520 propinata,
2318 1460 2372 1505 et
2400 1450 2582 1504 omnia
2617 1452 2734 1518 ejus
2766 1450 2909 1504 dicta
2937 1460 3227 1504 conservat
3251 1449 3302 1504 in
3345 1450 3509 1505 corde

1898 1560 1998 1600 suo
2021 1545 2042 1618 (
2064 1544 2189 1600 bsic.
2225 1561 2258 1600 ιι
2281 1587 2296 1612 ,
2342 1546 2466 1617 51).
2501 1545 2627 1601 Sola
2657 1560 2788 1617 ergo
2839 1545 3082 1600 Ecclesia
3123 1545 3284 1598 habet
3325 1544 3510 1599 oscula

1897 1641 2050 1710 quasi
2077 1655 2312 1710 sponsa;
2342 1640 2588 1695 osculum
2631 1641 2776 1695 enitn
2810 1641 2965 1711 quasi
3015 1639 3206 1711 pignus
3245 1648 3328 1694 est
3376 1651 3510 1707 nup—

1897 1734 2116 1798 tiarum,
2146 1749 2201 1790 et
2232 1734 2588 1806 prmrogativa
2616 1735 2869 1804 coniugii.
2912 1733 3064 1789 Unde
3091 1733 3277 1788 Juda‘o
3306 1732 3510 1796 oscilla,

189 1818 354 1874 habet
378 1820 661 1892 Synagoga
693 1824 973 1888 osculum;
1008 1824 1167 1880 habet
1195 1823 1464 1888 Ecclesia.
1490 1823 1658 1896 οω
1684 1839 1804 1893 qua:
1835 1834 1882 1898 B
1908 1827 1998 1897 qui
2027 1843 2134 1882 non
2166 1827 2341 1882 credit
2371 1827 2424 1880 in
2447 1826 2756 1897 Sponsum?
2783 1826 2935 1881 Unde
2962 1826 3149 1880 iudico
3177 1823 3359 1878 oscula
3383 1864 3395 1889 ,
3418 1823 3512 1894 qui

187 1913 563 1978 exspectavit,
612 1928 733 1984 qute
779 1914 1008 1981 dilexit,
1053 1933 1173 1988 qua:
1203 1917 1383 1972 dixit:
1416 1916 1796 1974 Oscuteturme

186 2005 252 2058 ab
281 2007 474 2062 osculis
505 2009 610 2064 oris
637 2011 719 2064 sui
747 2009 926 2082 (Cant.
959 2028 1006 2078 ι,
1037 2012 1128 2083 i);
1158 2013 1432 2069 diutnrme
1474 2015 1622 2070 enim
1649 2014 1798 2085 cupio

183 2097 375 2154 ditatis
402 2101 685 2172 ardorem,
715 2119 882 2175 quant
914 2106 1177 2163 adventus
1213 2108 1477 2164 Dominiei
1507 2119 1795 2180 exspects

186 2190 336 2246 tione
375 2193 720 2261 adoleverat,
761 2199 955 2255 osculo
993 2201 1112 2270 ejus
1142 2202 1362 2258 volebat
1405 2203 1674 2258 stillanter
1700 2219 1794 2257 es.

182 2283 490 2354 stinguere,
523 2287 627 2342 hoc
664 2291 888 2359 explere
915 2291 1058 2347 sitim
1087 2307 1240 2348 suam
1280 2305 1527 2350 manere.
1562 2295 1796 2365 Ide0que

185 2374 211 2413 ι’
234 2386 454 2432 sanctus
483 2379 751 2450 Propheta
779 2383 888 2438 ait:
916 2383 988 2437 0s
1004 2401 1172 2439 nicum
1197 2387 1415 2456 aperias,
1435 2397 1483 2442 et
1507 2391 1792 2443 annuntia-

183 2471 254 2526 bit
286 2473 490 2527 laudent
521 2484 660 2530 tuam
707 2475 894 2546 (ριαι.
925 2495 992 2545 ι,
1026 2478 1140 2551 i7).
1169 2481 1270 2548 Qui
1298 2493 1430 2552 ergo
1477 2483 1659 2538 laudat
1690 2483 1795 2537 llo-

185 2566 390 2621 tninum
415 2567 624 2635 Jesum,
643 2572 920 2627 osculatur
943 2589 1065 2629 eum
1101 2594 1114 2630 :
1144 2576 1235 2646 qui
1265 2577 1466 2639 laudat.
1491 2579 1663 2633 credit
1691 2577 1794 2634 uti-

183 2677 314 2733 que.
339 2663 712 2736 Deniqueipse
739 2666 908 2722 David
931 2670 1034 2724 ait:
1064 2668 1292 2737 Credidi,
1330 2682 1539 2745 prapter
1558 2675 1695 2745 quod
1713 2676 1790 2727 Ιοο

184 2764 333 2812 cutus
362 2774 478 2811 sum
508 2760 527 2831 (
562 2757 710 2815 Psal.
759 2776 884 2828 cxv,
919 2763 987 2819 10
1011 2765 1059 2834 );
1091 2775 1142 2820 et
1184 2780 1346 2838 supra
1382 2785 1394 2822 :
1431 2767 1712 2836 Repleatttr
1735 2783 1792 2824 os

186 2867 354 2904 ineunt
375 2853 533 2907 laude
559 2864 670 2920 tua,
700 2865 748 2910 et
774 2868 972 2913 cantem
991 2861 1211 2931 gloriam
1241 2862 1415 2932 tuam(
1440 2861 1530 2917 Ps.
1560 2877 1686 2930 ιιι,
1710 2865 1788 2932 8).

261 2945 346 2999 iii.
404 2945 480 3000 De
503 2947 762 3017 specialis
798 2963 1015 3020 quoque
1055 2954 1244 3022 gratiae
1283 2954 1555 3014 inlusione
1601 2957 1789 3012 eadem

186 3047 242 3093 te
270 3037 550 3108 Scriptura
579 3041 760 3109 docet,
786 3044 929 3114 quod
956 3047 1233 3102 osculetur
1259 3047 1559 3114 Christum,
1589 3051 1681 3121 qui
1705 3063 1793 3106 ac-

183 3131 318 3201 cipit
351 3132 654 3202 Spiritum.
686 3134 900 3192 dicente
947 3139 1207 3210 propinata
1252 3149 1442 3196 sancto
1478 3159 1490 3195 ι
1523 3141 1597 3197 Os
1622 3153 1788 3196 meum

1904 1917 2180 1989 Sponsum
2206 1919 2384 1974 adhuc
2406 1919 2623 1976 venisse
2653 1933 2758 1974 non
2783 1920 2969 1974 novit?

1974 2013 2062 2068 i9.
2105 2013 2216 2068 Nec
2243 2013 2420 2068 solum
2447 2015 2632 2068 oscula
2689 2029 2794 2068 non
2835 2011 3025 2080 habet,
3059 2012 3150 2066 seti
3183 2026 3282 2066 nec
3328 2011 3506 2066 oleum

1900 2105 2093 2171 habet,
2123 2121 2232 2178 quo
2260 2116 2424 2178 ungat
2453 2108 2616 2177 pedes
2643 2106 2846 2162 Christi
2876 2108 2893 2178 (
2911 2106 3037 2161 Luc.
3069 2121 3138 2160 vtt
3161 2149 3174 2173 ,
3209 2105 3313 2176 46)
3338 2123 3352 2169 ;
3384 2121 3505 2160 nam

1897 2199 1942 2253 sl
1977 2198 2201 2255 haberet
2239 2199 2454 2263 oleum,
2483 2202 2752 2255 cervicem
2784 2199 2968 2270 utique
2989 2213 3142 2252 suam
3170 2208 3296 2252 ante
3329 2199 3504 2253 molli-

1897 2300 2000 2346 ret.
2035 2291 2278 2362 Denique
2321 2291 2535 2364 Moyses
2567 2292 2737 2346 dicit:
2775 2290 3008 2362 Populns
3051 2293 3133 2344 hic
3161 2292 3293 2344 dura
3319 2293 3510 2346 cervice

1897 2391 1968 2436 est
2005 2381 2217 2453 (Exod.
2251 2395 2436 2446 xxxiv,
2469 2383 2575 2456 9);
2608 2395 2662 2439 et
2692 2385 2954 2438 Dominus
2985 2383 3061 2438 ait
3089 2384 3230 2454 quod
3269 2385 3428 2438 levita
3456 2396 3510 2440 et

1894 2477 2157 2531 scerdos
2203 2479 2612 2544 prmterierunt,
2659 2494 2762 2534 nec
2807 2479 3094 2549 quisquam
3127 2495 3316 2533 eorum
3345 2473 3505 2551 981

1894 2569 2074 2624 oleum
2103 2583 2197 2624 aut
2236 2571 2418 2625 vinum
2442 2572 2587 2626 illius
2610 2588 2639 2626 a
2667 2571 2969 2628 latronibus
2998 2571 3239 2642 percussi
3276 2573 3510 2626 vulneri-

1895 2662 1996 2718 bus
2043 2662 2240 2720 infudit
2279 2664 2451 2737 (Laci
2496 2681 2558 2732 x,
2611 2667 2712 2734 '51,
2745 2665 2879 2739 52):
2915 2681 3020 2722 non
3061 2667 3206 2722 enim
3235 2667 3509 2721 habebant

1893 2756 2035 2825 quod
2085 2757 2618 2823 infunderent;nam
2667 2761 2711 2815 si
2765 2760 3085 2814 habuissent
3126 2761 3345 2823 oleum,
3396 2761 3507 2815 suis

1893 2864 2108 2921 quoque
2145 2851 2459 2908 volneribus
2514 2853 2858 2908 infudisseut.
2895 2853 3001 2908 Sed
3045 2854 3241 2908 clamat
3274 2855 3500 2906 Esaias:

1897 2940 2018 2997 Non
2059 2953 2132 2997 est
2161 2945 2421 3016 malagma
2461 2947 2752 3014 imponere,
2788 2962 2947 3014 neque
2971 2946 3168 3010 oleum,
3204 2960 3364 3014 neque
3386 2945 3507 2997 alli—

1893 3045 2134 3106 gaturam
2158 3035 2337 3108 (Esai.
2369 3053 2418 3104 ι,
2450 3038 2540 3108 6).

1965 3127 2056 3182 20.
2102 3129 2342 3184 Ecclesia
2401 3139 2581 3184 autem
2625 3129 2786 3185 habet
2841 3131 3021 3186 oleum
3050 3173 3063 3196 ,
3106 3145 3216 3202 quo
3280 3145 3501 3186 suorum

182 3228 394 3293 aperui,
425 3236 473 3280 ει
499 3229 692 3282 ουν-πε
720 3229 974 3299 spiram
1008 3231 1182 3302 (Ρηι,
1213 3247 1410 3301 enm,
1446 3235 1590 3307 ης),
1621 3237 1788 3292 05c"-
1817 3235 1862 3298 ρ
1893 3222 2116 3277 vulnera
2153 3223 2326 3286 foret;
2358 3240 2424 3278 ne
2451 3225 2650 3279 duritia
2683 3225 2923 3280 vulneris
2950 3223 3062 3281 alte
3090 3235 3270 3296 serpat
3304 3244 3315 3278 :
3343 3225 3509 3279 habet

183 3318 327 3371 latnr
377 3333 508 3388 ergo
557 3320 877 3391 Christum,
922 3323 1012 3393 qui
1059 3325 1352 3380 conﬁtetur
1403 3328 1552 3382 illum
1580 3345 1592 3380 :
1625 3319 1790 3384 Corde

181 3410 323 3463 enim
351 3411 580 3466 creditur
606 3413 675 3466 ad
693 3415 975 3487 justitiam,
1032 3432 1122 3470 ore
1149 3429 1324 3473 autem
1361 3423 1614 3490 confessio
1638 3423 1694 3490 ﬁt
1723 3425 1790 3478 at!

179 3503 402 3557 satutem
435 3503 620 3575 (liam.
658 3521 684 3561 ιι
710 3549 725 3570 ,
759 3507 881 3578 10).
911 3509 1200 3566 Osculatur
1221 3526 1350 3567 vero
1372 3513 1538 3584 pedes
1564 3513 1784 3581 th‘iSli,

180 3596 277 3663 qui
313 3595 662 3668 Evangelium
697 3599 909 3670 legens,
938 3601 1150 3656 Domini
1183 3603 1310 3658 .lesu
1337 3616 1488 3677 gesta
1512 3609 1790 3677 cognoscit

181 3698 241 3743 et
272 3690 359 3756 pio
382 3691 608 3745 miratur
633 3691 861 3759 aii'ectu;
896 3693 1126 3766 ideoque
1148 3697 1405 3770 religioso
1427 3701 1614 3755 osculo
1645 3703 1790 3758 velut

178 3783 430 3852 qttzednnt
457 3784 859 3842 deambulantis
891 3784 1100 3844 Domini
1135 3788 1324 3846 lambit
1358 3792 1604 3862 vestigia.
1636 3803 1659 3833 ο
1691 3796 1793 3851 Os-

177 3876 434 3930 culamur
479 3893 610 3948 ergo
659 3879 933 3936 Christum
963 3885 1366 3940 communionis-
1418 3887 1605 3942 osculo
1638 3905 1651 3941 :
1690 3889 1791 3958 Qui

178 3967 614 4040 legit,intelligat
646 3970 871 4041 (Matth.
906 3988 1054 4040 xxiv,
1092 3974 1208 4046 I5).

257 4061 341 4116 16.
371 4061 523 4118 Unde
549 4064 652 4119 hoc
680 4065 870 4122 ιυιιωο
907 4069 1194 4124 osculum?
1222 4072 1326 4138 Qui
1365 4073 1508 4128 enim
1535 4087 1641 4128 non
1673 4087 1792 4131 cre-

175 4156 320 4210 didit
360 4157 411 4212 in
445 4157 738 4214 adventum
778 4161 928 4231 ejus,
970 4177 1069 4218 nec
1108 4165 1162 4220 in
1196 4167 1504 4236 passiOuem
1537 4169 1786 4226 credidit.

175 4248 471 4316 Quomodo
510 4251 658 4305 enim
705 4252 880 4308 credit
918 4263 1173 4324 passum,
1221 4272 1380 4327 quem
1426 4259 1639 4315 venisse
1685 4269 1790 4318 non

173 4340 451 4396 credidit?
473 4342 589 4398 Non
613 4357 745 4415 ergo
773 4345 1006 4402 habebat
1050 4349 1294 4404 osculum
1332 4349 1662 4420 pharisaeus,
1689 4355 1791 4411 nisi

177 4436 322 4490 forte
349 4435 503 4490 Indae
545 4438 856 4509 proditoris.
889 4441 995 4498 Sed
1028 4459 1129 4499 nec
1152 4444 1320 4501 Judtts
1347 4447 1614 4514 habebat.
1641 4449 1791 4506 ideo-

173 4543 288 4600 que
310 4545 432 4586 com
467 4530 666 4588 inducis
714 4536 1037 4604 promissum
1069 4539 1316 4594 osculum
1343 4577 1358 4606 ,
1393 4539 1669 4612 tamquam
1718 4547 1791 4600 si-

171 4639 345 4694 gnum
373 4625 694 4696 proditionis
722 4629 888 4684 vellet
911 4630 1232 4698 ostendere,
1265 4634 1395 4688 dicit
1415 4637 1464 4690 ei
1486 4636 1743 4692 Dominus
1767 4656 1781 4692 :

170 4716 342 4782 Iuda,
374 4717 551 4772 osculo
579 4717 778 4774 Filium
804 4720 1028 4777 hominis
1069 4726 1230 4780 tradis
1255 4725 1420 4797 (Luc.
1459 4739 1573 4785 lxlt
1594 4774 1608 4796 ,
1640 4732 1732 4804 48)
1765 4750 1778 4786 :

178 4813 290 4866 hoc
318 4821 424 4878 est,
441 4815 689 4869 osculum
711 4815 904 4882 offers,
925 4818 1014 4887 qui
1035 4832 1142 4873 non
1163 4818 1334 4875 habes
1355 4823 1527 4876 osculi
1544 4819 1782 4880 cbarita-

174 4917 288 4961 tem
313 4923 329 4962 :
355 4909 599 4962 osculum
624 4907 810 4976 ollers,
832 4911 920 4980 qui
953 4913 1134 4966 nescis
1154 4915 1325 4969 osculi
1352 4927 1775 4974 sacramentum.

169 5001 436 5057 Osculum
459 5018 562 5058 non
577 5005 840 5060 labiorum
857 5009 1142 5077 qntcritur,
1167 5008 1260 5064 scd
1280 5010 1462 5066 cordis
1483 5019 1538 5068 et
1560 5018 1776 5070 mentis.

249 5099 342 5154 17.
392 5099 497 5155 Sed
543 5101 722 5156 dicis:
757 5102 1042 5158 Osculatus
1083 5112 1166 5160 est
1211 5105 1520 5162 Dominum.
1579 5110 1779 5166 Verum

169 5194 454 5250 osculatus
480 5206 564 5252 est
608 5191 784 5253 labiis;
815 5197 928 5254 Hoc
955 5199 1115 5256 habet
1143 5203 1390 5257 osculum
1423 5205 1654 5276 populus
1687 5207 1782 5264 Ju-

250 5367 277 5429 ἐι
321 5357 480 5429 Rom.
510 5356 667 5423 edit.,
696 5373 810 5428 qua:
843 5358 1193 5415 Nazarttmum
1221 5364 1497 5429 quttrebat.

249 5428 276 5466 ι)
319 5428 520 5512 Regius
543 5429 740 5494 codex,
767 5442 974 5487 sanctus
1013 5434 1086 5488 ait
1126 5451 1145 5489 :
1179 5428 1252 5490 0s
1289 5453 1459 5491 meum
1489 5440 1695 5509 aperui,
1726 5451 1774 5495 et

171 5510 508 5557 annuntiaot.

251 5583 273 5610 ο
315 5571 465 5648 Idem
492 5573 692 5648 codex,
722 5573 1029 5648 Osculentttr
1067 5575 1368 5644 Christum,
1401 5590 1534 5648 etc.,
1564 5582 1652 5636 ubi
1683 5583 1779 5639 ob-

172 5643 522 5724 servabimus
562 5645 843 5724 vestigium
893 5647 1145 5724 religiosi
1183 5651 1328 5724 illius
1357 5643 1580 5708 silentii
1609 5696 1624 5720 ,
1669 5669 1779 5724 quo

175 5713 538 5795 Eucharistite
580 5713 898 5795 mysterium
927 5734 956 5772 a
985 5713 1178 5788 priscis
1233 5722 1486 5778 Putribus
1511 5765 1526 5788 ,
1560 5713 1776 5795 quoties

171 5803 359 5844 Coram
386 5804 500 5844 non
522 5791 748 5847 initiatis
768 5794 935 5848 verba
957 5795 1250 5859 faciebant,
1271 5791 1666 5855 decultabatllr.

249 5859 275 5899 ά
321 5861 483 5944 Rom.
509 5862 664 5929 edit.,
699 5863 794 5919 Vis
821 5869 1014 5921 amoris
1031 5870 1340 5942 exprimitur
1363 5871 1576 5944 :aptius
1605 5871 1776 5928 codex

1891 3317 2104 3383 oleum,
2135 3318 2278 3389 quod
2320 3328 2342 3355 ο
2370 3319 2582 3389 accepit
2611 3320 2895 3374 abscousc.
2934 3319 3048 3374 lloc
3087 3319 3210 3373 oleo
3255 3319 3391 3374 Aser
3414 3333 3505 3386 pc-

1891 3410 2014 3465 dem
2047 3420 2202 3464 suum
2239 3410 2386 3477 lavit,
2420 3410 2561 3465 sicut
2587 3412 2852 3482 scriptum
2881 3421 2964 3466 est
2994 3428 3006 3463 :
3040 3411 3343 3465 Benedictus
3365 3411 3503 3486 [ilius

1891 3502 2052 3567 Aser;
2093 3511 2140 3556 et
2168 3503 2261 3557 erit
2285 3514 2519 3575 acceptus
2549 3505 2798 3574 fratribus
2819 3506 2945 3569 suis,
2976 3515 3024 3559 et
3066 3505 3282 3576 iutittget
3310 3506 3360 3557 in
3392 3505 3503 3559 oleo

1892 3597 2081 3663 pedum
2105 3611 2255 3651 suum
2287 3595 2475 3668 (Deut.
2509 3613 2708 3664 xxxiii,
2739 3597 2858 3668 21).
2907 3597 3019 3652 lloc
3049 3613 3180 3668 ergo
3208 3599 3330 3652 oleo
3355 3600 3504 3666 ungit

1894 3689 2140 3744 Ecclesia
2190 3691 2442 3746 cervices
2497 3706 2760 3755 suorum,
2833 3700 2890 3745 ut
2955 3692 3252 3762 suscipiant
3311 3692 3498 3762 jugum

1893 3781 2092 3837 Christi
2129 3801 2142 3836 :
2178 3783 2280 3838 hoc
2311 3783 2435 3839 oleo
2463 3784 2615 3838 unxit
2647 3793 2916 3856 martyres
2944 3827 2957 3849 ,
2989 3795 3050 3839 ut
3081 3786 3397 3839 saecularem
3433 3785 3500 3838 ah

1892 3874 1970 3927 eis
1993 3875 2275 3944 pulverem
2299 3875 2642 3946 detergeret:
2669 3876 2773 3931 hoc
2793 3879 2916 3930 oleo
2941 3880 3284 3932 euntessnrcs
3307 3878 3500 3939 unxit;

1894 3984 1962 4022 ne
1988 3969 2156 4022 labori
2180 3968 2468 4034 cederent,
2501 3987 2568 4024 ne
2593 3970 3013 4025 succumberent
3044 3970 3274 4039 fatigati,
3311 3985 3377 4022 ne
3401 3983 3504 4021 :x-s-

1893 4071 1952 4117 tu
1983 4062 2169 4117 mundi
2220 4063 2374 4118 istius
2417 4063 2768 4119 vincerentur
2817 4083 2829 4117 :
2876 4064 2998 4117 ideo
3047 4063 3356 4126 unxiteos,
3398 4062 3412 4096 ¹’
3448 4072 3505 4116 ut

1894 4155 2125 4224 spiritali
2161 4155 2308 4226 ipsos
2331 4156 2457 4212 oleo
2481 4158 2848 4227 refrigeraret.

1965 4252 2058 4306 Si.
2100 4252 2386 4324 Synagoga
2420 4252 2526 4308 hoc
2560 4255 2738 4307 oleum
2773 4267 2877 4306 non
2916 4251 3109 4318 habet,
3153 4265 3272 4322 quae
3303 4249 3500 4304 olivam

1894 4355 2002 4403 non
2029 4348 2221 4414 habet;
2247 4363 2370 4420 qua:
2399 4365 2505 4403 non
2540 4346 2812 4402 intellexit
2841 4348 2983 4401 illam
3013 4345 3344 4408 columbam,
3379 4361 3501 4416 quae

1894 4453 2102 4496 ramum
2149 4441 2286 4496 olea:
2313 4442 2506 4498 detulit
2555 4450 2678 4512 post
2722 4441 2988 4496 diluvium
3022 4439 3183 4511 (Cen.
3231 4455 3353 4506 vin,
3385 4440 3496 4509 il).

1894 4535 1982 4591 Illa
2011 4535 2157 4592 enitn
2189 4536 2438 4592 columba
2486 4547 2668 4606 postea
2722 4535 3043 4601 descendit,
3093 4549 3213 4589 cum
3251 4534 3499 4586 Christus

1894 4629 2275 4699 baptizaretur,
2299 4637 2354 4684 et
2376 4631 2574 4684 mansit
2600 4643 2766 4700 super
2788 4644 2935 4691 cum,
2958 4629 3098 4682 sicut
3126 4628 3176 4681 in
3211 4624 3502 4692 Evangelia

1889 4721 2120 4778 testatur
2141 4723 2376 4778 Joannes
2389 4723 2612 4777 dicens:
2644 4722 2778 4789 Quia
2791 4721 2894 4775 vidi
2912 4721 3168 4791 Spiritum
3187 4720 3497 4772 descenden-

1886 4825 1988 4871 tem
2017 4816 2082 4868 de
2112 4816 2236 4870 calo
2262 4817 2408 4884 quasi
2429 4815 3169 4883 columbam,etmunsitsuper
3194 4810 3494 4881 citm(.louu.

1895 4924 1947 4974 t,
1981 4906 2408 4978 5%).Quomodo
2431 4923 2563 4977 ergo
2598 4907 2732 4962 vidit
2758 4908 3067 4962 columbam
3087 4949 3099 4967 ,
3126 4906 3213 4976 qui
3237 4921 3342 4956 non
3367 4903 3501 4957 vidit

1883 5017 2008 5058 eum
2034 5045 2048 5069 ,
2081 5017 2246 5073 super
2266 5018 2426 5074 quem
2449 5002 2685 5071 Spiritus
2711 5004 2862 5072 quasi
2895 5001 3145 5055 columba
3175 4998 3455 5051 descendit
3473 4997 3494 5049 ?

1957 5095 2052 5150 22.
2096 5096 2338 5151 Ecclesia
2380 5095 2542 5167 igitur
2586 5104 2641 5151 et
2684 5097 2831 5150 lavat
2867 5095 3029 5163 pedes
3057 5091 3295 5151 Christi,
3323 5099 3378 5142 et
3408 5107 3500 5142 ca-

1888 5190 2035 5260 pillis
2058 5190 2174 5244 suis
2214 5190 2408 5259 tergit,
2437 5200 2460 5236 8
2491 5199 2545 5244 et
2572 5192 2696 5244 oleo
2741 5190 2934 5259 ungit,
2984 5197 3039 5242 et
3079 5182 3354 5254 perfundit
3402 5200 3500 5235 ttu-

1884 5384 2045 5423 manu
2075 5378 2402 5424 exaratos...
2432 5369 2775 5437 imprimitur,
2810 5369 2914 5419 hoc
2943 5374 3050 5427 est,
3086 5363 3492 5437 noncxtrinse-

1881 5455 1978 5495 cus
2009 5451 2218 5496 tantum
2264 5434 2602 5503 Ostenditur,
2640 5439 2734 5494 sed
2786 5440 2951 5492 etiam
2988 5434 3403 5501 transmittitur,
3433 5452 3498 5490 ac

1878 5513 2307 5568 transfunditur.

1956 5595 1979 5622 ε
2005 5584 2131 5638 Post
2163 5584 2384 5638 verbum
2406 5582 2627 5651 accepit,
2653 5582 2811 5635 Rom.
2839 5577 2972 5632 edit.
2997 5576 3348 5642 adverbium;
3383 5581 3499 5633 abs-

1887 5672 2044 5710 conse
2075 5669 2182 5710 non
2214 5652 2481 5725 agnoscit.

1958 5727 1976 5766 ί
2028 5728 2227 5799 Regius
2251 5720 2482 5789 'codex,
2542 5733 2594 5776 ut
2644 5724 2725 5776 his
2775 5721 3009 5793 spiritale
3067 5720 3236 5776 oleum
3277 5724 3498 5794 refrige-

1879 5813 2050 5856 roret.

1951 5883 1974 5922 8
1998 5873 2158 5930 Rom.
2181 5869 2340 5937 edit.,
2372 5878 2418 5924 et
2448 5869 2564 5926 ideo
2586 5870 2750 5947 angit.
