3996 6292
497 275 640 336 1119

1821 280 2070 338 SANCTI
2111 278 2438 338 AMBROSII

3667 280 3776 336 1ιῦ

495 404 730 470 guento;
754 396 879 469 quia
903 410 1012 454 non
1056 396 1234 453 solum
1271 396 1488 453 saucios
1511 406 1704 464 curat,
1734 405 1792 452 et
1821 397 1995 453 lassos
2022 396 2101 453 fo-
2130 405 2183 466 Α
2275 397 2367 453 25.
2396 396 2479 453 Ad
2511 397 2685 468 ipsum
2705 411 2887 468 regem
2906 397 3102 465 David,
3124 398 3287 455 illum
3304 399 3455 471 pium
3477 406 3637 469 atque
3656 412 3778 452 man-

492 497 618 558 vet;
673 505 864 547 verum
905 492 1071 548 etiam
1126 491 1277 547 suavi
1323 491 1513 563 gratia:
1565 489 1736 547 odore
1784 492 2099 563 respergit:

495 596 601 640 nec
625 581 890 640 divitibus
915 591 1121 640 tantum
1148 597 1214 639 ac
1241 583 1655 655 potentioribus,
1688 584 1783 640 sed
1805 584 1969 640 etiam
1990 583 2107 654 ple-

496 675 643 735 beiae
668 676 894 733 familiae
921 677 1052 733 viris
1068 677 1315 733 eamdem
1335 674 1663 733 transfundit
1678 677 1934 747 gratiam,
1949 691 2105 747 aequa

495 785 692 829 omnes
717 771 872 829 lance
897 772 1207 840 examinat,
1239 786 1431 828 omnes
1468 770 1661 829 eodem
1690 772 1814 828 sinu
1839 771 2103 843 suscipit;

496 865 694 923 eodem
717 866 928 938 gremio
958 865 1124 924 fovet.

568 958 663 1016 23.
708 960 892 1016 Semel
939 969 1185 1017 mortuus
1232 959 1483 1019 Christus
1531 970 1638 1031 est,
1662 962 1833 1019 semel
1863 962 2107 1032 sepultus

499 1062 588 1109 est
615 1071 631 1109 :
659 1061 716 1109 et
742 1054 1095 1111 nihilominus
1121 1054 1365 1127 qu0tidie
1391 1058 1504 1113 vult
1538 1057 1591 1113 in
1617 1058 1784 1129 pedes
1806 1072 1939 1115 suos
1964 1058 2106 1113 mitti

501 1156 861 1218 unguentum.
893 1147 951 1203 In
978 1164 1116 1221 quus
1136 1150 1495 1222 ergojChristi
1525 1151 1691 1223 pedes
1720 1152 1990 1209 mittimus
2010 1169 2109 1208 un-

502 1241 801 1311 guentum?
827 1240 1001 1298 Pedes
1030 1241 1232 1299 Christi
1275 1244 1353 1300 illi
1379 1254 1507 1301 sunt
1525 1285 1542 1313 ,
1572 1245 1643 1302 de
1671 1245 1868 1316 quibus
1891 1246 2005 1317 ipse
2026 1244 2110 1301 di-

501 1331 576 1388 cit
610 1350 625 1388 :
679 1333 833 1401 Quod
881 1335 974 1388 uni
1018 1335 1202 1391 horum
1243 1338 1572 1392 minimarum
1611 1337 1846 1407 fecistis,
1874 1338 2003 1393 mihi
2032 1341 2111 1409 fe-

500 1424 645 1480 cistis
676 1424 695 1498 (
728 1425 917 1482 Matth.
952 1444 1079 1495 xxv,
1111 1430 1226 1497 40).
1260 1428 1367 1486 llos
1397 1429 1561 1501 pedes
1585 1431 1681 1486 illa
1708 1432 1906 1487 mulier
1933 1432 2110 1487 Evan-

501 1520 677 1591 gelica
705 1520 1012 1594 refrigerat,
1045 1524 1145 1581 hos
1169 1524 1427 1599 lacrymis
1454 1526 1568 1582 suis
1592 1528 1784 1599 irrigat
1811 1527 1981 1601 (Luc.
2012 1544 2106 1594 vn,

503 1612 631 1687 58);
662 1615 879 1686 quando
924 1617 1124 1675 inlimis
1162 1630 1442 1691 peceatum
1472 1622 1789 1690 remittitur,
1834 1623 1995 1695 culpa
2033 1624 2112 1679 la-

505 1716 703 1774 vatur,
750 1708 985 1766 donatur
1033 1712 1385 1784 indulgentia.
1453 1714 1565 1772 Hos
1604 1715 1771 1786 pedes
1833 1719 2112 1774 osculatur

504 1799 622 1868 ille,
653 1802 745 1873 qui
778 1803 942 1859 etiam
970 1803 1189 1861 infimos
1223 1806 1396 1877 plebis
1422 1822 1593 1864 sacrae
1622 1807 1825 1880 diligit.
1857 1808 1968 1865 Hos
2011 1826 2106 1882 pc.

510 1891 612 1949 des
639 1905 918 1965 unguento
949 1898 1097 1969 ungit
1122 1898 1232 1965 ille,
1256 1899 1349 1971 qui
1392 1900 1556 1956 etiam
1587 1901 1928 1958 tenuioribus
1952 1916 2110 1959 man-

511 1989 820 2046 suetudinis
832 2005 946 2046 sua:
965 1992 1193 2064 gratiam
1214 1994 1475 2065 impertit.
1494 1996 1552 2051 In
1573 1995 1728 2052 hisse
1750 2004 2041 2068 martyres,
2059 1996 2114 2052 in

514 2078 930 2153 hisapostoli,in
946 2086 1029 2143 his
1043 2086 1157 2157 ipse
1168 2087 1429 2145 Dominus
1445 2089 1603 2146 Jesus
1616 2090 1875 2146 honorari
1891 2090 2113 2146 indicat.

583 2173 677 2229 24.
708 2173 878 2232 Vides
905 2193 1066 2249 quam
1093 2180 1323 2237 moralis
1347 2182 1615 2238 Dominus
1652 2182 1746 2248 sit,
1778 2193 1839 2239 ut
1864 2183 2118 2255 exemplo

515 2265 603 2321 sui
628 2274 684 2324 te
708 2268 777 2324 ad
804 2269 1062 2339 pietatem
1094 2284 1350 2342 provocet
1379 2291 1394 2330 :
1423 2275 1647 2331 moralis
1666 2284 1752 2332 est
1778 2276 1969 2343 etiam,
1993 2292 2117 2333 cum

514 2359 716 2429 arguit.
774 2361 1013 2433 Denique
1040 2378 1301 2422 accusans
1326 2366 1545 2424 Iudaeos
1565 2368 1645 2423 ait
1675 2388 1688 2422 :
1722 2368 1924 2441 Popute
1944 2387 2117 2437 meus,

516 2451 643 2522 quid
668 2453 766 2520 feci
788 2454 899 2521 tibi,
931 2467 1024 2511 aut
1051 2458 1177 2527 quid
1197 2462 1497 2516 contristari
1524 2469 1594 2528 te,
1622 2471 1712 2517 aut
1734 2463 1860 2533 quid
1876 2464 2121 2519 molestus

519 2547 598 2616 fui
614 2547 741 2601 tibi?
766 2546 1044 2620 Responde
1061 2553 1209 2611 mihi.
1231 2553 1367 2621 Quia
1383 2572 1410 2611 e
1422 2554 1551 2611 duxi
1573 2565 1622 2611 te
1636 2558 1700 2612 de
1714 2566 1851 2613 terra
1874 2557 2119 2631 rEgypti,

521 2646 570 2692 et
614 2639 681 2695 de
723 2640 876 2697 domo
904 2644 1160 2700 servitutis
1190 2646 1399 2702 liberavi
1429 2657 1479 2704 te
1500 2647 1691 2719 (Nicia.
1715 2665 1789 2716 vr,
1813 2650 1868 2719 3,
1891 2651 1950 2722 4)
1975 2653 2000 2704 Ἰ
2058 2652 2124 2707 Et

522 2728 732 2786 addidit
758 2748 771 2785 :
802 2731 869 2788 Et
895 2734 1015 2790 misi
1037 2745 1156 2791 ante
1184 2738 1368 2809 faciem
1388 2742 1539 2794 tuam'
1565 2739 1781 2813 Moysen
1809 2752 1858 2797 et
1880 2742 2055 2797 Aaron
2077 2753 2124 2798 et

524 2819 749 2878 Mariam
776 2823 965 2898 (Num.
990 2843 1139 2895 xxtn,
1157 2832 1192 2884 2
1217 2841 1263 2885 et
1283 2834 1439 2903 σαι).
1476 2833 1530 2887 ln
1564 2844 1747 2890 mente
1776 2834 1974 2891 habeto
1995 2835 2124 2906 quid

523 2917 851 2988 cogitaverit
897 2920 951 2976 in
993 2931 1047 2979 te
1077 2922 1237 2979 Baiae
1263 2968 1277 2992 ,
1316 2925 1420 2982 hoc
1444 2935 1531 2983 est
1563 2968 1579 2994 ,
1623 2926 1717 2983 ille
1741 2929 1965 2998 magic:e
1991 2929 2127 2984 artis

523 3024 683 3081 opem
711 3027 997 3083 quaerens;
1026 3015 1123 3072 sed
1156 3025 1336 3074 tamen
1366 3033 1488 3074 eum
1521 3020 1614 3075 tibi
1645 3035 1750 3075 non
1786 3022 2007 3091 permisi
2032 3038 2129 3076 no-

522 3117 671 3159 cere.
703 3104 1101 3177 Deprimebaris
1125 3108 1310 3181 utique
1336 3111 1388 3166 in
1412 3112 1714 3184 peregrinis
1734 3114 1998 3170 exsulans
2019 3122 2129 3170 ter-

529 3197 627 3265 ris,
654 3200 911 3270 gravibus
931 3200 1095 3274 962
1118 3210 1143 3240 α
1182 3204 1464 3274 urgebaris
1495 3206 1758 3261 oneribus
1792 3224 1805 3260 :
1840 3208 1965 3262 misi
2002 3216 2129 3262 ante

2208 503 2446 559 suetum,
2474 494 2651 566 qualis
2672 509 2770 565 per
2794 492 3010 549 Nathan
3039 494 3372 565 prophetam
3396 492 3778 567 expostulatio?

2210 588 2345 661 Ego,
2379 589 2550 659 inquit
2582 588 2658 659 (ll
2688 587 2818 659 Reg.
2852 603 2949 654 ιιι,
2973 588 3005 642 7
3032 599 3080 644 et
3110 588 3273 661 seq.),
3300 597 3354 645 te
3384 588 3649 643 minorem
3669 586 3778 657 elegi

2207 682 2278 739 de
2299 682 2560 738 fratribus
2586 682 2696 737 tuis
2728 698 2741 733 :
2769 695 2874 751 ego
2896 692 2951 738 te
2996 680 3447 737 mansuetudinis
3472 678 3671 747 repleti
3691 679 3780 749 spi-

2208 776 2359 831 ritu:
2409 790 2510 845 ego
2538 784 2590 829 te
2638 789 2736 845 per
2775 773 3109 841 Samuelem,
3160 776 3215 830 in
3256 789 3372 846 quo
3409 788 3515 844 ego
3564 780 3780 837 eram,et

2210 883 2390 924 meum
2414 882 2636 932 nomen,
2672 867 2800 922 nnxi
2827 868 2880 922 in
2912 882 3122 938 regem.
3160 878 3183 906 ε
3218 867 3338 938 Ego
3371 876 3448 932 te,
3477 864 3686 921 sublato
3710 864 3782 919 illo

2212 976 2341 1031 rege
2366 961 2673 1031 superiore,
2706 975 2867 1031 quem
2900 960 3078 1015 malus
3118 960 3350 1029 spiritus
3389 958 3715 1030 exagitabat,
3740 968 3781 1011 ut

2213 1064 2633 1128 persequeretur
2678 1053 2997 1112 sacerdotes
3052 1054 3296 1121 Domini,
3345 1054 3421 1110 de
3470 1053 3661 1109 exsule
3701 1052 3782 1108 feci

2213 1149 2813 1222 triumphatorem.Ego
2835 1150 2905 1207 de
2926 1149 3139 1206 semine
3153 1159 3249 1206 tuo
3280 1150 3334 1205 in
3354 1150 3562 1205 throno
3584 1157 3675 1203 tuo
3701 1161 3783 1203 non

2211 1246 2367 1317 prius
2387 1243 2657 1301 haeredem
2688 1259 2849 1316 quam
2877 1255 3187 1301 consortem
3214 1245 3418 1300 locavi.
3454 1243 3569 1315 Ego
3599 1243 3688 1297 tibi
3707 1242 3784 1297 feci

2212 1341 2374 1397 etiam
2423 1340 2763 1411 alienigenas
2787 1340 3058 1407 subditos,
3091 1348 3151 1395 ut
3174 1339 3272 1395 tibi
3317 1339 3611 1403 serviant,
3646 1338 3785 1408 quite

2213 1432 2602 1504 impugnabant
2624 1450 2638 1485 :
2659 1442 2714 1487 et
2738 1441 2793 1488 tu
2819 1433 3126 1489 servientes
3139 1432 3274 1487 mihi
3304 1432 3359 1487 in
3378 1438 3700 1502 potestatem
3714 1430 3785 1485 de-

2213 1525 2382 1583 duces
2418 1525 2770 1582 inimicorum
2792 1536 3045 1583 meorum
3070 1541 3086 1581 :
3111 1536 3167 1583 et
3195 1534 3252 1580 tu
3279 1524 3509 1581 auferes
3535 1523 3677 1597 quod
3695 1536 3785 1579 erat

2213 1620 2417 1676 servuli
2452 1620 2579 1686 mei,
2608 1620 2661 1675 in
2682 1635 2791 1690 quo
2822 1628 2877 1675 et
2907 1619 3001 1675 tibi
3036 1628 3324 1690 peccatum
3354 1617 3619 1684 inuritur,
3645 1626 3697 1673 et
3716 1617 3786 1671 ha-

2214 1712 2419 1769 bebunt
2440 1712 2508 1767 de
2522 1727 2633 1784 quo
2652 1713 2757 1767 mei
2785 1712 3082 1768 adversarii
3109 1711 3416 1783 glorientur
3437 1711 3463 1765 ?

2284 1806 2378 1862 26.
2421 1805 2565 1877 Ergo
2597 1808 2913 1877 imperator,
2942 1814 3003 1862 ιιι
3024 1806 3135 1877 jam
3162 1820 3272 1860 non
3303 1806 3485 1860 solum
3516 1804 3586 1860 de
3613 1803 3788 1870 te,sed

2215 1899 2379 1957 etiam
2400 1900 2468 1955 ad
2493 1911 2546 1956 te
2568 1899 2729 1955 verba
2751 1909 3095 1965 convertam;
3118 1901 3381 1971 quoniam
3403 1898 3646 1954 advortis
3663 1912 3790 1967 quam

2217 1992 2457 2062 graviter
2502 1991 2765 2047 Dominus
2816 1990 3116 2047 convenire
3143 1990 3359 2056 soleat,
3391 2006 3507 2062 quo
3543 1989 3793 2060 gloriosior

2220 2086 2395 2143 factus
2420 2101 2502 2151 es,
2534 2102 2602 2142 eo
2628 2085 2861 2157 amplius
2888 2086 3096 2142 auctori
3130 2095 3225 2141 tuo
3266 2083 3630 2141 deferendum
3655 2098 3791 2139 nove-

2220 2182 2317 2234 ris.
2350 2177 2623 2248 Scriptum
2653 2185 2736 2233 est
2758 2176 2904 2233 enim
2925 2176 3108 2250 (Deut.
3134 2175 3287 2248 tx,4)
3319 2173 3499 2232 :Cum
3524 2183 3579 2231 te
3605 2174 3794 2232 indute

2222 2272 2296 2326 rit
2325 2270 2590 2326 Dominus
2615 2270 2758 2326 Deus
2785 2277 2910 2325 tnus
2953 2269 3006 2324 in
3040 2279 3243 2325 terram
3290 2270 3533 2324 alienam
3564 2278 3624 2325 et
3673 2283 3794 2322 man-

2222 2364 2504 2420 ducaveris
2535 2363 2742 2419 fructus
2762 2363 2997 2429 alienos,
3028 2378 3138 2418 non
3179 2362 3335 2419 dicas
3364 2381 3380 2417 ε
3410 2362 3602 2418 Virtus
3628 2376 3733 2417 mea
3753 2372 3794 2416 et

2220 2457 2433 2528 justitia
2469 2473 2590 2514 mea
2633 2457 2737 2514 hoc
2776 2458 2907 2513 mihi
2952 2457 3135 2523 dedit;
3167 2456 3262 2513 sed
3298 2457 3568 2513 Dominus
3606 2456 3794 2512 donarit

2225 2552 2390 2619 Deus,
2419 2553 2514 2609 sed
2537 2550 2787 2608 Christus
2812 2552 3188 2610 misericordia
3212 2568 3311 2608 sua
3332 2552 3572 2608 contulit
3595 2569 3611 2617 ;
3633 2563 3686 2607 et
3702 2552 3796 2606 ideo

2225 2662 2429 2717 corpus
2472 2647 2623 2718 ejus,
2654 2647 2760 2703 hoc
2802 2656 2925 2713 est,
2963 2647 3268 2703 Ecclesiam
3299 2646 3604 2718 diligendo,
3634 2661 3796 2718 aquam

2227 2740 2295 2795 da
2325 2739 2555 2812 pedibus
2585 2740 2705 2811 ejus
2725 2782 2741 2806 ,
2765 2740 3016 2796 osculare
3048 2739 3213 2810 pedes
3237 2739 3361 2811 ejus
3392 2737 3579 2812 (Joen.
3606 2754 3701 2802 ιιι,
3721 2738 3795 2807 5);

2228 2843 2288 2889 ut
2318 2849 2425 2890 non
2469 2833 2644 2891 solum
2676 2833 2929 2889 absolvas
2956 2847 3084 2899 eos,
3111 2833 3205 2904 qui
3251 2834 3306 2888 in
3353 2832 3604 2905 peccatis
3638 2832 3799 2902 depre-

2231 2926 2385 2983 hensi
2416 2936 2564 2993 sunt,
2602 2942 2789 2984 verum
2812 2929 2975 2983 etiam
3008 2940 3141 2997 pace
3165 2936 3255 2981 tua
3282 2926 3463 2983 dones
3492 2926 3794 2983 concordia.

2230 3028 2289 3076 et
2314 3020 2480 3090 quieti
2512 3021 2746 3075 relaxes.
2777 3020 2927 3076 Mitte
2959 3028 3294 3089 unguentum
3324 3019 3379 3075 in
3414 3020 3586 3089 pedes
3609 3021 3731 3091 ejus,
3753 3028 3795 3071 ιιι

2234 3121 2343 3169 tota
2373 3114 2568 3170 domus
2613 3115 2666 3169 in
2695 3129 2801 3185 qua
2826 3111 3081 3169 Christus
3107 3112 3402 3180 recumbit,
3437 3123 3537 3169 tuo
3563 3114 3795 3184 repleatur

2234 3217 2534 3279 unguento.
2562 3222 2754 3265 omnes
2782 3208 3164 3265 recumbentes
3194 3223 3318 3264 cum
3339 3224 3410 3264 eo
3435 3209 3699 3279 gaudeant
3717 3207 3794 3261 tuis

523 3289 720 3346 faciem
755 3302 899 3349 tuam
929 3294 1151 3367 Moysen
1170 3302 1226 3351 e‘t
1246 3296 1428 3352 Aaron
1457 3308 1511 3354 et
1540 3297 1785 3364 Mariam,
1811 3310 1867 3355 et
1891 3301 2126 3371 primum
2158 3298 2205 3361 C
2234 3298 2262 3338 τι
2289 3301 2577 3368 odoribus,
2608 3301 2711 3358 hoc
2759 3310 2876 3368 est,
2902 3302 2982 3357 sic
3023 3300 3233 3356 honora
3283 3301 3531 3366 ultimos,
3562 3311 3619 3356 ut
3644 3314 3791 3355 eorum

529 3383 641 3451 ille,
661 3388 749 3458 qui
763 3388 1095 3458 spoliaverat
1113 3392 1379 3457 exsulem,
1403 3393 1797 3464 spoliatusipse
1818 3402 1906 3451 est
1925 3393 2125 3462 (Exod.

531 3494 643 3548 xtv,
669 3481 787 3554 29).
818 3483 919 3551 'l‘u,
954 3485 1046 3555 qui
1069 3486 1334 3542 amiseras
1360 3494 1473 3555 tua,
1520 3487 1802 3559 acquisisti
1831 3487 2033 3556 aliena,
2064 3487 2130 3543 li-

533 3572 758 3631 beratus
800 3576 869 3631 ab
902 3577 1149 3634 hostibus
1176 3578 1747 3651 circumvallantibus,
1783 3592 1948 3655 atque
1988 3584 2131 3639 inter

536 3680 706 3737 aquas
737 3668 944 3725 medias
972 3679 1116 3727 tutus
1144 3681 1382 3744 stragem
1413 3675 1595 3731 vidisti
1636 3676 1974 3732 inimicorum
2006 3686 2130 3732 tun-

538 3774 682 3826 rum,
712 3778 835 3817 cum
862 3765 1052 3821 eadem
1084 3769 1246 3834 unda,
1272 3783 1396 3839 quae
1421 3776 1475 3826 te
1502 3768 1832 3826 circumfusa
1863 3786 2131 3842 provexe-

538 3863 646 3921 rat,
670 3855 882 3913 hostem
910 3859 1088 3915 refusa
1116 3860 1478 3931 demergeret.
1530 3861 1724 3919 Nonne
1751 3879 1876 3919 cum
1912 3862 2011 3918 tibi
2042 3879 2135 3931 per

536 3947 815 4006 desertum
843 3950 1079 4008 venienti
1124 3953 1382 4009 alimenta
1413 3955 1707 4022 deessent,
1755 3956 2003 4012 altricem
2036 3956 2134 4011 tibi

540 4042 799 4113 pluviam,
828 4053 886 4101 et
935 4056 1269 4102 commeatus
1291 4089 1306 4113 ,
1348 4061 1692 4119 quocumque
1723 4063 2004 4118 pergeres,
2032 4048 2140 4102 cir-

541 4138 812 4196 cumfluus
864 4140 1165 4197 ministravi
1223 4140 1420 4213 (Exod.
1449 4159 1562 4209 xvi,
1591 4142 1627 4197 4
1655 4153 1705 4198 et
1734 4143 1867 4217 seq.)
1896 4145 1921 4199 Ἰ
1946 4142 2138 4201 Nonne

496 4258 501 4259 ν
541 4241 615 4297 te,
643 4232 1184 4291 debellatisinimicis
1211 4237 1487 4301 omnibus,
1513 4238 1566 4291 in
1598 4238 1878 4309 regionem
1911 4238 2140 4310 Botryo-

541 4326 627 4382 nis
678 4328 864 4383 induxi
914 4325 1103 4402 (Num.
1146 4346 1265 4398 xm,
1313 4329 1450 4403 24)?
1480 4329 1670 4387 Nonne
1725 4332 1904 4403 ipsum
1954 4331 2138 4389 Sehon

544 4420 991 4479 Amorrhreorum
1022 4438 1205 4495 regem
1233 4421 1425 4494 (Num.
1452 4440 1567 4488 χιιι,
1590 4422 1711 4496 26),
1737 4423 1841 4479 hoc
1878 4432 1968 4480 est
1991 4466 2007 4488 ,
2045 4440 2140 4481 su-

545 4515 796 4586 perbum.
821 4517 1264 4587 exasperantium
1294 4515 1322 4555 ι)
1353 4517 1546 4574 ducem
1578 4534 1591 4572 :
1625 4532 1808 4575 nonne
1830 4533 2012 4590 regem
2045 4518 2142 4574 llai

547 4609 822 4666 viventem
854 4610 948 4665 tibi
979 4610 1197 4676 tradidi,
1226 4626 1389 4681 quem
1412 4609 1670 4666 suffixum
1700 4611 1851 4683 ligno
1873 4625 1939 4666 ac
1958 4611 2146 4669 subla-

2178 3470 2179 3475 η
2232 3395 2580 3452 absolutione
2607 3395 2883 3467 gaudeant
2909 3396 3106 3467 angeli,
3137 3398 3282 3453 sicut
3311 3411 3487 3468 super
3512 3411 3619 3452 uno
3644 3408 3792 3467 pecea-

2233 3496 2352 3545 tore
2374 3490 2745 3562 pmnitentiam
2767 3500 2961 3562 agente
2988 3489 3140 3565 (Luc.
3170 3506 3263 3557 xv,
3290 3491 3383 3559 10)
3403 3508 3418 3556 ;
3439 3492 3683 3546 lit-tentur
3697 3503 3789 3559 apo-

2233 3582 2383 3649 stoli,
2414 3580 2756 3638 delectentur
2789 3581 3091 3653 prophetat.
3139 3582 3257 3637 Non
3306 3583 3457 3638 enim
3489 3590 3704 3653 possunt
3732 3579 3790 3633 ifi-

2234 3689 2364 3730 cere
2392 3673 2539 3731 oculi
2570 3676 2755 3730 manui
2788 3696 2801 3731 :
2848 3674 3075 3745 Operam
3106 3685 3250 3729 tuam
3300 3692 3411 3729 non
3447 3675 3791 3733 desiderent;

2237 3778 2328 3819 aut
2356 3776 2511 3834 caput
2544 3767 2759 3832 pedibus
2799 3782 2819 3821 :
2857 3766 3023 3839 963
3072 3764 3197 3820 Non
3242 3767 3366 3820 estis
3408 3766 3541 3820 mihi
3568 3762 3792 3818 nimii

2238 3857 2285 3928 (ι
2312 3858 2437 3913 Cor.
2472 3874 2567 3924 ιιι,
2595 3858 2709 3928 21).
2765 3858 2905 3930 Ergo
2947 3857 3073 3929 quia
3121 3872 3316 3913 omnes
3361 3855 3646 3913 necessarii
3667 3861 3788 3913 sunt,

2240 3961 2394 4009 tuere
2431 3968 2594 4008 omne
2643 3969 2843 4023 corpus
2887 3953 3099 4010 Domini
3147 3952 3315 4018 Jesu;
3361 3961 3424 4008 ut
3468 3954 3585 4023 ipse
3622 3961 3795 4022 quoque

2240 4060 2467 4117 regnum
2501 4058 2648 4101 tuum
2687 4047 2893 4103 caelesti
2922 4061 3017 4103 sua
3049 4045 3374 4117 dignatione
3402 4046 3685 4102 custodiat.

2312 4139 2403 4193 27.
2441 4149 2464 4177 θ
2506 4139 2608 4196 Ubi
2645 4140 2928 4206 descendi,
2967 4141 3046 4195 ait
3086 4139 3220 4195 mihi
3265 4156 3281 4193 :
3322 4140 3402 4195 De
3443 4139 3599 4194 nobis
3632 4150 3798 4207 propo-

2243 4233 2426 4288 suisti.
2458 4233 2736 4303 Respondi
2769 4252 2782 4288 :
2820 4233 2932 4290 Hoc
2963 4233 3218 4300 tractavi,
3259 4233 3407 4303 quod
3448 4232 3516 4287 ad
3558 4229 3798 4287 utilitatem

2245 4338 2394 4385 tuam
2424 4330 2749 4400 pertineret.
2772 4329 2926 4385 'l'unc
2948 4328 3026 4382 ait
3052 4346 3065 4383 :
3097 4327 3178 4384 Re
3207 4343 3336 4383 vera
3358 4327 3430 4384 de
3449 4339 3710 4400 synagoga
3728 4335 3800 4376 re.

2246 4424 2487 4495 paranda
2526 4424 2596 4480 ab
2623 4427 2886 4496 episeopo
2924 4423 3114 4479 durius
3151 4430 3482 4486 statueram,
3520 4420 3611 4477 sed
3648 4431 3800 4474 emea-

2246 4515 2429 4572 datutn
2457 4527 2560 4571 est.
2584 4516 2831 4573 Monachi
2864 4516 3037 4571 multa
3081 4514 3292 4570 scelera
3325 4513 3554 4569 faciunt.
3578 4512 3715 4567 'l‘one
3736 4508 3804 4562 Tt-

2251 4610 2454 4667 masius
2493 4612 2754 4681 magister
2791 4610 3035 4681 equitnm
3076 4617 3131 4663 et
3167 4608 3415 4679 peditum
3456 4607 3621 4673 cmpit
3652 4603 3805 4658 adrer-

548 4707 662 4760 ttim
693 4703 748 4760 in
776 4719 941 4761 cruce
983 4704 1275 4760 maledicto
1325 4713 1515 4760 vetere
1544 4703 1923 4761 condemnasti
1958 4702 2141 4775 (Josue
2167 4699 2224 4760 Ῑ)
2247 4720 2368 4762 sum
2401 4706 2703 4761 monachos
2728 4719 2851 4762 esse
2875 4702 3276 4760 vehementior.
3309 4700 3588 4772 Respondi
3608 4700 3655 4754 ei
3684 4695 3803 4764 :Ego

546 4816 662 4869 vni,
682 4800 758 4856 25
781 4810 829 4855 et
846 4800 1014 4872 seq.)?
1032 4799 1171 4869 Quid
1198 4798 1377 4855 dicam
1409 4812 1551 4855 caesa
1571 4801 1812 4870 quinque
1839 4813 2026 4869 regum
2050 4813 2145 4868 ag-

550 4895 716 4961 mina,
766 4908 888 4964 qua
912 4893 1124 4949 debitas
1149 4892 1241 4948 tibi
1286 4903 1462 4947 terras
1490 4906 1689 4963 negare
1741 4888 2150 4946 contendebant

552 4987 736 5060 (Iosue
768 5003 822 5053 χ,
851 4987 987 5057 26)?
1010 4986 1079 5042 Et
1123 5001 1269 5041 nunc
1297 5000 1397 5057 pro
1428 4986 1515 5042 his
1561 4984 1814 5041 omnibus
1839 4983 1966 5056 quid
1994 4983 2144 5038 aliud

550 5097 580 5136 a
605 5093 659 5139 te
675 5083 960 5153 quaaritur,
987 5082 1171 5146 homo,
1197 5080 1301 5135 nisi
1335 5090 1390 5135 nt
1423 5078 1588 5135 facias
1609 5078 1874 5149 jndicium
1906 5088 1962 5134 et
1986 5077 2151 5149 justi-

553 5178 705 5245 tiam,
723 5186 778 5233 et
801 5176 996 5247 diligas
1017 5173 1477 5237 misericordiam,
1492 5183 1545 5228 et
1571 5181 1796 5243 paratus
1815 5172 1891 5228 sis
1915 5173 1997 5228 ire
2023 5185 2149 5227 cum

556 5269 789 5328 Domino
816 5271 925 5326 Deo
957 5279 1049 5325 tuo
1078 5266 1270 5339 (ΜὶεΙι.
1301 5282 1375 5335 νι,
1403 5264 1461 5336 8)
1485 5266 1509 5319 ἲ

630 5447 657 5476 ιι
685 5434 869 5509 Codex
891 5446 1070 5509 manu
1098 5438 1383 5509 exaratos.
1409 5425 1679 5509 urgeberis
1698 5424 2007 5509 fraudibus.

628 5513 660 5552 ι»
685 5507 832 5563 Idem
853 5501 1252 5575 codex,fducem
1273 5495 1520 5556 viventem
1549 5498 1639 5552 tibi
1660 5495 1846 5563 obtuli,
1876 5509 2027 5566 quem
2042 5499 2158 5566 suf-

561 5581 743 5648 fixum,
766 5587 873 5635 etc.

634 5663 657 5690 ε
695 5652 826 5721 Reg.
857 5648 1057 5734 codex,
1082 5662 1176 5719 ego
1215 5656 1264 5702 et
1315 5644 1517 5699 sublato
1561 5640 1654 5695 illo
1697 5649 1906 5694 tuarum
1933 5647 2159 5718 paruum

566 5734 683 5791 rege
697 5738 984 5791 superiore.

636 5791 662 5831 ἀ
686 5792 765 5849 id.
781 5792 913 5862 Reg.
930 5791 1099 5847 codex
1109 5833 1124 5857 ,
1140 5790 1407 5852 odoribus,
1421 5788 1497 5841 sic
1507 5786 1683 5862 estqui
1695 5786 1915 5845 honorat
1928 5791 2157 5846 animos,

2251 4813 2377 4855 cum
2420 4798 2750 4867 imperatore
2786 4813 2890 4869 ago
2912 4840 2928 4865 ,
2973 4807 3034 4854 ut
3070 4804 3330 4866 oportet;
3368 4796 3497 4866 quia
3534 4791 3654 4848 novi
3692 4784 3803 4859 quod

2252 4890 2452 4946 habeat
2480 4892 2690 4947 Domini
2723 4892 2975 4948 timorem
3017 4909 3031 4945 :
3067 4901 3244 4949 tecum
3272 4898 3459 4945 autem
3497 4888 3652 4943 aliter
3674 4895 3803 4953 θεοι-
3924 4926 3925 4953 ᾖ

2253 4984 2405 5053 dum,
2433 4988 2524 5055 qui
2554 4995 2661 5042 tam
2683 4985 2825 5042 dura
2858 4984 3114 5057 loqueris.

2327 5079 2417 5136 28.
2450 5079 2653 5136 Deinde
2681 5094 2805 5135 cum
2832 5076 3159 5149 aliquamdiu
3185 5083 3388 5131 starem
3417 5116 3434 5141 ,
3461 5074 3583 5130 dico
3610 5072 3806 5140 impen-

2256 5174 2363 5229 tori
2396 5193 2409 5229 :
2439 5174 2545 5230 Fac
2577 5189 2664 5230 me
2702 5187 2954 5230 securum
2996 5186 3095 5241 pro
3132 5179 3188 5225 te.
3216 5168 3446 5234 oderre,
3477 5167 3696 5224 absolve
3718 5159 3806 5217 sai-

2258 5282 2404 5323 mum
2447 5282 2647 5323 meum.
2697 5268 2714 5303 τ
2756 5267 2889 5324 Cum
2939 5264 3246 5329 assideret,
3290 5271 3693 5333 annueretque.
3726 5269 3804 5311 n0!

2258 5425 2761 5493 comprehenditur.
2806 5438 2873 5478 ex
2907 5436 3009 5476 ms.
3053 5418 3547 5495 reg._res_tituitur.

2261 5485 2460 5567 prmter
2477 5497 2779 5567 argumenti
2799 5497 3019 5568 seriem,
3036 5485 3559 5568 siniilitudinctnqtre

2256 5561 2423 5624 etiam
2455 5561 2576 5639 qua:
2609 5568 2862 5624 Paulinus
2886 5566 2957 5622 de
2979 5561 3442 5639 sancti__Pr:esulis
3472 5573 3592 5614 eum
3624 5561 3807 5639 impera:

2263 5623 2383 5696 tore
2431 5623 2497 5695 ac
2556 5623 2675 5711 ejus
2724 5637 3037 5711 purpuratis
3091 5635 3367 5705 colloquio
3392 5636 3688 5692 memorat,
3726 5623 3807 5677 hat

2262 5707 2621 5769 Ambrosiam:
2642 5707 2765 5767 esse
2795 5707 3142 5781 persuadent.

2341 5784 2360 5823 t
2404 5784 2605 5855 Regius
2633 5776 2932 5847 cod.,'Cum
2953 5779 3202 5855 assideret
3225 5818 3245 5855 ,_
3265 5792 3367 5855 u_on
3395 5785 3566 5855 mg;
3589 5776 3806 5855 W22.

642 5875 665 5901 ε
687 5844 984 5933 διιῖἆιιῗιίἷ
1006 5844 1096 5917 ab“
1110 5844 1251 5917 ἰιοὰ
1275 5844 1503 5916 numero
1528 5859 1593 5913 ad
1607 5844 1620 5859 ’
1636 5844 1952 5927 sequentem
1967 5844 1975 5846 ⁷
1990 5844 2126 5935 usqu

2264 5858 2394 5913 dixit
2420 5873 2474 5911 se
2485 5844 2906 5911 irritandam-runt.
2941 5851 3093 5908 Stare
3116 5849 3267 5921 capi.
3292 5847 3460 5920 Lege,
3488 5844 3804 5909 Instaurati.
