3996 6292
189 335 321 390 lli!

1368 316 1855 380 EPISTOLARUM
1895 315 2179 377 CLASSIS
2218 316 2257 372 Ι.

3341 311 3486 372 1122

184 462 363 509 tamen
397 464 587 521 aperte
628 448 995 517 polliceretur,
1036 455 1199 518 atque
1237 458 1338 516 ego
1375 452 1603 509 starem,
1643 439 1779 496 dixit
1806 442 1859 501 A
1886 449 2059 495 totum
2114 436 2390 492 hominem
2437 431 2809 504 praecipitaret
2855 431 2910 486 in
2962 438 3234 487 mortem:
3282 441 3337 489 et
3381 433 3487 491 uisi

188 560 246 601 se
288 542 705 598 emendaturum
747 542 1094 611 rescriptum.
1138 538 1334 602 Statim
1371 535 1554 592 dicere
1589 533 1729 603 ccepi
1762 574 1776 597 ,

187 646 249 693 ut
275 651 492 693 omnem
532 636 895 707 cognitionem
937 634 1174 699 tolleret;
1202 642 1229 670 ἰ
1260 647 1329 687 ne
1366 631 1658 687 occasione
1694 642 1783 685 co-

184 728 444 802 gnitionis
484 742 670 785 comes
695 727 873 799 aliqua
906 726 1239 783 christianos
1263 730 1525 780 attereret
1555 721 1775 793 injuria.

187 821 444 877 Promisit
478 821 743 876 futurum.
785 818 888 875 Aio
927 817 1053 875 illi:
1087 816 1202 889 Ago
1230 815 1337 871 lide
1376 824 1489 882 tua;
1531 821 1590 871 et
1625 828 1777 885 repe-

170 906 279 970 tivi
306 933 319 967 :
348 914 465 985 Ago
492 912 597 970 ﬁde
624 921 733 968 tua.
761 911 790 951 ι)
818 913 954 984 Age,
988 910 1184 982 inquit,
1211 909 1316 965 lide
1349 923 1489 965 mea.
1520 907 1588 962 Et
1615 907 1689 962 ita
1712 905 1780 962 ad

188 1008 357 1063 altare
377 1007 606 1072 accessi,
634 1019 742 1060 non
771 1005 931 1062 aliter
960 1017 1299 1069 accessurus,
1333 1001 1439 1057 nisi
1466 999 1597 1056 mihi
1624 1001 1782 1071 plene

188 1100 549 1171 promisisset.
585 1097 653 1154 Et
689 1113 817 1154 vere
847 1106 993 1153 tanta
1019 1092 1312 1152 oblationis
1340 1093 1440 1150 luit
1460 1094 1636 1166 gratia
1665 1134 1678 1158 ,
1722 1100 1784 1148 ut

187 1195 445 1249 sentirem
473 1191 637 1247 etiam
670 1190 786 1262 ipse
826 1204 945 1246 eam
990 1189 1104 1245 Deo
1145 1197 1331 1243 nostro
1372 1189 1395 1216 °
1435 1183 1785 1242 commenda-

190 1290 381 1345 tiorem
412 1286 583 1344 fuisse
610 1286 861 1359 gratiam.
903 1294 957 1340 et
995 1285 1241 1341 divinam
1283 1283 1634 1355 praesentiam
1673 1275 1784 1338 non

189 1382 447 1439 defuisse.
475 1381 671 1437 Omnia
704 1381 886 1452 itaque
915 1395 986 1436 ex
1008 1379 1281 1435 sententia
1309 1389 1462 1450 gesta
1491 1388 1638 1434 sunt.

190 1517 216 1555 ι¹
260 1516 593 1576 [EPISTULA
632 1516 888 1575 SYRICII
929 1515 1134 1573 PAPE
1173 1516 1267 1572 AD
1307 1514 1788 1574 MEDIOLANEN—

694 1612 834 1670 seu
868 1610 1283 1686 secessum.

194 1730 616 1786 Mediolanenses
656 1730 804 1784 docet
844 1728 1040 1783 diaboli
1082 1730 1276 1800 factum
1303 1714 1529 1795 invidia,
1562 1738 1618 1782 ut
1645 1742 1790 1783 novre

262 1825 481 1881 heereses
514 1826 799 1896 irreperent
834 1824 889 1878 in
926 1822 1236 1878 Ecclesium.
1281 1822 1451 1888 Quam
1487 1822 1791 1892 perniciosa:

264 1919 373 1973 illa:
402 1919 506 1973 sint
532 1959 547 1984 ,
574 1917 779 1990 prodit;
811 1927 858 1973 et
885 1918 940 1972 in
966 1925 1215 1972 conventu
1241 1916 1591 1972 ecclesiastico
1611 1930 1790 1971 eorum

263 2021 500 2068 auctores
525 2053 540 2078 ,
580 2027 802 2083 quorum
837 2010 1148 2083 singillatim
1184 2010 1397 2065 nomina
1426 2020 1789 2079 recensentur,

264 2107 541 2163 damnatos
561 2107 742 2177 refert.

445 2244 463 2277 ι
498 2224 749 2281 Svntcws
781 2233 804 2261 ο
837 2221 1230 2279 Mediolanensi
1264 2220 1548 2277 Ecclesiae.

266 2318 313 2371 l.
351 2334 369 2368 ι
407 2315 665 2387 Optarem
693 2326 927 2386 semper,
959 2314 1153 2370 fratres
1183 2312 1516 2382 charissimi,
1546 2312 1795 2369 dilectio-

186 2413 273 2466 nis
310 2419 368 2466 et
400 2410 552 2483 pacis
585 2419 784 2466 vestrm
823 2408 1130 2465 sinceritati
1156 2408 1354 2480 gaudia
1398 2408 1684 2472 nuntiare,
1719 2408 1792 2463 ita

189 2512 249 2556 ut
279 2502 516 2558 vicissim
546 2501 981 2558 discurrentibus
1012 2500 1212 2556 litteris
1240 2498 1258 2538 ί
1290 2500 1572 2571 sospitatis
1594 2508 1792 2556 vestrae

182 2595 504 2666 juraremur
528 2594 755 2666 judicio.
790 2597 860 2650 At
884 2603 909 2641 κ
943 2609 1076 2650 vero
1105 2595 1229 2666 quia
1256 2593 1424 2668 965
1448 2609 1555 2649 non
1589 2594 1792 2665 patitur

186 2692 374 2760 quiete
401 2703 502 2744 nos
522 2703 717 2744 vacare
744 2689 813 2743 ab
842 2689 1160 2745 incursione
1183 2704 1277 2744 sua
1309 2689 1485 2745 hostis
1514 2689 1789 2761 antiquus,

186 2783 258 2838 ab
288 2781 446 2838 initio
475 2781 712 2838 mendax
734 2824 748 2848 ,
778 2782 1034 2839 inimicus
1059 2781 1326 2849 veritatis,
1360 2782 1587 2838 aemulus
1619 2782 1792 2837 homi-

188 2878 277 2932 nis
306 2919 318 2941 ,
350 2890 510 2947 quem
545 2883 602 2930 ut
630 2874 950 2945 deciperet,
990 2891 1051 2933 se
1075 2886 1202 2931 ante
1231 2875 1483 2946 decepit,
1517 2875 1791 2945 pudicitiae

188 2974 568 3039 adversarius,
598 2973 830 3030 luxuriae
857 2975 1139 3044 magister,
1175 2971 1592 3029 erudelitatibus
1620 2972 1793 3044 pasci-

192 3075 279 3122 tur
303 3110 316 3132 ,
342 3066 370 3104 ιι
406 3066 741 3123 abstinentia
787 3068 1040 3138 punitur,
1081 3068 1198 3123 odit
1229 3066 1435 3139 jejunia
1461 3108 1475 3132 ,
1529 3066 1794 3123 ministris

188 3160 311 3214 suis
334 3159 781 3230 praedicantibus,
808 3158 823 3196 ί
847 3158 975 3215 dum
1003 3158 1135 3214 dicit
1155 3174 1278 3215 esse
1307 3157 1608 3230 superﬂua,
1639 3173 1792 3230 spem

1886 537 2152 593 Dominus
2182 530 2423 588 Sabaoth
2452 527 2726 598 laqueum,
2760 541 2922 599 quem
2951 535 3299 598 paraverant,
3330 527 3486 583 diru-

1887 631 2078 702 pisset,
2104 640 2269 682 scena
2294 623 2427 679 tanti
2458 622 2608 689 mali,
2644 630 2700 677 et
2724 619 3032 692 hypocrisis
3055 617 3327 689 publicata
3354 618 3493 674 mul-

1887 738 2066 781 torum
2100 719 2429 792 simplicium
2465 717 2631 774 corda
2680 714 2935 771 traxisset
2964 713 3020 770 in
3058 713 3314 779 ruinam;
3360 714 3490 784 quia

1884 817 2044 875 facile
2072 815 2141 872 ad
2174 813 2504 870 deteriorem
2538 818 2746 881 partem
2789 822 2943 864 mens
2987 808 3219 862 humana
3253 805 3491 862 traduci-

1886 920 1994 979 tur,
2028 909 2041 962 ἱ
2091 908 2300 965 malens
2328 921 2426 978 per
2452 904 2695 977 spatiosa
2727 900 2915 959 volare
2943 943 2958 969 ,
2988 916 3153 973 quam
3188 915 3285 972 per
3324 910 3490 955 arcta:

1886 1008 1990 1062 via:
2020 1005 2122 1063 iter
2148 1018 2273 1060 cum
2301 1001 2492 1057 labore
2522 998 2783 1055 transire.

1958 1101 2011 1155 5.
2051 1118 2070 1151 ι
2104 1099 2218 1167 Qua
2246 1096 2315 1153 de
2357 1110 2417 1152 re
2444 1094 2816 1151 necessarium
2845 1090 2980 1148 satis
3011 1089 3113 1146 luit
3136 1131 3153 1159 ,
3190 1088 3491 1147 dilectissi-

1888 1193 1999 1260 mi,
2032 1205 2154 1263 qua:
2198 1189 2286 1246 hic
2325 1198 2477 1259 gesta
2505 1196 2667 1251 sunt,
2700 1184 2769 1240 ad
2810 1190 3047 1240 vestram
3094 1180 3494 1240 conscientiam

1886 1284 2264 1360 cognoscenda
2290 1281 2579 1346 mandare;
2615 1294 2685 1336 ne
2716 1277 3019 1363 ignorantia
3048 1275 3359 1334 sacerdotis
3391 1290 3495 1332 cu-

1884 1378 2119 1451 juspiam
2144 1377 2507 1449 pessimorum
2535 1371 2816 1428 hominum
2851 1370 3156 1428 Ecclesiam
3186 1371 3499 1443 irrumpen-

1889 1473 2023 1529 tium
2053 1472 2154 1528 sub
2193 1471 2448 1542 religioso
2480 1468 2701 1523 nomine
2739 1467 2994 1540 contagio
3032 1466 3296 1537 violaret,
3335 1467 3481 1524 sicut

1888 1567 2145 1638 scriptum
2169 1571 2274 1630 est,
2308 1562 2541 1619 Domino
2572 1559 2794 1617 dicente
2820 1577 2835 1616 :
2860 1557 3021 1615 Multi
3055 1560 3269 1615 veniunt
3298 1560 3367 1614 ad
3396 1575 3488 1617 vos

1888 1662 1943 1715 in
1980 1658 2290 1715 aestimatis
2318 1657 2490 1713 ouium
2512 1697 2526 1722 ,
2555 1656 2698 1709 intus
2727 1662 2900 1715 autem
2927 1661 3053 1709 sunt
3077 1653 3193 1724 lupi
3232 1641 3450 1724 rapaces
3480 1669 3502 1710 :

1890 1770 1922 1807 a
1953 1752 2208 1823 fructibus
2234 1766 2413 1806 eorum
2434 1748 2750 1821 cognoscetis
2778 1764 2863 1803 eos
2893 1745 3111 1819 (Matth.
3136 1763 3233 1814 vn,
3260 1747 3352 1816 15,
3383 1745 3500 1819 16).

1818 1868 1867 1929 Β
1894 1845 1921 1883 ι
1956 1846 2019 1901 lli
2057 1856 2188 1901 sunt
2221 1844 2480 1900 videlicet
2511 1882 2526 1908 ,
2559 1841 2654 1914 qui
2697 1841 2800 1898 sub
2825 1840 3059 1898 vestium
3086 1840 3298 1897 vilitate
3326 1840 3504 1897 chris-

1900 1941 2077 1997 tianos
2115 1954 2241 1996 sese
2276 1938 2524 2009 jactant;
2568 1945 2630 1992 ut
2663 1936 2765 1993 sub
2796 1936 3107 1992 velamento
3148 1935 3223 2007 pii
3262 1934 3504 1992 nominis

1897 2034 2252 2105 gradientes,
2300 2031 2519 2088 domum
2562 2029 2825 2086 orationis
2870 2028 3102 2103 ingressi
3129 2070 3142 2094 ,
3189 2041 3501 2084 sermonem

1899 2127 2228 2203 serpentium
2273 2124 2658 2197 disputationis
2695 2122 2979 2180 ell‘undant
3021 2142 3035 2180 :
3078 2131 3135 2177 ut
3175 2123 3418 2196 sagittent
3447 2121 3505 2177 in

1900 2222 2117 2278 obscuro
2148 2231 2315 2277 rectos
2344 2220 2497 2274 corde
2528 2216 2716 2291 (Psal.
2751 2234 2807 2286 x,
2835 2216 2929 2289 ὃ),
2961 2224 3126 2287 atque
3158 2213 3175 2254 ι
3211 2231 3241 2271 a
3269 2216 3504 2273 veritate

1896 2315 2168 2371 catholica
2200 2311 2522 2378 avertendo,
2552 2310 2618 2366 ad
2646 2325 2758 2366 sua:
2785 2308 3051 2366 doctrinae
3076 2308 3285 2366 rabiem
3314 2307 3505 2364 diabo-

1896 2405 2003 2461 lico
2026 2419 2178 2461 more
2210 2394 2496 2461 t'radueant
2517 2444 2532 2469 ,
2561 2411 2725 2473 atque
2754 2400 2941 2457 ovium
2965 2400 3376 2472 simplicitatem
3405 2400 3504 2458 de-

1896 2498 2170 2555 lraudent.

1966 2593 2024 2649 4.
2065 2611 2084 2645 ι
2124 2586 2438 2662 Ειήιιίᾶθω
2471 2593 2767 2647 multarum
2799 2589 3070 2666 luerosum
3101 2591 3502 2664 malignitatem

1898 2697 1936 2724 ω
1970 2686 2040 2743 ab
2059 2686 2326 2758 apostolis
2350 2701 2493 2743 nunc
2520 2701 2695 2757 usque
2723 2683 3044 2753 didicimus,
3062 2694 3115 2741 et
3134 2686 3348 2758 experti
3378 2702 3506 2757 pro-

1896 2781 2147 2838 bavimus
2197 2800 2210 2835 :
2266 2781 2364 2839 sed
2418 2796 2715 2852 numquam
2762 2788 2788 2816 η
2824 2779 2963 2837 tales
3017 2795 3186 2837 canes
3241 2780 3508 2838 Ecclesia:

1900 2874 2216 2946 mysterium
2265 2874 2554 2930 latratibus
2577 2872 2949 2946 fatigaverunt
2973 2916 2989 2940 ,
3022 2875 3214 2946 quales
3242 2875 3332 2931 isti
3360 2891 3507 2934 nunc

1899 2969 2079 3024 subito
2092 2969 2479 3037 irrumpentes,
2493 2967 2743 3024 doctrina
2760 2966 3004 3039 perﬁdia:
3018 2967 3303 3040 pullulata,
3318 2968 3509 3027 hostes

1900 3062 2069 3130 ﬁdei,
2110 3063 2202 3133 qui
2232 3061 2388 3133 cujus
2424 3062 2533 3118 sint
2563 3062 2863 3134 discipuli,
2905 3050 3198 3119 verbo-rum
3236 3064 3507 3123 fructibus

1903 3156 2279 3227 prodiderunt.
2307 3155 2555 3227 Namque
2589 3170 2711 3212 eum
2737 3156 2831 3212 alii
2875 3155 3122 3213 haeretici
3154 3157 3366 3230 singula
3402 3159 3508 3216 sibi

190 3269 304 3309 non
336 3254 540 3309 habens
568 3254 636 3310 de
664 3252 882 3320 tuturis,
917 3253 1165 3325 Apostoli
1197 3253 1469 3310 sententia
1502 3269 1794 3322 repercus-
1823 3274 1868 3336 ρ
1898 3267 2100 3323 genera
2142 3250 2509 3322 quaestionum
2540 3250 2682 3307 male
2724 3250 3087 3323 intelligendo
3116 3253 3507 3323 proposuerint

189 3361 291 3401 sus
321 3345 555 3403 dicentis
585 3365 598 3401 :
623 3346 999 3402 Manducemus
1021 3354 1069 3401 et
1100 3345 1499 3410 lvibamus;crus
1524 3348 1659 3404 enim
1686 3364 1794 3402 mo-

189 3439 392 3494 riemur
418 3438 479 3511 (l
508 3438 630 3494 Cor.
660 3453 789 3505 xxv,
819 3437 889 3495 52
909 3438 950 3509 ).

264 3531 321 3584 2.
375 3548 394 3581 ι
436 3530 481 3585 0
518 3529 706 3587 infelix
734 3530 1001 3586 audacia!
1035 3546 1068 3587 ο
1121 3531 1428 3603 desperatae
1467 3534 1670 3591 mentis
1704 3549 1795 3591 as-

190 3624 365 3681 tutia!
398 3621 515 3679 lam
544 3623 850 3693 inc0gnitus
880 3630 1064 3681 sermo
1093 3626 1472 3683 lueretieorum
1511 3626 1655 3683 intra
1693 3628 1795 3685 Ec-

185 3716 417 3774 clesiam
452 3717 634 3773 cancri
665 3733 818 3772 more
845 3718 1138 3790 serpebat,
1174 3729 1230 3776 ut
1260 3735 1535 3792 occupans
1567 3731 1789 3792 pectus,

134 3889 139 3893 ,
234 3844 293 3911 μα
332 3833 677 3911 Rom._edit.,
710 3852 774 3911 ne
794 3836 949 3910 hujus
970 3838 1238 3892 occasione
1256 3838 1566 3911 cognitionis
1590 3840 1800 3894 cantites

187 3907 370 3982 aliqua
399 3906 706 3982 christianos
724 3906 915 3982 injuria
931 3911 1219 3981 afﬁcerent.
1247 3906 1492 3964 Promisit
1515 3912 1796 3982 facturum.

194 3979 371 4050 Magis
403 3978 610 4050 arridet
639 3977 801 4050 lectio
832 3995 933 4035 ms.
966 3977 1133 4050 quam
1166 3990 1219 4035 et
1249 3977 1547 4049 sequimur.
1762 3977 1767 3983 “

270 4048 311 4088 δ’
343 4049 478 4119 Reg.
506 4049 653 4113 eod.,
684 4048 810 4121 Age,
839 4048 1023 4115 inquit.
1054 4051 1138 4105 Ita
1159 4051 1229 4105 ad
1247 4048 1440 4116 altare,
1468 4065 1572 4107 etc.

271 4133 297 4194 ς
329 4120 474 4194 idem
501 4136 627 4185 ms.,
647 4123 1131 4177 commendatiorem
1151 4124 1331 4194 fuisse,
1352 4135 1399 4178 et
1417 4124 1667 4187 diuinam.
1686 4134 1795 4182 etc.

269 4192 297 4230 α
326 4193 551 4265 AScripta
583 4203 815 4265 exeunte
846 4209 987 4249 anno
1013 4192 1159 4262 589,
1196 4199 1278 4251 vel
1310 4196 1531 4252 ineunte
1557 4195 1685 4253 590.

273 4274 298 4302 θ
322 4263 379 4321 1η
411 4263 600 4321 codice
629 4264 907 4320 Canouum
937 4266 1235 4323 etConstit.
1259 4266 1405 4324 Eccl.
1431 4268 1590 4323 Rom.
1624 4268 1797 4337 Ques-

192 4337 353 4412 nellii
380 4352 544 4406 opera
570 4338 1217 4412 primumnevulgatohaic
1236 4348 1290 4395 et
1311 4354 1543 4412 sequens
1569 4342 1799 4411 epistola

191 4409 358 4482 edita;
386 4418 665 4482 suntcum
690 4410 1039 4482 variisetiam
1080 4409 1438 4477 lectionibus,
1481 4409 1615 4482 qua!
1641 4412 1729 4468 hic
1770 4428 1800 4468 a

194 4480 360 4553 nobis
386 4480 808 4553 exhibebantur.
840 4481 965 4536 llaec
994 4497 1125 4552 ergo
1149 4483 1305 4538 istius
1348 4480 1676 4553 apud'illum
1706 4483 1804 4540 ha-

194 4552 360 4607 betur
391 4551 671 4628 inscriptio
694 4594 710 4615 ,
840 4568 1013 4628 omnes
1048 4550 1312 4628 episcopos
1344 4550 1516 4610 Italiae
1545 4555 1800 4628 (Thuan.

193 4639 331 4687 ms.,
361 4625 429 4677 ad
456 4624 683 4678 diversos
711 4625 975 4695 episcopos
999 4626 1018 4693 )
1062 4624 1229 4694 super
1247 4624 1629 4682 damnationem
1655 4627 1805 4683 Jovi-

196 4695 795 4771 niani,_et_reliqu_orum
822 4695 1184 4771 hereticorum
1221 4698 1505 4771 virginitati
1550 4700 1807 4771 derogan-

202 4769 359 4821 tium.
377 4764 483 4822 Sed
506 4768 574 4821 ab
589 4764 968 4836 edit.0perum
993 4764 1805 4829 Ambr.etCbueiliorumlﬁrbb.

197 4840 256 4895 in
284 4838 486 4908 quibus
508 4839 650 4893 idem
674 4839 871 4893 lemma
900 4840 1219 4909 praeligitur,
1245 4855 1353 4895 non
1380 4842 1710 4897 recedimus.

282 4909 300 4947 τ
346 4910 579 4984 Quesn.,
610 4909 876 4984 sospitatis
904 4909 1413 4984 indiciojuvaretur.

278 4992 303 5029 8
347 4978 493 5036 Edit.
520 4978 708 5055 Atnhr.
738 4991 795 5037 et
824 4978 1018 5048 Conc.,
1045 4978 1169 5055 quia
1198 4998 1300 5037 non
1319 4984 1519 5055 patitur
1544 5000 1636 5039 nos
1661 4986 1807 5055 quie-

200 5066 283 5109 tos
314 5055 379 5107 ab
410 5054 702 5108 incursione
719 5070 817 5108 sua
844 5068 1047 5107 vacare.
1082 5053 1176 5109 His
1206 5053 1418 5109 accedit
1466 5055 1599 5110 edit.
1646 5053 1802 5112 Rom.

201 5125 313 5181 uisi
356 5126 499 5196 quod
532 5139 630 5192 pro
678 5142 783 5180 non
835 5125 958 5195 quia
1011 5126 1221 5192 posuit,
1271 5142 1572 5195 numquam.
1625 5126 1810 5183 Lectio

198 5200 409 5268 QueSu.
440 5196 759 5268 concinnior
784 5206 889 5262 est,
921 5212 1081 5268 quam
1104 5197 1505 5266 amplectimur.

275 5267 308 5307 ιι
348 5269 423 5324 lta
456 5268 616 5323 Rom.
645 5267 778 5324 edit.
833 5276 888 5323 et
940 5267 1183 5336 Quesn.;
1217 5268 1339 5325 Vet.
1378 5279 1560 5325 autem
1591 5269 1723 5327 edit.
1757 5277 1813 5325 et

201 5342 403 5406 Conc.,
453 5340 761 5411 abstinentia
804 5340 1134 5410 puniendus;
1179 5340 1397 5411 quidam
1445 5341 1605 5396 Rom.
1660 5339 1809 5407 eod.,

200 5413 444 5487 punitur.
468 5482 480 5487 _
505 5410 621 5464 Non
648 5413 822 5487 male;
862 5427 1061 5487 verum
1094 5410 1437 5468 antecedenti
1466 5414 1734 5487 membro,
1766 5415 1813 5487 si

201 5482 337 5557 quid
360 5482 691 5557 conjecturis
726 5483 1154 5553 indulget-emus,
1187 5499 1285 5555 pro
1318 5483 1811 5557 voccqcrudelitati-

201 5553 301 5612 bus
316 5598 333 5622 ,
369 5553 730 5610 libentissime
759 5570 1146 5624 reponeremus
1163 5553 1572 5623 (cruditatibus,
1587 5560 1673 5612 cui
1698 5570 1808 5609 mue

205 5628 401 5683 tationi
439 5626 767 5698 sull’ragatur
796 5635 851 5681 et
894 5641 1090 5681 sensus
1118 5627 1256 5681 ratio
1282 5637 1337 5683 et
1378 5625 1815 5698 scripturaziaflig

206 5698 390 5765 nitas;
422 5696 568 5752 unde
599 5695 807 5767 similes
836 5698 1165 5766 scriptorum
1195 5701 1376 5767 lapsus
1421 5695 1638 5754 iu'mss.
1671 5696 1814 5753 haud

206 5771 594 5841 infrequenter
609 5766 1093 5841 deprehendimus.

297 5839 314 5879 ί
361 5838 524 5896 Rom.
557 5838 692 5894 edit.
716 5838 863 5911 sola,
885 5838 1214 5911 eademdt'cit
1248 5855 1358 5893 esse
1383 5840 1669 5911 super/luti.
1707 5880 1720 5895 .
1746 5881 1758 5894 .
1797 5880 1814 5897 .

1832 4594 1886 4656 D

1890 5700 2040 5757 latas
2062 5740 2077 5764 ,
2132 5707 2244 5751 vet.
2292 5698 2425 5753 edit.
2458 5697 2532 5753 et
2559 5697 2728 5753 Labb.
2761 5705 3005 5766 ponunt,
3040 5698 3276 5768 polluta;

1900 3346 2213 3403 convellere
2255 3353 2420 3415 atque
2446 3359 2785 3417 coneerpere
2817 3345 2885 3402 de
2916 3346 3118 3403 divinis
3148 3347 3509 3406 institutioni-

1902 3440 2000 3496 bus
2036 3456 2049 3493 :
2084 3437 2176 3494 isti
2207 3452 2314 3493 non
2347 3436 2611 3494 habentes
2640 3446 2849 3494 vestem
2881 3438 3177 3510 nuptialem
3204 3479 3221 3506 ,
3253 3441 3507 3498 sauciant

1902 3532 2226 3601 catholicos,
2258 3532 2380 3587 novi
2404 3546 2468 3588 ac
2494 3532 2701 3589 veteris
2726 3531 3091 3598 Testamenti,
3123 3540 3181 3589 ut
3208 3533 3347 3602 dixi,
3374 3549 3507 3592 con-

1904 3625 2188 3683 tinentiam
2231 3633 2641 3696 pervertentes,
2679 3636 2704 3662 υ
2736 3633 2792 3682 et
2814 3624 2979 3698 965
3006 3626 3205 3698 spiritu
3232 3627 3508 3686 diabolica

1902 3721 2370 3790 interpretantes,
2421 3717 2753 3774 illecebroso
2818 3729 2987 3789 atque
3058 3718 3186 3776 licto
3249 3734 3512 3779 sermone

1910 3837 2221 3893 indicantur
2269 3835 2620 3902 Iovinianus,
2678 3846 2733 3894 et
2777 3836 2896 3907 ejus
2938 3838 3196 3905 asseclaz,
3247 3840 3512 3899 adversus

1908 3924 2138 3982 quorum
2153 3922 2389 3982 errores
2423 3909 2590 3982 libros
2616 3909 2754 3982 duos
2774 3950 2790 3976 ,
2833 3918 3035 3982 ac_tres
3061 3909 3358 3982 Apologias
3378 3927 3512 3969 eon-

1909 3979 2129 4057 scripsit
2151 3980 2535 4053 Hieronymus.
2557 3979 2613 4035 In
2638 3980 2854 4037 illorum
2872 3979 3135 4057 librorum
3152 3979 3361 4057 priore,
3387 4000 3513 4057 cap.

1905 4051 1962 4118 2,
1987 4051 2204 4128 eosdem
2220 4050 2438 4108 errores
2463 4060 2749 4128 enumerat
2764 4070 2778 4106 :
2793 4066 2928 4128 quos
2948 4050 3281 4128 Augustinus
3295 4050 3518 4128 quoque

1907 4123 2138 4179 strictim
2190 4124 2559 4197 recensetlih.
2593 4124 2663 4179 de
2692 4123 3003 4197 Hmresibus
3024 4123 3189 4197 ,icap.
3221 4123 3329 4183 82f
3365 4123 3516 4186 Idem

1908 4203 2172 4272 preterea
2207 4196 2397 4272 variis
2428 4196 2665 4265 Operum
2697 4211 2938 4272 suorum_
2960 4196 3093 4253 locis
3137 4196 3340 4266 multa,
3393 4216 3518 4272 quae

1904 4266 2173 4341 laviniani
2206 4267 2455 4341 haeresim
2485 4276 2758 4341 spectent,
2802 4267 2987 4341 tradit,
3020 4277 3079 4324 ut
3103 4279 3227 4341 puta
3253 4272 3347 4327 lib.
3372 4266 3426 4328 η’
3449 4273 3521 4329 de

1907 4338 2075 4410 Nupt.
2108 4345 2163 4395 et
2207 4339 2457 4413 goncup.
2487 4338 2610 4411 cap.
2640 4339 2740 4407 25,
2773 4354 2837 4413 ac
2871 4340 2975 4413 lib.
3030 4338 3285 4399 similiter
3307 4358 3377 4413 ιι,
3416 4359 3521 4402 nec

1912 4409 2018 4465 non
2052 4426 2173 4482 cap.
2202 4409 2275 4465 25
2312 4409 2576 4476 Retract.,
2606 4422 2771 4482 atque
2795 4410 2944 4467 alibi.

1988 4482 2001 4558 ι
2052 4481 2131 4535 Ita
2171 4493 2284 4558 vet.
2305 4482 2439 4558 edit.
2470 4493 2631 4558 atque
2659 4481 3009 4558 etiarn‘Rom.
3040 4485 3143 4542 nisi
3174 4487 3320 4558 quod
3347 4489 3518 4546 verbo

1910 4555 2085 4608 volare
2113 4554 2394 4609 Substituit
2441 4556 2730 4611 ambulare.
2760 4554 2931 4611 Labb.
2973 4566 3029 4612 et
3079 4554 3310 4627 Quae—sn”
3341 4560 3520 4616 volens

1913 4642 2006 4702 per
2032 4627 2258 4702 spatiosa
2286 4628 2549 4682 volitare:
2579 4628 2743 4698 prior
2771 4627 2824 4682 in
2857 4642 3056 4700 marg.,
3110 4646 3200 4701 per
3235 4632 3521 4702 spatiosum

1909 4700 2047 4753 viam
2080 4697 2312 4753 volitare.

1984 4767 2009 4805 ιι
2055 4767 2175 4823 Vet.
2201 4769 2363 4842 edit.,
2382 4769 2422 4823 ii
2443 4769 2551 4842 vid.
2602 4770 2692 4840 qui
2717 4772 2869 4842 quasi
2899 4771 3123 4827 utilitate
3146 4773 3338 4830 Christi
3369 4790 3522 4831 nosse

1909 4856 1964 4896 se
1974 4842 2211 4913 jactant;
2242 4840 2401 4914 Rom.
2445 4850 2502 4897 et
2528 4840 2777 4905 Labb.,..
2809 4844 2897 4914 qui
2926 4843 3019 4899 sub
3055 4844 3379 4900 Christianos
3409 4861 3522 4902 sese

1902 4911 2145 4985 jactant:
2171 4911 2419 4967 omnium
2448 4913 2655 4982 optime
2686 4911 2893 4981 Quesn.
2924 4925 2984 4972 ut
3011 4930 3113 4972 nos
3142 4916 3198 4972 in
3233 4924 3407 4973 textu.

1990 4980 2008 5019 ι
2033 4984 2252 5039 Omnes
2282 4982 2416 5039 edit.
2438 4997 2502 5038 ac
2527 4982 2698 5040 Labb.
2732 4986 2786 5040 in
2820 4994 2973 5043 textu
3001 5029 3017 5044 .
3050 4989 3313 5043 veritatem
3339 4988 3520 5044 catho-

1912 5054 2066 5127 licam
2098 5054 2370 5127 vertendo,
2420 5053 2584 5111 Rom.
2638 5029 3017 5127 perverundo;
3068 5029 3521 5116 riobiscuniuver'o

1913 5124 2315 5201 faciun_t__Labb_.
2346 5125 2399 5181 in
2431 5124 2698 5200 margine,
2729 5137 2785 5184 et
2807 5129 3013 5198 Quesn.
3046 5129 3099 5185 in
3123 5142 3387 5201 corpore,
3414 5132 3523 5188 nisi

1912 5197 2057 5268 quod
2091 5197 2184 5254 ille
2205 5197 2370 5268 legit,
2402 5197 2785 5255 antevertendo.

1987 5278 2027 5305 ιη
2055 5269 2215 5325 Rom.
2242 5268 2375 5342 edit.
2407 5280 2463 5326 et
2484 5270 2657 5327 Labb.
2677 5274 2729 5327 in
2753 5286 2948 5342 marg.,
2973 5272 3038 5326 ab
3057 5270 3360 5339 apostolicis
3387 5289 3523 5330 nunc

1914 5356 2076 5412 usque
2104 5340 2443 5410 temporibus.
2465 5342 2538 5398 At
2581 5344 2842 5399 continuo
2867 5340 3021 5412 post,
3048 5344 3137 5398 ubi
3170 5343 3361 5399 eadem
3384 5345 3521 5403 edit.

1917 5410 2073 5486 Rom.
2097 5427 2230 5486 eum
2261 5413 2429 5486 Labb.
2461 5424 2517 5471 et
2542 5415 2748 5485 Quesn.
2788 5410 2982 5481 habet,
3009 5413 3336 5486 probavimus
3357 5453 3377 5484 ,
3405 5427 3516 5474 vet.

1916 5483 2050 5539 edit.
2081 5482 2307 5556 ferunt,
2340 5482 2723 5556 abrogavimus.

1988 5565 2016 5591 ιι
2058 5555 2270 5632 Thuan.
2297 5558 2445 5632 eod.,
2472 5555 2608 5612 tales
2630 5555 2877 5632 Ecclesiae
2904 5564 3060 5632 myst.
3090 5556 3308 5632 latratus
3333 5561 3526 5632 fatiga.

1917 5636 2057 5682 runt.
2092 5627 2157 5682 Et
2190 5641 2298 5683 non
2328 5630 2498 5683 multo
2523 5639 2684 5698 post,
2709 5624 2801 5680 ubi
2822 5637 2923 5679 nos
2941 5624 3063 5681 cum
3089 5624 3526 5698 Quesn.,'pul'lu.

1921 5719 2077 5764 ιαιω,
2132 5719 2244 5751 νει.
2290 5719 2425 5778 13011..
2458 5719 2514 5753 (ξι
2559 5719 2728 5753 μθυυ.
2764 5719 3005 5766 possunt,
3040 5719 3276 5768 oouuta;
3332 5719 3525 5780 τίθημ’

1921 5770 2145 5841 polluti;
2175 5768 2511 5841 meliuscule.
2544 5840 2551 5841 ί

1996 5850 2019 5877 ο
2063 5839 2133 5894 Et
2160 5840 2351 5916 spiritu
2367 5840 2632 5916 _diabolicc
2686 5841 3078 5912 interpretantes
3124 5858 3194 5902 ex
3242 5844 3415 5907 Labb.
3471 5859 3530 5916 et

211 5912 472 5976 sententia
494 5924 787 5980 percussus.
813 5909 918 5966 Per
954 5910 1231 5967 ministros
1255 5908 1456 5967 autem
1485 5908 1687 5969 diaboli
1731 5911 1820 5970 hic
1924 5910 2133 5980 Queen.
2162 5908 2527 5987 r'estituimus.
