3996 6292
566 254 703 313 1127
1895 248 2145 310 SANCTI

2268 249 2512 313 lBROSll

557 381 770 445 partum
801 370 958 428 Anna
980 371 1145 431 vidua
1167 374 1516 447 subrogetur,
1540 388 1655 445 qua:
1677 373 1873 428 vixerat
1900 390 2018 427 cum
2053 374 2165 428 viro
2190 367 2241 431 A
2272 378 2445 427 tectus
2484 380 2567 427 est
2592 414 2608 440 ,
2664 380 2720 430 et
2768 372 2947 431 nudus
2968 416 2983 443 ,
3014 382 3069 431 et
3101 383 3256 447 patet
3289 372 3529 433 vulneri.
3565 377 3822 450 Deniquesi

557 482 654 522 suo
680 467 838 521 annis
866 477 1060 538 septem
1082 484 1115 523 a
1143 468 1439 541 uirginitate
1461 484 1578 535 sua,
1607 477 1658 522 et
1684 468 1792 523 lucc
1820 468 1978 523 uidua
2003 484 2166 523 anno-
2264 463 2439 519 Adam
2473 480 2534 521 se
2566 466 2795 524 texisset
2824 468 2879 523 in
2896 466 3135 539 jejunio,
3157 484 3271 525 non
3293 468 3493 526 fuisset
3515 469 3681 543 969
3703 470 3726 509 ά
3749 489 3820 530 au-

3729 266 3818 322 liii

559 573 680 613 rum
708 559 972 630 octoginta
989 568 1237 629 quatuor,
1255 575 1371 630 qute
1392 573 1497 614 non
1529 558 1825 614 discedebat
1852 560 1916 615 de
1941 560 2129 632 templo
2146 601 2162 628 ,

561 652 778 723 ieiuniis
794 661 843 708 et
870 653 1309 709 obsecrationibus
1329 655 1555 710 serviens
1575 654 1660 709 die
1685 670 1746 708 ac
1771 662 1916 709 nocte
1929 654 1947 724 (
1955 652 2083 709 Luc.
2102 669 2165 721 ιι,

564 747 656 814 se,
683 747 801 819 δι).

636 858 691 913 9.
722 841 795 898 Et
816 843 1014 899 merito
1042 842 1112 898 ab
1140 840 1251 898 illis
1276 840 1514 898 viduitas
1551 840 1885 913 despicitur,
1916 855 2038 914 quae
2079 854 2168 897 so-

563 934 638 991 let
666 934 967 992 observare
998 944 1025 973 ι
1048 935 1279 1006 jejunis,
1311 934 1510 1007 quibus
1534 949 1596 991 se
1645 934 1831 992 dolent
1863 935 1953 991 isti
1980 935 2167 1004 aliquo

571 1035 825 1098 tempore
839 1036 1305 1096 essemaceratos,
1332 1028 1681 1099 etpropriam
1712 1028 2054 1085 ulciscuntur
2084 1029 2167 1087 in-

559 1121 780 1193 juriam,
806 1120 1135 1194 quotidianis
1157 1136 1378 1193 quoque
1403 1122 1677 1178 conviviis
1703 1136 1910 1194 usuque
1936 1121 2168 1179 luxuriae

567 1214 809 1273 laborem
837 1217 1185 1274 abstinentia:
1230 1217 1554 1289 propulsare
1589 1216 1924 1275 desiderant.
1955 1217 2059 1287 Qui
2087 1218 2170 1272 ni-

568 1311 645 1368 hil
672 1312 876 1369 rectius
905 1311 1155 1380 faciunt,
1186 1327 1349 1385 quam
1382 1312 1529 1384 quod
1553 1312 1654 1384 ipsi
1687 1327 1788 1369 suo
1827 1328 1889 1369 se
1913 1328 2014 1370 ore
2037 1326 2170 1370 con-

561 1402 850 1461 demnant.

638 1496 725 1553 l0.
753 1496 783 1537 ιι
811 1497 920 1556 Sed
948 1507 1005 1555 et
1030 1509 1279 1557 metuunt
1302 1517 1372 1558 ne
1405 1502 1456 1557 in
1490 1501 1608 1557 istis
1630 1499 1763 1557 illud
1784 1498 2051 1573 jejunium
2081 1515 2169 1556 re-

563 1598 802 1663 putetur.
836 1591 1053 1663 Eligant
1082 1592 1227 1665 quod
1271 1594 1462 1650 volunt
1492 1612 1505 1650 :
1541 1594 1590 1650 si
1624 1593 1923 1665 aliquando
1948 1592 2169 1664 jejuna-

557 1683 757 1752 veriut,
793 1694 989 1755 gerant
1036 1700 1173 1757 ergo
1220 1686 1347 1743 boni
1390 1687 1515 1743 facti
1544 1688 1627 1744 sui
1657 1687 2036 1759 ptenitentiam
2068 1704 2082 1741 :
2116 1684 2168 1742 si

2266 558 2369 616 dus
2388 559 2613 617 eﬂ'ectus
2638 561 2797 634 (Gen.
2827 579 2909 631 ιιι,
2940 564 3028 636 7)-
3056 563 3254 622 Ninive
3281 581 3343 623 se
3387 581 3421 621 a
3450 577 3627 622 morte
3663 566 3824 638 jejunio
3916 630 3925 651 Ι

2268 652 2527 710 liberavit
2554 654 2574 725 (
2600 654 2757 712 Iona
2787 673 2863 724 ιιι,
2897 656 2978 729 5).
3034 658 3105 714 Et
3151 660 3270 730 ipse
3319 660 3585 715 Dominus
3611 658 3715 715 ait:
3742 660 3827 717 Nos

2264 747 2503 820 ejicietur
2526 749 2623 804 hoc
2643 766 2806 820 genus
2834 751 3234 820 daemoniorum,
3262 753 3368 808 nisi
3398 769 3496 823 per
3526 753 3830 809 orationenet

2259 840 2529 912 jejunium
2563 840 2784 913 (Matth.
2812 859 2943 912 xvu,
2973 843 3093 914 20).

2343 933 2432 989 {2.
2462 934 2569 991 Sed
2599 935 2728 1008 quid
2761 938 2915 1008 plura
2952 938 3097 1011 apud
3141 940 3471 1012 magistrum
3504 951 3670 1014 atque
3691 943 3832 1000 docto

2267 1030 2423 1087 rem?
2451 1046 2575 1087 cum
2603 1032 2715 1103 jam
2745 1043 2769 1072 ε
2792 1034 3012 1105 dignum
3036 1037 3323 1106 prtemium
3353 1037 3734 1094 retulerintilli
3753 1055 3834 1109 per.

2268 1123 2413 1181 ﬁdite
2441 1140 2577 1193 sua),
2607 1126 2703 1198 qui
2747 1126 2871 1184 ideo
2918 1143 3090 1200 usque
3131 1128 3237 1186 huc
3296 1140 3617 1199 venerunt,
3668 1148 3732 1189 ne
3768 1150 3829 1188 ειι⁴

2271 1227 2515 1290 peresset
2542 1220 2717 1289 locus,
2736 1222 2791 1277 in
2817 1236 2925 1293 quo
2947 1237 3054 1278 non
3080 1222 3516 1291 damnarentur;
3545 1226 3639 1297 qui
3669 1241 3777 1282 vere
3797 1241 3835 1282 se

2276 1313 2296 1349 τ
2326 1313 2658 1371 Manichaeos
2688 1315 3097 1385 probaverunt,
3131 1332 3240 1373 non
3270 1317 3575 1375 credentes
3613 1319 3729 1390 quia
3754 1331 3835 1375 εει

2271 1406 2492 1480 Virgine
2520 1408 2709 1480 utique
2728 1409 2991 1465 venisset.
3016 1408 3278 1479 Quaenam
3305 1409 3429 1468 haec
3448 1422 3541 1468 est
3568 1425 3837 1483 supparno-

2271 1516 2462 1558 vorum
2490 1501 2806 1559 Judteorum
2829 1504 3105 1560 amentia?
3133 1503 3191 1561 Si
3224 1506 3455 1563 venisse
3483 1521 3601 1564 non
3624 1507 3837 1572 creditur,

2272 1610 2374 1653 nec
2397 1612 2620 1653 carnem
2662 1596 2905 1654 creditur
2931 1599 3239 1671 suscepisse
3272 1617 3290 1657 :
3330 1616 3472 1673 ergo
3527 1602 3585 1657 in
3634 1601 3837 1673 pbantas

2273 1698 2419 1747 male
2446 1690 2599 1745 visus
2629 1699 2746 1756 est,
2782 1690 2836 1745 in
2870 1690 3254 1762 phantasmate
3295 1693 3603 1750 cruciﬁxus
3637 1704 3735 1750 est.
3761 1695 3834 1751 Sed

563 1793 885 1850 numquam,
916 1794 1079 1848 suam.
1104 1794 1235 1852 ergo
1282 1782 1386 1852 ipsi
1416 1782 1894 1854 intemperantiam
1925 1792 1981 1840 et
2004 1783 2162 1839 luxu-
2190 1760 2242 1824 Β
2270 1782 2498 1839 nobisin
2526 1783 2756 1839 veritate
2777 1760 3186 1851 crucifixuscst,
3220 1785 3277 1841 in
3305 1788 3551 1844 veritate
3574 1788 3835 1860 redemptor

564 1874 703 1930 riam
748 1874 1133 1932 confiteantur.
1155 1887 1177 1917 ο
1210 1876 1276 1933 Ει
1302 1877 1427 1935 ideo
1451 1877 1642 1934 dicunt
1669 1878 1894 1935 Paulum
1931 1878 2165 1935 luxuriae

568 1966 887 2038 magistrum
918 1967 1112 2026 fuisse.
1142 1969 1217 2025 At
1251 1969 1373 2042 quis
1402 1970 1509 2028 erit
1538 1971 1851 2028 sobrietatis
1884 1970 2163 2044 magister,

563 2057 611 2114 si
634 2057 736 2115 fuit
765 2058 857 2116 ille
887 2060 1142 2131 luxuriae,
1172 2062 1263 2132 qui
1310 2062 1601 2135 castigavit
1642 2078 1843 2136 corpus
1887 2081 2043 2121 suum
2064 2105 2080 2132 ,
2111 2073 2168 2121 et

564 2154 819 2212 servituti
847 2154 1083 2226 redegit,
1114 2164 1279 2227 atque
1318 2155 1546 2228 jejuniis
1599 2159 1788 2215 multis
1818 2175 1878 2215 se
1921 2159 2163 2217 debitam

566 2247 789 2305 Christo
828 2248 1238 2305 observantiam
1281 2248 1548 2306 detulisse
1592 2252 1918 2309 memoravit
1956 2253 2160 2324 (lCor.

566 2355 642 2407 ιιι,
669 2339 792 2412 27);
815 2354 926 2396 non
949 2348 1009 2396 ut
1036 2354 1097 2397 se
1126 2354 1337 2413 suaque
1370 2341 1648 2409 laudaret,
1673 2343 1769 2400 sed
1807 2352 1867 2399 ut
1896 2360 1998 2403 nos
2036 2346 2164 2418 quid

563 2447 944 2506 sequeremur,
994 2433 1300 2493 edoceret?
1355 2435 1450 2491 Ille
1498 2451 1633 2507 ergo
1654 2437 1926 2493 luxuriam
1957 2440 2163 2507 docuit,

565 2527 658 2599 qui
688 2529 764 2584 ait
796 2546 810 2583 :
853 2528 995 2595 Quid
1022 2529 1194 2584 adhuc
1228 2530 1366 2585 velut
1390 2530 1615 2586 viventes
1639 2531 1705 2587 de
1727 2531 1826 2587 hoc
1854 2533 2051 2588 mundo
2077 2533 2167 2589 de-

573 2628 784 2682 cernitis
803 2626 829 2680 ?
858 2624 943 2683 Ne
969 2628 1259 2700 tetigeritis.
1300 2643 1365 2682 ne
1390 2629 1818 2684 attaminaveritis
1848 2671 1864 2696 ,
1896 2646 1960 2685 ne
1982 2640 2167 2703 gusta-

565 2720 766 2786 veritis,
793 2735 910 2792 qua:
935 2729 1057 2777 sunt
1084 2721 1261 2776 omnia
1287 2721 1343 2775 in
1369 2721 1717 2791 corruptelam
1745 2720 1814 2795 (ll
1840 2720 1961 2780 Cor.
1984 2738 2037 2778 vr
2057 2724 2169 2794 ,5)?

567 2813 671 2883 Qui
690 2813 853 2870 etiam
873 2814 985 2870 ait:
1009 2812 1135 2870 Non
1151 2815 1207 2870 in
1228 2814 1551 2887 indulgentia
1586 2817 1841 2885 corporis,
1873 2835 1974 2873 non
1993 2819 2049 2874 in
2076 2819 2170 2876 Ito-

565 2923 691 2965 nore
719 2908 895 2977 aliquo
922 2907 993 2963 ad
1015 2909 1340 2965 saturitatem
1359 2917 1407 2964 et
1437 2908 1754 2981 diligentiam
1775 2913 1968 2980 carnis,
1994 2930 2098 2970 non
2114 2917 2169 2971 in

566 2999 843 3055 desideriis
872 3000 1066 3057 erroris
1090 3017 1109 3057 :
1131 3000 1221 3057 sed
1241 3001 1297 3056 in
1320 3000 1549 3073 Spiritu,
1562 3019 1664 3075 quo
1683 3019 2014 3074 renovamur,
2045 3023 2169 3067 esse

568 3092 866 3165 vivendum
902 3092 1132 3163 (Coloss.
1165 3110 1227 3163 ιι,
1258 3093 1329 3151 l9
1354 3104 1405 3152 et
1431 3094 1590 3168 sed).

635 3188 724 3244 11.
755 3187 814 3246 Si
860 3204 1049 3258 parum
1079 3198 1165 3245 est
1209 3190 1355 3262 quod
1392 3189 1693 3262 Apostolus
1731 3192 1907 3262 dixit,
1945 3197 2169 3254 audiant

565 3279 896 3353 PrOphetam
920 3281 1193 3339 dicentem
1220 3297 1235 3338 :
1266 3280 1334 3338 Et
1359 3284 1605 3355 cooperui
1624 3284 1680 3339 in
1700 3287 1909 3361 jejunio
1938 3289 2167 3345 animant

564 3374 928 3449 meam(Psat.
963 3390 1153 3444 vam,
1184 3376 1242 3431 ll
1272 3374 1311 3447 ).
1349 3374 1496 3448 Ergo
1526 3377 1616 3448 qui
1661 3392 1771 3434 non
1803 3378 2046 3451 jejunat,
2079 3384 2164 3440 in-

563 3500 676 3550 vet.
707 3493 846 3550 edit.
876 3508 938 3550 ac
949 3492 1150 3559 Labb.,
1171 3492 1314 3563 uirgo
1333 3492 1965 3563 Hebrteorummimirum
1986 3514 2146 3558 soror

2192 3152 2240 3217 C

2272 1885 2461 1932 noster
2482 1886 2586 1931 881.

2342 1970 2432 2026 15.
2466 1968 2799 2026 Manicbzeus
2858 1980 2945 2026 est
2990 1972 3083 2044 qui
3146 1972 3390 2045 abnegat
3432 1974 3835 2047 veritatem,qui

2282 2078 2507 2120 carnem
2537 2061 2738 2120 Christi
2765 2072 2926 2136 negat
2949 2082 2964 2131 ;
2986 2074 3041 2121 et
3069 2064 3195 2121 ideo
3224 2081 3339 2122 non
3370 2078 3462 2124 est
3485 2067 3601 2125 illis
3636 2070 3835 2125 remissio

2268 2165 2621 2227 peccatorum
2659 2174 2672 2210 :
2704 2157 2799 2213 sed
2830 2166 2915 2213 est
2944 2158 3197 2227 impietas
3223 2157 3661 2217 Manichaeorum
3686 2178 3835 2233 ,qeaa

2272 2256 2330 2305 et
2356 2246 2383 2285 ιι
2414 2248 2882 2306 clementissimus
2907 2260 3225 2307 exsecratus
3240 2252 3672 2324 estimperator,
3693 2263 3836 2311 etea-

2273 2360 2375 2402 nes
2400 2345 2494 2419 qui
2524 2345 2650 2402 illos
2690 2344 2945 2401 viderunt
2980 2345 3137 2417 quasi
3170 2346 3430 2417 quaedam
3458 2351 3707 2421 contagia
3729 2349 3836 2405 refu-

2265 2451 2498 2514 gerunt;
2529 2441 2674 2497 sicut
2717 2450 2886 2497 testes
2930 2450 3058 2497 sunt
3108 2439 3309 2498 fratres
3347 2449 3409 2499 et
3448 2444 3834 2516 compresbyteri

2270 2536 2441 2592 nostri
2465 2534 2781 2602 Crescens,‘
2802 2533 3204 2605 Leopardus,et
3217 2535 3751 2606 Alexander,sancto
3761 2538 3836 2593 ler-

2269 2644 2460 2693 ventes
2479 2633 2714 2706 Spiritu,
2734 2633 2827 2704 qui
2851 2648 2949 2690 eos
2977 2634 3218 2689 omnium
3238 2636 3630 2692 exsecratione
3655 2636 3834 2692 damna-

2270 2726 2778 2797 tos,Mediolanensi
2803 2742 2868 2782 ex
2884 2726 3019 2782 urbe
3037 2728 3049 2777 l
3073 2726 3227 2797 quasi
3250 2725 3527 2797 profugos
3543 2728 3829 2798 repulerunt.

2342 2819 3017 2892 H.1taqueloviniauum,
3034 2818 3397 2887 Auxentium,
3418 2818 3832 2885 Germinatoren.

2270 2914 2513 2972 Felicem
2535 2956 2550 2978 ,
2581 2913 2853 2969 Plotinum
2874 2952 2889 2979 ,
2923 2911 3229 2978 Cenialem,
3278 2912 3653 2980 Martianum,
3678 2913 3833 2969 lanna-

2271 3008 2438 3077 rium,
2481 3014 2537 3063 et
2572 3005 2948 3078 lngeniosum,
2986 3019 3123 3076 quos
3163 3004 3434 3061 sanctitas
3459 3016 3553 3062 tua
3573 3007 3829 3069 damnavit.

2272 3101 2420 3159 scias
2443 3100 2586 3172 apud
2606 3114 2705 3155 nos
2724 3113 2940 3170 quoque
2968 3096 3270 3154 secundum
3297 3098 3577 3169 judicium
3595 3111 3829 3156 tumesse

2275 3196 2581 3251 damnatos.
2596 3192 2930 3248 Incolumem
2952 3200 3004 3246 te
3023 3198 3080 3246 et
3104 3189 3571 3248 ﬂorentissimum
3587 3192 3719 3248 Deus
3736 3206 3825 3246 nos-

2273 3297 2357 3345 ter
2397 3296 2612 3343 tueatur
2641 3284 3015 3355 omnipotens,
3045 3284 3270 3341 domine
3290 3284 3654 3344 dilectissime
3680 3286 3820 3342 frater.

2344 3379 2369 3419 ¹ι
2401 3380 2535 3437 ltem
2555 3378 2909 3449 subscriptio.

2318 3503 2347 3542 ιι
2384 3500 2673 3571 Quodnam
2719 3498 3070 3571 imperatoris
3117 3498 3363 3556 edictum
3418 3501 3514 3558 hic
3565 3500 3816 3571 indicetur.

564 3563 786 3651 ξυνεὶς.
819 3564 1028 3650 βιιιπειιε
1055 3580 1187 3651 vero
1217 3565 1310 3651 ubi
1332 3567 1635 3651 vett‘editq
1665 3569 2061 3651 virgogeneris,
2093 3585 2151 3630 et
2251 3563 2568 3651 ambiguum
2601 3580 2706 3651 est.
2727 3563 3291 3651 ‘Oecurruntquidem
3316 3581 3435 3651 tres
3463 3573 3621 3651 leges
3649 3569 3817 3651 inbui.

563 3634 723 3715 Item.
743 3680 758 3702 ,
782 3637 932 3715 virga
954 3638 1093 3715 regis
1112 3653 1137 3715 ί
1162 3636 1332 3715 Labb.
1364 3648 1420 3715 ει
1446 3637 1652 3715 Q_ue‘sn.
1687 3634 1901 3715 rectius
1937 3634 2152 3715 legunt,

562 3707 1343 3788 uirgoregis‘autémbrosius
1385 3708 1440 3766 in
1465 3710 1705 3788 _E!llOl‘l.
1739 3711 1809 3769 ad
1846 3707 2057 3788 Virgin.
2099 3707 2158 3773 εἰ

563 3778 662 3836 lib.
691 3778 761 3851 de
786 3778 964 3837 Instit.
998 3779 1146 3851 Virg.
1178 3795 1288 3837 non
1312 3782 1506 3838 semel.

599 3860 659 3936 ua
679 3850 835 3921 Quod
858 3851 1181 3908 Ambrosius
1206 3852 1552 3936 Jovinianum
1573 3854 1804 3936 ejusque
1825 3860 2158 3936 sociosjeju-

561 3927 666 4003 niis
691 3937 916 4003 carnem
941 3938 1443 4003 suam_macerasse
1498 3927 1858 4003 testificatur,
1885 3946 1953 3986 eo
1984 3927 2160 4003 respi—

556 3994 651 4080 cit,
676 3995 822 4066 quod
847 3995 1186 4080 aliquamdiu
1214 3998 1266 4052 in
1288 3998 1628 4080 monasterio
1646 3994 2161 4080 Mediolanisanctis

558 4065 668 4123 illis
687 4065 709 4145 ξ
724 4065 1005 4145 exercitiis
1048 4082 1271 4139 operam
1300 4067 1600 4145 dederant,
1629 4087 1865 4141 quorum
1916 4088 2014 4129 eos
2049 4076 2162 4145 jam

556 4137 872 4212 pmniteret.
903 4139 1045 4196 Hinc
1073 4137 1159 4197 est
1190 4140 1336 4212 quod
1365 4137 1758 4212 Epicureorum
1791 4146 2013 4201 nomine
2030 4137 2161 4203 sub—

558 4207 711 4285 iude_
728 4212 1190 4285 appellantur_ab
1210 4207 1552 4285 Hieronymo
1577 4225 1633 4270 et
1663 4214 1997 4285 Augustino.

572 4351 584 4365 ⁸
628 4280 910 4365 {Quesn.,
936 4283 1044 4365 Sed
1073 4282 1239 4339 Deum
1264 4280 1529 4352 metuant,
1562 4302 1625 4340 ne
1667 4289 1721 4342 in
1751 4280 1874 4345 istis
1919 4289 2058 4344 illud
2078 4293 2165 4363 je-

554 4364 770 4423 Juntum
795 4364 1021 4425 reputet.

644 4434 669 4496 9
699 4425 847 4482 Idem
874 4426 1108 4496 Quesn.,
1135 4437 1185 4483 et
1207 4428 1363 4484 iidem
1382 4429 1556 4483 dicant
1576 4428 1828 4486 Paulum.

633 4492 660 4575 ξι
691 4492 1280 4575 ριιεειιξεοιιιμήιιιιάιιδ
1310 4504 1519 4575 ejectus.
1540 4502 1884 4575 At'continuo
1901 4512 2024 4573 post
2045 4513 2158 4560 vet.

561 4565 693 4645 edit.
716 4565 931 4641 ponunt
945 4570 1213 4645 :_Niniren
1236 4565 1383 4645 amor
1400 4573 1593 4645 jejunii
1614 4571 1847 4629 liberavit
1869 4565 1997 4642 {ubi
2015 4576 2160 4632 idem

558 4636 762 4716 Quesn.
806 4658 932 4699 cum
958 4643 1119 4699 Rom.
1150 4651 1208 4699 et
1234 4636 1418 4701 Labe
1450 4636 1615 4716 legit,
1643 4654 1703 4699 ιιι
1729 4644 1782 4700 in
1805 4636 2086 4703 contextu.

635 4720 660 4747 θ
690 4713 925 4783 Quesn.,
953 4716 1178 4788 dignum
1205 4713 1527 4789 pretium":
1557 4716 1675 4771 ideo
1703 4716 1805 4771 huc
1843 4734 2047 4791 quoque
2074 4734 2161 4774 ue-

561 4796 767 4842 nerunt.

644 4858 663 4897 ῖ
696 4858 964 4916 Baronius
1001 4859 1072 4915 ad
1125 4874 1326 4915 annum
1373 4859 1479 4917 589
1510 4860 1613 4917 hoc
1652 4860 1829 4917 sancti
1880 4860 2159 4918 Ambrosii

559 4934 684 4991 loco
713 4931 925 5005 fretus,
969 4929 1325 5005 Iovinianum
1366 4930 1453 5005 his
1499 4934 1836 5005 temporibus
1880 4932 2061 5005 aliqua
2093 4948 2162 4988 ex

558 5013 716 5076 parte
736 5002 1112 5076 sensissecum
1136 5001 1446 5076 blanicbaais
1468 5003 1729 5059 affirmat.
1749 5004 1951 5076 verum
1972 5001 2155 5060 iamen

557 5073 681 5134 cum
729 5073 1050 5132 Iovinianus
1098 5073 1408 5146 catholicis,
1442 5090 1513 5130 ex
1561 5090 1629 5131 eo
1670 5075 1818 5146 quod
1865 5076 2156 5145 Deiparam

555 5150 725 5206 etiam
771 5156 894 5218 post
920 5154 1138 5218 partum
1182 5145 1552 5218 virginitatem
1597 5145 1771 5218 suam
1794 5161 2160 5203 conservasse

555 5216 976 5291 proﬁterentur,
1029 5216 1360 5291 calumniam
1426 5218 1692 5291 lneresisg
1728 5217 2157 5291 Manichaeorum

551 5288 843 5357 conflaret,
890 5290 971 5347 uti
1022 5288 1168 5360 apud
1221 5290 1606 5360 Augustinum,
1640 5289 1737 5345 lib.
1798 5304 1815 5344 ι
1862 5289 1917 5345 in
1944 5288 2154 5345 Julian.

554 5376 679 5433 cap.
715 5362 777 5433 2,
808 5363 991 5431 legere
1028 5358 1141 5428 est;
1202 5360 1387 5433 multo,
1418 5358 1737 5416 credibilius
1785 5360 1998 5417 videtur
2042 5376 2153 5416 non

553 5431 704 5491 aliud
757 5432 1055 5490 Joviniano
1096 5434 1183 5489 hic
1228 5431 1391 5503 objici
1421 5446 1448 5483 ιι
1483 5442 1676 5487 sancto
1703 5433 1956 5503 Doctore,
1989 5446 2151 5503 quam

553 5505 999 5561 consecutionem
1026 5519 1094 5561 ex
1125 5504 1243 5574 ejus
1271 5501 1584 5569 erroribus,
1614 5514 1672 5558 ut
1703 5504 1754 5557 in
1790 5501 2122 5574 disceptatio
2141 5533 2155 5545 -

556 5577 718 5647 nibus
736 5577 853 5632 fieri
892 5576 1052 5633 solet.
1078 5572 1261 5647 Atque
1289 5576 1365 5647 ita
1390 5576 1600 5631 crimen
1630 5573 1773 5645 quod
1799 5572 1919 5647 ille
1965 5574 2156 5647 ortho-

555 5643 712 5702 doxis
738 5662 1030 5718 perperam
1072 5643 1417 5715 intentabat,
1465 5648 1518 5702 in
1572 5643 1748 5703 semet
1792 5644 1914 5717 jure
1958 5645 2156 5702 merito

565 5724 829 5773 retortum
852 5719 1045 5775 sensit.

634 5795 660 5836 ε
691 5786 921 5859 Quesn.,
948 5806 1012 5846 ea:
1037 5789 1233 5865 uirgine
1257 5789 1447 5847 venerit
1468 5788 1729 5848 Christus.
1795 5851 1802 5858 ,

2192 4513 2243 4574 ι)
2270 4503 2329 4561 in
2378 4504 2768 4574 Admonitione
2819 4503 3178 4558 observatum
3220 4513 3325 4558 est.
3358 4504 3407 4573 Q

2255 3643 2471 3705 Theod.
2499 3645 2585 3699 tit.
2620 3643 2685 3698 de
2718 3643 3010 3715 nauticis,
3045 3658 3275 3711 quarum
3305 3644 3487 3715 prima
3528 3643 3816 3703 ManicbziS.

2261 3734 2331 3776 ne
2383 3724 2689 3774 conventus
2734 3715 2880 3770 ullos
2936 3713 3159 3782 faciant,
3217 3713 3551 3781 prohibetur
3586 3734 3601 3770 :
3635 3714 3819 3772 secum

2263 3805 2396 3847 vero
2418 3800 2475 3844 et
2498 3787 2662 3843 tertia
2685 3786 2847 3842 iidem
2881 3785 3122 3858 hzeretici
3157 3787 3285 3856 pelli
3314 3787 3612 3858 jubentur.
3644 3788 3717 3844 Ad
3736 3787 3820 3858 pri:

2267 3877 2412 3918 mam
2458 3860 2611 3914 illam
2665 3874 2789 3914 cum
2835 3873 2865 3912 a
2923 3856 3330 3929 Valentiniano
3365 3860 3591 3917 seniore
3634 3860 3733 3929 jam
3773 3856 3819 3909 ab

2268 3949 2413 3990 anno
2430 3931 2537 3988 572
2566 3930 2690 3985 data
2712 3929 2901 3995 fuerit,
2934 3929 3078 3985 hunc
3098 3927 3379 3986 Ambrosii
3410 3932 3593 3989 locum
3616 3927 3712 3986 non
3734 3942 3819 3997 rer-

2271 4006 2448 4061 tinere
2474 4005 2528 4058 in
2553 4001 2809 4057 confesso
2833 4010 2913 4057 est
2933 4001 3057 4057 :sed
3076 4016 3202 4057 eum
3218 4002 3287 4057 ad
3306 4004 3629 4068 secundam,
3651 4018 3753 4072 qu
3772 4013 3819 4051 ιι

2268 4077 2379 4132 kal.
2412 4074 2521 4131 Jul.
2544 4088 2632 4128 an.
2664 4073 2770 4129 389
2802 4072 2903 4128 fuit
2930 4073 3227 4128 constituta
3255 4114 3273 4140 ,
3324 4074 3677 4132 referendum
3702 4082 3817 4128 satu-

2268 4158 2381 4204 mat
2406 4146 2670 4202 Baronius
2692 4164 2707 4211 ;
2731 4160 2854 4200 cum
2882 4143 3225 4201 Godofredus
3254 4161 3286 4200 e
3310 4147 3596 4203 contrario
3615 4144 3815 4202 eumdem

2268 4221 2450 4276 locum
2480 4218 2551 4290 de
2578 4216 2738 4272 tertia
2770 4217 2891 4288 lege
2912 4257 2927 4281 ,
2955 4218 3043 4290 cui
3076 4230 3252 4290 annus
3279 4216 3381 4274 '59!
3417 4220 3733 4290 assignatur,
3756 4215 3815 4290 il-

2271 4289 2627 4361 Ielligendum
2651 4286 3115 4361 essecontendat.
3149 4286 3351 4344 Verum
3385 4286 3569 4346 tamen
3589 4288 3733 4358 hujus
3747 4286 3815 4338 ﬁr-

2272 4358 2609 4418 mamentum
2650 4358 2888 4416 debilius
2916 4369 3031 4428 est,
3054 4374 3217 4430 quam
3258 4370 3320 4415 ut
3352 4376 3423 4417 eo
3446 4362 3814 4432 nitipossimus:

2276 4434 2702 4506 opinionemque
2732 4432 2949 4506 Baronii
2985 4434 3281 4488 certiorem
3327 4447 3455 4506 esse
3499 4433 3750 4506 ducimus,
3776 4435 3815 4480 et

2645 4505 2768 4583 jone
2819 4503 3178 4583 observatum
3220 4504 3522 4583 est._Quod
3550 4517 3672 4558 vero

2269 4575 2580 4647 Cardinalis
2612 4571 2719 4647 lég.
2749 4591 2765 4630 ι
2804 4574 2874 4629 de
2898 4574 3181 4631 Monacbis
3210 4576 3340 4647 anni
3362 4571 3474 4633 390
3506 4584 3687 4647 contra
3705 4571 3813 4627 lori-

2269 4647 2537 4703 nianistas
2558 4645 2719 4701 Iatain
2742 4646 3059 4714 arbitratur,
3075 4661 3198 4701 cum
3217 4645 3308 4700 illa
3327 4649 3478 4704 solos
3505 4646 3811 4703 orientisme-

2267 4719 2473 4776 nachos
2485 4718 2805 4788 respiceret,
2824 4732 2926 4773 nec
2941 4719 3113 4772 multo
3130 4724 3254 4785 post
3270 4717 3437 4774 fuerit
3448 4727 3707 4788 revocata,
3725 4728 3807 4768 eam

2266 4791 2463 4847 horum
2486 4787 2862 4846 haereticorum
2876 4804 3036 4845 causa
3053 4790 3236 4845 datam
3259 4805 3366 4845 non
3384 4805 3510 4848 esse
3520 4787 3807 4845 manifestum

2265 4860 2551 4981 gst..Quod
2566 4861 2633 4916 ad
2652 4862 2757 4932 leg.
2778 4861 2851 4917 53
2868 4862 2937 4917 dc
2963 4860 3163 4916 Haeret.
3189 4876 3336 4945 anno
3356 4860 3470 4918 H2
3495 4861 3709 4923 factam.
3733 4870 3806 4981 ﬁ

2300 4948 2618 4981 ovrmannm
2649 4931 2857 4981 nlumbo
2895 4942 3167 4981 contruum
3207 4948 3261 4981 In
3303 4934 3541 4981 Insulam
3573 4933 3719 4981 8mm

2265 4933 2618 5009 Jovinianum
2649 4931 2857 5003 plumbo
2895 4942 3167 5009 contusum
3207 4932 3261 5009 in
3286 4933 3541 5009 insulani
3573 4933 3742 5009 Beasti

2266 5005 2480 5076 portari
2502 5004 2748 5075 jubetur,
2778 5019 2884 5059 non
2917 5004 3092 5076 solum
3120 5018 3184 5059 ea
3210 5004 3432 5060 videtur
3456 5004 3762 5076 Hieronymi,
3780 5011 3801 5048 ι

2263 5072 2375 5148 quo
2404 5072 2724 5151 Jovinianus
2743 5090 2887 5151 anno
2914 5074 3043 5151 499,
3069 5089 3178 5144 quo
3207 5076 3488 5151 scribebat
3529 5077 3583 5132 in
3619 5072 3801 5151 Vigilan-

2265 5145 2423 5215 t'ium,
2452 5146 2566 5202 vita
2587 5148 2804 5203 functus
2820 5145 3182 5220 signiﬁcatur,
3202 5147 3524 5205 testimonio
3546 5145 3799 5220 contraria;

2263 5235 2455 5275 verum
2483 5222 2647 5274 etiam
2679 5232 2802 5274 cum
2829 5215 3157 5282 Godofredi,
3186 5232 3353 5289 aquo
3380 5230 3560 5277 tamen
3588 5231 3680 5288 pro
3703 5215 3798 5281 καί·

2265 5292 2396 5346 tima
2463 5289 2729 5359 habetur,
2786 5289 3048 5346 Chronol.
3114 5290 3169 5345 in
3212 5287 3351 5347 de.
3410 5287 3615 5349 Theod.
3656 5291 3798 5358 aperte

2268 5368 2687 5516 ἳῖἑόειιιιεε
2715 5432 2849 5516 edit.
2874 5474 2888 5498 ,
2921 5431 3112 5516 Ambr.
3143 5443 3306 5504 atque
3329 5433 3529 5500 Labb.,
3551 5444 3603 5490 at
3627 5438 3795 5505 preter

2261 5504 2496 5561 mittitur
2521 5502 2829 5575 Leopardus
2856 5520 2887 5559 a
2916 5504 3121 5573 Quesn.

2335 5576 2611 5650 l‘Quesn.
2633 5565 2829 5650 '_so|us_,
2870 5565 3019 5646 quasi
3057 5578 3309 5650 profugos
3361 5578 3685 5650 reliquerunt.
3718 5565 3791 5624 Sci

2260 5647 2425 5718 paulo
2450 5657 2575 5720 post
2601 5647 2761 5720 idem,
2784 5647 2987 5720 Quesn.
3019 5647 3346 5720 eumnam.
3398 5647 3531 5720 legit
3556 5647 3787 5703 Plotini.

2260 5720 2352 5774 ubi
2379 5719 2652 5774 Ambrosii
2680 5718 2812 5774 edit.
2839 5719 3169 5775 exhibebant
3195 5718 3494 5775 Protinuni.

2342 5788 2371 5829 ιε
2400 5790 2563 5847 Rom.
2591 5790 2748 5859 edit.,
2783 5789 3128 5862 Subscriptio.
3157 5788 3275 5864 Ego
3302 5791 3597 5849 Ambrosius
3623 5781 3782 5846 leid-
