3996 6292
200 263 334 322 “'29

1376 270 1877 332 EPISTOLARUM
1919 272 2047 330 CLA
2057 275 2199 335 SSIS
2237 279 2277 334 l.

3359 293 3498 353 I130

264 379 524 436 Eventius
571 381 860 455 episcopus
908 386 1090 444 saluto
1141 389 1496 450 Sanctitatem
1533 404 1679 451 tuam
1733 398 1785 452 in
1821 401 1863 458 Α
1896 411 2060 453 mano
2091 400 2213 454 usui
2242 399 2294 454 in
2326 402 2541 458 caeteris
2579 403 2746 460 rebus
2774 403 2895 475 ipse
2922 404 3496 478 Dominusinl’uderit,

190 473 444 540 Domino,
469 485 524 532 et
553 476 678 533 huic
706 481 958 548 epistolae
992 484 1310 557 subscripsi.

261 567 522 626 Maximus
549 573 862 644 episcopus.

259 659 410 716 Felix
438 663 749 736 episcopus.

263 752 556 810 Bassianus
585 759 894 828 episcopus.

259 844 580 905 Theodorus
609 851 920 924 episcopus.

259 937 613 998 Constantius
634 945 946 1018 episcopus.

262 1033 342 1089 Ex
362 1034 520 1105 jussu
545 1036 756 1094 domini
804 1043 1049 1114 episcopi
1104 1046 1435 1114 Geminiani,
1479 1049 1604 1120 ipso
1650 1065 1789 1122 pra:-

183 1135 364 1191 sente.
397 1128 543 1200 Aper
571 1133 860 1206 presbyter
888 1137 1214 1208 subscripsi.

252 1224 419 1299 97o
447 1227 728 1285 Eustasius
755 1231 1068 1306 episcopus,
1103 1246 1158 1292 et
1181 1252 1370 1294 omnes
1402 1240 1625 1297 ordines
1652 1241 1779 1297 sub-

184 1323 544 1390 scripserunt.

647 1425 672 1453 ει
697 1416 1034 1476 EPISTOLA
1055 1421 1242 1478 XLIII.

183 1525 538 1587 Bono-artano
569 1533 771 1603 roganti
796 1550 886 1588 cur
906 1535 1057 1591 homo
1080 1537 1234 1592 rebus
1260 1539 1403 1605 aliis,
1429 1541 1613 1610 quibus
1636 1543 1786 1612 longe

257 1622 780 1690 prtecellit,conditus
807 1629 962 1698 fuerit
992 1632 1273 1700 posterior,
1305 1650 1397 1688 nec
1420 1635 1494 1688 rei
1529 1634 1687 1707 hujus
1708 1636 1786 1690 vel

260 1715 560 1772 Ambrosius
585 1719 696 1790 ipse
726 1721 806 1774 vel
838 1720 1047 1794 Moyses
1084 1728 1338 1780 rationem
1367 1727 1785 1796 deprompserit;

258 1809 346 1863 ubi
382 1814 650 1879 respondit
682 1812 900 1887 Moysen
926 1821 1253 1890 conjecturas
1283 1838 1403 1875 suas
1439 1823 1650 1877 miscere
1686 1841 1782 1878 no-

263 1903 419 1958 luisse
443 1904 589 1960 libris
616 1907 823 1974 diuinis,
843 1910 990 1964 addit
1020 1928 1074 1966 se
1090 1929 1346 1987 congruas
1380 1933 1563 1970 causas
1595 1935 1786 1988 propo-

259 1997 502 2052 siturum.
531 1997 704 2054 Utitur
725 2019 848 2073 ergo
871 2005 1105 2076 exemplo
1134 2008 1374 2075 convivii,
1399 2010 1536 2080 quod
1561 2009 1788 2066 hominis

259 2106 418 2144 causa
447 2092 515 2146 sit
546 2103 828 2163 paratum:
859 2097 1045 2152 deinde
1085 2101 1412 2166 certaminis,
1447 2106 1596 2175 cujus
1633 2102 1785 2158 homo

257 2183 457 2238 athleta
486 2186 696 2254 futurus
735 2190 906 2243 varias
937 2208 1142 2262 pugnas
1182 2194 1315 2248 inire
1342 2194 1560 2251 debeat:
1583 2199 1786 2251 demum

255 2274 310 2327 id
340 2274 394 2328 in
417 2291 559 2331 more
584 2294 694 2332 esse
719 2281 986 2347 praedicat,
1018 2293 1073 2336 ut
1101 2287 1530 2352 prastantissima
1561 2289 1612 2341 in
1643 2291 1786 2360 prin-

255 2366 394 2436 cipio
433 2377 480 2421 et
520 2368 624 2438 ﬁne
667 2370 1023 2439 collocentur;
1077 2375 1216 2429 unde
1264 2392 1380 2430 cum
1410 2379 1593 2432 caelum
1620 2380 1786 2448 primo

255 2457 369 2512 loco
409 2471 637 2514 creatum
692 2463 794 2528 sit,
830 2463 1088 2519 hominem
1111 2466 1295 2520 ultimo
1324 2471 1490 2522 creari
1530 2469 1782 2526 docuerit.

260 2549 436 2622 Hujus
475 2568 593 2606 cum
620 2556 747 2610 caelo
776 2559 1121 2627 comparatio,
1155 2572 1426 2630 postquam
1448 2562 1590 2617 dotes
1621 2564 1786 2619 eidem

251 2660 509 2701 concessa:
537 2649 847 2719 aperiuntur
867 2692 880 2714 ,
910 2667 1002 2705 nec
1026 2668 1129 2706 non
1162 2653 1326 2722 ipsius
1361 2654 1417 2707 in
1459 2656 1710 2709 elementa
1737 2665 1786 2711 et

253 2737 442 2794 bestias
469 2739 749 2810 imperium
777 2760 794 2797 :
822 2760 886 2799 ex
932 2745 1119 2815 quibus
1167 2746 1305 2802 alias
1354 2757 1617 2803 creaturas
1662 2764 1788 2803 con-

255 2847 380 2901 grue
405 2835 702 2902 prtemissas
727 2834 954 2890 elicitur.

594 2967 901 3025 AIBROSIUS
941 2969 1316 3028 HORONTIANO.

256 3080 307 3134 l.
340 3079 544 3137 Moveri
604 3090 656 3139 te
700 3083 987 3141 insinuasti
1029 3088 1182 3156 mihi,
1236 3089 1378 3144 lecto
1426 3091 1785 3162 llexaemero,

1895 491 2109 561 opinari
2129 493 2384 563 quoniam
2411 495 2594 551 decuit
2622 497 2898 555 hominem
2918 509 3253 571 postremum
3284 507 3492 562 creari.

1967 585 2020 641 5.
2049 584 2262 642 Etenim
2294 589 2384 659 qui
2409 589 2716 646 convivium
2749 592 3016 662 adornat,
3043 606 3102 650 ut
3131 596 3219 652 ille
3240 597 3490 669 Evange-

1893 679 2034 734 lictts
2062 680 2215 737 dives
2243 681 2496 755 (oportet
2522 687 2666 741 enim
2698 686 2862 757 (Luc.
2895 704 2986 744 xw
3008 731 3023 755 ,
3054 690 3123 746 l6
3169 700 3218 746 et
3246 692 3380 764 seq.)
3411 694 3494 749 di-

1894 774 2015 829 vina
2048 774 2248 831 divinis
2277 777 2648 844 conferamus,
2677 796 2786 851 quo
2803 782 3002 838 melius
3032 784 3292 856 colligere
3321 789 3495 856 possi-

1894 869 2061 942 mus),
2083 873 2271 942 utique
2291 873 2472 928 omnia
2499 874 2648 945 prius
2663 885 2950 947 praeparat,
2971 887 3157 934 tauros
3179 888 3232 936 et
3247 881 3492 952 saginata

1893 962 2115 1028 occidit,
2143 974 2199 1019 et
2221 975 2347 1021 tunc
2371 967 2574 1024 amicos
2605 968 2673 1024 ad
2705 985 2916 1027 caenam
2944 972 3159 1030 invitat.
3182 975 3339 1033 Prius
3362 993 3496 1050 ergo

1891 1071 2014 1126 qua:
2038 1056 2246 1114 leviora
2279 1068 2428 1127 sunt,
2459 1071 2744 1132 parantur,
2773 1074 2831 1121 et
2862 1076 2988 1122 tunc
3015 1077 3240 1139 rogatur
3263 1070 3496 1126 honora-

1891 1147 2014 1202 tior.
2042 1147 2196 1206 Unde
2223 1160 2280 1206 et
2303 1152 2562 1210 Dominus
2591 1155 2794 1212 homini
2823 1158 2984 1232 971
3016 1170 3144 1217 ante
3173 1165 3485 1220 animalium

1891 1250 2216 1297 caeterorum
2236 1247 2566 1314 praeparavit
2587 1249 2798 1319 epulas,
2825 1259 2954 1305 tunc
2978 1253 3153 1321 ipsum
3177 1255 3331 1326 quasi
3358 1259 3494 1312 ami-

1890 1347 2014 1388 cum
2040 1334 2105 1388 ad
2153 1352 2312 1392 suum
2350 1341 2566 1395 vocavit
2602 1343 2946 1410 convivium;
2979 1355 3034 1399 et
3066 1361 3195 1401 vere
3223 1349 3493 1413 amicum,

1890 1430 2044 1494 quasi
2075 1429 2361 1486 charitatis
2391 1432 2590 1489 divinae.
2615 1437 2960 1507 participem,
2989 1447 3044 1491 ct
3075 1439 3345 1497 lueredem
3377 1443 3493 1512 glo-

1891 1521 2005 1576 riae.
2045 1522 2284 1594 Denique
2321 1525 2421 1596 ipsi
2469 1527 2604 1582 dicit
2633 1546 2645 1582 :
2671 1529 2865 1597 Amice,
2896 1533 3152 1600 quomodo
3178 1534 3279 1588 huc
3308 1537 3493 1590 venisti

1890 1614 1958 1666 ad
1978 1616 2187 1686 nuptias
2216 1615 2434 1687 (Matth.
2468 1635 2614 1688 χχιι,
2640 1620 2756 1693 12)?
2793 1622 3166 1680 Pra-ccdentia
3197 1642 3361 1697 ergo,
3395 1628 3496 1683 mi-

1893 1707 2112 1762 nisteria
2143 1721 2304 1774 sunt;
2329 1713 2558 1778 amicus,
2589 1715 2680 1784 qui
2716 1726 3023 1784 postremus
3054 1729 3297 1789 rogatur.

1958 1799 2013 1853 4.
2050 1799 2251 1868 Accipe
2293 1802 2461 1856 aliud.
2495 1801 2632 1870 Quid
2666 1813 2751 1860 est
2793 1807 3064 1875 mundus,
3119 1812 3220 1866 nisi
3270 1813 3490 1882 quidam

1889 1906 2026 1961 agon
2053 1893 2246 1962 plenus
2268 1898 2668 1953 certaminum?
2698 1899 2852 1955 Unde
2877 1913 2933 1956 et
2962 1903 3014 1957 in
3039 1906 3369 1977 Apocalypsi
3392 1908 3497 1964 Do—

1890 1985 2072 2039 minus
2094 1985 2170 2040 ait
2193 2005 2204 2039 :
2247 1986 2481 2043 Vincenti
2508 1991 2641 2046 dabo
2669 2009 2916 2048 coronam
2933 1996 3052 2051 vitae
3077 2000 3262 2068 (Apoc.
3287 1998 3348 2065 II,
3379 2000 3490 2072 10);

1891 2085 1945 2132 et
1973 2077 2176 2133 Paulus
2206 2079 2280 2134 ait
2308 2098 2322 2134 :
2356 2079 2628 2137 Certamen
2673 2085 2863 2141 bonum
2893 2091 3085 2144 certavi
3116 2091 3198 2162 (ll
3227 2091 3366 2146 Tim.
3413 2111 3487 2162 tv,

1891 2169 1970 2240 7);
2001 2179 2056 2224 et
2099 2171 2227 2225 alibi
2263 2189 2275 2224 :
2307 2171 2474 2228 Nemo
2506 2177 2608 2229 nisi
2637 2179 2726 2246 qui
2757 2179 2984 2252 legitime
3010 2186 3302 2249 certaverit,
3345 2203 3496 2243 coro-

1888 2271 2044 2314 natur
2069 2262 2138 2332 (ΙΙ
2158 2261 2295 2317 Tim.
2333 2281 2390 2329 ll,
2424 2265 2504 2338 5).
2537 2267 2710 2332 Hujus
2733 2271 2926 2340 agonis
2955 2274 3290 2331 instaurator
3314 2280 3502 2350 utique

1889 2356 2240 2424 omnipotens
2269 2358 2410 2412 Deus
2441 2371 2544 2414 est.
2577 2362 2678 2428 Qui
2711 2363 2876 2432 igitur
2903 2381 3135 2436 agonem
3182 2371 3414 2440 suscipit
3445 2374 3499 2428 in

1890 2448 1994 2504 hoc
2023 2451 2248 2518 saeculo,
2282 2468 2465 2508 nonne
2494 2455 2676 2509 omnia
2704 2469 2976 2528 prteparat
3007 2478 3128 2531 qua:
3181 2465 3339 2534 agoni
3371 2476 3499 2522 sunt

1888 2543 2199 2598 necessaria
2227 2562 2239 2596 :
2270 2555 2326 2600 et
2351 2558 2480 2602 tunc
2507 2549 2741 2605 athletas
2783 2561 2963 2619 vocat,
3009 2557 3216 2625 paratis
3249 2562 3503 2628 praemio-

1887 2649 2007 2690 rum
2051 2636 2235 2692 infulis
2255 2680 2272 2705 ,
2307 2648 2616 2697 certaturos
2645 2643 2711 2698 ad
2739 2659 3037 2713 coronam;
3069 2664 3137 2704 ne
3168 2666 3376 2709 moram
3409 2671 3500 2724 pa-

1890 2729 2054 2782 tiatur
2083 2730 2174 2799 qui
2199 2731 2414 2801 vicerit,
2445 2734 2538 2789 sed
2567 2736 2796 2807 praemio
2818 2737 3056 2795 donatus
3079 2744 3336 2800 recedat?
3355 2746 3503 2802 Prae-

1890 2822 1998 2876 mia
2031 2838 2163 2892 ergo
2196 2825 2433 2882 hominis
2481 2837 2748 2884 terrarum
2800 2830 3008 2888 fructus
3051 2845 3216 2903 sunt,
3270 2849 3325 2893 et
3373 2841 3497 2896 ρωιὶ

1889 2915 2093 2971 Iumina
2120 2934 2132 2970 :
2165 2917 2255 2972 illa
2283 2918 2349 2973 ad
2381 2918 2506 2974 vita:
2535 2923 2822 2991 praesentis
2867 2939 3024 2980 usum
3045 2967 3059 2991 ,
3105 2925 3222 2983 lucc
3249 2928 3317 2984 ad
3343 2944 3496 3001 spem

1890 3009 2016 3064 vita:
2049 3019 2290 3065 asternzc.

1963 3102 2016 3157 5.
2037 3102 2198 3169 Quasi
2224 3103 2425 3159 athleta
2451 3105 2614 3176 igitur
2635 3116 2951 3176 postremus
2971 3111 3272 3180 ingreditur
3295 3115 3346 3170 in
3367 3132 3496 3187 ago-

179 3172 325 3243 quod
352 3173 467 3244 ipse
489 3176 708 3244 scripsi,
738 3177 868 3247 quia
895 3193 1018 3234 cum
1062 3189 1269 3235 tantum
1303 3181 1504 3238 divinae
1543 3185 1787 3257 Scriptu-
1817 3176 1862 3240 C
1893 3211 2017 3250 nem
2046 3214 2057 3249 :
2092 3197 2248 3267 erigit
2280 3197 2344 3251 ad
2378 3172 2576 3254 emittm
2609 3201 2820 3269 oculos,
2852 3204 2997 3259 videt
3020 3207 3146 3277 quia
3176 3219 3229 3264 et
3258 3172 3498 3268 caelestis

179 3282 257 3322 rae
287 3269 454 3336 serie,
478 3269 562 3324 vel
584 3271 726 3342 stylo
751 3272 1020 3327 sermonis
1051 3274 1156 3329 mei
1187 3275 1444 3330 collatum
1469 3277 1784 3335 advertercs

177 3360 414 3430 homini,
461 3375 721 3435 quantum
773 3367 909 3422 nulli
962 3368 1016 3423 in
1070 3369 1171 3425 hac
1203 3382 1346 3426 terra
1397 3373 1779 3442 animantium,

177 3456 333 3525 prius
361 3458 540 3512 omnia
567 3459 650 3514 vel
683 3459 950 3525 volatilia,
976 3461 1063 3516 vel
1090 3465 1397 3531 terrestria,
1421 3471 1504 3519 vel
1535 3483 1652 3537 qme
1678 3466 1704 3504 ι’
1729 3469 1778 3523 in

175 3549 340 3620 aquis
368 3561 515 3617 sunt,
547 3552 868 3622 produxerit
901 3564 1041 3609 terra
1077 3555 1158 3611 vel
1181 3571 1316 3627 aqua
1342 3600 1356 3624 ,
1381 3574 1541 3629 quam
1573 3563 1736 3614 homo
1761 3603 1776 3628 ,

173 3652 400 3714 prapter
430 3661 588 3716 quem
621 3646 714 3702 illa
747 3658 930 3703 creata
959 3658 1105 3715 sunt,
1131 3665 1524 3722 generaretur;
1551 3657 1779 3726 ejusque

171 3737 256 3792 rei
291 3738 559 3793 rationem
587 3739 656 3796 de
685 3756 770 3796 me
799 3741 1080 3809 requirere
1109 3785 1124 3809 ,
1170 3759 1329 3814 quam
1368 3757 1422 3800 et
1455 3746 1670 3818 MtinBS
1698 3748 1775 3802 si-

172 3831 363 3897 luerit,
393 3841 448 3888 et
476 3849 579 3904 ego
607 3849 714 3890 non
745 3837 980 3891 auserim
1010 3837 1294 3908 attingere.

245 3924 304 3979 9..
335 3925 403 3980 Et
437 3925 581 3984 forte
611 3927 703 3984 ille
748 3929 953 3984 oraculi
1006 3929 1278 4001 interpres
1305 3932 1474 3988 divini
1501 3975 1515 3998 ,
1546 3936 1775 3992 Consilio

169 4021 533 4092 conticuerit;
560 4039 629 4080 ne
660 4025 902 4082 caelestis
927 4027 1306 4098 dispositionis
1334 4032 1598 4088 arbitrum
1629 4049 1688 4088 se
1719 4044 1776 4090 et

165 4115 544 4171 consiliarium
564 4131 824 4188 prteStare
851 4118 1157 4184 videretur;
1187 4121 1330 4177 aliud
1354 4135 1436 4179 est
1457 4125 1600 4181 enim
1628 4126 1773 4197 loqui

165 4207 320 4279 quod
349 4208 736 4266 inlundebatur
759 4227 787 4266 a
840 4213 934 4268 Dei
967 4214 1162 4285 spiritu
1183 4256 1198 4283 ,
1239 4216 1382 4272 aliud
1439 4219 1769 4275 voluntatem

166 4302 269 4361 Dei
313 4305 660 4375 interpretari
701 4322 715 4359 :
757 4323 857 4363 nos
887 4319 1068 4365 autem
1112 4325 1221 4367 non
1253 4313 1408 4384 quasi
1442 4314 1771 4386 interpretes

169 4399 294 4466 Dei,
329 4399 422 4454 sed
451 4401 606 4471 quasi
647 4417 714 4457 ex
762 4419 858 4457 usu
913 4405 1150 4460 humano
1194 4408 1421 4463 rationis
1478 4411 1767 4466 seminaria

164 4493 514 4565 colligentes,
547 4506 568 4534 ο
589 4496 923 4553 aestimamus
950 4513 1112 4569 posse
1140 4517 1241 4556 nos
1282 4515 1350 4556 ex
1381 4516 1450 4557 eo
1488 4503 1630 4573 quod
1664 4503 1768 4558 Illl-

1888 3301 2136 3346 creatura
2164 3293 2386 3347 vanitati
2417 3294 2660 3364 subjecta
2688 3305 2773 3350 est
2808 3314 2915 3352 non
2943 3310 3169 3368 sponte,
3202 3304 3296 3358 sed
3330 3320 3498 3375 pr0p-

1889 3393 1971 3440 ter
1993 3400 2118 3440 eum
2146 3385 2236 3453 qui
2265 3385 2499 3454 subjecit
2526 3401 2644 3442 eam
2676 3387 2730 3442 in
2762 3403 2858 3457 Spe
2887 3389 3069 3460 (Rom.
3103 3409 3219 3461 vui,
3249 3396 3366 3468 20).
3405 3399 3495 3455 V'i-

1885 3480 1969 3534 det
2003 3481 2125 3548 quia
2157 3481 2336 3534 omnis
2362 3490 2615 3536 creatura
2644 3485 3022 3554 congemiscit,
3052 3501 3380 3559 exspectans
3407 3511 3493 3549 rc-

1883 3573 2278 3644 detnptiOnem.
2311 3574 2471 3630 Videt
2499 3578 2623 3646 quia
2673 3580 2852 3634 omnis
2885 3589 3072 3636 manet
3113 3583 3290 3640 labor.
3324 3587 3493 3659 Erigit

1882 3667 2094 3727 oculos.
2118 3663 2144 3704 ά
2168 3666 2314 3722 videt
2340 3682 2572 3722 coronas
2618 3669 2904 3738 luminum,
2933 3673 3076 3728 lunae
3111 3685 3167 3732 et
3205 3678 3487 3736 Stellarum

1879 3759 2075 3829 globos
2106 3759 2419 3814 considerat
2451 3777 2463 3814 :
2500 3761 2761 3828 Quoniam
2778 3765 2937 3836 justi,
2963 3768 3051 3836 qui
3079 3770 3313 3836 vicerint,
3337 3786 3488 3829 erunt

1877 3852 2012 3906 sicut
2043 3853 2206 3906 stella:
2230 3853 2283 3906 in
2313 3853 2439 3908 coelo
2481 3853 2645 3924 (Dan.
2682 3872 2778 3920 xu,
2809 3858 2906 3928 3);
2937 3869 2992 3914 et
3021 3862 3253 3935 castigat
3286 3881 3486 3938 corpus

1880 3960 2060 4008 suum,
2097 3961 2162 4000 ne
2193 3946 2299 4000 sibi
2343 3947 2664 4004 adversetur
2702 3949 2756 4004 in
2803 3955 3102 4011 certamine
3136 3975 3147 4010 :
3183 3961 3332 4031 ungit
3361 3964 3486 4020 oleo

1879 4038 2290 4105 misericordim,
2321 4053 2542 4095 exercet
2567 4042 2761 4098 diurna
2783 4044 3000 4104 virtutis
3018 4050 3293 4119 palaestra,
3322 4064 3344 4092 ε
3364 4059 3486 4127 pul-

1879 4149 2009 4189 vere
2031 4149 2091 4189 se
2131 4133 2345 4199 oblinit,
2375 4135 2535 4190 stadii
2565 4147 2764 4192 metam
2792 4141 2967 4195 currit
2994 4159 3099 4198 non
3130 4147 3283 4215 quasi
3315 4149 3366 4204 in
3399 4152 3482 4207 in-

1874 4238 2107 4296 certum,
2138 4230 2277 4284 ictus
2322 4229 2540 4301 dirigit,
2588 4231 2823 4289 lacertos
2853 4238 3090 4304 excutit,
3135 4240 3231 4296 sed
3280 4258 3388 4299 non
3423 4247 3476 4302 in

1873 4337 2100 4377 vacuum
2128 4340 2140 4374 :
2168 4322 2396 4392 percutit
2417 4323 2814 4392 adversarium,
2843 4342 3004 4398 quem
3030 4345 3138 4386 non
3162 4333 3326 4403 videt;
3351 4341 3473 4409 quia

1873 4415 2027 4471 illum
2056 4414 2231 4468 solum
2269 4413 2534 4480 attendit,
2566 4415 2654 4470 cui
2681 4417 2885 4471 cedunt
2929 4435 3141 4486 omnes,
3174 4432 3338 4485 etiam
3383 4436 3474 4503 qui

1873 4523 1982 4562 non
2011 4506 2284 4572 videntur,
2317 4506 2371 4562 in
2413 4506 2569 4578 cujus
2610 4509 2832 4566 nomine
2870 4522 3172 4581 potestates
3197 4524 3359 4580 aeria:
3385 4527 3473 4582 di-

162 4611 328 4700 episc.
361 4610 662 4696 subscripsi.
678 4611 878 4700 rlivent.
907 4615 1388 4700 episcz‘Cenetensis
1418 4619 1755 4700 sa!ut_o.......
1786 4623 1838 4683 D
1865 4624 1987 4700 teri,
2009 4634 2065 4680 et
2105 4637 2297 4700 omnes
2325 4623 2460 4700 edit.
2501 4635 2562 4679 ut
2594 4625 2644 4680 in
2669 4637 2950 4684 contextu.
2982 4630 3252 4692 Caeterum
3291 4641 3470 4700 obiter

163 4681 438 4738 Maximus
478 4681 978 4761 episc._Emonensis
1005 4728 1019 4753 ,
1047 4685 1205 4761 F_elia;
1250 4690 1409 4760 episc.
1455 4689 1758 4761 Jadrensis,

159 4754 426 4810 Basianus
453 4759 607 4830 episc.
635 4755 996 4830 Lundunensis
1021 4800 1035 4822 ,
1079 4754 1379 4814 Theodorus
1408 4763 1563 4830 episc.
1601 4754 1758 4818 Octo;

157 4828 440 4900 durensis,
484 4825 821 4900 Constantius
868 4829 1026 4898 episc.
1081 4825 1472 4900 Arausicanus',
1529 4835 1757 4890 Sabinus

163 4900 335 4967 episc.
371 4895 728 4976 Placentinus.
772 4897 856 4976 Ea:
874 4895 1126 4976 jussu":
1160 4895 1673 4976 Eustathiusepisc.
1709 4917 1757 4960 et

156 4985 343 5024 omnes
369 4969 574 5024 ordines
603 4971 1033 5038 subscripserunt.
1067 4973 1170 5029 Sed
1196 4991 1319 5029 cum
1355 4969 1575 5030 nomina
1607 4979 1752 5032 sedis

155 5039 512 5115 singulorum
549 5042 930 5114 episcoporum
975 5045 1027 5098 in
1075 5043 1258 5115 Autiq.
1303 5048 1459 5108 edit.,
1494 5049 1544 5100 in
1583 5049 1750 5103 Labb.

155 5123 218 5168 et
245 5115 452 5188 Qu_esn.
482 5113 879 5177 desiderentur,
907 5131 1012 5188 non
1040 5117 1154 5171 leve
1173 5113 1549 5188 argumentum
1583 5128 1668 5174 est
1688 5135 1752 5176 ea

155 5183 403 5259 repetita
445 5200 566 5259 esse
616 5189 956 5259 ex‘tfthIIIO
984 5183 1181 5259 Aquil.‘
1219 5183 1450 5244 maxime
1491 5208 1615 5245 cum
1645 5193 1754 5247 duo

153 5256 429 5325 episcopi,
457 5257 654 5327 quibus
701 5257 788 5313 hic
826 5260 986 5315 sedes
1033 5256 1139 5314 non
1169 5261 1444 5320 tribuitur.
1479 5262 1530 5316 in
1559 5264 1753 5318 eodem

153 5329 402 5384 concilio
429 5346 532 5382 non
558 5333 916 5398 reperiantur.
944 5333 1148 5387 Omnes
1165 5333 1284 5387 alite
1307 5333 1584 5388 edit.satis
1615 5337 1754 5390 inter

155 5415 223 5455 se
250 5410 583 5474 congr_uu_nt,
611 5403 712 5454 nisi
746 5403 890 5472 quod
922 5401 1194 5457 Eustasius
1223 5406 1528 5474 geminatur
1560 5407 1611 5460 in
1646 5417 1752 5461 vet.

154 5471 296 5528 edit.
327 5482 382 5524 et
412 5471 582 5526 Labb.
615 5487 679 5526 ac
709 5471 804 5543 pro
827 5491 999 5529 omnes
1025 5471 1246 5530 Ordines
1272 5477 1324 5531 iu
1354 5475 1545 5532 eodem
1577 5477 1749 5533 Labb.

156 5551 221 5600 et
249 5544 457 5608 Quesu.
494 5544 710 5612 ponitur
733 5561 906 5600 omnes
936 5549 1135 5601 ordine.

237 5623 264 5650 ιι
294 5612 508 5681 Sciipta
531 5615 674 5668 circa
705 5632 906 5672 annum
937 5619 1062 5673 589.

231 5685 260 5723 ³³
295 5683 549 5766 Nonnulli
595 5703 751 5766 ιιιειε.2
781 5693 833 5740 in
877 5693 1024 5760 aquis
1069 5702 1226 5753 sunt,
1273 5708 1386 5760 qua:
1431 5692 1754 5766 produxerat

153 5769 302 5813 terra
349 5759 426 5810 vel
482 5773 634 5835 aqua,
685 5758 750 5811 ad
797 5758 949 5828 quam
985 5778 1194 5835 causam
1225 5758 1443 5831 praptet‘
1477 5782 1629 5835 quem
1656 5767 1755 5821 illa

152 5839 336 5887 creata
351 5836 492 5894 sunt,
523 5828 736 5883 ultimus
768 5842 1117 5900 generaretur.
1150 5828 1463 5906 Elegantius
1488 5828 1619 5893 vero
1646 5852 1752 5893 cae-

491 5923 765 5985 ΡΑτιιοι..
815 5925 984 5988 XVI.

1865 4695 2123 4784 lectorem
2154 4696 2726 4784 adiuatiiebiniusunon
2761 4715 2932 4784 pauca
2962 4708 3177 4784 essein
3225 4709 3325 4784 hac
3352 4695 3467 4784 ob};

1861 4769 2022 4845 stola,
2046 4783 2167 4845 qua!
2195 4784 2272 4845 ωε
2288 4766 2528 4845 Philonis
2559 4769 2655 4845 un.
2681 4766 2950 4845 tie—Mundi
2971 4774 3200 4845 Opilicio
3225 4766 3467 4842 imam

1861 4837 2206 4919 A_mhrpsius.
2391 4839 2724 4919 eadem_i|la
2781 4845 2832 4896 in
2892 4837 3123 4919 formam
3171 4837 3464 4919 pietatinui

1859 4909 2172 4984 Christianae
2202 4909 2449 4978 religioni
2478 4912 2646 4981 magis
2675 4918 3138 4974 accommodatam
3171 4909 3462 4984 'convertit

1857 4991 2078 5035 sanctus
2114 4982 2331 5034 Doctor.
2854 5013 2856 5017 -

1935 5065 1959 5133 ξ
1992 5053 2132 5106 Edit.
2179 5067 2242 5106 ac
2265 5053 2373 5106 duo
2397 5068 2552 5133 mss.,
2582 5056 2936 5133 existimamus
2955 5079 3121 5133 posse.

1935 5122 1962 5206 ξι
1998 5125 2086 5206 Vel
2113 5126 2350 5206 ιιῑΙιιξιιιιι
2380 5124 2444 5178 ad
2466 5141 2727 5206 cqronam
2757 5122 3039 5196 Ariadnes,
3070 5135 3151 5188 vel
3179 5134 3230 5188 in
3252 5152 3454 5206 genere

1862 5196 2039 5277 sidera
2072 5194 2160 5250 hic
2190 5194 2304 5281 ἱΙΙιρ
2327 5195 2482 5265 quasi
2508 5196 2672 5254 liores
2701 5215 2886 5281 sparsa
2917 5194 3149 5281 coronas
3177 5194 3448 5281 appellat;

1864 5268 2122 5345 Ξ¹.ί¹¹¹ί¹ἶ¹¹η¹
2176 5265 2319 5320 unde
2349 5282 2570 5323 corona:
2613 5265 2897 5328 stellantes
2929 5274 3041 5329 ﬁeri
3085 5265 3330 5345 possunt.
3368 5265 3457 5341 liii

1861 5338 2123 5394 Nannius.

1939 5410 2218 5486 vg_(_)mnes_
2242 5409 2376 5466 edit.
2408 5426 2472 5465 ac
2507 5415 2876 5486 mss._aliquot
2897 5458 2911 5479 ,
2943 5417 3151 5486 pulvere
3185 5437 3238 5472 se
3269 5422 3455 5483 oblinit

1855 5482 2045 5558 stadii,
2080 5482 2274 5558 currit,
2305 5491 2391 5536 etc
2429 5499 2450 5558 _;
2483 5498 2612 5558 tn_ss.
2645 5482 2792 5558 Belv.
2823 5497 2879 5541 et
2908 5482 3118 5553 Albim,
3154 5493 3361 5558 pulvere
3397 5482 3452 5556 se

1858 5555 2070 5630 oblinit,
2101 5556 2268 5630 stadip
2299 5555 2461 5607 currit
2481 5555 3038 5630 ,°_L:etien.,‘stadium
3067 5555 3268 5630 currit;
3299 5555 3450 5627 Ρηηί,

1857 5624 2092 5704 denique
2121 5639 2184 5679 ac
2207 5624 2378 5704 fletu.
2415 5634 2470 5677 tit
2496 5627 2560 5704 _it_t_
2573 5634 2782 5704 _tei§_tu._
2783 5627 2921 5704 Quid
2955 5647 3117 5704 porro
3147 5637 3219 5687 sit
3245 5624 3452 5704 pars";

1857 5713 1912 5750 se
1935 5696 2163 5786 oblinere
2187 5695 2429 5750 diximus
2444 5694 2508 5748 ad
2527 5695 2622 5749 lib.
2651 5696 2727 5751 De
2747 5698 2862 5754 Elia
2885 5708 2939 5757 et
2955 5694 3184 5773 jejunio,
3215 5694 3446 5786 cupii,

1861 5785 1918 5824 n.
1949 5768 2038 5824 79.

2825 5935 2903 6000 36
