3996 6292
496 222 632 281 1155

1816 197 2063 260 SANCTI
2102 197 2198 256 AM
2208 194 2435 254 BROSH

3642 180 3752 241 1150

488 357 619 400 nera
650 337 852 394 lerant.
890 345 916 374 ι
938 334 1102 390 Tauri
1132 331 1394 401 depresso
1416 324 1584 381 sulcis
1614 335 1711 392 per
1736 328 1907 376 totum
1936 316 2079 373 diem
2109 318 2164 379 Α
2258 324 2395 371 recte
2417 313 2711 379 indicasse;
2737 326 2858 366 eum
2885 311 3036 366 illum
3075 306 3450 380 intpassibilem
3477 315 3625 375 atque
3648 305 3754 359 iui-

489 439 674 489 aratro
694 437 946 500 gemunt.
995 422 1200 481 Catneli
1240 430 1437 492 przeter
1469 411 1734 472 subeundi
1779 410 1963 468 oneris
1990 408 2087 466 ob-

487 527 704 595 sequia,
737 518 1046 577 tondendos
1073 532 1133 572 se
1161 514 1444 576 exhibent,
1477 517 1533 564 ut
1562 508 1802 573 arietes;
1852 519 1960 576 quo
1991 518 2085 559 ve-

402 608 413 622 ’
485 619 570 674 lut
599 618 715 688 regi
750 618 967 671 diversa
996 608 1249 667 animalia
1280 606 1540 664 tributum
1568 619 1726 659 suum
1764 599 2084 664 conferant,

488 711 841 785 pendautque
865 708 1093 778 vectigal
1123 718 1387 760 annuum.
1405 699 1593 770 Equus
1617 703 1767 753 tanto
1788 711 1849 752 se
1872 694 2085 766 iactans

488 808 672 881 equite
702 804 731 845 δ
759 807 1029 877 glomerat
1057 813 1280 872 gressus
1310 794 1577 867 superbos
1598 836 1614 861 ,
1665 801 1828 863 atque
1873 789 1941 843 ad
1980 787 2083 844 do-

490 880 624 958 mini
664 912 951 955 ascensum
972 894 1135 950 dorsa
1155 891 1427 956 sinuatus,
1462 885 1621 942 herili
1652 893 1799 954 terga
1841 880 2086 937 subster-

490 996 569 1051 nit
598 992 783 1051 sedili.
809 990 916 1047 Sed
948 1003 1016 1044 ne
1045 986 1186 1042 forte
1206 984 1383 1040 adhuc
1430 988 1648 1036 moveat
1674 975 1822 1050 quod
1847 972 2083 1030 novissi-

488 1104 613 1144 mus
643 1087 807 1142 homo
834 1085 1005 1139 lactus
1033 1082 1126 1145 sit,
1158 1077 1302 1134 idem
1332 1090 1505 1147 equus
1534 1089 1635 1129 nos
1664 1070 1857 1128 doceat
1885 1082 1992 1123 non
2016 1065 2083 1121 ad

484 1179 945 1250 contemptionem
978 1172 1322 1231 referendum
1345 1183 1492 1236 esse,
1519 1165 1616 1223 sed
1640 1162 1927 1222 honorem.
1951 1163 2085 1219 Por-

446 1345 450 1350 ,
484 1285 563 1345 tat
596 1270 957 1343 posteriorem
987 1283 1169 1333 suum,
1202 1280 1303 1321 nec
1329 1261 1585 1333 despicit,
1615 1259 1711 1315 sed
1737 1255 2082 1322 reformidat,

484 1379 541 1426 et
562 1384 657 1440 per
686 1367 902 1423 diversa
933 1379 1058 1420 eum
1098 1376 1200 1418 suo
1229 1355 1547 1415 circumfert
1572 1354 1783 1409 labore.
1818 1351 1941 1409 Uno
1967 1364 2084 1406 mo—

480 1471 668 1518 mento
698 1459 863 1514 homo
888 1455 1188 1526 longinqua
1212 1452 1346 1519 obit,
1377 1449 1741 1505 circumerrat
1785 1442 2041 1500 distantia
2065 1484 2080 1509 ,

485 1568 509 1597 ⁸
540 1566 652 1612 ιιιιιι
689 1554 846 1625 equis
873 1549 1243 1623 singularibus
1266 1588 1282 1614 ,
1330 1554 1443 1601 tum
1468 1540 1748 1611 quadrigis
1779 1536 2086 1608 triumpha-

479 1649 643 1708 libus.

2260 407 2495 472 sibilent,
2530 405 2668 461 hunc
2713 403 3101 468 corruptibilcm
3143 416 3548 473 corporeamque
3586 398 3754 469 signiﬁ-

2257 504 2413 558 cavit.
2447 501 2558 558 Sea;
2581 502 2692 556 dies
2731 500 2872 556 orbis
2903 498 3153 554 creationi
3180 513 3284 551 non
3310 511 3371 550 eo
3393 492 3623 557 attribui,
3648 491 3753 562 quod

2260 607 2490 668 tempore
2533 592 2673 649 Deus
2712 592 2945 665 indigeat
2964 632 2981 659 ,
3012 591 3103 646 sed
3149 599 3205 645 ut
3234 587 3507 660 dispositio
3534 585 3754 655 exprime-

2261 701 2424 746 retur.
2463 688 2773 745 Declaratur
2795 686 3075 758 septenarii
3114 685 3365 757 dignitas,
3393 681 3480 736 cui
3509 690 3669 734 toturn
3690 695 3757 733 oc-

2260 784 2497 841 tonarius
2541 782 2849 853 antefertur,
2893 788 2950 834 ut
2991 787 3110 852 pote
3141 777 3232 848 qui
3260 777 3328 831 sit
3355 774 3476 830 noui
3505 771 3757 828 testamenti

2261 894 2506 947 numerus
2531 919 2545 944 ,
2577 887 2634 932 ut
2679 875 2768 931 ille
2813 873 3019 930 veteris.
3057 870 3358 945 Exponitur
3404 869 3460 923 in
3507 866 3636 920 hanc
3674 882 3756 920 rent

2263 971 2411 1028 Osete
2450 972 2624 1037 locus,
2666 981 2713 1025 et
2753 967 3058 1023 continuata
3085 963 3315 1039 ejusdem
3359 961 3608 1034 ogdoadis
3646 975 3757 1015 cou-

2261 1066 2622 1133 ntendatione,
2653 1065 2709 1119 in
2736 1063 2919 1118 laudes
2945 1061 3151 1134 [hederis
3180 1064 3300 1115 novt
3331 1058 3520 1113 desinit
3547 1057 3754 1138 epistola.

2620 1158 2926 1217 Ausaosws
2973 1156 3341 1214 Honorinum.

2260 1255 2312 1311 1.
2352 1254 2685 1311 Divisionem
2710 1252 2933 1324 egregie
2963 1250 3248 1306 advertisti
3270 1248 3670 1322 propheticam,
3688 1244 3757 1300 vel

2187 1347 2370 1417 potius
2400 1346 2671 1415 divinam;
2706 1362 2814 1402 non
2845 1345 2993 1402 enim
3019 1360 3114 1399 sua
3138 1343 3376 1416 Moyses,
3404 1340 3503 1399 sed
3528 1340 3695 1397 inlusa
3717 1349 3757 1395 et

2186 1442 2424 1498 revelata
2446 1441 2550 1498 sibi
2584 1441 2823 1513 scripsit,
2860 1457 2922 1498 ea
2951 1440 3225 1511 prmcipue
3251 1454 3377 1511 qua:
3406 1447 3536 1493 sunt
3561 1437 3628 1493 de
3653 1450 3760 1492 con-

2187 1535 2471 1591 stitutione
2525 1534 2902 1605 mundi:qute
2951 1532 3149 1589 divisio
3209 1543 3565 1602 operatorem
3623 1540 3758 1601 atque

2190 1642 2355 1697 opera
2386 1628 2636 1684 distinxit
2684 1627 2852 1701 (Gen.
2884 1644 2941 1695 1,
2988 1628 3015 1684 l
3043 1638 3091 1683 et
3116 1628 3284 1699 τεῳ).
3316 1625 3454 1682 Nam
3487 1641 3611 1681 eum
3640 1623 3757 1682 aliud

553 1740 640 1797 18.
678 1740 746 1795 Et
771 1736 1033 1809 quoniam
1062 1729 1417 1802 triumphales
1443 1724 1745 1783 memoravi
1766 1721 2080 1793 quadrigas,
2109 1711 2158 1773 B
2188 1722 2522 1794 impassibilc
2542 1731 2711 1790 esset,
2743 1722 2889 1778 aliud
2922 1720 3192 1793 passionis
3219 1719 3589 1792 receptabile;
3639 1716 3759 1788 quod

480 1847 708 1891 necesse
731 1838 818 1888 est
839 1839 1079 1886 attexam
1108 1826 1176 1883 iis
1199 1838 1396 1881 currus
1424 1822 1559 1878 Eliae
1577 1862 1592 1887 ,
1618 1818 1816 1890 quibus
1838 1832 1936 1888 per
1953 1828 2083 1869 aera

477 1938 668 1985 vectus
696 1934 782 1982 cst
811 1926 831 1996 (
860 1923 926 1978 Ν
964 1922 1096 1994 Reg.
1131 1937 1190 1986 ιι,
1216 1917 1317 1991 11)
1346 1935 1362 1984 ;
1389 1916 1834 1987 elephantorum,
1884 1908 2082 1979 quibus

480 2023 648 2079 homo
688 2021 862 2077 victor
905 2017 1168 2072 assistens
1194 2055 1211 2082 ,
1258 2027 1382 2068 cum
1412 2011 1484 2064 sit
1510 2016 1838 2080 postremus,
1871 2002 2082 2075 priores

478 2117 641 2189 regit.
672 2115 764 2172 Sic
793 2127 1011 2184 quoque
1036 2111 1373 2181 gubernator
1399 2105 1554 2161 navis
1577 2103 1630 2158 in
1673 2099 1837 2172 puppi
1882 2096 2036 2154 sedet
2063 2139 2077 2162 ,

476 2218 535 2267 et
559 2217 728 2264 totam
758 2220 950 2262 navem
979 2204 1264 2275 gubernat.
1283 2199 1439 2257 Unde
1468 2208 1601 2268 puto
1644 2195 1776 2251 illud
1810 2208 1915 2248 non
1941 2192 2080 2247 otio-

476 2317 595 2360 sum
624 2317 747 2358 esse
778 2302 832 2356 in
857 2298 1177 2367 Evangelia,
1211 2295 1355 2365 quod
1378 2293 1639 2349 Dominus
1665 2291 1823 2347 Jesus
1850 2289 1904 2345 in
1936 2304 2077 2359 pup-

475 2397 531 2467 pi
568 2395 875 2450 dormiebat
904 2411 916 2446 :
948 2392 1185 2463 denique
1206 2390 1476 2445 excitatus
1513 2384 1798 2454 imperavit
1833 2392 1997 2438 vento
2023 2391 2079 2438 et

474 2489 639 2556 mari,
668 2498 723 2544 et
745 2486 959 2543 sedavit
981 2491 1359 2555 tempestatem
1389 2482 1408 2552 (
1435 2478 1624 2534 Matth.
1659 2491 1773 2544 vui,
1795 2475 1867 2532 ‘24
1889 2473 1909 2549 )
1930 2515 1947 2542 ,
1988 2489 2078 2531 os-

475 2581 712 2639 tendens
739 2579 863 2636 ideo
887 2594 949 2634 se
976 2576 1330 2632 novissimum
1363 2573 1579 2635 venisse
1604 2612 1619 2638 ,
1644 2569 1770 2640 quia
1799 2569 2073 2640 guberna-

474 2686 563 2733 tor
584 2678 815 2733 venerit.
863 2672 1024 2731 Unde
1061 2670 1340 2741 apostolus
1388 2668 1463 2723 ait
1497 2686 1509 2720 :
1542 2665 1742 2720 Factus
1769 2673 1844 2718 est
1875 2662 2074 2733 primus

474 2770 628 2825 homo
652 2768 822 2822 Adam
841 2767 895 2821 in
917 2766 1149 2820 animant
1171 2764 1440 2826 viventem,
1495 2757 1807 2814 nouissimus
1830 2756 1995 2809 Adam
2019 2753 2073 2806 in

469 2865 711 2935 spiritum
762 2861 1134 2927 viviﬁcantem.
1169 2857 1277 2914 Sed
1328 2871 1431 2910 non
1481 2854 1628 2924 prius
1650 2851 1790 2925 quod
1834 2847 2074 2920 spiritale

470 2966 568 3021 est,
598 2958 690 3012 sed
715 2955 855 3029 quod
880 2953 1128 3018 animale,
1156 2951 1342 3006 deinde
1387 2947 1526 3020 quod
1565 2946 1804 3018 spiritale
1854 2943 1872 3016 (
1898 2942 1921 2998 ι
1944 2940 2067 2997 Cor.

466 3070 559 3122 xv,
590 3052 684 3117 45,
715 3051 861 3124 46);
903 3059 960 3106 et
979 3047 1187 3105 addidit
1212 3063 1226 3099 :
1254 3044 1470 3099 Primus
1492 3044 1645 3097 homo
1681 3041 1746 3096 de
1796 3051 1936 3095 terra
1961 3048 2069 3094 ter-

467 3164 645 3212 renus,
672 3145 931 3203 secundus
961 3144 1114 3199 homo
1144 3143 1208 3197 de
1227 3140 1353 3196 ctelo
1387 3138 1606 3194 cmlestis
1631 3135 1833 3210 (Ibid.,
1862 3133 1931 3189 47
1954 3136 1992 3201 ).

541 3242 630 3297 19.
677 3240 845 3295 [tecte
898 3252 1029 3309 ergo
1080 3234 1409 3292 novissimus
1449 3230 1605 3303 quasi
1651 3227 1816 3285 totius
1856 3241 2070 3283 summa

468 3334 675 3407 operis,
705 3333 863 3405 quasi
893 3346 1056 3387 causa
1090 3328 1301 3394 mundi,
1332 3336 1555 3397 propter
1581 3340 1743 3397 quem
1778 3322 1917 3378 facta
1942 3329 2073 3378 sunt

467 3429 693 3494 omnia;
739 3425 893 3498 quasi
921 3423 1164 3480 omnium
1198 3422 1474 3477 habitator
1503 3420 1903 3477 elementorum
1926 3416 2070 3472 inter

465 3523 609 3577 feras
635 3519 796 3587 vivit,
830 3533 955 3574 cum
984 3515 1222 3587 piscibus
1252 3523 1405 3570 natat
1509 3527 1675 3583 super
1700 3525 1834 3566 aves
1877 3509 2065 3574 volat,

465 3620 825 3669 conversatur
851 3625 976 3667 cum
997 3608 1205 3680 angelis
1227 3649 1241 3673 ,
1275 3618 1480 3664 terram
1509 3604 1814 3671 inhabitat,
1847 3610 1903 3660 et
1928 3600 2068 3659 caelo

467 3706 699 3773 militat,
730 3705 905 3761 sulcat
930 3717 1102 3770 mare,
1134 3717 1266 3758 aere
1292 3701 1555 3772 pascitur,
1579 3698 1758 3755 cultor
1785 3696 1910 3764 soli,
1956 3696 2069 3752 via-

462 3810 551 3858 tor
596 3800 885 3872 profundi,
920 3800 1157 3871 piscator
1180 3798 1234 3852 in
1254 3797 1528 3863 ﬂuctibus,
1590 3795 1644 3849 in
1668 3808 1798 3849 aere
1818 3805 2022 3863 auceps
2048 3832 2063 3856 ,

462 3897 517 3952 in
545 3896 689 3954 coelo
720 3896 919 3961 bteres,
948 3892 1152 3950 Christi
1177 3891 1446 3947 cohaeres.
1483 3889 1609 3945 Haec
1629 3886 1929 3945 secundum
1977 3886 2064 3942 in-

464 3989 728 4047 dustriam
758 3988 779 4063 (
812 3989 966 4045 Rom.
1006 4003 1124 4053 vui,
1176 3984 1307 4058 17).

529 4084 622 4140 20.
665 4082 866 4153 Accipe
919 4080 1084 4136 etiam
1147 4078 1290 4150 quod
1322 4091 1488 4148 supra
1533 4074 1772 4131 hominis
1803 4073 2060 4130 substan-

459 4180 619 4234 tiam.
662 4178 877 4249 Moyses
917 4176 973 4230 in
1029 4174 1137 4230 imo
1174 4172 1474 4228 ambulavit
1523 4170 1657 4225 mari
1683 4170 1704 4244 (
1729 4169 1898 4225 Exod.
1930 4183 2020 4223 xlv
2044 4209 2060 4235 ,

458 4271 531 4326 29
559 4270 603 4342 ),
663 4271 716 4325 in
780 4269 948 4342 9'76
999 4280 1215 4323 summo
1267 4263 1502 4336 apostoli
1534 4261 1737 4336 (Joan.
1794 4277 1910 4328 xxi,
1958 4259 2058 4331 8).

458 4362 717 4418 Habacuc
738 4361 860 4415 sine
888 4357 1088 4431 pennis
1109 4357 1316 4413 volavit
1354 4354 1531 4425 (Dan.
1584 4369 1701 4418 xlv,
1729 4351 1800 4409 35
1820 4351 1867 4424 ).
1917 4351 2061 4407 Elias

458 4456 514 4511 in
542 4465 690 4512 terra
736 4454 907 4520 vicit,
937 4462 994 4511 et
1023 4454 1076 4508 in
1109 4451 1253 4509 cmlo
1281 4447 1677 4519 triumphavit(
1712 4446 1781 4502 IV
1803 4445 1934 4518 Reg.
1981 4461 2020 4500 ιι
2041 4485 2056 4511 ,

2184 1828 2302 1872 erat
2332 1817 2687 1887 impassibile,
2715 1817 2781 1874 ad
2812 1818 2984 1874 Deum
3007 1826 3356 1888 operatorem
3391 1815 3618 1872 retulit:
3640 1813 3758 1886 quod

2182 1921 2362 1965 autem
2394 1910 2656 1982 passibile
2683 1911 2804 1966 sine
2833 1910 3038 1979 anima,
3066 1909 3187 1966 sine
3218 1921 3369 1964 motu
3401 1907 3756 1980 proprio,mo-

2184 2011 2298 2058 tum
2330 2015 2381 2059 et
2410 2004 2649 2060 animam
2680 2014 2735 2060 et
2763 2003 2993 2075 ﬁguram
3023 2018 3053 2058 a
3081 2011 3334 2060 creatore
3355 2000 3633 2074 accipiens
3654 2013 3753 2065 suo,

2182 2096 2463 2170 deputavit
2499 2099 2628 2154 huic
2666 2096 2891 2154 mundo.
2924 2098 3097 2168 Quem
3137 2096 3340 2153 factum
3392 2110 3504 2151 non
3544 2092 3756 2166 oportuit

2181 2193 2302 2251 sine
2325 2193 2714 2264 gubernatore,
2743 2202 2799 2249 et
2829 2191 3065 2264 quodam
3105 2200 3261 2262 patre
3304 2188 3647 2245 indefensum
3685 2200 3755 2243 τοι

2180 2287 2377 2360 linqui.
2403 2287 2474 2343 Et
2500 2286 2622 2342 ideo
2650 2286 2979 2342 invisibilem
3010 2286 3175 2341 Deum
3197 2285 3433 2341 visibilis
3460 2282 3753 2354 hnjusmun-

2179 2381 2233 2437 di
2265 2390 2535 2438 rectorem
2561 2397 2686 2437 esse
2723 2389 2776 2437 et
2808 2379 2965 2451 quasi
2999 2390 3262 2445 tutorem,
3291 2377 3636 2451 apertissime
3678 2378 3755 2433 de-

2182 2476 2396 2532 scribit.
2417 2474 2571 2544 Quod
2592 2490 2724 2547 ergo
2751 2474 3044 2538 invisibile,
3062 2474 3491 2544 sempiternum:
3516 2471 3653 2544 quod
3676 2486 3752 2525 au-

2178 2576 2288 2625 tem
2322 2568 2560 2636 videtur,
2596 2568 2897 2639 temporale
2935 2567 3018 2639 (ll
3047 2566 3168 2623 Cor.
3201 2582 3279 2635 tv,
3314 2567 3451 2639 18).

2252 2662 2310 2716 2.
2345 2660 2451 2717 Sex
2486 2661 2670 2731 itaque
2701 2659 2898 2716 diebus
2924 2661 3122 2716 factum
3155 2661 3421 2716 mundum
3480 2660 3751 2731 exprimit,

2178 2768 2287 2810 non
2312 2753 2456 2825 quod
2474 2754 2617 2809 Deus
2641 2762 2888 2825 tempore
2920 2753 3213 2826 iudiguerit
3239 2754 3308 2810 ad
3336 2757 3751 2811 constitutionem

2177 2848 2316 2919 ejus,
2347 2849 2434 2904 cui
2466 2852 2608 2904 intra
2637 2857 2975 2905 momentum
3002 2848 3244 2920 suppetit
3273 2848 3486 2917 facere,
3509 2867 3625 2923 qua:
3644 2848 3751 2906 velit

2174 2944 2196 3014 ί
2222 2944 2354 2998 dixit
2380 2943 2525 2999 enim
2563 2941 2742 3015 (Psal.
2773 2957 2977 2998 chvnt
3002 2985 3018 3008 ,
3074 2941 3168 3015 5),
3211 2953 3259 2998 et
3287 2946 3432 3014 facta
3458 2944 3646 3014 sunt);
3671 2940 3750 2998 sed

2173 3037 2299 3106 quia
2328 3052 2392 3092 ea
2443 3051 2566 3108 qua:
2620 3035 2786 3104 liunt,
2818 3036 3064 3092 ordinem
3096 3044 3351 3107 quaerunt
3380 3055 3396 3091 :
3429 3038 3567 3093 ordo
3589 3045 3745 3091 autem

2173 3140 2231 3188 et
2262 3141 2477 3202 tempus
2505 3141 2559 3187 et
2590 3146 2876 3189 numerum
2910 3131 3229 3202 plerumque
3253 3131 3450 3203 exigit.
3487 3131 3618 3187 lllud
3636 3145 3751 3202 quo-

2173 3241 2278 3296 que
2330 3227 2629 3297 prmcipue,
2686 3225 2944 3297 quoniam
2995 3225 3150 3281 nobis
3204 3224 3271 3280 ad
3300 3225 3750 3296 operandumlor-

2172 3334 2318 3377 mam
2344 3320 2594 3387 daturus,
2626 3335 2912 3375 numerum
2941 3319 3154 3375 dierum
3181 3319 3432 3375 servavit
3461 3330 3521 3375 et
3568 3330 3750 3389 tempo-

2170 3430 2271 3470 ra:
2306 3430 2409 3471 nos
2438 3416 2583 3471 enim
2618 3424 2864 3485 tempore
2887 3413 3211 3487 indigemus,
3244 3424 3305 3470 ut
3347 3415 3555 3488 aliquid
3600 3425 3750 3471 matu-

2170 3508 2287 3564 rius
2309 3523 2574 3580 agamus;
2607 3524 2677 3565 nc
2704 3509 3113 3580 prmeipitemus
3142 3508 3377 3563 consilia
3422 3519 3592 3580 atque
3614 3523 3751 3578 opera

2171 3614 2383 3670 nostra,
2403 3618 2473 3659 ne
2490 3603 2737 3659 ordinem
2756 3604 3261 3674 praetermittamus.
3280 3600 3419 3659 Cum
3441 3606 3588 3660 enim
3609 3604 3752 3660 Deum

2168 3697 2421 3770 legimus,
2451 3707 2510 3754 ut
2540 3697 2820 3769 Scriptura
2850 3697 3092 3753 ostendit
3113 3695 3302 3769 (Psal.
3336 3713 3455 3760 cm,
3481 3698 3621 3769 21),
3648 3712 3750 3753 cum

2169 3793 2440 3862 sapientia
2471 3801 2529 3847 et
2555 3790 2792 3862 quodam
2829 3792 3062 3847 consilio
3087 3800 3143 3846 et
3186 3790 3555 3863 dispositione
3597 3790 3753 3847 omnia

2169 3883 2367 3941 fecisse
2413 3893 2436 3922 ο
2481 3893 2536 3939 et
2575 3884 2810 3951 ordine;
2867 3892 3300 3941 consentaneum
3342 3894 3433 3942 est
3464 3887 3680 3953 rationi,
3706 3892 3753 3939 tu

2169 3978 2344 4048 primo
2372 3977 2573 4033 caelum
2596 3977 2823 4040 faceret.
2844 3977 2986 4049 quod
3009 3987 3097 4035 est
3122 3979 3591 4050 pulcherrimum;
3613 3994 3751 4051 Opor-

2169 4079 2247 4127 tet
2272 4080 2328 4125 ut
2355 4085 2421 4125 eo
2447 4071 2686 4142 primum
2715 4071 2907 4126 oculos
2942 4071 3236 4143 erigamus,
3297 4072 3394 4127 illo
3421 4072 3586 4129 nobis
3634 4087 3749 4128 cen-

2167 4165 2500 4222 tendeudum
2552 4180 2679 4222 esse
2723 4164 3080 4235 arbitremur,
3133 4166 3286 4223 illam
3315 4168 3511 4225 sedem
3539 4166 3749 4226 terrenis

2165 4259 2425 4317 omnibus
2454 4258 2852 4330 praeferendam
2886 4269 3161 4330 putemus.

2237 4355 2292 4408 5.
2335 4351 2447 4409 Sex
2490 4351 2671 4422 itaque
2716 4351 2913 4408 diebus
2967 4351 3232 4409 mundum
3260 4354 3497 4423 ereavit,
3534 4355 3741 4423 septimo

2164 4445 2255 4502 die
2278 4445 2551 4517 requievit
2577 4445 2646 4500 ab
2676 4445 2937 4516 operibus
2992 4446 3106 4501 suis
3134 4444 3301 4520 (Gen.
3336 4464 3398 4514 ιι,
3439 4449 3478 4504 2
3498 4450 3546 4521 ).
3588 4450 3739 4505 Bonus

458 4548 595 4618 il).
626 4546 785 4613 Vale,
819 4511 918 4613 fili,
944 4555 1002 4603 et
1029 4560 1127 4601 nos
1151 4544 1317 4616 dilige
1343 4560 1359 4610 ;
1389 4511 1515 4613 quia
1546 4556 1645 4598 uos
1667 4511 1727 4597 te
1762 4511 2056 4614 diligimus.
2083 4511 2138 4575 Ῑ)
2166 4511 2438 4610 septimus
2464 4511 2750 4605 numerus,
2788 4536 2807 4577 ί
2837 4555 3000 4611 quem
3030 4511 3536 4613 non‘Pythagorie'o
3574 4553 3627 4600 et
3649 4556 3741 4598 ca:-

940 4638 967 4677 ἀ
1007 4637 1346 4696 EPISTOLA
1384 4634 1576 4692 XLIV.

459 4734 703 4808 Moysen,
736 4748 853 4804 qua:
897 4733 1034 4788 inter
1069 4731 1233 4787 Deum
1276 4747 1338 4785 ac
1380 4729 1635 4785 mundum
1664 4728 1928 4785 distinctio
1952 4728 2053 4794 sit,

529 4880 556 4909 ι
596 4869 959 4940 Virgilianum
989 4881 1112 4924 esse
1131 4866 1385 4922 observat
1425 4864 1698 4931 Nannius;
1732 4879 1799 4922 ex
1822 4866 1927 4921 hoc
1953 4863 2056 4922 sci-

456 4942 587 4999 licet
615 4942 822 5014 Georg.
844 4959 857 4996 :

513 5035 771 5099 Depresso
794 5035 995 5098 incipiat
1013 5034 1112 5097 jam
1147 5038 1248 5083 tum
1269 5031 1386 5082 mihi
1403 5036 1572 5084 taurus
1593 5039 1753 5084 aratro

514 5118 805 5182 Ingemere.
831 5150 847 5169 .
876 5155 886 5167 .
917 5155 933 5167 .
960 5153 972 5167 .

521 5222 550 5263 ι)
588 5224 654 5280 Et
676 5225 803 5293 hoc,
832 5223 1007 5296 inquit
1035 5221 1177 5278 idem
1209 5219 1473 5287 Nannius,
1506 5221 1861 5292 Virgilianum
1897 5240 1910 5278 :

516 5334 760 5388 Insultare
784 5336 907 5399 solo,
933 5342 988 5388 et
1011 5348 1217 5399 gressus
1238 5333 1521 5399 glomerare
1539 5336 1799 5397 superbos.

452 5425 551 5484 Ubi
580 5428 827 5493 Sentius,
863 5428 915 5484 id
945 5439 1051 5493 est,
1076 5438 1136 5482 ut
1165 5444 1287 5483 cum
1317 5425 1601 5496 disciplina
1634 5426 1868 5482 incedat.

526 5511 548 5539 ⁸
577 5501 721 5572 illum
763 5502 977 5556 scilicet
1007 5516 1114 5554 uno
1142 5514 1286 5570 equo
1309 5501 1375 5555 ad
1396 5514 1617 5572 cursum
1649 5508 1894 5572 utuntur.
1917 5516 2049 5572 qua-

448 5565 526 5623 les
561 5571 734 5625 Grzcci
766 5584 962 5625 vocant
992 5565 1232 5627 celetes:
1263 5588 1368 5626 non
1399 5570 1556 5625 binos
1586 5570 1839 5638 trahunt,
1873 5565 2048 5630 ut'de-

447 5640 847 5715 s_uln_tres:uon
865 5642 1370 5715 jttgisiunccttml,
1413 5642 1551 5698 utin
1598 5642 1761 5713 bigis,
1815 5652 1869 5700 et
1906 5660 2041 5715 qua-

450 5707 620 5818 dragis
650 5710 728 5790 ﬁt.
758 5711 833 5764 ltu
863 5707 1127 5793 _Nu—nuius.

588 5785 796 5818 Annum
828 5795 970 5818 mum
1000 5798 1127 5818 anna

587 5780 799 5852 Scripta
828 5782 973 5839 circa
999 5798 1200 5841 annum
1227 5785 1354 5843 389.

2162 4642 2405 4691 terarum
2435 4632 2882 4704 phil050phorum
2923 4650 3077 4692 more
3099 4645 3419 4704 tractamus,
3448 4638 3548 4696 sed
3567 4654 3741 4695 secun-

2159 4729 2289 4786 dum
2320 4727 2571 4795 formam,
2603 4738 2657 4785 et
2689 4728 2989 4785 divisiones
3007 4731 3196 4800 gratia:
3223 4732 3737 4805 spiritalis;_septem

2239 4873 2261 4940 ιζ
2302 4861 2424 4940 Vel.
2481 4861 2616 4919 edit.
2651 4878 2715 4920 ac
2740 4863 2924 4936 plures
2958 4879 3118 4931 mss.,
3170 4875 3220 4921 et
3247 4868 3433 4923 ordine
3478 4880 3538 4924 ut
3589 4868 3737 4940 ρήιιιο

2165 4934 2349 5005 caelum
2374 4933 2585 5005 faceret.

2240 5004 2260 5044 τ
2300 5004 2521 5082 Certum
2549 5004 3114 5082 esrPythagorteos,
3160 5020 3221 5065 ut
3275 5012 3595 5068 observavit
3628 5012 3737 5070 Sto-

2163 5077 2336 5154 baeus,
2369 5076 2468 5134 lib.
2500 5078 2697 5154 [IS-cci.
2738 5076 2963 5154 fPliysic.
3009 5076 3132 5151 cap.
3170 5083 3257 5154 11,
3285 5087 3530 5140 omnium
3573 5086 3732 5154 philo-

2160 5152 2454 5233 sophorum
2483 5151 2882 5208 addictissimos
2903 5155 3068 5209 fuisse
3106 5153 3352 5233 scientim
3381 5151 3730 5213 numerorum.

2161 5220 2421 5304 Platonici
2450 5238 2663 5304 quoque
2703 5239 2950 5304 magnam
2968 5225 3314 5304 _eorumdem
3354 5229 3615 5284 rationem
3644 5230 3729 5282 hs-

2161 5291 2342 5376 huisse
2376 5291 2761 5376 reperiuntur;
2791 5291 2932 5376 unde
2963 5295 3159 5376 faclttttt
3192 5307 3308 5376 est,_
3332 5308 3393 5376 ιιι
3416 5301 3619 5372 antiqui
3644 5299 3731 5355 ΡΞ-

2160 5372 2293 5442 tres,
2326 5366 2413 5442 qui
2446 5364 2559 5420 fere
2588 5376 2792 5442 sectam
2842 5368 2988 5422 illam
3040 5370 3400 5442 philosophia:
3453 5364 3730 5442 amplecte-

2157 5434 2376 5518 bantur,
2402 5437 2452 5490 in
2481 5438 2822 5518 explicandis
2843 5434 3084 5518 numeris
3099 5455 3208 5496 non
3236 5434 3606 5518 perfunctorie
3624 5459 3727 5499 ver-

2153 5510 2259 5579 sari
2288 5522 2690 5579 consueverint.
2719 5510 2915 5566 Multus
2946 5512 2998 5567 in
3024 5512 3107 5566 his
3153 5510 3587 5569 est—Ambrosius
3614 5556 3630 5579 ,
3676 5522 3727 5567 ut

2152 5593 2220 5662 ex
2247 5576 2520 5662 Iudicibus
2538 5580 2975 5662 utriusqnetomi
3004 5597 3139 5662 voce
3165 5601 3411 5662 numerus
3448 5576 3725 5656 cognosczs

2150 5650 2299 5725 licet.
2319 5649 2819 5725 Hoeautem‘unum
2836 5653 2961 5708 libet
2987 5654 3224 5722 adjicere
3241 5656 3421 5725 ipsum
3439 5667 3497 5713 et
3516 5649 3724 5725 hacepi—

2148 5723 2312 5794 stola,
2327 5724 2520 5794 etaliis
2536 5721 2676 5780 locis
2700 5740 2807 5780 non
2834 5741 2998 5794 pauca
3015 5721 3281 5781 imitatum
3297 5743 3329 5783 e
3344 5727 3582 5784 Philonis
3597 5721 3724 5784 libro
3806 5760 3817 5767 ε

2145 5792 2214 5850 de
2232 5793 2415 5852 Mundi
2432 5794 2650 5868 0pilic.,
2676 5806 2734 5856 et
2752 5792 2848 5856 lib.
2865 5814 2882 5854 ι
2902 5797 3063 5871 Legis
3085 5796 3327 5872 Allegor.
3340 5801 3483 5858 circa
3502 5802 3719 5858 initium.
