3996 6292
265 367 404 422 H37

1468 359 1952 418 EPISTOLARUM
1994 356 2278 416 CLASSIS
2319 357 2361 412 l.

3433 351 3568 412 1158

261 480 405 536 enim
454 478 686 536 virtutes
739 479 1066 551 principales
1111 478 1281 534 sancti
1320 477 1556 548 Spiritus
1584 477 1854 548 propheta
1881 483 1932 542 Α
1954 475 2178 546 iustitia:
2208 477 2225 544 (
2253 474 2446 530 Malae.
2475 489 2548 542 tv,
2575 472 2668 546 2).
2698 484 2754 532 et
2784 474 3257 532 consummatione
3295 475 3566 546 passionis

262 574 451 629 Esaias
478 575 800 644 complexus
828 584 912 630 est
939 577 954 646 (
979 573 1128 630 Esai.
1155 590 1232 640 x1,
1263 572 1298 628 2
1320 572 1360 643 ).
1386 572 1512 629 llaec
1532 573 1852 640 bebdomas,

258 666 420 739 977
447 668 584 722 sicut
616 667 735 736 ipsa
767 666 938 721 Patris
969 676 1021 721 et
1055 664 1177 720 Filii
1206 674 1261 720 et
1289 663 1526 736 Spiritus
1563 667 1736 721 sancti
1763 681 1857 722 ve-

261 759 523 815 nerabilis
553 759 812 827 Trinitas,
843 760 960 816 sine
991 769 1238 830 tempore
1258 803 1271 824 ,
1301 760 1419 815 sine
1450 760 1644 816 ordine
1664 805 1678 829 ,
1721 775 1855 816 auc-

261 859 346 905 tor
376 851 749 917 nnmeri,‘non
806 854 908 906 sub
939 853 1149 908 numeri
1183 853 1300 919 lege
1338 853 1615 908 devincta.
1673 854 1857 925 Itaque

259 943 400 998 sicut
439 942 506 997 ad
560 953 780 999 aeternae
810 944 1095 1000 Trinitatis
1137 946 1368 1016 gratiam
1423 947 1643 1012 etelum,
1676 956 1853 1012 terra,

259 1036 430 1091 maria
483 1035 710 1092 formata
733 1080 747 1102 ,
791 1037 931 1094 sicut
958 1039 1061 1100 sol.
1118 1041 1240 1094 luna
1267 1048 1322 1094 et
1353 1039 1526 1094 stt-lla:
1548 1058 1560 1092 ;
1585 1040 1658 1094 ita
1689 1039 1853 1094 etiam

257 1131 323 1185 ad
351 1130 498 1186 illum
519 1131 894 1202 septenarinm
920 1133 1182 1188 virtutum
1212 1133 1538 1198 Spit-italium
1567 1133 1854 1189 circuitum

258 1237 417 1296 atque
449 1225 638 1280 orbem
665 1227 1004 1295 Operationis
1033 1227 1230 1282 divinae
1265 1229 1451 1298 vigore
1481 1237 1852 1298 prmsmntcm,

256 1319 628 1389 septenarium
660 1319 931 1392 quoddam
953 1321 1314 1376 ministerium
1342 1321 1676 1392 planetarum
1702 1337 1856 1376 crea-

257 1419 370 1467 tum
398 1412 755 1478 advertimus,
786 1427 896 1483 quo
929 1413 1018 1468 hic
1044 1414 1278 1468 mundus
1317 1413 1677 1485 illuminatur.
1711 1413 1854 1482 Qua—

255 1520 375 1560 rum
407 1519 736 1560 concurrere
754 1505 925 1560 fertur
957 1505 1151 1561 militia
1198 1505 1264 1560 ad
1307 1522 1492 1561 earnm
1527 1521 1810 1561 numerum
1835 1547 1852 1574 ,

259 1607 283 1635 τι
305 1615 440 1670 quas
465 1598 791 1654 inerrabiles
815 1599 995 1654 ferunt
1021 1599 1230 1664 stellas,
1259 1607 1332 1662 et,
1363 1606 1421 1652 nt
1443 1597 1622 1654 Graeci
1640 1598 1850 1664 dicunt,

256 1696 518 1757 ἀπλανεῖς.
547 1694 866 1764 Septentrio
893 1708 1108 1765 quoque
1135 1693 1260 1748 inde
1287 1694 1452 1748 latine
1475 1708 1671 1747 nomen
1702 1706 1856 1748 acce-

256 1789 354 1859 pit,
391 1786 534 1858 quod
567 1799 778 1858 septem
811 1787 864 1841 in
893 1802 960 1842 eo
993 1786 1170 1857 fulgor
1201 1787 1486 1843 stellarum
1519 1786 1764 1851 irradiet,
1800 1787 1854 1842 in

1953 569 2189 640 propriae
2216 567 2475 623 revelavit
2505 568 2585 622 sui
2614 567 2834 623 luminis
2873 567 3091 622 radios:
3137 579 3160 607 ο
3204 584 3340 640 quos
3361 567 3566 623 retexit

1957 661 2234 725 omnibus,
2258 669 2312 716 et
2336 661 2458 716 vita:
2488 660 2790 715 claritatem
2823 661 3038 731 aperuit
3066 669 3309 716 a-tertim.

2029 779 2082 833 5.
2109 777 2199 833 Isti
2231 793 2362 848 ergo
2395 789 2514 831 sunt
2545 787 2754 849 septem
2779 785 2836 833 et
2857 788 3000 844 octo,
3036 777 3104 830 de
3131 775 3328 847 quibus
3349 773 3562 831 etOsee

1957 870 2090 926 dicit
2117 869 2258 942 quod
2293 886 2359 925 eo
2397 886 2625 925 numero
2651 871 2976 926 conduxerit
3006 869 3134 933 sibi,
3164 880 3217 924 et
3245 869 3566 940 acquisierit

1957 962 2079 1019 fidei
2112 964 2536 1034 plenitudinem;
2565 965 2645 1019 sic
2671 965 2816 1019 enim
2848 965 3016 1019 habes
3045 981 3060 1020 :
3099 963 3164 1018 Et
3185 964 3310 1028 abii,
3343 973 3388 1018 et
3439 978 3563 1017 ron-

1956 1059 2084 1112 duxi
2117 1058 2245 1112 mihi
2277 1058 2576 1126 quindecim
2618 1059 2896 1129 argenteis,
2923 1067 2968 1112 et
2999 1074 3120 1112 coro
3148 1057 3365 1126 hordei,
3395 1067 3441 1110 et
3473 1073 3556 1111 se-

1957 1150 2149 1204 micoro
2189 1149 2390 1212 hordei,
2426 1146 2453 1186 ἀ
2485 1161 2531 1203 et
2561 1151 2702 1204 ηεοεί
2766 1151 2872 1205 vini
2915 1152 2932 1220 (
2965 1149 3085 1204 Ose.
3134 1165 3214 1215 ιιι,
3245 1149 3341 1220 2).
3392 1149 3562 1222 978

1955 1241 2377 1298 Conducendam
2401 1253 2582 1298 autem
2614 1244 2662 1298 ei
2691 1247 3036 1298 meretricem
3063 1242 3325 1297 Dominus
3355 1257 3558 1311 praece-

1958 1345 2111 1403 perat
2143 1335 2196 1388 in
2232 1333 2652 1403 superioribus:
2686 1333 2869 1403 itaque
2902 1334 3247 1388 manifestum
3292 1341 3378 1387 est
3414 1333 3561 1403 quod

1955 1427 2213 1481 conduxit
2245 1443 2390 1491 eam,
2418 1427 2508 1496 qui
2541 1426 2703 1481 etiam
2741 1425 3014 1481 mercedis
3053 1426 3416 1496 quantitatem
3462 1442 3557 1480 ex-

1957 1519 2172 1592 pressit.
2205 1520 2523 1588 Quindecim
2553 1530 2735 1576 antem
2761 1520 3005 1589 argentei
3045 1535 3111 1575 ex
3137 1528 3344 1588 septem
3391 1529 3446 1574 et
3473 1533 3559 1574 oc-

1957 1622 2010 1668 to
2035 1622 2290 1669 constant
2323 1633 2336 1668 ς
2369 1613 2766 1669 hebdomadam
2797 1615 2977 1682 itaque
3008 1624 3065 1669 et
3112 1623 3358 1668 octavam
3387 1615 3558 1684 signi-

1958 1707 2140 1762 ficant.
2174 1708 2412 1762 Duorum
2440 1707 2604 1777 igitur
2631 1708 3104 1763 Testamentorum
3133 1749 3148 1774 ,
3181 1705 3233 1761 id
3287 1715 3391 1773 est,
3445 1707 3562 1776 plc-

1958 1816 2040 1856 naa
2071 1801 2192 1857 fidei
2232 1803 2405 1871 pretio
2434 1811 2456 1838 θ
2481 1800 2772 1872 Pr0phetia
2828 1799 3356 1856 consummationem
3402 1814 3558 1854 accc-

256 1896 416 1950 quem
450 1880 684 1935 maxime
731 1879 1148 1951 gubernatores,
1200 1881 1352 1951 quasi
1385 1881 1579 1936 ducem
1609 1880 1854 1936 feruntur
1885 1880 1933 1940 Β
1962 1896 2038 1964 pii
2069 1895 2214 1959 nilei,
2254 1896 2496 1950 Ecclesia
2526 1894 2953 1965 plenitudinem;
2981 1893 3160 1964 primo
3188 1893 3333 1948 enim
3365 1891 3558 1947 Τεειε-

257 1972 560 2029 intendere.

326 2065 381 2119 4.
428 2065 716 2122 Descendit
740 2065 858 2121 haec
879 2065 947 2122 de
975 2065 1117 2122 coelo
1143 2068 1194 2120 in
1227 2075 1400 2122 terras
1455 2066 1849 2136 praerogativa:

253 2173 376 2212 nam
402 2169 461 2212 ut
487 2166 760 2214 transeam
785 2157 1161 2230 septiformem
1174 2159 1372 2227 capitis
1395 2159 1567 2214 nostri
1595 2158 1847 2230 gratiam,

251 2249 306 2305 in
340 2250 512 2305 oculis
542 2251 776 2318 duobus,
806 2251 1032 2307 auribus
1059 2261 1114 2308 et
1138 2253 1361 2308 naribus
1387 2253 1552 2320 binis,
1590 2269 1686 2308 ore
1713 2269 1850 2323 quo-

249 2359 354 2413 que
373 2358 472 2414 per
494 2343 635 2414 quod
665 2360 912 2414 magnam
937 2346 1262 2400 suavitatem
1285 2348 1646 2416 percipimus;
1678 2362 1848 2416 quan-

248 2446 361 2493 tum
389 2436 532 2493 istud
565 2437 835 2506 miraculi,
866 2438 892 2477 δ
920 2439 1061 2509 quod
1092 2441 1326 2508 septimo
1347 2455 1536 2495 mense
1567 2440 1618 2494 in
1653 2440 1850 2510 pleris-

247 2545 355 2600 que
407 2531 562 2602 origo
620 2530 860 2602 legititna
910 2531 1196 2598 formatur,
1227 2532 1390 2600 etqni
1426 2530 1790 2587 fueriteditus
1826 2577 1840 2600 ,

246 2623 430 2679 vitalis
459 2625 828 2695 generationis
855 2625 1124 2681 curricula
1152 2627 1411 2681 sortitur?
1432 2625 1637 2682 Octavo
1664 2636 1845 2683 autem

247 2732 440 2772 mense
495 2717 783 2772 interdicta
837 2719 1066 2772 naturali
1111 2717 1232 2790 lege
1279 2717 1529 2789 pariendi
1569 2719 1846 2774 cernimus

246 2819 518 2880 tempora,
551 2825 613 2864 ac
640 2810 683 2864 si
717 2809 859 2865 forte
885 2810 1104 2866 lethalis
1130 2811 1432 2866 necessitas
1477 2821 1664 2880 partus
1701 2811 1848 2867 clau-

245 2911 359 2957 stra
388 2901 673 2967 laxaverit,
699 2902 999 2972 periculum
1028 2903 1233 2973 pariter
1278 2905 1591 2974 generantis
1647 2919 1846 2974 prOpe-

244 3002 400 3050 retur
425 3004 479 3050 et
505 2995 768 3066 pignoris.

318 3092 372 3146 5.
416 3090 522 3148 Sed
555 3103 730 3148 tamen
765 3091 857 3148 ille
886 3093 1244 3162 septimanus,
1274 3095 1373 3150 etsi
1394 3095 1532 3150 bene
1565 3104 1841 3162 nascatur,

245 3185 311 3239 ad
345 3185 559 3240 labores
590 3186 869 3240 nascitur:
904 3187 992 3256 qni
1027 3197 1205 3241 autem
1238 3196 1432 3242 octavo
1479 3186 1568 3242 die
1615 3203 1842 3256 regene-

245 3280 474 3334 rationis
505 3279 732 3334 sortitur
763 3280 1046 3351 mysteria,
1079 3291 1432 3335 consecratur
1465 3297 1561 3351 per
1584 3282 1838 3352 gratiam,
1871 3278 1915 3340 C

245 3381 300 3428 et
325 3374 390 3426 ad
421 3373 794 3430 bzereditatem
825 3376 974 3446 regni
1007 3375 1247 3430 cheStis
1290 3387 1534 3431 vocatur.
1572 3377 1760 3447 Magna
1791 3378 1844 3432 in

246 3467 540 3522 virtutibus
567 3467 801 3537 Spiritus
829 3469 1002 3524 sancti
1036 3469 1390 3525 hebdomadis
1411 3470 1583 3540 gratia
1608 3512 1621 3535 ,
1653 3471 1844 3528 eadem

248 3572 430 3616 tamen
479 3560 872 3617 hebdomadam
915 3573 1093 3631 sonat,
1129 3563 1412 3634 ogdoaden
1443 3574 1751 3620 consecrat.
1787 3563 1842 3620 ln

245 3655 337 3711 illa
395 3671 560 3712 sonus
584 3698 598 3721 ,
650 3657 702 3710 in
730 3656 831 3710 ista
885 3657 1091 3710 fructus
1119 3668 1232 3721 est;
1267 3657 1497 3728 ideoque
1537 3668 1729 3712 octavo
1754 3657 1843 3713 die

242 3748 421 3804 soluta
456 3749 705 3818 paradiso
727 3749 967 3805 reddidit
990 3750 1227 3822 Spiritus
1255 3751 1451 3822 gratia,
1493 3767 1630 3822 quos
1653 3763 1838 3808 extor-

245 3858 336 3898 res
368 3857 464 3898 sua
497 3843 700 3898 fecerat
725 3845 904 3914 culpa.

312 3936 368 3990 4.
412 3934 574 3991 Novit
619 3936 901 4006 ogdoaden
943 3936 1139 4003 istam,
1174 3953 1334 4010 quam
1369 3948 1617 3994 octavam
1649 3939 1841 3996 Latine

242 4028 503 4097 dicimus,
553 4040 708 4086 vetus
764 4030 1203 4097 Testamentum;
1257 4033 1524 4104 siquidem
1557 4035 1842 4090 aitliccle-

243 4126 467 4180 siastes:
500 4125 578 4180 Da
606 4136 804 4196 partem
832 4127 940 4182 illis
969 4138 1198 4199 septem,
1227 4138 1272 4181 et
1304 4129 1409 4182 illis
1461 4129 1668 4197 quidem
1725 4138 1838 4182 octo

244 4217 487 4287 (Eccles.
524 4237 597 4285 χι,
627 4221 715 4291 Et).
769 4220 1076 4276 llebdomas
1114 4221 1322 4277 veteris
1370 4221 1704 4277 Testamenti
1754 4234 1839 4280 est

242 4324 432 4367 octava
489 4314 646 4380 novi,
698 4313 913 4384 quando
956 4312 1209 4370 Christus
1257 4315 1599 4379 resurrexit,
1637 4325 1690 4370 et
1719 4315 1839 4372 dies

241 4408 498 4464 omnibus
552 4422 707 4463 novae
759 4408 949 4464 salutis
1002 4407 1200 4463 illuxit.
1250 4407 1344 4462 Ille
1373 4408 1512 4474 dies,
1537 4409 1604 4464 de
1633 4425 1741 4481 quo
1765 4411 1841 4465 ait

242 4501 504 4573 propheta
535 4520 546 4555 :
585 4500 685 4556 Hic
714 4502 844 4569 dies,
878 4519 1022 4573 quem
1045 4503 1167 4573 fecit
1200 4499 1472 4571 Dominus,
1521 4504 1838 4578 exsultemus

239 4606 290 4653 et
311 4598 546 4652 laetemur
568 4599 619 4652 in
649 4596 918 4671 eo(Psal.
951 4613 1119 4662 cxvn,
1150 4597 1289 4667 24);
1344 4614 1450 4668 quo
1500 4597 1588 4653 die
1623 4614 1682 4654 se
1732 4599 1838 4654 ful-

1959 1999 2144 2044 mento
2173 1987 2339 2043 Israel
2368 1989 2666 2059 acquisitns
2690 1999 2773 2043 est
2800 1987 3028 2059 populus
3047 2029 3062 2052 ,
3117 1985 3358 2041 secundo
3381 1985 3558 2040 natio-

1958 2097 2084 2136 num
2114 2092 2164 2137 et
2192 2083 2457 2152 gentium.
2487 2080 2618 2136 Fide
2641 2097 2772 2152 ergo
2804 2081 2960 2151 plena
3009 2078 3334 2136 conducitur
3379 2092 3559 2133 mere-

1957 2173 2085 2241 trix,
2146 2173 2227 2227 vel
2273 2188 2339 2228 ex
2381 2173 2635 2241 gentibus
2683 2174 2932 2242 cepulam
2958 2172 3037 2226 sui
3075 2184 3343 2240 qua'rens,
3378 2169 3462 2223 vel
3491 2184 3561 2223 ex

1956 2266 2202 2321 adultero
2230 2265 2541 2322 Judaeorum
2577 2267 2775 2336 p0pnlo
2804 2307 2815 2327 .
2863 2267 2954 2336 qui
3013 2264 3293 2319 dominum
3316 2277 3472 2318 suum
3501 2272 3559 2318 et

1954 2371 2236 2414 auctorem
2273 2359 2552 2428 virginalis
2608 2359 2731 2414 lidei
2791 2359 3202 2429 dereliquerat,
3253 2368 3557 2415 conventus

1953 2469 2078 2508 suos
2102 2453 2265 2508 totius
2293 2453 2443 2507 orbis
2469 2453 2644 2522 spatio
2676 2451 3011 2507 diffundens.

2021 2587 2073 2642 6.
2117 2585 2269 2654 Quod
2296 2595 2475 2641 autem
2508 2585 2679 2641 dixit:
2705 2585 2772 2640 In
2799 2603 2921 2641 coro
2951 2597 2999 2642 et
3031 2587 3084 2640 in
3135 2587 3387 2641 semicoro
3433 2587 3556 2639 hor-

1950 2680 2072 2744 dei;
2105 2680 2156 2734 in
2183 2693 2314 2734 coro
2341 2694 2610 2734 mensurae
2636 2680 2920 2748 plenitudo
2949 2690 3052 2748 est,
3089 2680 3140 2734 in
3171 2681 3442 2735 semicoro
3467 2694 3557 2734 sc-

1951 2773 2186 2840 miplena
2223 2787 2500 2828 mensura.
2543 2773 2830 2828 Plenitudo
2880 2773 2934 2828 in
2982 2773 3297 2844 Evangelio,
3335 2769 3353 2808 ί
3387 2771 3555 2828 semi-

1952 2865 2214 2934 perfectio
2244 2865 2298 2919 in
2323 2865 2472 2934 lege;
2521 2867 2658 2920 sicut
2721 2867 2986 2937 legimus,
3042 2867 3259 2923 dicente
3287 2866 3552 2921 Domino:

1953 2957 2074 3013 Non
2097 2960 2209 3013 veni
2239 2961 2398 3030 legem
2431 2959 2649 3022 solvere,
2680 2962 2768 3014 sed
2817 2961 3031 3027 implere
3077 2959 3301 3020 (Matth.
3333 2975 3386 3024 v,
3419 2959 3548 3028 l7).

1951 3051 2181 3117 Etalibi,
2207 3051 2490 3117 habemus,
2514 3051 2729 3107 dicente
2744 3053 2976 3105 Domino
3000 3067 3097 3122 per
3122 3053 3404 3106 Miebzcam
3426 3065 3550 3120 pro-

1950 3145 2190 3215 phetam,
2225 3144 2348 3214 quia
2372 3154 2494 3197 tunc
2521 3161 2624 3212 pax
2651 3146 2744 3199 erit
2769 3146 2822 3198 in
2853 3156 2989 3199 terra
3013 3143 3204 3208 Israel,
3229 3161 3344 3198 cum
3362 3145 3554 3198 venerit

1952 3240 2194 3311 Assyrius
2217 3240 2268 3293 in
2294 3250 2484 3293 terram
2513 3245 2650 3310 ejus,
2678 3249 2723 3292 et
2769 3240 3162 3294 insurrexerunt
3201 3241 3254 3292 in
3295 3255 3408 3293 enm
3434 3255 3555 3310 sep-

1948 3350 2048 3388 tem
2071 3346 2321 3404 pastores,
2349 3347 2397 3389 et
2429 3344 2542 3388 octo
2565 3350 2767 3388 morsus
2803 3334 3067 3388 hominum
3117 3332 3320 3406 (Mich.
3366 3350 3421 3399 γ,
3457 3333 3546 3405 5).

1949 3428 2101 3484 Tunc
2130 3427 2272 3482 enim
2311 3427 2464 3497 plena
2499 3443 2601 3497 pax
2631 3438 2714 3482 est
2747 3427 2895 3482 fideli
2946 3427 3145 3499 populo
3195 3427 3262 3481 ab
3294 3426 3552 3481 omnibus

1949 3520 2334 3576 tcntationibus
2380 3529 2436 3575 et
2489 3521 2816 3576 vanitatibus
2864 3521 3156 3588 absoluto,
3204 3536 3326 3576 cum
3361 3519 3547 3575 mundi

1949 3613 2109 3684 hujus
2143 3614 2430 3667 vanitatem
2462 3614 2794 3668 excluserim
2822 3613 2890 3669 de
2920 3615 3174 3670 cordibus
3214 3613 3416 3669 nostris
3440 3629 3544 3684 pax

1946 3717 2002 3762 et
2027 3707 2200 3778 gratia
2225 3725 2236 3759 :
2265 3723 2367 3778 pax
2394 3709 2622 3774 veteris,
2669 3708 2842 3778 gratia
2871 3708 2992 3762 novi
3023 3708 3376 3764 Tcstamenti.

2019 3845 2070 3900 7.
2113 3847 2331 3912 Septem
2361 3852 2606 3914 pastores
2649 3853 2922 3914 praecepta
2955 3845 3089 3916 legis
3117 3856 3284 3912 sunt,
3348 3846 3544 3916 quibus

1944 3954 2076 4008 grex
2108 3937 2284 3992 adhuc
2315 3939 2466 4009 quasi
2496 3937 2889 3992 irrationabilis
2928 3942 2978 3992 in
3031 3941 3180 4008 virga
3224 3939 3393 4011 Moysi
3447 3923 3542 4010 per

1943 4031 2219 4086 desertum
2247 4032 2442 4087 ductus
2468 4043 2523 4086 et
2567 4035 2901 4102 gubernatus
2928 4040 3014 4087 est
3061 4032 3271 4104 (Exod.
3302 4049 3375 4097 tv,
3397 4033 3469 4086 20
3499 4035 3541 4104 ).

1945 4124 2077 4179 Octo
2100 4141 2312 4180 morsus
2335 4125 2898 4179 hutttittttm'mandata
2947 4126 3225 4194 Evangelii
3261 4135 3316 4179 et
3355 4127 3540 4181 Domi-

1945 4218 2051 4273 nici
2088 4217 2201 4273 oris
2229 4218 2464 4286 alloquia
2495 4237 2506 4271 ε
2539 4219 2703 4273 Corde
2727 4219 2864 4273 enim
2893 4218 3122 4272 creditur
3154 4218 3223 4271 ad
3239 4219 3504 4291 justitiam
3524 4261 3540 4285 ,

1943 4329 2031 4366 ore
2086 4321 2255 4364 autem
2305 4311 2560 4382 confessio
2623 4311 2773 4380 ﬁtnd
2823 4307 3266 4384 salutem(Rom.
3297 4327 3352 4377 x,
3399 4309 3466 4365 10
3496 4311 3539 4383 ).

1944 4409 2074 4464 Boni
2109 4423 2342 4474 morsus,
2379 4424 2472 4476 per
2501 4425 2636 4478 quos
2667 4407 2791 4462 vita:
2823 4417 3045 4462 aeternae
3082 4403 3542 4478 munus'gustavi-

1943 4519 2080 4569 mus,
2119 4513 2464 4574 peccatormn
2517 4501 2895 4558 remissionem
2941 4503 2994 4557 in
3050 4502 3250 4558 Christi
3311 4516 3538 4573 corpore

1942 4599 2287 4654 devorantes.
2322 4599 2378 4653 ln
2403 4597 2573 4653 veteri
2604 4597 2949 4652 Testamento
2973 4613 3190 4654 amarus
3223 4613 3436 4654 morsus
3458 4608 3541 4652 est

238 4706 341 4760 εθι-
367 4691 536 4760 plenae
565 4703 730 4760 atque
783 4690 1041 4760 perfectae
1097 4690 1534 4747 circumcisionis
1581 4693 1832 4749 humanis
1858 4709 1911 4770 Ῑ)
1939 4696 2148 4760 mortis,
2181 4702 2467 4764 propterea
2497 4693 2696 4748 dir-tum
2735 4705 2846 4748 est:
2874 4691 3151 4747 Devoravit
3186 4709 3324 4748 mors
3343 4708 3542 4765 praeva-

237 4783 622 4852 peccatoribus
652 4781 866 4837 infudit.
897 4781 1195 4851 Propterea
1237 4790 1292 4834 et
1331 4789 1488 4835 vetus
1508 4781 1832 4839 Testamen-

239 4887 352 4931 tum
384 4876 530 4932 dedit
577 4885 788 4946 partem
835 4885 1038 4930 octava:
1066 4874 1118 4928 in
1159 4873 1592 4932 circumcisionis
1630 4875 1831 4931 solem-

239 4969 426 5028 nitate.
480 4968 587 5026 Sed
632 4969 722 5024 illa
771 4967 954 5024 adhuc
985 4966 1037 5022 in
1086 4965 1274 5022 umbra
1303 4965 1536 5023 latebat:
1573 4969 1722 5023 venit
1749 4969 1830 5026 sol

310 5146 334 5173 ιι
375 5133 631 5192 Nonnulli
662 5147 818 5192 mss.,
843 5149 971 5199 quas
999 5129 1394 5185 inenarrabiles.
1428 5129 1546 5185 Non
1571 5130 1734 5199 bene,
1781 5141 1840 5188 ut

238 5208 479 5278 subjecta
508 5207 676 5262 dictio
695 5206 934 5278 ἀπλανεῖς
965 5203 1506 5278 claredemoustrat.

309 5272 356 5318 δ’
381 5279 644 5346 Agellius.
700 5277 795 5331 lib.
834 5276 918 5339 Ill.
951 5291 1073 5346 cap.
1110 5275 1199 5334 l6.
1246 5287 1418 5346 agens
1465 5272 1534 5327 de
1576 5276 1842 5346 temporis

237 5345 502 5407 varietate
529 5352 580 5405 in
635 5347 973 5416 puerperiis,
1022 5345 1090 5400 ex
1137 5345 1361 5399 medicis
1403 5359 1466 5398 ac
1496 5345 1838 5416 philosophis

237 5423 427 5480 scribit
457 5424 602 5495 gigni
623 5421 882 5474 hominem
917 5419 1133 5484 septimo
1162 5425 1416 5495 rarenter,
1442 5434 1720 5495 numquam
1749 5435 1838 5472 oc-

236 5509 370 5559 tavo,
402 5488 536 5566 stipe
570 5509 729 5555 nono,
760 5504 1114 5566 swpenumero
1161 5488 1382 5566 decimo_
1408 5505 1598 5542 mense.
1655 5489 1834 5558 Ipsum

235 5560 484 5632 consule,
515 5566 654 5620 sicut
682 5573 738 5618 et
765 5575 885 5632 quae
915 5560 1157 5614 diximus
1186 5560 1237 5612 in
1271 5560 1408 5628 pSaI.
1444 5574 1633 5626 cxvm,
1665 5577 1829 5615 serm.

239 5640 331 5744 ‘53
365 5636 789 5773 Ιδξξδθὲιῗίιιεεη
821 5719 924 5773 quo
957 5703 1134 5756 retexit
1168 5702 1426 5767 omnibus,
1451 5711 1556 5758 etc.
1595 5702 1710 5758 Non
1754 5705 1836 5759 in-

237 5795 656 5902 cmdg'hi'sﬁfrat.
689 5846 742 5900 in
773 5843 977 5915 gloSSa,
1005 5843 1208 5913 t2phy.;
1239 5845 1395 5899 Gem.
1429 5845 1480 5898 in
1514 5833 1838 5912 textu,'noe-

240 5921 344 5988 plin
370 5919 448 5972 rei
475 5918 595 5971 nini.
631 5916 782 5970 Nettti
803 5929 887 5968 nm
914 5915 1215 5967 commode.
1255 5915 1406 5968 Ilunc
1445 5927 1623 5970 autem
1654 5918 1831 5971 locum

1941 4791 2051 4844 lens
2075 4789 2093 4861 (
2114 4789 2262 4847 Esni.
2291 4805 2419 4854 xxv,
2447 4789 2528 4857 8).
2567 4789 2622 4844 ln
2649 4806 2786 4844 novo
2815 4790 3162 4845 Testamento
3185 4791 3364 4845 suavis
3390 4805 3541 4844 mor-

1941 4899 2034 4939 sus
2086 4894 2168 4939 est
2221 4885 2389 4951 vitae,
2452 4901 2573 4953 qua;
2621 4894 2854 4940 mortem
2905 4885 3538 4953 absorbuit.propterea

1937 4977 2210 5047 apostolu:
2243 4991 2311 5035 .~.t
2339 4998 2351 5032 :
2387 4979 2646 5033 Devorata
2671 4987 2746 5033 est
2776 4995 2913 5033 mors
2936 4979 2989 5032 in
3040 4977 3251 5032 victoria
3287 4993 3400 5031 sua.
3436 4976 3538 5032 Ubi

1945 5137 2027 5192 sic
2054 5138 2312 5193 transfert
2355 5138 2720 5211 Hieronymus
2745 5157 2758 5195 :
2791 5140 2859 5194 Et
2887 5141 2996 5209 fodi
3028 5155 3140 5193 eam
3168 5137 3295 5190 mihi
3323 5139 3535 5211 quinde-

1945 5211 2352 5282 rtmargenteis,
2384 5221 2431 5264 et
2462 5208 2581 5265 coro
2613 5213 2811 5274 heidei,
2841 5208 2893 5265 et
2920 5212 3132 5265 dimidio
3172 5224 3292 5282 coro
3318 5208 3538 5277 hordei;

1943 5279 2090 5335 LXX
2120 5279 2272 5336 vero:
2304 5281 2371 5336 Et
2399 5283 2623 5338 conduxi
2654 5299 2767 5336 eam
2798 5282 2924 5335 mihi
2948 5281 3236 5351 quindecim
3263 5283 3537 5351 argenteis,

1943 5364 1992 5405 et
2013 5369 2192 5423 gomor
2219 5353 2434 5418 hordei,
2462 5365 2508 5408 et
2543 5355 2685 5409 nerel
2710 5355 2836 5406 rini.
2868 5350 2967 5408 Sic
2984 5350 3338 5423 Ambrosiana
3367 5351 3538 5406 inter-

1943 5421 2177 5492 pretatio
2205 5427 2271 5481 ab
2295 5436 2522 5496 utroque
2545 5424 2792 5480 nonnihil
2818 5425 3004 5477 variat.
3033 5422 3130 5478 Ubi
3157 5423 3210 5475 in
3239 5421 3414 5496 gloﬁssa
3440 5423 3539 5488 ait,

1941 5511 2133 5565 gomor
2183 5508 2238 5552 et
2298 5494 2486 5552 eorum
2535 5497 2779 5566 ejusdem
2811 5509 2932 5566 esse
2957 5494 3536 5566 niensuraj,nimirum

1940 5563 2158 5636 triginta
2188 5567 2531 5635 modiorum,
2564 5563 2640 5621 'et
2687 5563 2847 5618 nevel
2891 5579 3014 5620 esse
3065 5563 3346 5618 dimidium
3395 5567 3532 5620 cori.

1942 5638 2066 5692 Ilaec
2092 5638 2149 5692 P.
2175 5638 2438 5693 Nannius.

2017 5720 2040 5746 ο
2065 5709 2193 5763 Mss.
2227 5710 2448 5778 aliquot,
2473 5707 2723 5778 propheta
2747 5708 3257 5778 consummationem.
3287 5706 3350 5760 Et
3374 5705 3534 5774 infra,

1941 5797 2006 5835 ea:
2045 5775 2335 5834 adulterino
2358 5775 2658 5831 Jnda’ornm
2689 5775 2886 5846 populo

2023 5851 2039 5888 ί
2082 5852 2238 5909 “om.
2271 5850 2398 5903 edit.
2428 5848 2565 5913 sola,
2599 5847 2886 5912 semipletio
2917 5850 2967 5904 in
2991 5851 3116 5920 lege.
