  <div class='ocr_page' id='page_1' title='image "/cluster/home/n/w/nwhite01/storage/ocr_20150623/16/hvd.32044015471998/577.png"; bbox 0 0 3996 6292; ppageno 0'>
   <div class='ocr_carea' id='block_1_1' title="bbox 518 312 657 369">
    <p class='ocr_par' dir='ltr' id='par_1_1' title="bbox 518 312 657 369">
     <span class='ocr_line' id='line_1_1' title="bbox 518 312 657 369; baseline 0.014 -2"><span class='ocrx_word' id='word_1_1' title='bbox 518 312 657 369; x_wconf 72' lang='grc'><strong>1145</strong></span> 
     </span>
    </p>
   </div>
   <div class='ocr_carea' id='block_1_2' title="bbox 1857 309 2473 369">
    <p class='ocr_par' dir='ltr' id='par_1_2' title="bbox 1857 309 2473 369">
     <span class='ocr_line' id='line_1_2' title="bbox 1857 309 2473 369; baseline 0 -2"><span class='ocrx_word' id='word_1_2' title='bbox 1857 309 2109 368; x_wconf 81' lang='lat' dir='ltr'><strong>SANCTI</strong></span> <span class='ocrx_word' id='word_1_3' title='bbox 2147 310 2473 369; x_wconf 72' lang='lat' dir='ltr'><strong>AMBROSII</strong></span> 
     </span>
    </p>
   </div>
   <div class='ocr_carea' id='block_1_3' title="bbox 3673 312 3783 369">
    <p class='ocr_par' dir='ltr' id='par_1_3' title="bbox 3673 312 3783 369">
     <span class='ocr_line' id='line_1_3' title="bbox 3673 312 3783 369; baseline 0.027 -3"><span class='ocrx_word' id='word_1_4' title='bbox 3673 312 3783 369; x_wconf 72' lang='lat' dir='ltr'><strong>HM</strong></span> 
     </span>
    </p>
   </div>
   <div class='ocr_carea' id='block_1_4' title="bbox 510 423 3787 505">
    <p class='ocr_par' dir='ltr' id='par_1_4' title="bbox 510 423 3787 505">
     <span class='ocr_line' id='line_1_4' title="bbox 510 423 3787 505; baseline 0 -21"><span class='ocrx_word' id='word_1_5' title='bbox 510 428 677 505; x_wconf 86' lang='lat' dir='ltr'><strong>(Dan.</strong></span> <span class='ocrx_word' id='word_1_6' title='bbox 705 443 825 495; x_wconf 85' lang='lat' dir='ltr'><strong>xm,</strong></span> <span class='ocrx_word' id='word_1_7' title='bbox 856 427 936 502; x_wconf 86' lang='lat'><strong>7).</strong></span> <span class='ocrx_word' id='word_1_8' title='bbox 966 427 1036 484; x_wconf 88' lang='lat' dir='ltr'><strong>Et</strong></span> <span class='ocrx_word' id='word_1_9' title='bbox 1058 427 1232 484; x_wconf 83' lang='lat' dir='ltr'><strong>Adam</strong></span> <span class='ocrx_word' id='word_1_10' title='bbox 1261 428 1319 483; x_wconf 89' lang='lat' dir='ltr'><strong>in</strong></span> <span class='ocrx_word' id='word_1_11' title='bbox 1348 427 1597 499; x_wconf 83' lang='lat' dir='ltr'><strong>paradiso</strong></span> <span class='ocrx_word' id='word_1_12' title='bbox 1622 434 1759 493; x_wconf 92' lang='lat' dir='ltr'><strong>erat,</strong></span> <span class='ocrx_word' id='word_1_13' title='bbox 1786 430 1841 481; x_wconf 86' lang='lat' dir='ltr'><strong>et</strong></span> <span class='ocrx_word' id='word_1_14' title='bbox 1865 426 1945 481; x_wconf 89' lang='lat' dir='ltr'><strong>sic</strong></span> <span class='ocrx_word' id='word_1_15' title='bbox 1973 425 2107 495; x_wconf 91' lang='lat' dir='ltr'><strong>legi-</strong></span> <span class='ocrx_word' id='word_1_16' title='bbox 2132 429 2183 489; x_wconf 80' lang='grc' dir='ltr'>Α</span> <span class='ocrx_word' id='word_1_17' title='bbox 2211 425 2433 481; x_wconf 85' lang='lat' dir='ltr'><strong>humani</strong></span> <span class='ocrx_word' id='word_1_18' title='bbox 2477 424 2697 497; x_wconf 90' lang='lat' dir='ltr'><strong>generis</strong></span> <span class='ocrx_word' id='word_1_19' title='bbox 2745 424 3062 494; x_wconf 69' lang='lat' dir='ltr'><strong>haereditas,</strong></span> <span class='ocrx_word' id='word_1_20' title='bbox 3113 423 3142 464; x_wconf 73' lang='grc' dir='ltr'><strong>ι’</strong></span> <span class='ocrx_word' id='word_1_21' title='bbox 3180 426 3234 482; x_wconf 91' lang='lat' dir='ltr'><strong>in</strong></span> <span class='ocrx_word' id='word_1_22' title='bbox 3273 440 3345 482; x_wconf 80' lang='lat' dir='ltr'><strong>eo</strong></span> <span class='ocrx_word' id='word_1_23' title='bbox 3395 427 3642 483; x_wconf 88' lang='lat' dir='ltr'><strong>astutiam</strong></span> <span class='ocrx_word' id='word_1_24' title='bbox 3688 443 3787 484; x_wconf 84' lang='lat' dir='ltr'><strong>ser-</strong></span> 
     </span>
    </p>
   </div>
   <div class='ocr_carea' id='block_1_5' title="bbox 511 517 2112 593">
    <p class='ocr_par' dir='ltr' id='par_1_5' title="bbox 511 517 2112 593">
     <span class='ocr_line' id='line_1_5' title="bbox 511 517 2112 593; baseline -0.004 -15"><span class='ocrx_word' id='word_1_25' title='bbox 511 536 632 578; x_wconf 92' lang='lat' dir='ltr'><strong>mus</strong></span> <span class='ocrx_word' id='word_1_26' title='bbox 660 519 817 593; x_wconf 80' lang='lat' dir='ltr'><strong>(Gen.</strong></span> <span class='ocrx_word' id='word_1_27' title='bbox 843 537 903 587; x_wconf 86' lang='grc' dir='ltr'>ιι,</span> <span class='ocrx_word' id='word_1_28' title='bbox 931 520 1009 591; x_wconf 86' lang='lat'><strong>8).</strong></span> <span class='ocrx_word' id='word_1_29' title='bbox 1038 521 1205 593; x_wconf 71' lang='lat'><strong>982</strong></span> <span class='ocrx_word' id='word_1_30' title='bbox 1234 520 1381 592; x_wconf 88' lang='lat' dir='ltr'><strong>Ergo</strong></span> <span class='ocrx_word' id='word_1_31' title='bbox 1406 535 1513 576; x_wconf 95' lang='lat' dir='ltr'><strong>non</strong></span> <span class='ocrx_word' id='word_1_32' title='bbox 1537 529 1590 575; x_wconf 90' lang='lat' dir='ltr'><strong>te</strong></span> <span class='ocrx_word' id='word_1_33' title='bbox 1610 528 1823 574; x_wconf 87' lang='lat' dir='ltr'><strong>moveat</strong></span> <span class='ocrx_word' id='word_1_34' title='bbox 1848 517 1992 589; x_wconf 91' lang='lat' dir='ltr'><strong>quod</strong></span> <span class='ocrx_word' id='word_1_35' title='bbox 2017 517 2112 573; x_wconf 87' lang='lat' dir='ltr'><strong>alii</strong></span> 
     </span>
    </p>
   </div>
   <div class='ocr_carea' id='block_1_6' title="bbox 506 614 1928 685">
    <p class='ocr_par' dir='ltr' id='par_1_6' title="bbox 506 614 1928 685">
     <span class='ocr_line' id='line_1_6' title="bbox 506 614 1928 685; baseline -0.004 -11"><span class='ocrx_word' id='word_1_36' title='bbox 506 617 724 674; x_wconf 81' lang='lat' dir='ltr'><strong>codices</strong></span> <span class='ocrx_word' id='word_1_37' title='bbox 757 617 935 672; x_wconf 86' lang='lat' dir='ltr'><strong>Latini</strong></span> <span class='ocrx_word' id='word_1_38' title='bbox 965 616 1184 671; x_wconf 87' lang='lat' dir='ltr'><strong>hortum</strong></span> <span class='ocrx_word' id='word_1_39' title='bbox 1216 617 1437 681; x_wconf 82' lang='lat' dir='ltr'><strong>habent,</strong></span> <span class='ocrx_word' id='word_1_40' title='bbox 1471 615 1563 670; x_wconf 83' lang='lat' dir='ltr'><strong>alii</strong></span> <span class='ocrx_word' id='word_1_41' title='bbox 1598 614 1928 685; x_wconf 85' lang='lat' dir='ltr'><strong>paradisum.</strong></span> 
     </span>
    </p>
   </div>
   <div class='ocr_carea' id='block_1_7' title="bbox 587 704 2112 780">
    <p class='ocr_par' dir='ltr' id='par_1_7' title="bbox 587 704 2112 780">
     <span class='ocr_line' id='line_1_7' title="bbox 587 704 2112 780; baseline -0.003 -16"><span class='ocrx_word' id='word_1_42' title='bbox 587 709 640 764; x_wconf 87' lang='grc'><strong>6.</strong></span> <span class='ocrx_word' id='word_1_43' title='bbox 680 708 759 765; x_wconf 87' lang='lat' dir='ltr'><strong>lbi</strong></span> <span class='ocrx_word' id='word_1_44' title='bbox 790 725 923 780; x_wconf 90' lang='lat' dir='ltr'><strong>ergo</strong></span> <span class='ocrx_word' id='word_1_45' title='bbox 952 719 1036 766; x_wconf 88' lang='lat' dir='ltr'><strong>est</strong></span> <span class='ocrx_word' id='word_1_46' title='bbox 1060 718 1207 765; x_wconf 87' lang='lat' dir='ltr'><strong>casta</strong></span> <span class='ocrx_word' id='word_1_47' title='bbox 1237 723 1394 774; x_wconf 86' lang='lat' dir='ltr'><strong>uxor,</strong></span> <span class='ocrx_word' id='word_1_48' title='bbox 1425 707 1514 763; x_wconf 93' lang='lat' dir='ltr'><strong>ubi</strong></span> <span class='ocrx_word' id='word_1_49' title='bbox 1561 708 1731 779; x_wconf 88' lang='lat' dir='ltr'><strong>virgo.</strong></span> <span class='ocrx_word' id='word_1_50' title='bbox 1759 704 1914 763; x_wconf 87' lang='lat' dir='ltr'><strong>Licet</strong></span> <span class='ocrx_word' id='word_1_51' title='bbox 1958 705 2112 775; x_wconf 89' lang='lat' dir='ltr'><strong>virgo</strong></span> 
     </span>
    </p>
   </div>
   <div class='ocr_carea' id='block_1_8' title="bbox 513 797 2114 874">
    <p class='ocr_par' dir='ltr' id='par_1_8' title="bbox 513 797 2114 874">
     <span class='ocr_line' id='line_1_8' title="bbox 513 797 2114 874; baseline -0.005 -15"><span class='ocrx_word' id='word_1_52' title='bbox 513 811 742 874; x_wconf 89' lang='lat' dir='ltr'><strong>excepta</strong></span> <span class='ocrx_word' id='word_1_53' title='bbox 774 801 972 859; x_wconf 86' lang='lat' dir='ltr'><strong>habeat</strong></span> <span class='ocrx_word' id='word_1_54' title='bbox 1014 804 1253 857; x_wconf 90' lang='lat' dir='ltr'><strong>claustra</strong></span> <span class='ocrx_word' id='word_1_55' title='bbox 1285 808 1343 854; x_wconf 89' lang='lat' dir='ltr'><strong>et</strong></span> <span class='ocrx_word' id='word_1_56' title='bbox 1386 800 1660 872; x_wconf 90' lang='lat' dir='ltr'><strong>signacula</strong></span> <span class='ocrx_word' id='word_1_57' title='bbox 1688 814 1809 864; x_wconf 91' lang='lat' dir='ltr'><strong>sua,</strong></span> <span class='ocrx_word' id='word_1_58' title='bbox 1836 797 1934 854; x_wconf 86' lang='lat' dir='ltr'><strong>sed</strong></span> <span class='ocrx_word' id='word_1_59' title='bbox 1965 807 2114 852; x_wconf 89' lang='lat' dir='ltr'><strong>utra-</strong></span> 
     </span>
    </p>
   </div>
   <div class='ocr_carea' id='block_1_9' title="bbox 511 894 2115 968">
    <p class='ocr_par' dir='ltr' id='par_1_9' title="bbox 511 894 2115 968">
     <span class='ocr_line' id='line_1_9' title="bbox 511 894 2115 968; baseline -0.002 -17"><span class='ocrx_word' id='word_1_60' title='bbox 511 913 619 968; x_wconf 89' lang='lat' dir='ltr'><strong>que</strong></span> <span class='ocrx_word' id='word_1_61' title='bbox 650 898 701 952; x_wconf 92' lang='lat' dir='ltr'><strong>in</strong></span> <span class='ocrx_word' id='word_1_62' title='bbox 734 896 1013 967; x_wconf 84' lang='lat' dir='ltr'><strong>paradiso;</strong></span> <span class='ocrx_word' id='word_1_63' title='bbox 1043 907 1102 951; x_wconf 89' lang='lat' dir='ltr'><strong>ut</strong></span> <span class='ocrx_word' id='word_1_64' title='bbox 1131 896 1420 951; x_wconf 89' lang='lat' dir='ltr'><strong>adversum</strong></span> <span class='ocrx_word' id='word_1_65' title='bbox 1443 907 1609 950; x_wconf 67' lang='lat' dir='ltr'><strong>aestus</strong></span> <span class='ocrx_word' id='word_1_66' title='bbox 1639 894 1886 965; x_wconf 85' lang='lat' dir='ltr'><strong>corporis</strong></span> <span class='ocrx_word' id='word_1_67' title='bbox 1913 903 1962 949; x_wconf 91' lang='lat' dir='ltr'><strong>et</strong></span> <span class='ocrx_word' id='word_1_68' title='bbox 1995 908 2115 948; x_wconf 87' lang='lat' dir='ltr'><strong>car-</strong></span> 
     </span>
    </p>
   </div>
   <div class='ocr_carea' id='block_1_10' title="bbox 513 988 2022 1062">
    <p class='ocr_par' dir='ltr' id='par_1_10' title="bbox 513 988 2022 1062">
     <span class='ocr_line' id='line_1_10' title="bbox 513 988 2022 1062; baseline -0.005 -14"><span class='ocrx_word' id='word_1_69' title='bbox 513 993 596 1048; x_wconf 85' lang='lat' dir='ltr'><strong>nis</strong></span> <span class='ocrx_word' id='word_1_70' title='bbox 625 991 962 1062; x_wconf 88' lang='lat' dir='ltr'><strong>ﬂagrantiam</strong></span> <span class='ocrx_word' id='word_1_71' title='bbox 996 990 1350 1062; x_wconf 79' lang='lat' dir='ltr'><strong>refrigeretur</strong></span> <span class='ocrx_word' id='word_1_72' title='bbox 1380 989 1639 1045; x_wconf 88' lang='lat' dir='ltr'><strong>virtutum</strong></span> <span class='ocrx_word' id='word_1_73' title='bbox 1670 988 2022 1044; x_wconf 80' lang='lat' dir='ltr'><strong>umbraculis.</strong></span> 
     </span>
    </p>
   </div>
   <div class='ocr_carea' id='block_1_11' title="bbox 586 1080 2116 1155">
    <p class='ocr_par' dir='ltr' id='par_1_11' title="bbox 586 1080 2116 1155">
     <span class='ocr_line' id='line_1_11' title="bbox 586 1080 2116 1155; baseline -0.003 -15"><span class='ocrx_word' id='word_1_74' title='bbox 586 1086 635 1140; x_wconf 88' lang='lat'><strong>7.</strong></span> <span class='ocrx_word' id='word_1_75' title='bbox 682 1085 829 1153; x_wconf 78' lang='lat' dir='ltr'><strong>Ergo</strong></span> <span class='ocrx_word' id='word_1_76' title='bbox 862 1084 1143 1155; x_wconf 83' lang='lat' dir='ltr'><strong>paradisus</strong></span> <span class='ocrx_word' id='word_1_77' title='bbox 1171 1085 1223 1139; x_wconf 92' lang='lat' dir='ltr'><strong>in</strong></span> <span class='ocrx_word' id='word_1_78' title='bbox 1262 1084 1546 1154; x_wconf 86' lang='lat' dir='ltr'><strong>principali</strong></span> <span class='ocrx_word' id='word_1_79' title='bbox 1574 1092 1763 1138; x_wconf 89' lang='lat' dir='ltr'><strong>nostro</strong></span> <span class='ocrx_word' id='word_1_80' title='bbox 1792 1091 1897 1146; x_wconf 90' lang='lat' dir='ltr'><strong>est,</strong></span> <span class='ocrx_word' id='word_1_81' title='bbox 1927 1080 2116 1137; x_wconf 85' lang='lat' dir='ltr'><strong>silves-</strong></span> 
     </span>
    </p>
   </div>
   <div class='ocr_carea' id='block_1_12' title="bbox 515 1172 2113 1249">
    <p class='ocr_par' dir='ltr' id='par_1_12' title="bbox 515 1172 2113 1249">
     <span class='ocr_line' id='line_1_12' title="bbox 515 1172 2113 1249; baseline -0.006 -12"><span class='ocrx_word' id='word_1_82' title='bbox 515 1194 643 1237; x_wconf 87' lang='lat' dir='ltr'><strong>cens</strong></span> <span class='ocrx_word' id='word_1_83' title='bbox 673 1178 1029 1249; x_wconf 90' lang='lat' dir='ltr'><strong>plurimarum</strong></span> <span class='ocrx_word' id='word_1_84' title='bbox 1056 1178 1373 1248; x_wconf 85' lang='lat' dir='ltr'><strong>opinionum</strong></span> <span class='ocrx_word' id='word_1_85' title='bbox 1400 1174 1685 1248; x_wconf 85' lang='lat' dir='ltr'><strong>plantariis</strong></span> <span class='ocrx_word' id='word_1_86' title='bbox 1718 1191 1731 1228; x_wconf 85' lang='lat'><strong>:</strong></span> <span class='ocrx_word' id='word_1_87' title='bbox 1760 1176 1810 1228; x_wconf 91' lang='lat' dir='ltr'><strong>in</strong></span> <span class='ocrx_word' id='word_1_88' title='bbox 1834 1190 1941 1244; x_wconf 89' lang='lat' dir='ltr'><strong>quo</strong></span> <span class='ocrx_word' id='word_1_89' title='bbox 1963 1172 2113 1243; x_wconf 87' lang='lat' dir='ltr'><strong>prin-</strong></span> 
     </span>
    </p>
   </div>
   <div class='ocr_carea' id='block_1_13' title="bbox 516 1266 2114 1343">
    <p class='ocr_par' dir='ltr' id='par_1_13' title="bbox 516 1266 2114 1343">
     <span class='ocr_line' id='line_1_13' title="bbox 516 1266 2114 1343; baseline -0.004 -15"><span class='ocrx_word' id='word_1_90' title='bbox 516 1271 765 1343; x_wconf 86' lang='lat' dir='ltr'><strong>cipaliter</strong></span> <span class='ocrx_word' id='word_1_91' title='bbox 794 1272 995 1342; x_wconf 91' lang='lat' dir='ltr'><strong>lignum</strong></span> <span class='ocrx_word' id='word_1_92' title='bbox 1038 1269 1161 1325; x_wconf 64' lang='lat' dir='ltr'><strong>vita:</strong></span> <span class='ocrx_word' id='word_1_93' title='bbox 1192 1270 1476 1326; x_wconf 86' lang='lat' dir='ltr'><strong>constituit</strong></span> <span class='ocrx_word' id='word_1_94' title='bbox 1516 1270 1688 1333; x_wconf 92' lang='lat' dir='ltr'><strong>Deus,</strong></span> <span class='ocrx_word' id='word_1_95' title='bbox 1718 1267 1770 1323; x_wconf 88' lang='lat' dir='ltr'><strong>id</strong></span> <span class='ocrx_word' id='word_1_96' title='bbox 1798 1274 1903 1330; x_wconf 91' lang='lat' dir='ltr'><strong>est,</strong></span> <span class='ocrx_word' id='word_1_97' title='bbox 1945 1266 2114 1335; x_wconf 53' lang='lat' dir='ltr'><strong>picta-</strong></span> 
     </span>
    </p>
   </div>
   <div class='ocr_carea' id='block_1_14' title="bbox 514 1358 2114 1430">
    <p class='ocr_par' dir='ltr' id='par_1_14' title="bbox 514 1358 2114 1430">
     <span class='ocr_line' id='line_1_14' title="bbox 514 1358 2114 1430; baseline -0.005 -11"><span class='ocrx_word' id='word_1_98' title='bbox 514 1366 583 1419; x_wconf 91' lang='lat' dir='ltr'><strong>tis</strong></span> <span class='ocrx_word' id='word_1_99' title='bbox 615 1363 891 1430; x_wconf 90' lang='lat' dir='ltr'><strong>radicem;</strong></span> <span class='ocrx_word' id='word_1_100' title='bbox 945 1379 1006 1419; x_wconf 86' lang='lat' dir='ltr'><strong>ea</strong></span> <span class='ocrx_word' id='word_1_101' title='bbox 1039 1373 1126 1420; x_wconf 91' lang='lat' dir='ltr'><strong>est</strong></span> <span class='ocrx_word' id='word_1_102' title='bbox 1162 1362 1310 1419; x_wconf 90' lang='lat' dir='ltr'><strong>enim</strong></span> <span class='ocrx_word' id='word_1_103' title='bbox 1362 1363 1484 1417; x_wconf 64' lang='lat' dir='ltr'><strong>vitae</strong></span> <span class='ocrx_word' id='word_1_104' title='bbox 1528 1370 1728 1416; x_wconf 68' lang='lat' dir='ltr'><strong>nostra:</strong></span> <span class='ocrx_word' id='word_1_105' title='bbox 1775 1358 2114 1424; x_wconf 85' lang='lat' dir='ltr'><strong>substantia,</strong></span> 
     </span>
    </p>
   </div>
   <div class='ocr_carea' id='block_1_15' title="bbox 514 1450 2111 1512">
    <p class='ocr_par' dir='ltr' id='par_1_15' title="bbox 514 1450 2111 1512">
     <span class='ocr_line' id='line_1_15' title="bbox 514 1450 2111 1512; baseline -0.004 -1"><span class='ocrx_word' id='word_1_106' title='bbox 514 1457 559 1511; x_wconf 91' lang='lat' dir='ltr'><strong>si</strong></span> <span class='ocrx_word' id='word_1_107' title='bbox 594 1457 826 1512; x_wconf 90' lang='lat' dir='ltr'><strong>Domino</strong></span> <span class='ocrx_word' id='word_1_108' title='bbox 848 1464 904 1511; x_wconf 92' lang='lat' dir='ltr'><strong>et</strong></span> <span class='ocrx_word' id='word_1_109' title='bbox 945 1456 1054 1512; x_wconf 88' lang='lat' dir='ltr'><strong>Deo</strong></span> <span class='ocrx_word' id='word_1_110' title='bbox 1086 1465 1272 1511; x_wconf 91' lang='lat' dir='ltr'><strong>nostro</strong></span> <span class='ocrx_word' id='word_1_111' title='bbox 1318 1454 1532 1511; x_wconf 89' lang='lat' dir='ltr'><strong>deditos</strong></span> <span class='ocrx_word' id='word_1_112' title='bbox 1557 1453 1739 1508; x_wconf 90' lang='lat' dir='ltr'><strong>cultus</strong></span> <span class='ocrx_word' id='word_1_113' title='bbox 1780 1450 2111 1506; x_wconf 81' lang='lat' dir='ltr'><strong>deferamus.</strong></span> 
     </span>
    </p>
   </div>
   <div class='ocr_carea' id='block_1_16' title="bbox 584 1543 2115 1607">
    <p class='ocr_par' dir='ltr' id='par_1_16' title="bbox 584 1543 2115 1607">
     <span class='ocr_line' id='line_1_16' title="bbox 584 1543 2115 1607; baseline -0.007 0"><span class='ocrx_word' id='word_1_114' title='bbox 584 1553 639 1607; x_wconf 87' lang='lat'><strong>8.</strong></span> <span class='ocrx_word' id='word_1_115' title='bbox 678 1550 974 1606; x_wconf 81' lang='lat' dir='ltr'><strong>Constituit</strong></span> <span class='ocrx_word' id='word_1_116' title='bbox 1001 1551 1165 1606; x_wconf 89' lang='lat' dir='ltr'><strong>etiam</strong></span> <span class='ocrx_word' id='word_1_117' title='bbox 1198 1550 1445 1605; x_wconf 64' lang='lat' dir='ltr'><strong>scientiar&#39;</strong></span> <span class='ocrx_word' id='word_1_118' title='bbox 1479 1547 1607 1603; x_wconf 90' lang='lat' dir='ltr'><strong>boni</strong></span> <span class='ocrx_word' id='word_1_119' title='bbox 1635 1555 1691 1601; x_wconf 89' lang='lat' dir='ltr'><strong>et</strong></span> <span class='ocrx_word' id='word_1_120' title='bbox 1722 1544 1849 1600; x_wconf 90' lang='lat' dir='ltr'><strong>mali</strong></span> <span class='ocrx_word' id='word_1_121' title='bbox 1876 1543 2115 1599; x_wconf 89' lang='lat' dir='ltr'><strong>semina-</strong></span> 
     </span>
    </p>
   </div>
   <div class='ocr_carea' id='block_1_17' title="bbox 514 1639 2115 1711">
    <p class='ocr_par' dir='ltr' id='par_1_17' title="bbox 514 1639 2115 1711">
     <span class='ocr_line' id='line_1_17' title="bbox 514 1639 2115 1711; baseline -0.005 -12"><span class='ocrx_word' id='word_1_122' title='bbox 514 1646 681 1711; x_wconf 88' lang='lat' dir='ltr'><strong>rium;</strong></span> <span class='ocrx_word' id='word_1_123' title='bbox 715 1644 879 1700; x_wconf 92' lang='lat' dir='ltr'><strong>homo</strong></span> <span class='ocrx_word' id='word_1_124' title='bbox 909 1645 1053 1700; x_wconf 90' lang='lat' dir='ltr'><strong>enim</strong></span> <span class='ocrx_word' id='word_1_125' title='bbox 1097 1643 1247 1699; x_wconf 90' lang='lat' dir='ltr'><strong>solus</strong></span> <span class='ocrx_word' id='word_1_126' title='bbox 1277 1645 1330 1698; x_wconf 92' lang='lat' dir='ltr'><strong>in</strong></span> <span class='ocrx_word' id='word_1_127' title='bbox 1361 1641 1577 1698; x_wconf 67' lang='lat' dir='ltr'><strong>caeteris</strong></span> <span class='ocrx_word' id='word_1_128' title='bbox 1606 1639 1974 1695; x_wconf 82' lang='lat' dir='ltr'><strong>animantibus</strong></span> <span class='ocrx_word' id='word_1_129' title='bbox 2002 1646 2115 1693; x_wconf 86' lang='lat' dir='ltr'><strong>ter-</strong></span> 
     </span>
    </p>
   </div>
   <div class='ocr_carea' id='block_1_18' title="bbox 513 1731 2119 1805">
    <p class='ocr_par' dir='ltr' id='par_1_18' title="bbox 513 1731 2119 1805">
     <span class='ocr_line' id='line_1_18' title="bbox 513 1731 2119 1805; baseline -0.004 -11"><span class='ocrx_word' id='word_1_130' title='bbox 513 1740 659 1796; x_wconf 88' lang='lat' dir='ltr'><strong>renis</strong></span> <span class='ocrx_word' id='word_1_131' title='bbox 688 1739 853 1796; x_wconf 83' lang='lat' dir='ltr'><strong>habet</strong></span> <span class='ocrx_word' id='word_1_132' title='bbox 884 1739 1171 1795; x_wconf 89' lang='lat' dir='ltr'><strong>scientiam</strong></span> <span class='ocrx_word' id='word_1_133' title='bbox 1205 1738 1336 1794; x_wconf 91' lang='lat' dir='ltr'><strong>boni</strong></span> <span class='ocrx_word' id='word_1_134' title='bbox 1359 1746 1414 1792; x_wconf 91' lang='lat' dir='ltr'><strong>et</strong></span> <span class='ocrx_word' id='word_1_135' title='bbox 1442 1735 1588 1791; x_wconf 90' lang='lat' dir='ltr'><strong>mali.</strong></span> <span class='ocrx_word' id='word_1_136' title='bbox 1621 1735 1738 1791; x_wconf 81' lang='lat' dir='ltr'><strong>Alia</strong></span> <span class='ocrx_word' id='word_1_137' title='bbox 1767 1748 1981 1805; x_wconf 90' lang='lat' dir='ltr'><strong>quoque</strong></span> <span class='ocrx_word' id='word_1_138' title='bbox 2011 1731 2119 1788; x_wconf 90' lang='lat' dir='ltr'><strong>illic</strong></span> 
     </span>
    </p>
   </div>
   <div class='ocr_carea' id='block_1_19' title="bbox 516 1829 1993 1905">
    <p class='ocr_par' dir='ltr' id='par_1_19' title="bbox 516 1829 1993 1905">
     <span class='ocr_line' id='line_1_19' title="bbox 516 1829 1993 1905; baseline -0.005 -17"><span class='ocrx_word' id='word_1_139' title='bbox 516 1834 786 1905; x_wconf 87' lang='lat' dir='ltr'><strong>plantaria</strong></span> <span class='ocrx_word' id='word_1_140' title='bbox 816 1833 1053 1898; x_wconf 91' lang='lat' dir='ltr'><strong>diversa,</strong></span> <span class='ocrx_word' id='word_1_141' title='bbox 1096 1848 1329 1901; x_wconf 90' lang='lat' dir='ltr'><strong>quorum</strong></span> <span class='ocrx_word' id='word_1_142' title='bbox 1360 1830 1568 1888; x_wconf 91' lang='lat' dir='ltr'><strong>fructus</strong></span> <span class='ocrx_word' id='word_1_143' title='bbox 1596 1829 1825 1884; x_wconf 84' lang='lat' dir='ltr'><strong>virtutes</strong></span> <span class='ocrx_word' id='word_1_144' title='bbox 1848 1837 1993 1882; x_wconf 91' lang='lat' dir='ltr'><strong>sunt.</strong></span> 
     </span>
    </p>
   </div>
   <div class='ocr_carea' id='block_1_20' title="bbox 586 1918 2117 1995">
    <p class='ocr_par' dir='ltr' id='par_1_20' title="bbox 586 1918 2117 1995">
     <span class='ocr_line' id='line_1_20' title="bbox 586 1918 2117 1995; baseline -0.006 -11"><span class='ocrx_word' id='word_1_145' title='bbox 586 1929 641 1985; x_wconf 89' lang='lat'><strong>9.</strong></span> <span class='ocrx_word' id='word_1_146' title='bbox 684 1927 793 1983; x_wconf 88' lang='lat' dir='ltr'><strong>Sed</strong></span> <span class='ocrx_word' id='word_1_147' title='bbox 824 1927 947 1995; x_wconf 84' lang='lat' dir='ltr'><strong>quia</strong></span> <span class='ocrx_word' id='word_1_148' title='bbox 981 1926 1226 1982; x_wconf 68' lang='lat' dir='ltr'><strong>scientiae</strong></span> <span class='ocrx_word' id='word_1_149' title='bbox 1270 1939 1440 1995; x_wconf 82' lang='lat' dir='ltr'><strong>capax</strong></span> <span class='ocrx_word' id='word_1_150' title='bbox 1492 1923 1726 1978; x_wconf 85' lang='lat' dir='ltr'><strong>hominis</strong></span> <span class='ocrx_word' id='word_1_151' title='bbox 1768 1918 1996 1976; x_wconf 83' lang='lat' dir='ltr'><strong>aﬂ‘ectus</strong></span> <span class='ocrx_word' id='word_1_152' title='bbox 2024 1935 2117 1976; x_wconf 91' lang='lat' dir='ltr'><strong>co-</strong></span> 
     </span>
    </p>
   </div>
   <div class='ocr_carea' id='block_1_21' title="bbox 513 2016 2113 2093">
    <p class='ocr_par' dir='ltr' id='par_1_21' title="bbox 513 2016 2113 2093">
     <span class='ocr_line' id='line_1_21' title="bbox 513 2016 2113 2093; baseline -0.004 -17"><span class='ocrx_word' id='word_1_153' title='bbox 513 2022 694 2093; x_wconf 86' lang='lat' dir='ltr'><strong>gnitus</strong></span> <span class='ocrx_word' id='word_1_154' title='bbox 719 2030 805 2076; x_wconf 87' lang='lat' dir='ltr'><strong>est</strong></span> <span class='ocrx_word' id='word_1_155' title='bbox 834 2020 969 2087; x_wconf 91' lang='lat' dir='ltr'><strong>Deo,</strong></span> <span class='ocrx_word' id='word_1_156' title='bbox 1002 2020 1145 2091; x_wconf 90' lang='lat' dir='ltr'><strong>quod</strong></span> <span class='ocrx_word' id='word_1_157' title='bbox 1171 2021 1331 2076; x_wconf 88' lang='lat' dir='ltr'><strong>citius</strong></span> <span class='ocrx_word' id='word_1_158' title='bbox 1355 2018 1423 2074; x_wconf 88' lang='lat' dir='ltr'><strong>ad</strong></span> <span class='ocrx_word' id='word_1_159' title='bbox 1452 2016 1705 2073; x_wconf 87' lang='lat' dir='ltr'><strong>astutiam</strong></span> <span class='ocrx_word' id='word_1_160' title='bbox 1738 2016 2113 2082; x_wconf 88' lang='lat' dir='ltr'><strong>inclinaretur,</strong></span> 
     </span>
    </p>
   </div>
   <div class='ocr_carea' id='block_1_22' title="bbox 514 2108 2112 2183">
    <p class='ocr_par' dir='ltr' id='par_1_22' title="bbox 514 2108 2112 2183">
     <span class='ocr_line' id='line_1_22' title="bbox 514 2108 2112 2183; baseline -0.004 -16"><span class='ocrx_word' id='word_1_161' title='bbox 514 2127 676 2183; x_wconf 86' lang='lat' dir='ltr'><strong>quam</strong></span> <span class='ocrx_word' id='word_1_162' title='bbox 709 2112 776 2167; x_wconf 92' lang='lat' dir='ltr'><strong>ad</strong></span> <span class='ocrx_word' id='word_1_163' title='bbox 801 2126 1075 2167; x_wconf 85' lang='lat' dir='ltr'><strong>summum</strong></span> <span class='ocrx_word' id='word_1_164' title='bbox 1108 2111 1410 2182; x_wconf 68' lang='lat' dir='ltr'><strong>prudentiae</strong></span> <span class='ocrx_word' id='word_1_165' title='bbox 1442 2111 1644 2183; x_wconf 90' lang='lat' dir='ltr'><strong>(neque</strong></span> <span class='ocrx_word' id='word_1_166' title='bbox 1667 2109 1812 2165; x_wconf 90' lang='lat' dir='ltr'><strong>enim</strong></span> <span class='ocrx_word' id='word_1_167' title='bbox 1837 2108 2074 2181; x_wconf 76' lang='lat' dir='ltr'><strong>iudicem</strong></span> <span class='ocrx_word' id='word_1_168' title='bbox 2097 2149 2112 2174; x_wconf 93' lang='lat'><strong>,</strong></span> 
     </span>
    </p>
   </div>
   <div class='ocr_carea' id='block_1_23' title="bbox 512 2203 2117 2278">
    <p class='ocr_par' dir='ltr' id='par_1_23' title="bbox 512 2203 2117 2278">
     <span class='ocr_line' id='line_1_23' title="bbox 512 2203 2117 2278; baseline -0.003 -16"><span class='ocrx_word' id='word_1_169' title='bbox 512 2208 603 2278; x_wconf 89' lang='lat' dir='ltr'><strong>qui</strong></span> <span class='ocrx_word' id='word_1_170' title='bbox 652 2206 787 2262; x_wconf 88' lang='lat' dir='ltr'><strong>ﬂues</strong></span> <span class='ocrx_word' id='word_1_171' title='bbox 837 2217 1020 2263; x_wconf 90' lang='lat' dir='ltr'><strong>certos</strong></span> <span class='ocrx_word' id='word_1_172' title='bbox 1065 2208 1119 2262; x_wconf 92' lang='lat' dir='ltr'><strong>in</strong></span> <span class='ocrx_word' id='word_1_173' title='bbox 1144 2208 1325 2262; x_wconf 89' lang='lat' dir='ltr'><strong>anima</strong></span> <span class='ocrx_word' id='word_1_174' title='bbox 1359 2213 1546 2261; x_wconf 89' lang='lat' dir='ltr'><strong>nostra</strong></span> <span class='ocrx_word' id='word_1_175' title='bbox 1582 2204 1902 2270; x_wconf 89' lang='lat' dir='ltr'><strong>constituit,</strong></span> <span class='ocrx_word' id='word_1_176' title='bbox 1934 2203 2117 2273; x_wconf 89' lang='lat' dir='ltr'><strong>operis</strong></span> 
     </span>
    </p>
   </div>
   <div class='ocr_carea' id='block_1_24' title="bbox 515 2295 2115 2373">
    <p class='ocr_par' dir='ltr' id='par_1_24' title="bbox 515 2295 2115 2373">
     <span class='ocr_line' id='line_1_24' title="bbox 515 2295 2115 2373; baseline -0.003 -17"><span class='ocrx_word' id='word_1_177' title='bbox 515 2301 598 2356; x_wconf 90' lang='lat' dir='ltr'><strong>sui</strong></span> <span class='ocrx_word' id='word_1_178' title='bbox 626 2302 860 2373; x_wconf 87' lang='lat' dir='ltr'><strong>qualitas</strong></span> <span class='ocrx_word' id='word_1_179' title='bbox 880 2301 1052 2356; x_wconf 84' lang='lat' dir='ltr'><strong>latere</strong></span> <span class='ocrx_word' id='word_1_180' title='bbox 1081 2298 1333 2370; x_wconf 89' lang='lat' dir='ltr'><strong>poterat),</strong></span> <span class='ocrx_word' id='word_1_181' title='bbox 1356 2298 1644 2354; x_wconf 85' lang='lat' dir='ltr'><strong>eliminare</strong></span> <span class='ocrx_word' id='word_1_182' title='bbox 1663 2295 1835 2352; x_wconf 90' lang='lat' dir='ltr'><strong>voluit</strong></span> <span class='ocrx_word' id='word_1_183' title='bbox 1862 2297 2115 2351; x_wconf 81' lang='lat' dir='ltr'><strong>asuttiam</strong></span> 
     </span>
    </p>
   </div>
   <div class='ocr_carea' id='block_1_25' title="bbox 513 2392 2119 2467">
    <p class='ocr_par' dir='ltr' id='par_1_25' title="bbox 513 2392 2119 2467">
     <span class='ocr_line' id='line_1_25' title="bbox 513 2392 2119 2467; baseline -0.002 -17"><span class='ocrx_word' id='word_1_184' title='bbox 513 2394 582 2451; x_wconf 92' lang='lat' dir='ltr'><strong>de</strong></span> <span class='ocrx_word' id='word_1_185' title='bbox 612 2395 886 2467; x_wconf 87' lang='lat' dir='ltr'><strong>paradiso,</strong></span> <span class='ocrx_word' id='word_1_186' title='bbox 918 2394 1076 2467; x_wconf 92' lang='lat' dir='ltr'><strong>quasi</strong></span> <span class='ocrx_word' id='word_1_187' title='bbox 1098 2394 1358 2466; x_wconf 84' lang='lat' dir='ltr'><strong>providus</strong></span> <span class='ocrx_word' id='word_1_188' title='bbox 1384 2403 1572 2448; x_wconf 88' lang='lat' dir='ltr'><strong>auctor</strong></span> <span class='ocrx_word' id='word_1_189' title='bbox 1598 2404 1797 2448; x_wconf 70' lang='lat' dir='ltr'><strong>nostra:</strong></span> <span class='ocrx_word' id='word_1_190' title='bbox 1820 2392 2037 2457; x_wconf 81' lang='lat' dir='ltr'><strong>salutis,</strong></span> <span class='ocrx_word' id='word_1_191' title='bbox 2064 2399 2119 2446; x_wconf 89' lang='lat' dir='ltr'><strong>et</strong></span> 
     </span>
    </p>
   </div>
   <div class='ocr_carea' id='block_1_26' title="bbox 516 2483 2119 2561">
    <p class='ocr_par' dir='ltr' id='par_1_26' title="bbox 516 2483 2119 2561">
     <span class='ocr_line' id='line_1_26' title="bbox 516 2483 2119 2561; baseline -0.002 -19"><span class='ocrx_word' id='word_1_192' title='bbox 516 2488 641 2543; x_wconf 78' lang='lat' dir='ltr'><strong>vitae</strong></span> <span class='ocrx_word' id='word_1_193' title='bbox 669 2488 932 2555; x_wconf 89' lang='lat' dir='ltr'><strong>studium,</strong></span> <span class='ocrx_word' id='word_1_194' title='bbox 957 2496 1012 2542; x_wconf 91' lang='lat' dir='ltr'><strong>et</strong></span> <span class='ocrx_word' id='word_1_195' title='bbox 1032 2486 1373 2558; x_wconf 85' lang='lat' dir='ltr'><strong>disciplinam</strong></span> <span class='ocrx_word' id='word_1_196' title='bbox 1394 2485 1608 2555; x_wconf 89' lang='lat' dir='ltr'><strong>pietatis</strong></span> <span class='ocrx_word' id='word_1_197' title='bbox 1628 2484 1941 2561; x_wconf 78' lang='lat' dir='ltr'><strong>infundere;</strong></span> <span class='ocrx_word' id='word_1_198' title='bbox 1969 2483 2119 2539; x_wconf 89' lang='lat' dir='ltr'><strong>ideo-</strong></span> 
     </span>
    </p>
   </div>
   <div class='ocr_carea' id='block_1_27' title="bbox 512 2579 2117 2653">
    <p class='ocr_par' dir='ltr' id='par_1_27' title="bbox 512 2579 2117 2653">
     <span class='ocr_line' id='line_1_27' title="bbox 512 2579 2117 2653; baseline 0 -18"><span class='ocrx_word' id='word_1_199' title='bbox 512 2597 619 2653; x_wconf 87' lang='lat' dir='ltr'><strong>que</strong></span> <span class='ocrx_word' id='word_1_200' title='bbox 646 2581 903 2653; x_wconf 65' lang='lat' dir='ltr'><strong>prmeepit</strong></span> <span class='ocrx_word' id='word_1_201' title='bbox 933 2582 1139 2637; x_wconf 89' lang='lat' dir='ltr'><strong>homini</strong></span> <span class='ocrx_word' id='word_1_202' title='bbox 1166 2581 1237 2637; x_wconf 89' lang='lat' dir='ltr'><strong>ab</strong></span> <span class='ocrx_word' id='word_1_203' title='bbox 1268 2581 1418 2635; x_wconf 89' lang='lat' dir='ltr'><strong>omni</strong></span> <span class='ocrx_word' id='word_1_204' title='bbox 1446 2580 1617 2651; x_wconf 91' lang='lat' dir='ltr'><strong>ligno,</strong></span> <span class='ocrx_word' id='word_1_205' title='bbox 1647 2579 1790 2651; x_wconf 91' lang='lat' dir='ltr'><strong>quod</strong></span> <span class='ocrx_word' id='word_1_206' title='bbox 1818 2588 1901 2636; x_wconf 90' lang='lat' dir='ltr'><strong>est</strong></span> <span class='ocrx_word' id='word_1_207' title='bbox 1933 2580 1984 2634; x_wconf 91' lang='lat' dir='ltr'><strong>in</strong></span> <span class='ocrx_word' id='word_1_208' title='bbox 2019 2594 2117 2651; x_wconf 89' lang='lat' dir='ltr'><strong>pa-</strong></span> 
     </span>
    </p>
   </div>
   <div class='ocr_carea' id='block_1_28' title="bbox 514 2671 2118 2744">
    <p class='ocr_par' dir='ltr' id='par_1_28' title="bbox 514 2671 2118 2744">
     <span class='ocr_line' id='line_1_28' title="bbox 514 2671 2118 2744; baseline 0.001 -17"><span class='ocrx_word' id='word_1_209' title='bbox 514 2672 734 2739; x_wconf 91' lang='lat' dir='ltr'><strong>radiso,</strong></span> <span class='ocrx_word' id='word_1_210' title='bbox 776 2687 897 2730; x_wconf 90' lang='lat' dir='ltr'><strong>esse</strong></span> <span class='ocrx_word' id='word_1_211' title='bbox 948 2672 1306 2744; x_wconf 89' lang='lat' dir='ltr'><strong>gustandum,</strong></span> <span class='ocrx_word' id='word_1_212' title='bbox 1356 2671 1426 2727; x_wconf 91' lang='lat' dir='ltr'><strong>de</strong></span> <span class='ocrx_word' id='word_1_213' title='bbox 1457 2672 1603 2739; x_wconf 85' lang='lat' dir='ltr'><strong>ligno</strong></span> <span class='ocrx_word' id='word_1_214' title='bbox 1647 2681 1828 2727; x_wconf 89' lang='lat' dir='ltr'><strong>autem</strong></span> <span class='ocrx_word' id='word_1_215' title='bbox 1871 2672 2118 2729; x_wconf 62' lang='lat' dir='ltr'><strong>scientias</strong></span> 
     </span>
    </p>
   </div>
   <div class='ocr_carea' id='block_1_29' title="bbox 517 2763 2021 2836">
    <p class='ocr_par' dir='ltr' id='par_1_29' title="bbox 517 2763 2021 2836">
     <span class='ocr_line' id='line_1_29' title="bbox 517 2763 2021 2836; baseline 0 -15"><span class='ocrx_word' id='word_1_216' title='bbox 517 2765 644 2821; x_wconf 89' lang='lat' dir='ltr'><strong>boni</strong></span> <span class='ocrx_word' id='word_1_217' title='bbox 672 2773 730 2821; x_wconf 90' lang='lat' dir='ltr'><strong>et</strong></span> <span class='ocrx_word' id='word_1_218' title='bbox 758 2765 885 2821; x_wconf 87' lang='lat' dir='ltr'><strong>mali</strong></span> <span class='ocrx_word' id='word_1_219' title='bbox 918 2781 1027 2822; x_wconf 92' lang='lat' dir='ltr'><strong>non</strong></span> <span class='ocrx_word' id='word_1_220' title='bbox 1051 2781 1174 2822; x_wconf 88' lang='lat' dir='ltr'><strong>esse</strong></span> <span class='ocrx_word' id='word_1_221' title='bbox 1198 2763 1524 2836; x_wconf 90' lang='lat' dir='ltr'><strong>gustandum</strong></span> <span class='ocrx_word' id='word_1_222' title='bbox 1555 2763 1713 2836; x_wconf 80' lang='lat' dir='ltr'><strong>(Gen.</strong></span> <span class='ocrx_word' id='word_1_223' title='bbox 1744 2780 1824 2829; x_wconf 86' lang='grc' dir='ltr'>ιιι,</span> <span class='ocrx_word' id='word_1_224' title='bbox 1855 2764 1913 2828; x_wconf 77' lang='lat'><strong>2,</strong></span> <span class='ocrx_word' id='word_1_225' title='bbox 1941 2763 2021 2835; x_wconf 78' lang='lat'><strong>3).</strong></span> 
     </span>
    </p>
   </div>
   <div class='ocr_carea' id='block_1_30' title="bbox 587 2858 2116 2931">
    <p class='ocr_par' dir='ltr' id='par_1_30' title="bbox 587 2858 2116 2931">
     <span class='ocr_line' id='line_1_30' title="bbox 587 2858 2116 2931; baseline -0.001 -16"><span class='ocrx_word' id='word_1_226' title='bbox 587 2862 674 2916; x_wconf 87' lang='grc'><strong>10.</strong></span> <span class='ocrx_word' id='word_1_227' title='bbox 716 2859 826 2916; x_wconf 88' lang='lat' dir='ltr'><strong>Sed</strong></span> <span class='ocrx_word' id='word_1_228' title='bbox 872 2859 998 2931; x_wconf 87' lang='lat' dir='ltr'><strong>quia</strong></span> <span class='ocrx_word' id='word_1_229' title='bbox 1051 2869 1307 2916; x_wconf 84' lang='lat' dir='ltr'><strong>creatura</strong></span> <span class='ocrx_word' id='word_1_230' title='bbox 1353 2859 1533 2914; x_wconf 90' lang='lat' dir='ltr'><strong>omnis</strong></span> <span class='ocrx_word' id='word_1_231' title='bbox 1559 2859 1797 2930; x_wconf 90' lang='lat' dir='ltr'><strong>passioni</strong></span> <span class='ocrx_word' id='word_1_232' title='bbox 1837 2858 2073 2914; x_wconf 82' lang='lat' dir='ltr'><strong>obnoxia</strong></span> <span class='ocrx_word' id='word_1_233' title='bbox 2100 2902 2116 2927; x_wconf 94' lang='lat'><strong>,</strong></span> 
     </span>
    </p>
   </div>
   <div class='ocr_carea' id='block_1_31' title="bbox 513 2937 2119 3023">
    <p class='ocr_par' dir='ltr' id='par_1_31' title="bbox 513 2937 2119 3023">
     <span class='ocr_line' id='line_1_31' title="bbox 513 2937 2119 3023; baseline 0.001 -17"><span class='ocrx_word' id='word_1_234' title='bbox 513 2951 638 3008; x_wconf 92' lang='lat' dir='ltr'><strong>ideo</strong></span> <span class='ocrx_word' id='word_1_235' title='bbox 678 2952 995 3019; x_wconf 88' lang='lat' dir='ltr'><strong>delectatio,</strong></span> <span class='ocrx_word' id='word_1_236' title='bbox 1043 2954 1186 3008; x_wconf 86' lang='lat' dir='ltr'><strong>sicut</strong></span> <span class='ocrx_word' id='word_1_237' title='bbox 1232 2951 1557 3023; x_wconf 90' lang='lat' dir='ltr'><strong>serpentino</strong></span> <span class='ocrx_word' id='word_1_238' title='bbox 1602 2937 1837 3022; x_wconf 74' lang='lat' dir='ltr'><strong>illapsu,</strong></span> <span class='ocrx_word' id='word_1_239' title='bbox 1868 2951 2119 3007; x_wconf 84' lang='lat' dir='ltr'><strong>humanis</strong></span> 
     </span>
    </p>
   </div>
   <div class='ocr_carea' id='block_1_32' title="bbox 514 3044 2118 3116">
    <p class='ocr_par' dir='ltr' id='par_1_32' title="bbox 514 3044 2118 3116">
     <span class='ocr_line' id='line_1_32' title="bbox 514 3044 2118 3116; baseline 0.002 -19"><span class='ocrx_word' id='word_1_240' title='bbox 514 3044 737 3116; x_wconf 90' lang='lat' dir='ltr'><strong>irrepsit</strong></span> <span class='ocrx_word' id='word_1_241' title='bbox 786 3044 1092 3101; x_wconf 74' lang='lat' dir='ltr'><strong>affectibus.</strong></span> <span class='ocrx_word' id='word_1_242' title='bbox 1147 3044 1334 3115; x_wconf 87' lang='lat' dir='ltr'><strong>Itaque</strong></span> <span class='ocrx_word' id='word_1_243' title='bbox 1391 3061 1499 3100; x_wconf 91' lang='lat' dir='ltr'><strong>non</strong></span> <span class='ocrx_word' id='word_1_244' title='bbox 1563 3045 1842 3100; x_wconf 91' lang='lat' dir='ltr'><strong>immerito</strong></span> <span class='ocrx_word' id='word_1_245' title='bbox 1898 3055 2118 3101; x_wconf 89' lang='lat' dir='ltr'><strong>sanctus</strong></span> 
     </span>
    </p>
   </div>
   <div class='ocr_carea' id='block_1_33' title="bbox 514 3137 2120 3211">
    <p class='ocr_par' dir='ltr' id='par_1_33' title="bbox 514 3137 2120 3211">
     <span class='ocr_line' id='line_1_33' title="bbox 514 3137 2120 3211; baseline 0.001 -18"><span class='ocrx_word' id='word_1_246' title='bbox 514 3137 727 3211; x_wconf 74' lang='lat' dir='ltr'><strong>Moyses</strong></span> <span class='ocrx_word' id='word_1_247' title='bbox 777 3137 1198 3195; x_wconf 88' lang='lat' dir='ltr'><strong>delectationem</strong></span> <span class='ocrx_word' id='word_1_248' title='bbox 1244 3140 1513 3210; x_wconf 88' lang='lat' dir='ltr'><strong>serpentis</strong></span> <span class='ocrx_word' id='word_1_249' title='bbox 1567 3139 1815 3210; x_wconf 87' lang='lat' dir='ltr'><strong>figuravit</strong></span> <span class='ocrx_word' id='word_1_250' title='bbox 1863 3138 2120 3194; x_wconf 83' lang='lat' dir='ltr'><strong>similitu-</strong></span> 
     </span>
    </p>
   </div>
   <div class='ocr_carea' id='block_1_34' title="bbox 2216 519 3787 591">
    <p class='ocr_par' dir='ltr' id='par_1_34' title="bbox 2216 519 3787 591">
     <span class='ocr_line' id='line_1_34' title="bbox 2216 519 3787 591; baseline 0.004 -18"><span class='ocrx_word' id='word_1_251' title='bbox 2216 520 2397 590; x_wconf 85' lang='lat' dir='ltr'><strong>petitis</strong></span> <span class='ocrx_word' id='word_1_252' title='bbox 2422 534 2756 590; x_wconf 87' lang='lat' dir='ltr'><strong>sequamur;</strong></span> <span class='ocrx_word' id='word_1_253' title='bbox 2783 526 2845 574; x_wconf 93' lang='lat' dir='ltr'><strong>ut</strong></span> <span class='ocrx_word' id='word_1_254' title='bbox 2866 527 3035 590; x_wconf 87' lang='lat' dir='ltr'><strong>caput</strong></span> <span class='ocrx_word' id='word_1_255' title='bbox 3060 526 3314 574; x_wconf 87' lang='lat' dir='ltr'><strong>nostrum</strong></span> <span class='ocrx_word' id='word_1_256' title='bbox 3343 534 3451 575; x_wconf 90' lang='lat' dir='ltr'><strong>non</strong></span> <span class='ocrx_word' id='word_1_257' title='bbox 3481 519 3787 591; x_wconf 82' lang='lat' dir='ltr'><strong>projiciamus</strong></span> 
     </span>
    </p>
   </div>
   <div class='ocr_carea' id='block_1_35' title="bbox 2215 611 3786 684">
    <p class='ocr_par' dir='ltr' id='par_1_35' title="bbox 2215 611 3786 684">
     <span class='ocr_line' id='line_1_35' title="bbox 2215 611 3786 684; baseline 0 -15"><span class='ocrx_word' id='word_1_258' title='bbox 2215 614 2270 669; x_wconf 91' lang='lat' dir='ltr'><strong>in</strong></span> <span class='ocrx_word' id='word_1_259' title='bbox 2300 613 2562 684; x_wconf 90' lang='lat' dir='ltr'><strong>pericula,</strong></span> <span class='ocrx_word' id='word_1_260' title='bbox 2595 612 2690 668; x_wconf 91' lang='lat' dir='ltr'><strong>sed</strong></span> <span class='ocrx_word' id='word_1_261' title='bbox 2725 627 2836 684; x_wconf 70' lang='lat' dir='ltr'><strong>pra:</strong></span> <span class='ocrx_word' id='word_1_262' title='bbox 2860 612 3078 667; x_wconf 59' lang='lat' dir='ltr'><strong>caeteris</strong></span> <span class='ocrx_word' id='word_1_263' title='bbox 3106 611 3383 684; x_wconf 85' lang='lat' dir='ltr'><strong>integrum</strong></span> <span class='ocrx_word' id='word_1_264' title='bbox 3409 613 3786 669; x_wconf 82' lang='lat' dir='ltr'><strong>custodiamus:</strong></span> 
     </span>
    </p>
   </div>
   <div class='ocr_carea' id='block_1_36' title="bbox 2215 703 3788 779">
    <p class='ocr_par' dir='ltr' id='par_1_36' title="bbox 2215 703 3788 779">
     <span class='ocr_line' id='line_1_36' title="bbox 2215 703 3788 779; baseline 0.003 -18"><span class='ocrx_word' id='word_1_265' title='bbox 2215 703 2387 778; x_wconf 79' lang='lat' dir='ltr'><strong>Caput</strong></span> <span class='ocrx_word' id='word_1_266' title='bbox 2412 717 2582 759; x_wconf 82' lang='lat' dir='ltr'><strong>autem</strong></span> <span class='ocrx_word' id='word_1_267' title='bbox 2615 715 2849 760; x_wconf 77' lang='lat' dir='ltr'><strong>nostrum</strong></span> <span class='ocrx_word' id='word_1_268' title='bbox 2878 704 3117 761; x_wconf 76' lang='lat' dir='ltr'><strong>Christus</strong></span> <span class='ocrx_word' id='word_1_269' title='bbox 3146 717 3221 761; x_wconf 81' lang='lat' dir='ltr'><strong>est</strong></span> <span class='ocrx_word' id='word_1_270' title='bbox 3245 706 3291 779; x_wconf 92' lang='lat' dir='ltr'><strong>(l</strong></span> <span class='ocrx_word' id='word_1_271' title='bbox 3322 704 3448 761; x_wconf 87' lang='lat' dir='ltr'><strong>Cor.</strong></span> <span class='ocrx_word' id='word_1_272' title='bbox 3488 723 3563 773; x_wconf 88' lang='lat' dir='ltr'><strong>xt,</strong></span> <span class='ocrx_word' id='word_1_273' title='bbox 3595 708 3666 771; x_wconf 78' lang='lat'><strong>‘5).</strong></span> <span class='ocrx_word' id='word_1_274' title='bbox 3697 708 3788 765; x_wconf 81' lang='lat' dir='ltr'><strong>Hoc</strong></span> 
     </span>
    </p>
   </div>
   <div class='ocr_carea' id='block_1_37' title="bbox 2216 798 3790 872">
    <p class='ocr_par' dir='ltr' id='par_1_37' title="bbox 2216 798 3790 872">
     <span class='ocr_line' id='line_1_37' title="bbox 2216 798 3790 872; baseline 0.003 -18"><span class='ocrx_word' id='word_1_275' title='bbox 2216 809 2431 854; x_wconf 89' lang='lat' dir='ltr'><strong>maneat</strong></span> <span class='ocrx_word' id='word_1_276' title='bbox 2456 798 2769 865; x_wconf 83' lang='lat' dir='ltr'><strong>incolume,</strong></span> <span class='ocrx_word' id='word_1_277' title='bbox 2811 808 2871 854; x_wconf 92' lang='lat' dir='ltr'><strong>ut</strong></span> <span class='ocrx_word' id='word_1_278' title='bbox 2921 799 3196 869; x_wconf 86' lang='lat' dir='ltr'><strong>serpentis</strong></span> <span class='ocrx_word' id='word_1_279' title='bbox 3238 814 3453 855; x_wconf 86' lang='lat' dir='ltr'><strong>venena</strong></span> <span class='ocrx_word' id='word_1_280' title='bbox 3482 800 3790 872; x_wconf 62' lang='lat' dir='ltr'><strong>moobis</strong></span> 
     </span>
    </p>
   </div>
   <div class='ocr_carea' id='block_1_38' title="bbox 2215 891 3790 964">
    <p class='ocr_par' dir='ltr' id='par_1_38' title="bbox 2215 891 3790 964">
     <span class='ocr_line' id='line_1_38' title="bbox 2215 891 3790 964; baseline 0.003 -17"><span class='ocrx_word' id='word_1_281' title='bbox 2215 908 2323 947; x_wconf 92' lang='lat' dir='ltr'><strong>nou</strong></span> <span class='ocrx_word' id='word_1_282' title='bbox 2367 892 2577 964; x_wconf 90' lang='lat' dir='ltr'><strong>possint</strong></span> <span class='ocrx_word' id='word_1_283' title='bbox 2624 907 2866 950; x_wconf 90' lang='lat' dir='ltr'><strong>nocere:</strong></span> <span class='ocrx_word' id='word_1_284' title='bbox 2897 891 3048 950; x_wconf 84' lang='lat' dir='ltr'><strong>Bona</strong></span> <span class='ocrx_word' id='word_1_285' title='bbox 3091 904 3168 950; x_wconf 86' lang='lat' dir='ltr'><strong>est</strong></span> <span class='ocrx_word' id='word_1_286' title='bbox 3218 895 3372 950; x_wconf 89' lang='lat' dir='ltr'><strong>enim</strong></span> <span class='ocrx_word' id='word_1_287' title='bbox 3419 896 3667 963; x_wconf 75' lang='lat' dir='ltr'><strong>sapientia</strong></span> <span class='ocrx_word' id='word_1_288' title='bbox 3699 914 3790 952; x_wconf 69' lang='lat' dir='ltr'><strong>can</strong></span> 
     </span>
    </p>
   </div>
   <div class='ocr_carea' id='block_1_39' title="bbox 2216 984 3788 1060">
    <p class='ocr_par' dir='ltr' id='par_1_39' title="bbox 2216 984 3788 1060">
     <span class='ocr_line' id='line_1_39' title="bbox 2216 984 3788 1060; baseline 0.006 -22"><span class='ocrx_word' id='word_1_289' title='bbox 2216 986 2509 1041; x_wconf 64' lang='lat' dir='ltr'><strong>haereditate</strong></span> <span class='ocrx_word' id='word_1_290' title='bbox 2531 984 2707 1056; x_wconf 85' lang='lat' dir='ltr'><strong>(Eccl.</strong></span> <span class='ocrx_word' id='word_1_291' title='bbox 2738 1002 2837 1053; x_wconf 83' lang='lat' dir='ltr'><strong>vn,</strong></span> <span class='ocrx_word' id='word_1_292' title='bbox 2870 986 2980 1058; x_wconf 71' lang='grc'><strong>12),</strong></span> <span class='ocrx_word' id='word_1_293' title='bbox 3013 987 3064 1043; x_wconf 91' lang='lat' dir='ltr'><strong>id</strong></span> <span class='ocrx_word' id='word_1_294' title='bbox 3088 995 3194 1053; x_wconf 83' lang='lat' dir='ltr'><strong>est,</strong></span> <span class='ocrx_word' id='word_1_295' title='bbox 3226 1002 3354 1043; x_wconf 90' lang='lat' dir='ltr'><strong>cum</strong></span> <span class='ocrx_word' id='word_1_296' title='bbox 3388 986 3497 1044; x_wconf 75' lang='lat' dir='ltr'><strong>(ide</strong></span> <span class='ocrx_word' id='word_1_297' title='bbox 3525 1004 3540 1053; x_wconf 89' lang='lat'><strong>;</strong></span> <span class='ocrx_word' id='word_1_298' title='bbox 3567 992 3788 1060; x_wconf 85' lang='lat' dir='ltr'><strong>quoniam</strong></span> 
     </span>
    </p>
   </div>
   <div class='ocr_carea' id='block_1_40' title="bbox 2215 1078 3358 1135">
    <p class='ocr_par' dir='ltr' id='par_1_40' title="bbox 2215 1078 3358 1135">
     <span class='ocr_line' id='line_1_40' title="bbox 2215 1078 3358 1135; baseline -0.002 -2"><span class='ocrx_word' id='word_1_299' title='bbox 2215 1087 2301 1133; x_wconf 89' lang='lat' dir='ltr'><strong>est</strong></span> <span class='ocrx_word' id='word_1_300' title='bbox 2328 1078 2621 1134; x_wconf 68' lang='lat' dir='ltr'><strong>liaireditas</strong></span> <span class='ocrx_word' id='word_1_301' title='bbox 2648 1079 2997 1135; x_wconf 83' lang='lat' dir='ltr'><strong>credentibus</strong></span> <span class='ocrx_word' id='word_1_302' title='bbox 3019 1081 3071 1135; x_wconf 92' lang='lat' dir='ltr'><strong>in</strong></span> <span class='ocrx_word' id='word_1_303' title='bbox 3100 1080 3358 1135; x_wconf 83' lang='lat' dir='ltr'><strong>Domino.</strong></span> 
     </span>
    </p>
   </div>
   <div class='ocr_carea' id='block_1_41' title="bbox 2289 1170 3792 1244">
    <p class='ocr_par' dir='ltr' id='par_1_41' title="bbox 2289 1170 3792 1244">
     <span class='ocr_line' id='line_1_41' title="bbox 2289 1170 3792 1244; baseline 0.003 -20"><span class='ocrx_word' id='word_1_304' title='bbox 2289 1170 2377 1225; x_wconf 76' lang='grc'><strong>13.</strong></span> <span class='ocrx_word' id='word_1_305' title='bbox 2418 1171 2575 1239; x_wconf 85' lang='lat' dir='ltr'><strong>Quod</strong></span> <span class='ocrx_word' id='word_1_306' title='bbox 2619 1172 2665 1227; x_wconf 90' lang='lat' dir='ltr'><strong>si</strong></span> <span class='ocrx_word' id='word_1_307' title='bbox 2703 1173 2912 1242; x_wconf 90' lang='lat' dir='ltr'><strong>primus</strong></span> <span class='ocrx_word' id='word_1_308' title='bbox 2938 1171 3036 1228; x_wconf 90' lang='lat' dir='ltr'><strong>ille</strong></span> <span class='ocrx_word' id='word_1_309' title='bbox 3066 1172 3268 1240; x_wconf 89' lang='lat' dir='ltr'><strong>homo,</strong></span> <span class='ocrx_word' id='word_1_310' title='bbox 3313 1172 3407 1244; x_wconf 88' lang='lat' dir='ltr'><strong>qui</strong></span> <span class='ocrx_word' id='word_1_311' title='bbox 3444 1188 3569 1229; x_wconf 90' lang='lat' dir='ltr'><strong>cum</strong></span> <span class='ocrx_word' id='word_1_312' title='bbox 3604 1173 3707 1229; x_wconf 69' lang='lat' dir='ltr'><strong>Dm</strong></span> <span class='ocrx_word' id='word_1_313' title='bbox 3732 1173 3792 1229; x_wconf 85' lang='lat' dir='ltr'><strong>lo-</strong></span> 
     </span>
    </p>
   </div>
   <div class='ocr_carea' id='block_1_42' title="bbox 2215 1264 3791 1338">
    <p class='ocr_par' dir='ltr' id='par_1_42' title="bbox 2215 1264 3791 1338">
     <span class='ocr_line' id='line_1_42' title="bbox 2215 1264 3791 1338; baseline 0.003 -20"><span class='ocrx_word' id='word_1_314' title='bbox 2215 1265 2483 1335; x_wconf 86' lang='lat' dir='ltr'><strong>quebatur</strong></span> <span class='ocrx_word' id='word_1_315' title='bbox 2510 1265 2562 1320; x_wconf 91' lang='lat' dir='ltr'><strong>in</strong></span> <span class='ocrx_word' id='word_1_316' title='bbox 2590 1265 2841 1336; x_wconf 84' lang='lat' dir='ltr'><strong>paradiso</strong></span> <span class='ocrx_word' id='word_1_317' title='bbox 2870 1266 3080 1337; x_wconf 88' lang='lat' dir='ltr'><strong>positus</strong></span> <span class='ocrx_word' id='word_1_318' title='bbox 3119 1264 3276 1337; x_wconf 77' lang='lat' dir='ltr'><strong>(Gen.</strong></span> <span class='ocrx_word' id='word_1_319' title='bbox 3325 1283 3387 1334; x_wconf 88' lang='grc' dir='ltr'>ιι,</span> <span class='ocrx_word' id='word_1_320' title='bbox 3437 1266 3555 1338; x_wconf 86' lang='grc'><strong>15),</strong></span> <span class='ocrx_word' id='word_1_321' title='bbox 3578 1268 3683 1323; x_wconf 82' lang='lat' dir='ltr'><strong>labi</strong></span> <span class='ocrx_word' id='word_1_322' title='bbox 3709 1278 3791 1322; x_wconf 72' lang='lat' dir='ltr'><strong>tam</strong></span> 
     </span>
    </p>
   </div>
   <div class='ocr_carea' id='block_1_43' title="bbox 2215 1357 3793 1432">
    <p class='ocr_par' dir='ltr' id='par_1_43' title="bbox 2215 1357 3793 1432">
     <span class='ocr_line' id='line_1_43' title="bbox 2215 1357 3793 1432; baseline 0.003 -20"><span class='ocrx_word' id='word_1_323' title='bbox 2215 1357 2375 1414; x_wconf 79' lang='lat' dir='ltr'><strong>facile</strong></span> <span class='ocrx_word' id='word_1_324' title='bbox 2412 1359 2619 1429; x_wconf 87' lang='lat' dir='ltr'><strong>potuit,</strong></span> <span class='ocrx_word' id='word_1_325' title='bbox 2662 1374 2729 1415; x_wconf 89' lang='lat' dir='ltr'><strong>ex</strong></span> <span class='ocrx_word' id='word_1_326' title='bbox 2772 1368 2915 1415; x_wconf 92' lang='lat' dir='ltr'><strong>terra</strong></span> <span class='ocrx_word' id='word_1_327' title='bbox 2956 1369 3176 1415; x_wconf 89' lang='lat' dir='ltr'><strong>creatus</strong></span> <span class='ocrx_word' id='word_1_328' title='bbox 3203 1363 3443 1432; x_wconf 89' lang='lat' dir='ltr'><strong>virgine,</strong></span> <span class='ocrx_word' id='word_1_329' title='bbox 3464 1377 3589 1432; x_wconf 73' lang='lat' dir='ltr'><strong>qua:</strong></span> <span class='ocrx_word' id='word_1_330' title='bbox 3615 1361 3678 1415; x_wconf 84' lang='lat' dir='ltr'><strong>ad</strong></span> <span class='ocrx_word' id='word_1_331' title='bbox 3699 1377 3793 1417; x_wconf 72' lang='lat' dir='ltr'><strong>ver-</strong></span> 
     </span>
    </p>
   </div>
   <div class='ocr_carea' id='block_1_44' title="bbox 2215 1451 3791 1519">
    <p class='ocr_par' dir='ltr' id='par_1_44' title="bbox 2215 1451 3791 1519">
     <span class='ocr_line' id='line_1_44' title="bbox 2215 1451 3791 1519; baseline 0.001 -11"><span class='ocrx_word' id='word_1_332' title='bbox 2215 1451 2343 1508; x_wconf 89' lang='lat' dir='ltr'><strong>bum</strong></span> <span class='ocrx_word' id='word_1_333' title='bbox 2388 1451 2483 1507; x_wconf 86' lang='lat' dir='ltr'><strong>Dei</strong></span> <span class='ocrx_word' id='word_1_334' title='bbox 2525 1453 2763 1509; x_wconf 87' lang='lat' dir='ltr'><strong>formata</strong></span> <span class='ocrx_word' id='word_1_335' title='bbox 2802 1465 2860 1510; x_wconf 93' lang='lat' dir='ltr'><strong>et</strong></span> <span class='ocrx_word' id='word_1_336' title='bbox 2907 1463 3091 1510; x_wconf 86' lang='lat' dir='ltr'><strong>creata</strong></span> <span class='ocrx_word' id='word_1_337' title='bbox 3132 1454 3349 1511; x_wconf 89' lang='lat' dir='ltr'><strong>recenti</strong></span> <span class='ocrx_word' id='word_1_338' title='bbox 3394 1454 3578 1511; x_wconf 84' lang='lat' dir='ltr'><strong>fuerat</strong></span> <span class='ocrx_word' id='word_1_339' title='bbox 3616 1466 3791 1519; x_wconf 86' lang='lat' dir='ltr'><strong>exortu,</strong></span> 
     </span>
    </p>
   </div>
   <div class='ocr_carea' id='block_1_45' title="bbox 2220 1546 3793 1621">
    <p class='ocr_par' dir='ltr' id='par_1_45' title="bbox 2220 1546 3793 1621">
     <span class='ocr_line' id='line_1_45' title="bbox 2220 1546 3793 1621; baseline 0.003 -20"><span class='ocrx_word' id='word_1_340' title='bbox 2220 1546 2460 1603; x_wconf 90' lang='lat' dir='ltr'><strong>nondum</strong></span> <span class='ocrx_word' id='word_1_341' title='bbox 2502 1563 2565 1603; x_wconf 88' lang='lat' dir='ltr'><strong>ea</strong></span> <span class='ocrx_word' id='word_1_342' title='bbox 2612 1549 2928 1620; x_wconf 87' lang='lat' dir='ltr'><strong>parricidali</strong></span> <span class='ocrx_word' id='word_1_343' title='bbox 2958 1560 2980 1588; x_wconf 77' lang='grc' dir='ltr'><strong>ο</strong></span> <span class='ocrx_word' id='word_1_344' title='bbox 3009 1549 3362 1621; x_wconf 71' lang='grc' dir='ltr'>οωάἰιιιιιιιιιθ</span> <span class='ocrx_word' id='word_1_345' title='bbox 3407 1561 3665 1606; x_wconf 85' lang='lat' dir='ltr'><strong>concreta</strong></span> <span class='ocrx_word' id='word_1_346' title='bbox 3696 1567 3793 1607; x_wconf 77' lang='lat' dir='ltr'><strong>saa-</strong></span> 
     </span>
    </p>
   </div>
   <div class='ocr_carea' id='block_1_46' title="bbox 2215 1639 3793 1712">
    <p class='ocr_par' dir='ltr' id='par_1_46' title="bbox 2215 1639 3793 1712">
     <span class='ocr_line' id='line_1_46' title="bbox 2215 1639 3793 1712; baseline 0.002 -17"><span class='ocrx_word' id='word_1_347' title='bbox 2215 1639 2381 1712; x_wconf 88' lang='lat' dir='ltr'><strong>guine</strong></span> <span class='ocrx_word' id='word_1_348' title='bbox 2406 1682 2420 1705; x_wconf 93' lang='lat'><strong>,</strong></span> <span class='ocrx_word' id='word_1_349' title='bbox 2464 1639 2682 1708; x_wconf 87' lang='lat' dir='ltr'><strong>ﬂagitiis</strong></span> <span class='ocrx_word' id='word_1_350' title='bbox 2722 1651 2779 1697; x_wconf 92' lang='lat' dir='ltr'><strong>et</strong></span> <span class='ocrx_word' id='word_1_351' title='bbox 2813 1640 3088 1698; x_wconf 87' lang='lat' dir='ltr'><strong>dedecore</strong></span> <span class='ocrx_word' id='word_1_352' title='bbox 3130 1643 3357 1712; x_wconf 87' lang='lat' dir='ltr'><strong>polluta,</strong></span> <span class='ocrx_word' id='word_1_353' title='bbox 3391 1643 3637 1698; x_wconf 89' lang='lat' dir='ltr'><strong>nondum</strong></span> <span class='ocrx_word' id='word_1_354' title='bbox 3664 1658 3793 1699; x_wconf 75' lang='lat' dir='ltr'><strong>carne</strong></span> 
     </span>
    </p>
   </div>
   <div class='ocr_carea' id='block_1_47' title="bbox 2219 1733 3793 1799">
    <p class='ocr_par' dir='ltr' id='par_1_47' title="bbox 2219 1733 3793 1799">
     <span class='ocr_line' id='line_1_47' title="bbox 2219 1733 3793 1799; baseline 0.003 -12"><span class='ocrx_word' id='word_1_355' title='bbox 2219 1742 2406 1789; x_wconf 89' lang='lat' dir='ltr'><strong>nostra</strong></span> <span class='ocrx_word' id='word_1_356' title='bbox 2475 1733 2728 1789; x_wconf 87' lang='lat' dir='ltr'><strong>damnata</strong></span> <span class='ocrx_word' id='word_1_357' title='bbox 2794 1734 3087 1790; x_wconf 88' lang='lat' dir='ltr'><strong>maledicto</strong></span> <span class='ocrx_word' id='word_1_358' title='bbox 3139 1734 3395 1791; x_wconf 65' lang='lat' dir='ltr'><strong>obnoxiae</strong></span> <span class='ocrx_word' id='word_1_359' title='bbox 3457 1736 3793 1799; x_wconf 54' lang='lat' dir='ltr'><strong>hereditatis;</strong></span> 
     </span>
    </p>
   </div>
   <div class='ocr_carea' id='block_1_48' title="bbox 2146 1826 3794 1898">
    <p class='ocr_par' dir='ltr' id='par_1_48' title="bbox 2146 1826 3794 1898">
     <span class='ocr_line' id='line_1_48' title="bbox 2146 1826 3794 1898; baseline 0.002 -17"><span class='ocrx_word' id='word_1_360' title='bbox 2146 1829 2427 1897; x_wconf 88' lang='lat' dir='ltr'><strong>Bquanto</strong></span> <span class='ocrx_word' id='word_1_361' title='bbox 2473 1826 2685 1882; x_wconf 90' lang='lat' dir='ltr'><strong>facilius</strong></span> <span class='ocrx_word' id='word_1_362' title='bbox 2730 1836 2913 1898; x_wconf 88' lang='lat' dir='ltr'><strong>postea</strong></span> <span class='ocrx_word' id='word_1_363' title='bbox 2964 1826 3172 1883; x_wconf 86' lang='lat' dir='ltr'><strong>lubrica</strong></span> <span class='ocrx_word' id='word_1_364' title='bbox 3237 1827 3306 1883; x_wconf 89' lang='lat' dir='ltr'><strong>ad</strong></span> <span class='ocrx_word' id='word_1_365' title='bbox 3355 1828 3692 1897; x_wconf 85' lang='lat' dir='ltr'><strong>peccandum</strong></span> <span class='ocrx_word' id='word_1_366' title='bbox 3734 1832 3794 1884; x_wconf 75' lang='lat' dir='ltr'><strong>ria</strong></span> 
     </span>
    </p>
   </div>
   <div class='ocr_carea' id='block_1_49' title="bbox 2221 1919 3796 1993">
    <p class='ocr_par' dir='ltr' id='par_1_49' title="bbox 2221 1919 3796 1993">
     <span class='ocr_line' id='line_1_49' title="bbox 2221 1919 3796 1993; baseline 0.002 -19"><span class='ocrx_word' id='word_1_367' title='bbox 2221 1919 2395 1990; x_wconf 85' lang='lat' dir='ltr'><strong>majus</strong></span> <span class='ocrx_word' id='word_1_368' title='bbox 2421 1920 2638 1975; x_wconf 78' lang='lat' dir='ltr'><strong>advexit</strong></span> <span class='ocrx_word' id='word_1_369' title='bbox 2660 1920 2899 1976; x_wconf 92' lang='lat' dir='ltr'><strong>humano</strong></span> <span class='ocrx_word' id='word_1_370' title='bbox 2922 1922 3108 1993; x_wconf 89' lang='lat' dir='ltr'><strong>generi</strong></span> <span class='ocrx_word' id='word_1_371' title='bbox 3141 1921 3513 1992; x_wconf 70' lang='lat' dir='ltr'><strong>praecipitium</strong></span> <span class='ocrx_word' id='word_1_372' title='bbox 3538 1964 3555 1989; x_wconf 93' lang='lat'><strong>,</strong></span> <span class='ocrx_word' id='word_1_373' title='bbox 3587 1937 3703 1978; x_wconf 85' lang='lat' dir='ltr'><strong>cum</strong></span> <span class='ocrx_word' id='word_1_374' title='bbox 3725 1922 3796 1977; x_wconf 79' lang='lat' dir='ltr'><strong>de-</strong></span> 
     </span>
    </p>
   </div>
   <div class='ocr_carea' id='block_1_50' title="bbox 2222 2014 3798 2087">
    <p class='ocr_par' dir='ltr' id='par_1_50' title="bbox 2222 2014 3798 2087">
     <span class='ocr_line' id='line_1_50' title="bbox 2222 2014 3798 2087; baseline 0 -16"><span class='ocrx_word' id='word_1_375' title='bbox 2222 2015 2413 2071; x_wconf 80' lang='lat' dir='ltr'><strong>terior’</strong></span> <span class='ocrx_word' id='word_1_376' title='bbox 2441 2014 2802 2071; x_wconf 90' lang='lat' dir='ltr'><strong>tolerabiliori</strong></span> <span class='ocrx_word' id='word_1_377' title='bbox 2852 2030 2950 2086; x_wconf 90' lang='lat' dir='ltr'><strong>per</strong></span> <span class='ocrx_word' id='word_1_378' title='bbox 3000 2016 3145 2072; x_wconf 83' lang='lat' dir='ltr'><strong>vices</strong></span> <span class='ocrx_word' id='word_1_379' title='bbox 3188 2016 3574 2087; x_wconf 88' lang='lat' dir='ltr'><strong>generationis</strong></span> <span class='ocrx_word' id='word_1_380' title='bbox 3619 2030 3798 2072; x_wconf 80' lang='lat' dir='ltr'><strong>succes-</strong></span> 
     </span>
    </p>
   </div>
   <div class='ocr_carea' id='block_1_51' title="bbox 2219 2107 2401 2164">
    <p class='ocr_par' dir='ltr' id='par_1_51' title="bbox 2219 2107 2401 2164">
     <span class='ocr_line' id='line_1_51' title="bbox 2219 2107 2401 2164; baseline -0.016 0"><span class='ocrx_word' id='word_1_381' title='bbox 2219 2108 2354 2164; x_wconf 90' lang='lat' dir='ltr'><strong>serit</strong></span> <span class='ocrx_word' id='word_1_382' title='bbox 2377 2107 2401 2161; x_wconf 88' lang='lat'><strong>?</strong></span> 
     </span>
    </p>
   </div>
   <div class='ocr_carea' id='block_1_52' title="bbox 2294 2199 3793 2273">
    <p class='ocr_par' dir='ltr' id='par_1_52' title="bbox 2294 2199 3793 2273">
     <span class='ocr_line' id='line_1_52' title="bbox 2294 2199 3793 2273; baseline 0.001 -19"><span class='ocrx_word' id='word_1_383' title='bbox 2294 2199 2381 2254; x_wconf 70' lang='grc'><strong>11.</strong></span> <span class='ocrx_word' id='word_1_384' title='bbox 2424 2199 2639 2256; x_wconf 86' lang='lat' dir='ltr'><strong>Etenim</strong></span> <span class='ocrx_word' id='word_1_385' title='bbox 2665 2200 2692 2238; x_wconf 74' lang='grc' dir='ltr'>ά</span> <span class='ocrx_word' id='word_1_386' title='bbox 2718 2200 2765 2256; x_wconf 93' lang='lat' dir='ltr'><strong>si</strong></span> <span class='ocrx_word' id='word_1_387' title='bbox 2793 2202 3061 2273; x_wconf 87' lang='lat' dir='ltr'><strong>magnetis</strong></span> <span class='ocrx_word' id='word_1_388' title='bbox 3082 2201 3221 2273; x_wconf 88' lang='lat' dir='ltr'><strong>lapis</strong></span> <span class='ocrx_word' id='word_1_389' title='bbox 3251 2209 3464 2259; x_wconf 82' lang='lat' dir='ltr'><strong>tantam</strong></span> <span class='ocrx_word' id='word_1_390' title='bbox 3495 2211 3694 2258; x_wconf 62' lang='lat' dir='ltr'><strong>natura</strong></span> <span class='ocrx_word' id='word_1_391' title='bbox 3712 2201 3793 2256; x_wconf 68' lang='lat' dir='ltr'><strong>vim</strong></span> 
     </span>
    </p>
   </div>
   <div class='ocr_carea' id='block_1_53' title="bbox 2222 2291 3794 2362">
    <p class='ocr_par' dir='ltr' id='par_1_53' title="bbox 2222 2291 3794 2362">
     <span class='ocr_line' id='line_1_53' title="bbox 2222 2291 3794 2362; baseline 0.002 -15"><span class='ocrx_word' id='word_1_392' title='bbox 2222 2291 2418 2361; x_wconf 89' lang='lat' dir='ltr'><strong>habet,</strong></span> <span class='ocrx_word' id='word_1_393' title='bbox 2460 2304 2519 2349; x_wconf 87' lang='lat' dir='ltr'><strong>ut</strong></span> <span class='ocrx_word' id='word_1_394' title='bbox 2558 2292 2763 2350; x_wconf 88' lang='lat' dir='ltr'><strong>ferrum</strong></span> <span class='ocrx_word' id='word_1_395' title='bbox 2798 2294 2865 2350; x_wconf 92' lang='lat' dir='ltr'><strong>ad</strong></span> <span class='ocrx_word' id='word_1_396' title='bbox 2902 2309 2962 2350; x_wconf 91' lang='lat' dir='ltr'><strong>se</strong></span> <span class='ocrx_word' id='word_1_397' title='bbox 2994 2294 3196 2362; x_wconf 88' lang='lat' dir='ltr'><strong>trahat,</strong></span> <span class='ocrx_word' id='word_1_398' title='bbox 3225 2304 3283 2352; x_wconf 92' lang='lat' dir='ltr'><strong>et</strong></span> <span class='ocrx_word' id='word_1_399' title='bbox 3304 2294 3655 2351; x_wconf 85' lang='lat' dir='ltr'><strong>transfundat</strong></span> <span class='ocrx_word' id='word_1_400' title='bbox 3674 2311 3727 2350; x_wconf 88' lang='lat' dir='ltr'><strong>se</strong></span> <span class='ocrx_word' id='word_1_401' title='bbox 3753 2295 3794 2350; x_wconf 84' lang='lat' dir='ltr'><strong>in</strong></span> 
     </span>
    </p>
   </div>
   <div class='ocr_carea' id='block_1_54' title="bbox 2220 2386 3794 2462">
    <p class='ocr_par' dir='ltr' id='par_1_54' title="bbox 2220 2386 3794 2462">
     <span class='ocr_line' id='line_1_54' title="bbox 2220 2386 3794 2462; baseline 0.004 -21"><span class='ocrx_word' id='word_1_402' title='bbox 2220 2386 2367 2443; x_wconf 90' lang='lat' dir='ltr'><strong>illius</strong></span> <span class='ocrx_word' id='word_1_403' title='bbox 2404 2388 2675 2458; x_wconf 87' lang='lat' dir='ltr'><strong>speciem,</strong></span> <span class='ocrx_word' id='word_1_404' title='bbox 2714 2388 2788 2444; x_wconf 90' lang='lat' dir='ltr'><strong>ita</strong></span> <span class='ocrx_word' id='word_1_405' title='bbox 2825 2397 2884 2445; x_wconf 88' lang='lat' dir='ltr'><strong>ut</strong></span> <span class='ocrx_word' id='word_1_406' title='bbox 2921 2390 3195 2459; x_wconf 89' lang='lat' dir='ltr'><strong>plerisque</strong></span> <span class='ocrx_word' id='word_1_407' title='bbox 3236 2391 3482 2462; x_wconf 80' lang='lat' dir='ltr'><strong>experiri</strong></span> <span class='ocrx_word' id='word_1_408' title='bbox 3523 2391 3794 2447; x_wconf 75' lang='lat' dir='ltr'><strong>volentibus</strong></span> 
     </span>
    </p>
   </div>
   <div class='ocr_carea' id='block_1_55' title="bbox 2219 2483 3796 2554">
    <p class='ocr_par' dir='ltr' id='par_1_55' title="bbox 2219 2483 3796 2554">
     <span class='ocr_line' id='line_1_55' title="bbox 2219 2483 3796 2554; baseline 0.001 -16"><span class='ocrx_word' id='word_1_409' title='bbox 2219 2498 2342 2538; x_wconf 93' lang='lat' dir='ltr'><strong>cum</strong></span> <span class='ocrx_word' id='word_1_410' title='bbox 2372 2483 2556 2554; x_wconf 90' lang='lat' dir='ltr'><strong>plures</strong></span> <span class='ocrx_word' id='word_1_411' title='bbox 2590 2484 2823 2539; x_wconf 75' lang='lat' dir='ltr'><strong>annulus</strong></span> <span class='ocrx_word' id='word_1_412' title='bbox 2853 2484 3059 2540; x_wconf 90' lang='lat' dir='ltr'><strong>ferreos</strong></span> <span class='ocrx_word' id='word_1_413' title='bbox 3090 2484 3157 2540; x_wconf 86' lang='lat' dir='ltr'><strong>ad</strong></span> <span class='ocrx_word' id='word_1_414' title='bbox 3193 2501 3317 2541; x_wconf 90' lang='lat' dir='ltr'><strong>eum</strong></span> <span class='ocrx_word' id='word_1_415' title='bbox 3356 2484 3600 2554; x_wconf 86' lang='lat' dir='ltr'><strong>lapidem</strong></span> <span class='ocrx_word' id='word_1_416' title='bbox 3641 2486 3796 2540; x_wconf 83' lang='lat' dir='ltr'><strong>admo-</strong></span> 
     </span>
    </p>
   </div>
   <div class='ocr_carea' id='block_1_56' title="bbox 2223 2578 3793 2649">
    <p class='ocr_par' dir='ltr' id='par_1_56' title="bbox 2223 2578 3793 2649">
     <span class='ocr_line' id='line_1_56' title="bbox 2223 2578 3793 2649; baseline 0.001 -19"><span class='ocrx_word' id='word_1_417' title='bbox 2223 2578 2426 2645; x_wconf 82' lang='lat' dir='ltr'><strong>verint,</strong></span> <span class='ocrx_word' id='word_1_418' title='bbox 2458 2592 2650 2634; x_wconf 90' lang='lat' dir='ltr'><strong>omnes</strong></span> <span class='ocrx_word' id='word_1_419' title='bbox 2672 2578 2787 2649; x_wconf 87' lang='lat' dir='ltr'><strong>pari</strong></span> <span class='ocrx_word' id='word_1_420' title='bbox 2817 2586 2998 2635; x_wconf 90' lang='lat' dir='ltr'><strong>teneat</strong></span> <span class='ocrx_word' id='word_1_421' title='bbox 3023 2579 3189 2635; x_wconf 90' lang='lat' dir='ltr'><strong>modo</strong></span> <span class='ocrx_word' id='word_1_422' title='bbox 3216 2596 3232 2633; x_wconf 93' lang='lat'><strong>:</strong></span> <span class='ocrx_word' id='word_1_423' title='bbox 3258 2578 3464 2635; x_wconf 89' lang='lat' dir='ltr'><strong>deinde</strong></span> <span class='ocrx_word' id='word_1_424' title='bbox 3484 2581 3533 2636; x_wconf 88' lang='lat' dir='ltr'><strong>si</strong></span> <span class='ocrx_word' id='word_1_425' title='bbox 3553 2578 3605 2634; x_wconf 88' lang='lat' dir='ltr'><strong>ei</strong></span> <span class='ocrx_word' id='word_1_426' title='bbox 3630 2580 3793 2634; x_wconf 80' lang='lat' dir='ltr'><strong>annulo</strong></span> 
     </span>
    </p>
   </div>
   <div class='ocr_carea' id='block_1_57' title="bbox 2220 2671 3791 2743">
    <p class='ocr_par' dir='ltr' id='par_1_57' title="bbox 2220 2671 3791 2743">
     <span class='ocr_line' id='line_1_57' title="bbox 2220 2671 3791 2743; baseline -0.001 -16"><span class='ocrx_word' id='word_1_427' title='bbox 2220 2671 2309 2727; x_wconf 90' lang='lat' dir='ltr'><strong>cui</strong></span> <span class='ocrx_word' id='word_1_428' title='bbox 2340 2671 2635 2727; x_wconf 58' lang='lat' dir='ltr'><strong>adba&#39;serit</strong></span> <span class='ocrx_word' id='word_1_429' title='bbox 2666 2672 2833 2743; x_wconf 88' lang='lat' dir='ltr'><strong>lapis,</strong></span> <span class='ocrx_word' id='word_1_430' title='bbox 2873 2672 3042 2727; x_wconf 91' lang='lat' dir='ltr'><strong>alium</strong></span> <span class='ocrx_word' id='word_1_431' title='bbox 3081 2672 3383 2729; x_wconf 88' lang='lat' dir='ltr'><strong>admoveas</strong></span> <span class='ocrx_word' id='word_1_432' title='bbox 3424 2672 3719 2740; x_wconf 85' lang='lat' dir='ltr'><strong>annulum,</strong></span> <span class='ocrx_word' id='word_1_433' title='bbox 3750 2679 3791 2725; x_wconf 80' lang='lat' dir='ltr'><strong>et</strong></span> 
     </span>
    </p>
   </div>
   <div class='ocr_carea' id='block_1_58' title="bbox 2221 2764 3791 2836">
    <p class='ocr_par' dir='ltr' id='par_1_58' title="bbox 2221 2764 3791 2836">
     <span class='ocr_line' id='line_1_58' title="bbox 2221 2764 3791 2836; baseline 0.001 -17"><span class='ocrx_word' id='word_1_434' title='bbox 2221 2778 2413 2819; x_wconf 87' lang='lat' dir='ltr'><strong>rursus</strong></span> <span class='ocrx_word' id='word_1_435' title='bbox 2472 2779 2568 2836; x_wconf 90' lang='lat' dir='ltr'><strong>per</strong></span> <span class='ocrx_word' id='word_1_436' title='bbox 2624 2764 2873 2820; x_wconf 90' lang='lat' dir='ltr'><strong>ordinem</strong></span> <span class='ocrx_word' id='word_1_437' title='bbox 2926 2766 3154 2835; x_wconf 85' lang='lat' dir='ltr'><strong>singulis</strong></span> <span class='ocrx_word' id='word_1_438' title='bbox 3199 2766 3537 2830; x_wconf 85' lang='lat' dir='ltr'><strong>substituas;</strong></span> <span class='ocrx_word' id='word_1_439' title='bbox 3590 2766 3710 2823; x_wconf 84' lang='lat' dir='ltr'><strong>licet</strong></span> <span class='ocrx_word' id='word_1_440' title='bbox 3749 2767 3791 2820; x_wconf 87' lang='lat' dir='ltr'><strong>in</strong></span> 
     </span>
    </p>
   </div>
   <div class='ocr_carea' id='block_1_59' title="bbox 2221 2857 3790 2931">
    <p class='ocr_par' dir='ltr' id='par_1_59' title="bbox 2221 2857 3790 2931">
     <span class='ocr_line' id='line_1_59' title="bbox 2221 2857 3790 2931; baseline 0.001 -18"><span class='ocrx_word' id='word_1_441' title='bbox 2221 2872 2413 2914; x_wconf 87' lang='lat' dir='ltr'><strong>omnes</strong></span> <span class='ocrx_word' id='word_1_442' title='bbox 2440 2866 2693 2929; x_wconf 87' lang='lat' dir='ltr'><strong>penetret</strong></span> <span class='ocrx_word' id='word_1_443' title='bbox 2721 2874 2817 2928; x_wconf 91' lang='lat' dir='ltr'><strong>per</strong></span> <span class='ocrx_word' id='word_1_444' title='bbox 2842 2857 3122 2923; x_wconf 84' lang='lat' dir='ltr'><strong>ordinem,</strong></span> <span class='ocrx_word' id='word_1_445' title='bbox 3156 2875 3221 2915; x_wconf 87' lang='lat' dir='ltr'><strong>ex</strong></span> <span class='ocrx_word' id='word_1_446' title='bbox 3256 2859 3353 2915; x_wconf 92' lang='lat' dir='ltr'><strong>illo</strong></span> <span class='ocrx_word' id='word_1_447' title='bbox 3392 2860 3575 2931; x_wconf 87' lang='lat' dir='ltr'><strong>lapide</strong></span> <span class='ocrx_word' id='word_1_448' title='bbox 3611 2861 3685 2915; x_wconf 82' lang='lat' dir='ltr'><strong>vis</strong></span> <span class='ocrx_word' id='word_1_449' title='bbox 3717 2873 3790 2914; x_wconf 77' lang='lat' dir='ltr'><strong>m—</strong></span> 
     </span>
    </p>
   </div>
   <div class='ocr_carea' id='block_1_60' title="bbox 2222 2953 3784 3025">
    <p class='ocr_par' dir='ltr' id='par_1_60' title="bbox 2222 2953 3784 3025">
     <span class='ocr_line' id='line_1_60' title="bbox 2222 2953 3784 3025; baseline -0.001 -16"><span class='ocrx_word' id='word_1_450' title='bbox 2222 2962 2383 3020; x_wconf 82' lang='lat' dir='ltr'><strong>turae,</strong></span> <span class='ocrx_word' id='word_1_451' title='bbox 2419 2962 2597 3009; x_wconf 89' lang='lat' dir='ltr'><strong>tamen</strong></span> <span class='ocrx_word' id='word_1_452' title='bbox 2627 2953 2841 3025; x_wconf 82' lang='lat' dir='ltr'><strong>priores</strong></span> <span class='ocrx_word' id='word_1_453' title='bbox 2867 2962 3012 3011; x_wconf 87' lang='lat' dir='ltr'><strong>ne&#39;xu</strong></span> <span class='ocrx_word' id='word_1_454' title='bbox 3044 2954 3455 3011; x_wconf 74' lang='lat' dir='ltr'><strong>vehementiore</strong></span> <span class='ocrx_word' id='word_1_455' title='bbox 3481 2953 3784 3025; x_wconf 81' lang='lat' dir='ltr'><strong>constringit,</strong></span> 
     </span>
    </p>
   </div>
   <div class='ocr_carea' id='block_1_61' title="bbox 2222 3047 3786 3118">
    <p class='ocr_par' dir='ltr' id='par_1_61' title="bbox 2222 3047 3786 3118">
     <span class='ocr_line' id='line_1_61' title="bbox 2222 3047 3786 3118; baseline 0 -18"><span class='ocrx_word' id='word_1_456' title='bbox 2222 3047 2560 3117; x_wconf 88' lang='lat' dir='ltr'><strong>posteriores</strong></span> <span class='ocrx_word' id='word_1_457' title='bbox 2602 3047 2913 3103; x_wconf 84' lang='lat' dir='ltr'><strong>remissiore</strong></span> <span class='ocrx_word' id='word_1_458' title='bbox 2952 3065 2965 3101; x_wconf 91' lang='lat'><strong>:</strong></span> <span class='ocrx_word' id='word_1_459' title='bbox 2999 3056 3203 3118; x_wconf 86' lang='lat' dir='ltr'><strong>quanto</strong></span> <span class='ocrx_word' id='word_1_460' title='bbox 3254 3049 3430 3118; x_wconf 88' lang='lat' dir='ltr'><strong>magis</strong></span> <span class='ocrx_word' id='word_1_461' title='bbox 3474 3047 3687 3103; x_wconf 85' lang='lat' dir='ltr'><strong>humani</strong></span> <span class='ocrx_word' id='word_1_462' title='bbox 3714 3061 3786 3117; x_wconf 83' lang='lat' dir='ltr'><strong>ge-</strong></span> 
     </span>
    </p>
   </div>
   <div class='ocr_carea' id='block_1_62' title="bbox 2222 3138 3785 3211">
    <p class='ocr_par' dir='ltr' id='par_1_62' title="bbox 2222 3138 3785 3211">
     <span class='ocr_line' id='line_1_62' title="bbox 2222 3138 3785 3211; baseline 0 -16"><span class='ocrx_word' id='word_1_463' title='bbox 2222 3141 2370 3196; x_wconf 89' lang='lat' dir='ltr'><strong>neris</strong></span> <span class='ocrx_word' id='word_1_464' title='bbox 2393 3138 2635 3195; x_wconf 85' lang='lat' dir='ltr'><strong>conditio</strong></span> <span class='ocrx_word' id='word_1_465' title='bbox 2662 3146 2826 3211; x_wconf 91' lang='lat' dir='ltr'><strong>atque</strong></span> <span class='ocrx_word' id='word_1_466' title='bbox 2849 3148 3041 3196; x_wconf 89' lang='lat' dir='ltr'><strong>natura</strong></span> <span class='ocrx_word' id='word_1_467' title='bbox 3071 3156 3140 3197; x_wconf 90' lang='lat' dir='ltr'><strong>ex</strong></span> <span class='ocrx_word' id='word_1_468' title='bbox 3169 3142 3396 3211; x_wconf 91' lang='lat' dir='ltr'><strong>puriore</strong></span> <span class='ocrx_word' id='word_1_469' title='bbox 3419 3150 3567 3197; x_wconf 87' lang='lat' dir='ltr'><strong>statu</strong></span> <span class='ocrx_word' id='word_1_470' title='bbox 3594 3141 3643 3196; x_wconf 82' lang='lat' dir='ltr'><strong>in</strong></span> <span class='ocrx_word' id='word_1_471' title='bbox 3667 3138 3785 3195; x_wconf 77' lang='lat' dir='ltr'><strong>dete-</strong></span> 
     </span>
    </p>
   </div>
   <div class='ocr_carea' id='block_1_63' title="bbox 514 3228 3628 3305">
    <p class='ocr_par' dir='ltr' id='par_1_63' title="bbox 514 3228 3628 3305">
     <span class='ocr_line' id='line_1_63' title="bbox 514 3228 3628 3305; baseline -0.001 -16"><span class='ocrx_word' id='word_1_472' title='bbox 514 3231 679 3296; x_wconf 89' lang='lat' dir='ltr'><strong>dine;</strong></span> <span class='ocrx_word' id='word_1_473' title='bbox 711 3247 878 3304; x_wconf 93' lang='lat' dir='ltr'><strong>prona</strong></span> <span class='ocrx_word' id='word_1_474' title='bbox 909 3244 995 3289; x_wconf 92' lang='lat' dir='ltr'><strong>est</strong></span> <span class='ocrx_word' id='word_1_475' title='bbox 1022 3235 1169 3290; x_wconf 89' lang='lat' dir='ltr'><strong>enim</strong></span> <span class='ocrx_word' id='word_1_476' title='bbox 1198 3235 1250 3289; x_wconf 94' lang='lat' dir='ltr'><strong>in</strong></span> <span class='ocrx_word' id='word_1_477' title='bbox 1281 3242 1527 3290; x_wconf 88' lang='lat' dir='ltr'><strong>ventrem</strong></span> <span class='ocrx_word' id='word_1_478' title='bbox 1554 3235 1699 3289; x_wconf 89' lang='lat' dir='ltr'><strong>sicut</strong></span> <span class='ocrx_word' id='word_1_479' title='bbox 1723 3248 1973 3305; x_wconf 88' lang='lat' dir='ltr'><strong>serpens,</strong></span> <span class='ocrx_word' id='word_1_480' title='bbox 2010 3250 2118 3290; x_wconf 89' lang='lat' dir='ltr'><strong>non</strong></span> <span class='ocrx_word' id='word_1_481' title='bbox 2145 3228 2193 3291; x_wconf 87' lang='lat' dir='ltr'>C</span> <span class='ocrx_word' id='word_1_482' title='bbox 2225 3247 2425 3289; x_wconf 69' lang='lat' dir='ltr'><strong>rnorem</strong></span> <span class='ocrx_word' id='word_1_483' title='bbox 2453 3233 2604 3303; x_wconf 76' lang='lat' dir='ltr'><strong>lapsa</strong></span> <span class='ocrx_word' id='word_1_484' title='bbox 2628 3242 2733 3298; x_wconf 91' lang='lat' dir='ltr'><strong>est,</strong></span> <span class='ocrx_word' id='word_1_485' title='bbox 2764 3242 2787 3271; x_wconf 73' lang='grc' dir='ltr'><strong>ε</strong></span> <span class='ocrx_word' id='word_1_486' title='bbox 2812 3233 3029 3304; x_wconf 90' lang='lat' dir='ltr'><strong>quando</strong></span> <span class='ocrx_word' id='word_1_487' title='bbox 3057 3236 3382 3305; x_wconf 89' lang='lat' dir='ltr'><strong>nequiorem</strong></span> <span class='ocrx_word' id='word_1_488' title='bbox 3412 3235 3628 3305; x_wconf 87' lang='lat' dir='ltr'><strong>attigit!</strong></span> 
     </span>
    </p>
   </div>
   <div class='ocr_carea' id='block_1_64' title="bbox 517 3325 2118 3394">
    <p class='ocr_par' dir='ltr' id='par_1_64' title="bbox 517 3325 2118 3394">
     <span class='ocr_line' id='line_1_64' title="bbox 517 3325 2118 3394; baseline 0.001 -14"><span class='ocrx_word' id='word_1_489' title='bbox 517 3325 746 3394; x_wconf 90' lang='lat' dir='ltr'><strong>pedibus</strong></span> <span class='ocrx_word' id='word_1_490' title='bbox 770 3325 1056 3393; x_wconf 88' lang='lat' dir='ltr'><strong>incedens,</strong></span> <span class='ocrx_word' id='word_1_491' title='bbox 1082 3336 1176 3382; x_wconf 91' lang='lat' dir='ltr'><strong>aut</strong></span> <span class='ocrx_word' id='word_1_492' title='bbox 1210 3327 1340 3383; x_wconf 91' lang='lat' dir='ltr'><strong>ullis</strong></span> <span class='ocrx_word' id='word_1_493' title='bbox 1365 3328 1575 3383; x_wconf 89' lang='lat' dir='ltr'><strong>elevata</strong></span> <span class='ocrx_word' id='word_1_494' title='bbox 1605 3327 1859 3383; x_wconf 79' lang='lat' dir='ltr'><strong>cruribus</strong></span> <span class='ocrx_word' id='word_1_495' title='bbox 1877 3369 1893 3394; x_wconf 94' lang='lat'><strong>,</strong></span> <span class='ocrx_word' id='word_1_496' title='bbox 1918 3326 2012 3382; x_wconf 90' lang='lat' dir='ltr'><strong>sed</strong></span> <span class='ocrx_word' id='word_1_497' title='bbox 2039 3327 2118 3382; x_wconf 87' lang='lat' dir='ltr'><strong>si-</strong></span> 
     </span>
    </p>
   </div>
   <div class='ocr_carea' id='block_1_65' title="bbox 516 3417 2117 3492">
    <p class='ocr_par' dir='ltr' id='par_1_65' title="bbox 516 3417 2117 3492">
     <span class='ocr_line' id='line_1_65' title="bbox 516 3417 2117 3492; baseline 0.002 -21"><span class='ocrx_word' id='word_1_498' title='bbox 516 3432 692 3473; x_wconf 90' lang='lat' dir='ltr'><strong>nuoso</strong></span> <span class='ocrx_word' id='word_1_499' title='bbox 734 3417 879 3474; x_wconf 86' lang='lat' dir='ltr'><strong>ﬂexu</strong></span> <span class='ocrx_word' id='word_1_500' title='bbox 934 3420 1102 3475; x_wconf 91' lang='lat' dir='ltr'><strong>totius</strong></span> <span class='ocrx_word' id='word_1_501' title='bbox 1147 3419 1297 3475; x_wconf 90' lang='lat' dir='ltr'><strong>velut</strong></span> <span class='ocrx_word' id='word_1_502' title='bbox 1343 3420 1591 3492; x_wconf 87' lang='lat' dir='ltr'><strong>corporis</strong></span> <span class='ocrx_word' id='word_1_503' title='bbox 1638 3422 1720 3476; x_wconf 92' lang='lat' dir='ltr'><strong>sui</strong></span> <span class='ocrx_word' id='word_1_504' title='bbox 1772 3419 1999 3475; x_wconf 86' lang='lat' dir='ltr'><strong>lubrica.</strong></span> <span class='ocrx_word' id='word_1_505' title='bbox 2056 3420 2117 3475; x_wconf 89' lang='lat' dir='ltr'><strong>Ei</strong></span> 
     </span>
    </p>
   </div>
   <div class='ocr_carea' id='block_1_66' title="bbox 523 3514 2119 3587">
    <p class='ocr_par' dir='ltr' id='par_1_66' title="bbox 523 3514 2119 3587">
     <span class='ocr_line' id='line_1_66' title="bbox 523 3514 2119 3587; baseline 0.003 -19"><span class='ocrx_word' id='word_1_506' title='bbox 523 3522 668 3569; x_wconf 89' lang='lat' dir='ltr'><strong>terra</strong></span> <span class='ocrx_word' id='word_1_507' title='bbox 712 3514 872 3570; x_wconf 89' lang='lat' dir='ltr'><strong>cibus</strong></span> <span class='ocrx_word' id='word_1_508' title='bbox 907 3523 994 3570; x_wconf 83' lang='lat' dir='ltr'><strong>est</strong></span> <span class='ocrx_word' id='word_1_509' title='bbox 1030 3515 1173 3571; x_wconf 85' lang='lat' dir='ltr'><strong>sicut</strong></span> <span class='ocrx_word' id='word_1_510' title='bbox 1201 3518 1478 3585; x_wconf 90' lang='lat' dir='ltr'><strong>serpenti,</strong></span> <span class='ocrx_word' id='word_1_511' title='bbox 1513 3517 1770 3587; x_wconf 91' lang='lat' dir='ltr'><strong>quoniam</strong></span> <span class='ocrx_word' id='word_1_512' title='bbox 1803 3531 1985 3572; x_wconf 90' lang='lat' dir='ltr'><strong>escam</strong></span> <span class='ocrx_word' id='word_1_513' title='bbox 2023 3532 2119 3572; x_wconf 81' lang='lat' dir='ltr'><strong>ne-</strong></span> 
     </span>
    </p>
   </div>
   <div class='ocr_carea' id='block_1_67' title="bbox 520 3606 2118 3680">
    <p class='ocr_par' dir='ltr' id='par_1_67' title="bbox 520 3606 2118 3680">
     <span class='ocr_line' id='line_1_67' title="bbox 520 3606 2118 3680; baseline 0.003 -21"><span class='ocrx_word' id='word_1_514' title='bbox 520 3606 623 3661; x_wconf 91' lang='lat' dir='ltr'><strong>scit</strong></span> <span class='ocrx_word' id='word_1_515' title='bbox 649 3608 930 3662; x_wconf 73' lang='lat' dir='ltr'><strong>cmlestem</strong></span> <span class='ocrx_word' id='word_1_516' title='bbox 957 3623 973 3672; x_wconf 89' lang='lat'><strong>;</strong></span> <span class='ocrx_word' id='word_1_517' title='bbox 1006 3608 1386 3677; x_wconf 87' lang='lat' dir='ltr'><strong>corporalibus</strong></span> <span class='ocrx_word' id='word_1_518' title='bbox 1412 3608 1555 3665; x_wconf 90' lang='lat' dir='ltr'><strong>enim</strong></span> <span class='ocrx_word' id='word_1_519' title='bbox 1592 3609 1850 3678; x_wconf 74' lang='lat' dir='ltr'><strong>pasritur,</strong></span> <span class='ocrx_word' id='word_1_520' title='bbox 1876 3618 2039 3680; x_wconf 90' lang='lat' dir='ltr'><strong>atque</strong></span> <span class='ocrx_word' id='word_1_521' title='bbox 2067 3609 2118 3664; x_wconf 88' lang='lat' dir='ltr'><strong>in</strong></span> 
     </span>
    </p>
   </div>
   <div class='ocr_carea' id='block_1_68' title="bbox 520 3699 2120 3772">
    <p class='ocr_par' dir='ltr' id='par_1_68' title="bbox 520 3699 2120 3772">
     <span class='ocr_line' id='line_1_68' title="bbox 520 3699 2120 3772; baseline 0.003 -19"><span class='ocrx_word' id='word_1_522' title='bbox 520 3699 698 3754; x_wconf 86' lang='lat' dir='ltr'><strong>varias</strong></span> <span class='ocrx_word' id='word_1_523' title='bbox 746 3709 982 3755; x_wconf 90' lang='lat' dir='ltr'><strong>mutatur</strong></span> <span class='ocrx_word' id='word_1_524' title='bbox 1020 3701 1235 3771; x_wconf 90' lang='lat' dir='ltr'><strong>species</strong></span> <span class='ocrx_word' id='word_1_525' title='bbox 1268 3700 1661 3772; x_wconf 88' lang='lat' dir='ltr'><strong>cupiditatum,</strong></span> <span class='ocrx_word' id='word_1_526' title='bbox 1692 3710 1749 3756; x_wconf 91' lang='lat' dir='ltr'><strong>et</strong></span> <span class='ocrx_word' id='word_1_527' title='bbox 1780 3709 1808 3738; x_wconf 76' lang='grc' dir='ltr'>ἰ</span> <span class='ocrx_word' id='word_1_528' title='bbox 1858 3702 2120 3757; x_wconf 85' lang='lat' dir='ltr'><strong>tortuosis</strong></span> 
     </span>
    </p>
   </div>
   <div class='ocr_carea' id='block_1_69' title="bbox 519 3789 2116 3859">
    <p class='ocr_par' dir='ltr' id='par_1_69' title="bbox 519 3789 2116 3859">
     <span class='ocr_line' id='line_1_69' title="bbox 519 3789 2116 3859; baseline 0.003 -16"><span class='ocrx_word' id='word_1_529' title='bbox 519 3789 812 3858; x_wconf 88' lang='lat' dir='ltr'><strong>angulatur</strong></span> <span class='ocrx_word' id='word_1_530' title='bbox 841 3789 1193 3848; x_wconf 90' lang='lat' dir='ltr'><strong>anfractibus.</strong></span> <span class='ocrx_word' id='word_1_531' title='bbox 1221 3791 1503 3849; x_wconf 80' lang='lat' dir='ltr'><strong>Venenum</strong></span> <span class='ocrx_word' id='word_1_532' title='bbox 1550 3793 1603 3847; x_wconf 92' lang='lat' dir='ltr'><strong>in</strong></span> <span class='ocrx_word' id='word_1_533' title='bbox 1634 3791 1890 3848; x_wconf 91' lang='lat' dir='ltr'><strong>dentibus</strong></span> <span class='ocrx_word' id='word_1_534' title='bbox 1921 3793 2116 3859; x_wconf 87' lang='lat' dir='ltr'><strong>habet,</strong></span> 
     </span>
    </p>
   </div>
   <div class='ocr_carea' id='block_1_70' title="bbox 517 3882 2137 3956">
    <p class='ocr_par' dir='ltr' id='par_1_70' title="bbox 517 3882 2137 3956">
     <span class='ocr_line' id='line_1_70' title="bbox 517 3882 2137 3956; baseline 0.001 -19"><span class='ocrx_word' id='word_1_535' title='bbox 517 3882 715 3953; x_wconf 86' lang='lat' dir='ltr'><strong>quibus</strong></span> <span class='ocrx_word' id='word_1_536' title='bbox 746 3886 1116 3956; x_wconf 88' lang='lat' dir='ltr'><strong>unusquisque</strong></span> <span class='ocrx_word' id='word_1_537' title='bbox 1146 3902 1207 3942; x_wconf 90' lang='lat' dir='ltr'><strong>se</strong></span> <span class='ocrx_word' id='word_1_538' title='bbox 1245 3885 1509 3942; x_wconf 90' lang='lat' dir='ltr'><strong>eviscerat</strong></span> <span class='ocrx_word' id='word_1_539' title='bbox 1558 3887 1905 3953; x_wconf 88' lang='lat' dir='ltr'><strong>luxuriosus,</strong></span> <span class='ocrx_word' id='word_1_540' title='bbox 1936 3886 2137 3943; x_wconf 18' lang='lat' dir='ltr'><strong>helluo,</strong></span> 
     </span>
    </p>
   </div>
   <div class='ocr_carea' id='block_1_71' title="bbox 520 3978 2120 4050">
    <p class='ocr_par' dir='ltr' id='par_1_71' title="bbox 520 3978 2120 4050">
     <span class='ocr_line' id='line_1_71' title="bbox 520 3978 2120 4050; baseline 0.001 -18"><span class='ocrx_word' id='word_1_541' title='bbox 520 3980 861 4046; x_wconf 88' lang='lat' dir='ltr'><strong>internecat,</strong></span> <span class='ocrx_word' id='word_1_542' title='bbox 891 3978 1219 4050; x_wconf 84' lang='lat' dir='ltr'><strong>abliguritor</strong></span> <span class='ocrx_word' id='word_1_543' title='bbox 1282 3978 1520 4049; x_wconf 90' lang='lat' dir='ltr'><strong>perimit.</strong></span> <span class='ocrx_word' id='word_1_544' title='bbox 1566 3978 1811 4048; x_wconf 88' lang='lat' dir='ltr'><strong>Quantos</strong></span> <span class='ocrx_word' id='word_1_545' title='bbox 1855 3989 2120 4050; x_wconf 88' lang='lat' dir='ltr'><strong>ruperunt</strong></span> 
     </span>
    </p>
   </div>
   <div class='ocr_carea' id='block_1_72' title="bbox 520 4072 1870 4141">
    <p class='ocr_par' dir='ltr' id='par_1_72' title="bbox 520 4072 1870 4141">
     <span class='ocr_line' id='line_1_72' title="bbox 520 4072 1870 4141; baseline -0.001 -14"><span class='ocrx_word' id='word_1_546' title='bbox 520 4073 645 4128; x_wconf 90' lang='lat' dir='ltr'><strong>vina</strong></span> <span class='ocrx_word' id='word_1_547' title='bbox 666 4116 682 4141; x_wconf 94' lang='lat'><strong>,</strong></span> <span class='ocrx_word' id='word_1_548' title='bbox 716 4074 966 4131; x_wconf 90' lang='lat' dir='ltr'><strong>dissolvit</strong></span> <span class='ocrx_word' id='word_1_549' title='bbox 995 4074 1267 4139; x_wconf 84' lang='lat' dir='ltr'><strong>ebrietas,</strong></span> <span class='ocrx_word' id='word_1_550' title='bbox 1297 4072 1558 4129; x_wconf 86' lang='lat' dir='ltr'><strong>distendit</strong></span> <span class='ocrx_word' id='word_1_551' title='bbox 1587 4072 1870 4127; x_wconf 85' lang='lat' dir='ltr'><strong>cruditas?</strong></span> 
     </span>
    </p>
   </div>
   <div class='ocr_carea' id='block_1_73' title="bbox 592 4166 2119 4239">
    <p class='ocr_par' dir='ltr' id='par_1_73' title="bbox 592 4166 2119 4239">
     <span class='ocr_line' id='line_1_73' title="bbox 592 4166 2119 4239; baseline 0.001 -18"><span class='ocrx_word' id='word_1_552' title='bbox 592 4166 683 4223; x_wconf 83' lang='grc'><strong>11.</strong></span> <span class='ocrx_word' id='word_1_553' title='bbox 725 4167 874 4223; x_wconf 82' lang='lat' dir='ltr'><strong>Nunc</strong></span> <span class='ocrx_word' id='word_1_554' title='bbox 901 4167 1146 4239; x_wconf 85' lang='lat' dir='ltr'><strong>intelligo</strong></span> <span class='ocrx_word' id='word_1_555' title='bbox 1165 4182 1271 4239; x_wconf 89' lang='lat' dir='ltr'><strong>qua</strong></span> <span class='ocrx_word' id='word_1_556' title='bbox 1302 4182 1461 4222; x_wconf 88' lang='lat' dir='ltr'><strong>causa</strong></span> <span class='ocrx_word' id='word_1_557' title='bbox 1493 4166 1754 4222; x_wconf 90' lang='lat' dir='ltr'><strong>Dominus</strong></span> <span class='ocrx_word' id='word_1_558' title='bbox 1782 4167 1926 4224; x_wconf 90' lang='lat' dir='ltr'><strong>Deus</strong></span> <span class='ocrx_word' id='word_1_559' title='bbox 1951 4168 2119 4224; x_wconf 92' lang='lat' dir='ltr'><strong>insuf-</strong></span> 
     </span>
    </p>
   </div>
   <div class='ocr_carea' id='block_1_74' title="bbox 517 4258 2118 4329">
    <p class='ocr_par' dir='ltr' id='par_1_74' title="bbox 517 4258 2118 4329">
     <span class='ocr_line' id='line_1_74' title="bbox 517 4258 2118 4329; baseline 0.004 -17"><span class='ocrx_word' id='word_1_560' title='bbox 517 4258 669 4314; x_wconf 86' lang='lat' dir='ltr'><strong>ﬂavit</strong></span> <span class='ocrx_word' id='word_1_561' title='bbox 689 4261 741 4313; x_wconf 93' lang='lat' dir='ltr'><strong>in</strong></span> <span class='ocrx_word' id='word_1_562' title='bbox 768 4261 960 4316; x_wconf 90' lang='lat' dir='ltr'><strong>faciem</strong></span> <span class='ocrx_word' id='word_1_563' title='bbox 993 4260 1231 4316; x_wconf 88' lang='lat' dir='ltr'><strong>hominis</strong></span> <span class='ocrx_word' id='word_1_564' title='bbox 1262 4278 1276 4316; x_wconf 87' lang='lat'><strong>:</strong></span> <span class='ocrx_word' id='word_1_565' title='bbox 1310 4260 1382 4316; x_wconf 89' lang='lat' dir='ltr'><strong>ibi</strong></span> <span class='ocrx_word' id='word_1_566' title='bbox 1414 4260 1557 4316; x_wconf 89' lang='lat' dir='ltr'><strong>enim</strong></span> <span class='ocrx_word' id='word_1_567' title='bbox 1583 4276 1776 4316; x_wconf 89' lang='lat' dir='ltr'><strong>sensus</strong></span> <span class='ocrx_word' id='word_1_568' title='bbox 1805 4264 2014 4329; x_wconf 90' lang='lat' dir='ltr'><strong>omnis,</strong></span> <span class='ocrx_word' id='word_1_569' title='bbox 2046 4263 2118 4320; x_wconf 88' lang='lat' dir='ltr'><strong>ibi</strong></span> 
     </span>
    </p>
   </div>
   <div class='ocr_carea' id='block_1_75' title="bbox 517 4352 2121 4424">
    <p class='ocr_par' dir='ltr' id='par_1_75' title="bbox 517 4352 2121 4424">
     <span class='ocr_line' id='line_1_75' title="bbox 517 4352 2121 4424; baseline 0.003 -17"><span class='ocrx_word' id='word_1_570' title='bbox 517 4352 679 4408; x_wconf 84' lang='lat' dir='ltr'><strong>sedes</strong></span> <span class='ocrx_word' id='word_1_571' title='bbox 706 4361 869 4422; x_wconf 88' lang='lat' dir='ltr'><strong>atque</strong></span> <span class='ocrx_word' id='word_1_572' title='bbox 913 4353 1168 4411; x_wconf 85' lang='lat' dir='ltr'><strong>illecebra</strong></span> <span class='ocrx_word' id='word_1_573' title='bbox 1212 4354 1624 4423; x_wconf 87' lang='lat' dir='ltr'><strong>delectationis,</strong></span> <span class='ocrx_word' id='word_1_574' title='bbox 1653 4357 1707 4412; x_wconf 92' lang='lat' dir='ltr'><strong>in</strong></span> <span class='ocrx_word' id='word_1_575' title='bbox 1737 4357 1942 4424; x_wconf 91' lang='lat' dir='ltr'><strong>oculis,</strong></span> <span class='ocrx_word' id='word_1_576' title='bbox 1972 4357 2121 4412; x_wconf 90' lang='lat' dir='ltr'><strong>auri-</strong></span> 
     </span>
    </p>
   </div>
   <div class='ocr_carea' id='block_1_76' title="bbox 520 4443 2119 4519">
    <p class='ocr_par' dir='ltr' id='par_1_76' title="bbox 520 4443 2119 4519">
     <span class='ocr_line' id='line_1_76' title="bbox 520 4443 2119 4519; baseline 0.003 -18"><span class='ocrx_word' id='word_1_577' title='bbox 520 4443 622 4501; x_wconf 88' lang='lat' dir='ltr'><strong>bus</strong></span> <span class='ocrx_word' id='word_1_578' title='bbox 645 4483 660 4511; x_wconf 91' lang='lat'><strong>,</strong></span> <span class='ocrx_word' id='word_1_579' title='bbox 705 4446 928 4500; x_wconf 87' lang='lat' dir='ltr'><strong>naribus</strong></span> <span class='ocrx_word' id='word_1_580' title='bbox 955 4488 968 4512; x_wconf 93' lang='lat'><strong>,</strong></span> <span class='ocrx_word' id='word_1_581' title='bbox 1010 4455 1171 4519; x_wconf 89' lang='lat' dir='ltr'><strong>atque</strong></span> <span class='ocrx_word' id='word_1_582' title='bbox 1197 4449 1252 4503; x_wconf 92' lang='lat' dir='ltr'><strong>in</strong></span> <span class='ocrx_word' id='word_1_583' title='bbox 1285 4464 1420 4514; x_wconf 89' lang='lat' dir='ltr'><strong>ore;</strong></span> <span class='ocrx_word' id='word_1_584' title='bbox 1470 4456 1528 4502; x_wconf 94' lang='lat' dir='ltr'><strong>ut</strong></span> <span class='ocrx_word' id='word_1_585' title='bbox 1564 4463 1758 4504; x_wconf 90' lang='lat' dir='ltr'><strong>sensus</strong></span> <span class='ocrx_word' id='word_1_586' title='bbox 1784 4458 2001 4505; x_wconf 78' lang='lat' dir='ltr'><strong>nostros</strong></span> <span class='ocrx_word' id='word_1_587' title='bbox 2022 4449 2119 4505; x_wconf 90' lang='lat' dir='ltr'><strong>ad-</strong></span> 
     </span>
    </p>
   </div>
   <div class='ocr_carea' id='block_1_77' title="bbox 517 4537 2111 4616">
    <p class='ocr_par' dir='ltr' id='par_1_77' title="bbox 517 4537 2111 4616">
     <span class='ocr_line' id='line_1_77' title="bbox 517 4537 2111 4616; baseline 0.003 -22"><span class='ocrx_word' id='word_1_588' title='bbox 517 4553 711 4594; x_wconf 86' lang='lat' dir='ltr'><strong>versus</strong></span> <span class='ocrx_word' id='word_1_589' title='bbox 756 4537 1179 4597; x_wconf 87' lang='lat' dir='ltr'><strong>delectationem</strong></span> <span class='ocrx_word' id='word_1_590' title='bbox 1228 4540 1486 4598; x_wconf 89' lang='lat' dir='ltr'><strong>fortiores</strong></span> <span class='ocrx_word' id='word_1_591' title='bbox 1532 4540 1740 4598; x_wconf 89' lang='lat' dir='ltr'><strong>faceret</strong></span> <span class='ocrx_word' id='word_1_592' title='bbox 1765 4541 1921 4616; x_wconf 82' lang='lat' dir='ltr'><strong>(Gen.</strong></span> <span class='ocrx_word' id='word_1_593' title='bbox 1949 4560 2009 4610; x_wconf 87' lang='grc' dir='ltr'>ιι,</span> <span class='ocrx_word' id='word_1_594' title='bbox 2034 4541 2111 4615; x_wconf 91' lang='grc'><strong>7).</strong></span> 
     </span>
    </p>
   </div>
   <div class='ocr_carea' id='block_1_78' title="bbox 2294 3327 3780 3400">
    <p class='ocr_par' dir='ltr' id='par_1_78' title="bbox 2294 3327 3780 3400">
     <span class='ocr_line' id='line_1_78' title="bbox 2294 3327 3780 3400; baseline 0 -19"><span class='ocrx_word' id='word_1_595' title='bbox 2294 3327 2382 3384; x_wconf 82' lang='grc'><strong>15.</strong></span> <span class='ocrx_word' id='word_1_596' title='bbox 2424 3327 2557 3383; x_wconf 82' lang='lat' dir='ltr'><strong>Nam</strong></span> <span class='ocrx_word' id='word_1_597' title='bbox 2591 3329 2635 3383; x_wconf 90' lang='lat' dir='ltr'><strong>si</strong></span> <span class='ocrx_word' id='word_1_598' title='bbox 2659 3343 2756 3399; x_wconf 91' lang='lat' dir='ltr'><strong>per</strong></span> <span class='ocrx_word' id='word_1_599' title='bbox 2780 3343 2875 3385; x_wconf 88' lang='lat' dir='ltr'><strong>eas</strong></span> <span class='ocrx_word' id='word_1_600' title='bbox 2902 3330 3113 3400; x_wconf 80' lang='lat' dir='ltr'><strong>Species</strong></span> <span class='ocrx_word' id='word_1_601' title='bbox 3153 3329 3420 3385; x_wconf 88' lang='lat' dir='ltr'><strong>minuitur</strong></span> <span class='ocrx_word' id='word_1_602' title='bbox 3454 3337 3666 3397; x_wconf 87' lang='lat' dir='ltr'><strong>natura,</strong></span> <span class='ocrx_word' id='word_1_603' title='bbox 3691 3342 3780 3399; x_wconf 77' lang='lat' dir='ltr'><strong>qua</strong></span> 
     </span>
    </p>
   </div>
   <div class='ocr_carea' id='block_1_79' title="bbox 2220 3422 3779 3502">
    <p class='ocr_par' dir='ltr' id='par_1_79' title="bbox 2220 3422 3779 3502">
     <span class='ocr_line' id='line_1_79' title="bbox 2220 3422 3779 3502; baseline 0.001 -27"><span class='ocrx_word' id='word_1_604' title='bbox 2220 3435 2329 3476; x_wconf 91' lang='lat' dir='ltr'><strong>non</strong></span> <span class='ocrx_word' id='word_1_605' title='bbox 2372 3430 2500 3477; x_wconf 90' lang='lat' dir='ltr'><strong>sunt</strong></span> <span class='ocrx_word' id='word_1_606' title='bbox 2534 3422 2709 3492; x_wconf 66' lang='lat' dir='ltr'><strong>culpae</strong></span> <span class='ocrx_word' id='word_1_607' title='bbox 2738 3437 3012 3502; x_wconf 74' lang='lat' dir='ltr'><strong>capaces;</strong></span> <span class='ocrx_word' id='word_1_608' title='bbox 3054 3434 3260 3494; x_wconf 89' lang='lat' dir='ltr'><strong>quanto</strong></span> <span class='ocrx_word' id='word_1_609' title='bbox 3287 3424 3461 3496; x_wconf 89' lang='lat' dir='ltr'><strong>magis</strong></span> <span class='ocrx_word' id='word_1_610' title='bbox 3494 3440 3590 3495; x_wconf 80' lang='lat' dir='ltr'><strong>per</strong></span> <span class='ocrx_word' id='word_1_611' title='bbox 3612 3423 3779 3477; x_wconf 77' lang='lat' dir='ltr'><strong>animos</strong></span> 
     </span>
    </p>
   </div>
   <div class='ocr_carea' id='block_1_80' title="bbox 2220 3515 3776 3588">
    <p class='ocr_par' dir='ltr' id='par_1_80' title="bbox 2220 3515 3776 3588">
     <span class='ocr_line' id='line_1_80' title="bbox 2220 3515 3776 3588; baseline 0.003 -21"><span class='ocrx_word' id='word_1_612' title='bbox 2220 3523 2384 3585; x_wconf 89' lang='lat' dir='ltr'><strong>atque</strong></span> <span class='ocrx_word' id='word_1_613' title='bbox 2409 3524 2560 3570; x_wconf 88' lang='lat' dir='ltr'><strong>artus</strong></span> <span class='ocrx_word' id='word_1_614' title='bbox 2591 3515 2713 3572; x_wconf 89' lang='lat' dir='ltr'><strong>labe</strong></span> <span class='ocrx_word' id='word_1_615' title='bbox 2743 3515 2980 3586; x_wconf 88' lang='lat' dir='ltr'><strong>pollutos</strong></span> <span class='ocrx_word' id='word_1_616' title='bbox 3002 3516 3274 3572; x_wconf 89' lang='lat' dir='ltr'><strong>scelerum</strong></span> <span class='ocrx_word' id='word_1_617' title='bbox 3305 3518 3476 3573; x_wconf 91' lang='lat' dir='ltr'><strong>virtus</strong></span> <span class='ocrx_word' id='word_1_618' title='bbox 3502 3518 3620 3588; x_wconf 87' lang='lat' dir='ltr'><strong>ejus</strong></span> <span class='ocrx_word' id='word_1_619' title='bbox 3649 3516 3776 3572; x_wconf 78' lang='lat' dir='ltr'><strong>hebe-</strong></span> 
     </span>
    </p>
   </div>
   <div class='ocr_carea' id='block_1_81' title="bbox 2225 3596 3777 3677">
    <p class='ocr_par' dir='ltr' id='par_1_81' title="bbox 2225 3596 3777 3677">
     <span class='ocr_line' id='line_1_81' title="bbox 2225 3596 3777 3677; baseline 0.002 -16"><span class='ocrx_word' id='word_1_620' title='bbox 2225 3596 2404 3661; x_wconf 84' lang='lat' dir='ltr'><strong>tatur!</strong></span> <span class='ocrx_word' id='word_1_621' title='bbox 2439 3605 2595 3663; x_wconf 89' lang='lat' dir='ltr'><strong>Unde</strong></span> <span class='ocrx_word' id='word_1_622' title='bbox 2642 3609 2767 3677; x_wconf 92' lang='lat' dir='ltr'><strong>quia</strong></span> <span class='ocrx_word' id='word_1_623' title='bbox 2810 3622 3128 3666; x_wconf 88' lang='lat' dir='ltr'><strong>excreverat</strong></span> <span class='ocrx_word' id='word_1_624' title='bbox 3168 3610 3401 3677; x_wconf 87' lang='lat' dir='ltr'><strong>malitia,</strong></span> <span class='ocrx_word' id='word_1_625' title='bbox 3434 3611 3638 3667; x_wconf 88' lang='lat' dir='ltr'><strong>abolita</strong></span> <span class='ocrx_word' id='word_1_626' title='bbox 3659 3610 3777 3665; x_wconf 78' lang='lat' dir='ltr'><strong>inno-</strong></span> 
     </span>
    </p>
   </div>
   <div class='ocr_carea' id='block_1_82' title="bbox 2222 3699 3776 3773">
    <p class='ocr_par' dir='ltr' id='par_1_82' title="bbox 2222 3699 3776 3773">
     <span class='ocr_line' id='line_1_82' title="bbox 2222 3699 3776 3773; baseline 0 -19"><span class='ocrx_word' id='word_1_627' title='bbox 2222 3699 2404 3755; x_wconf 91' lang='lat' dir='ltr'><strong>centia</strong></span> <span class='ocrx_word' id='word_1_628' title='bbox 2428 3699 2619 3769; x_wconf 88' lang='lat' dir='ltr'><strong>fuerat,</strong></span> <span class='ocrx_word' id='word_1_629' title='bbox 2648 3716 2755 3756; x_wconf 89' lang='lat' dir='ltr'><strong>non</strong></span> <span class='ocrx_word' id='word_1_630' title='bbox 2773 3711 2889 3758; x_wconf 90' lang='lat' dir='ltr'><strong>erat</strong></span> <span class='ocrx_word' id='word_1_631' title='bbox 2906 3704 2995 3773; x_wconf 89' lang='lat' dir='ltr'><strong>qui</strong></span> <span class='ocrx_word' id='word_1_632' title='bbox 3016 3702 3219 3758; x_wconf 87' lang='lat' dir='ltr'><strong>faceret</strong></span> <span class='ocrx_word' id='word_1_633' title='bbox 3234 3703 3560 3769; x_wconf 86' lang='lat' dir='ltr'><strong>bonitatem,</strong></span> <span class='ocrx_word' id='word_1_634' title='bbox 3578 3719 3676 3760; x_wconf 88' lang='lat' dir='ltr'><strong>non</strong></span> <span class='ocrx_word' id='word_1_635' title='bbox 3689 3709 3776 3757; x_wconf 85' lang='lat' dir='ltr'><strong>erat</strong></span> 
     </span>
    </p>
   </div>
   <div class='ocr_carea' id='block_1_83' title="bbox 2224 3793 3777 3867">
    <p class='ocr_par' dir='ltr' id='par_1_83' title="bbox 2224 3793 3777 3867">
     <span class='ocr_line' id='line_1_83' title="bbox 2224 3793 3777 3867; baseline 0 -18"><span class='ocrx_word' id='word_1_636' title='bbox 2224 3809 2393 3865; x_wconf 91' lang='lat' dir='ltr'><strong>usque</strong></span> <span class='ocrx_word' id='word_1_637' title='bbox 2407 3794 2474 3849; x_wconf 90' lang='lat' dir='ltr'><strong>ad</strong></span> <span class='ocrx_word' id='word_1_638' title='bbox 2492 3810 2656 3849; x_wconf 90' lang='lat' dir='ltr'><strong>unum</strong></span> <span class='ocrx_word' id='word_1_639' title='bbox 2676 3793 2847 3866; x_wconf 82' lang='lat' dir='ltr'><strong>(Psal.</strong></span> <span class='ocrx_word' id='word_1_640' title='bbox 2874 3811 2991 3859; x_wconf 88' lang='lat' dir='ltr'><strong>xm,</strong></span> <span class='ocrx_word' id='word_1_641' title='bbox 3019 3795 3071 3867; x_wconf 96' lang='grc'><strong>1)</strong></span> <span class='ocrx_word' id='word_1_642' title='bbox 3093 3813 3106 3849; x_wconf 91' lang='lat'><strong>:</strong></span> <span class='ocrx_word' id='word_1_643' title='bbox 3136 3796 3281 3852; x_wconf 88' lang='lat' dir='ltr'><strong>venit</strong></span> <span class='ocrx_word' id='word_1_644' title='bbox 3307 3797 3595 3865; x_wconf 89' lang='lat' dir='ltr'><strong>Dominus,</strong></span> <span class='ocrx_word' id='word_1_645' title='bbox 3617 3795 3699 3867; x_wconf 88' lang='lat' dir='ltr'><strong>qui</strong></span> <span class='ocrx_word' id='word_1_646' title='bbox 3717 3809 3777 3850; x_wconf 80' lang='lat' dir='ltr'><strong>re-</strong></span> 
     </span>
    </p>
   </div>
   <div class='ocr_carea' id='block_1_84' title="bbox 2223 3888 3776 3964">
    <p class='ocr_par' dir='ltr' id='par_1_84' title="bbox 2223 3888 3776 3964">
     <span class='ocr_line' id='line_1_84' title="bbox 2223 3888 3776 3964; baseline 0.001 -21"><span class='ocrx_word' id='word_1_647' title='bbox 2223 3888 2393 3944; x_wconf 89' lang='lat' dir='ltr'><strong>forma</strong></span> <span class='ocrx_word' id='word_1_648' title='bbox 2405 3898 2487 3945; x_wconf 88' lang='lat' dir='ltr'><strong>ret</strong></span> <span class='ocrx_word' id='word_1_649' title='bbox 2503 3898 2708 3945; x_wconf 61' lang='lat' dir='ltr'><strong>natura?</strong></span> <span class='ocrx_word' id='word_1_650' title='bbox 2724 3890 2978 3961; x_wconf 82' lang='lat' dir='ltr'><strong>gratiam,</strong></span> <span class='ocrx_word' id='word_1_651' title='bbox 2996 3891 3161 3946; x_wconf 90' lang='lat' dir='ltr'><strong>immo</strong></span> <span class='ocrx_word' id='word_1_652' title='bbox 3177 3902 3434 3964; x_wconf 84' lang='lat' dir='ltr'><strong>augeret;</strong></span> <span class='ocrx_word' id='word_1_653' title='bbox 3454 3894 3776 3961; x_wconf 83' lang='lat' dir='ltr'><strong>utuhisuper—</strong></span> 
     </span>
    </p>
   </div>
   <div class='ocr_carea' id='block_1_85' title="bbox 2223 3982 3776 4059">
    <p class='ocr_par' dir='ltr' id='par_1_85' title="bbox 2223 3982 3776 4059">
     <span class='ocr_line' id='line_1_85' title="bbox 2223 3982 3776 4059; baseline 0.001 -24"><span class='ocrx_word' id='word_1_654' title='bbox 2223 3982 2514 4038; x_wconf 87' lang='lat' dir='ltr'><strong>abundavit</strong></span> <span class='ocrx_word' id='word_1_655' title='bbox 2539 3993 2841 4054; x_wconf 87' lang='lat' dir='ltr'><strong>peccatum,</strong></span> <span class='ocrx_word' id='word_1_656' title='bbox 2870 3985 3336 4055; x_wconf 82' lang='lat' dir='ltr'><strong>superabundaret</strong></span> <span class='ocrx_word' id='word_1_657' title='bbox 3356 3989 3553 4059; x_wconf 87' lang='lat' dir='ltr'><strong>gratia.</strong></span> <span class='ocrx_word' id='word_1_658' title='bbox 3582 3987 3707 4058; x_wconf 80' lang='lat' dir='ltr'><strong>Ergo</strong></span> <span class='ocrx_word' id='word_1_659' title='bbox 3730 3985 3776 4038; x_wconf 83' lang='lat' dir='ltr'><strong>li-</strong></span> 
     </span>
    </p>
   </div>
   <div class='ocr_carea' id='block_1_86' title="bbox 2222 4076 3772 4152">
    <p class='ocr_par' dir='ltr' id='par_1_86' title="bbox 2222 4076 3772 4152">
     <span class='ocr_line' id='line_1_86' title="bbox 2222 4076 3772 4152; baseline 0.001 -21"><span class='ocrx_word' id='word_1_660' title='bbox 2222 4089 2348 4147; x_wconf 88' lang='lat' dir='ltr'><strong>quet</strong></span> <span class='ocrx_word' id='word_1_661' title='bbox 2371 4086 2427 4132; x_wconf 91' lang='lat' dir='ltr'><strong>et</strong></span> <span class='ocrx_word' id='word_1_662' title='bbox 2447 4078 2573 4148; x_wconf 91' lang='lat' dir='ltr'><strong>quia</strong></span> <span class='ocrx_word' id='word_1_663' title='bbox 2594 4085 2782 4133; x_wconf 89' lang='lat' dir='ltr'><strong>auctor</strong></span> <span class='ocrx_word' id='word_1_664' title='bbox 2809 4076 3046 4134; x_wconf 87' lang='lat' dir='ltr'><strong>hominis</strong></span> <span class='ocrx_word' id='word_1_665' title='bbox 3068 4080 3232 4147; x_wconf 86' lang='lat' dir='ltr'><strong>Deus,</strong></span> <span class='ocrx_word' id='word_1_666' title='bbox 3248 4091 3303 4136; x_wconf 90' lang='lat' dir='ltr'><strong>et</strong></span> <span class='ocrx_word' id='word_1_667' title='bbox 3322 4081 3467 4152; x_wconf 84' lang='lat' dir='ltr'><strong>quod</strong></span> <span class='ocrx_word' id='word_1_668' title='bbox 3491 4081 3631 4137; x_wconf 86' lang='lat' dir='ltr'><strong>Dens</strong></span> <span class='ocrx_word' id='word_1_669' title='bbox 3646 4093 3772 4142; x_wconf 78' lang='lat' dir='ltr'><strong>unas,</strong></span> 
     </span>
    </p>
   </div>
   <div class='ocr_carea' id='block_1_87' title="bbox 2222 4171 3775 4245">
    <p class='ocr_par' dir='ltr' id='par_1_87' title="bbox 2222 4171 3775 4245">
     <span class='ocr_line' id='line_1_87' title="bbox 2222 4171 3775 4245; baseline -0.001 -18"><span class='ocrx_word' id='word_1_670' title='bbox 2222 4187 2329 4227; x_wconf 86' lang='lat' dir='ltr'><strong>non</strong></span> <span class='ocrx_word' id='word_1_671' title='bbox 2360 4173 2511 4227; x_wconf 92' lang='lat' dir='ltr'><strong>multi</strong></span> <span class='ocrx_word' id='word_1_672' title='bbox 2543 4171 2618 4227; x_wconf 89' lang='lat' dir='ltr'><strong>dii</strong></span> <span class='ocrx_word' id='word_1_673' title='bbox 2647 4190 2659 4227; x_wconf 86' lang='lat'>:</span> <span class='ocrx_word' id='word_1_674' title='bbox 2685 4172 2780 4229; x_wconf 91' lang='lat' dir='ltr'><strong>sed</strong></span> <span class='ocrx_word' id='word_1_675' title='bbox 2800 4188 2938 4228; x_wconf 91' lang='lat' dir='ltr'><strong>unus</strong></span> <span class='ocrx_word' id='word_1_676' title='bbox 2958 4174 3049 4244; x_wconf 92' lang='lat' dir='ltr'><strong>qui</strong></span> <span class='ocrx_word' id='word_1_677' title='bbox 3069 4174 3329 4230; x_wconf 91' lang='lat' dir='ltr'><strong>mundum</strong></span> <span class='ocrx_word' id='word_1_678' title='bbox 3357 4185 3613 4245; x_wconf 84' lang='lat' dir='ltr'><strong>operatus</strong></span> <span class='ocrx_word' id='word_1_679' title='bbox 3629 4180 3775 4235; x_wconf 79' lang='lat' dir='ltr'><strong>est;et</strong></span> 
     </span>
    </p>
   </div>
   <div class='ocr_carea' id='block_1_88' title="bbox 2223 4265 3692 4340">
    <p class='ocr_par' dir='ltr' id='par_1_88' title="bbox 2223 4265 3692 4340">
     <span class='ocr_line' id='line_1_88' title="bbox 2223 4265 3692 4340; baseline 0.002 -21"><span class='ocrx_word' id='word_1_680' title='bbox 2223 4281 2410 4332; x_wconf 91' lang='lat' dir='ltr'><strong>unum,</strong></span> <span class='ocrx_word' id='word_1_681' title='bbox 2440 4281 2546 4321; x_wconf 88' lang='lat' dir='ltr'><strong>non</strong></span> <span class='ocrx_word' id='word_1_682' title='bbox 2569 4265 2769 4321; x_wconf 84' lang='lat' dir='ltr'><strong>multos</strong></span> <span class='ocrx_word' id='word_1_683' title='bbox 2793 4268 3134 4337; x_wconf 79' lang='lat' dir='ltr'><strong>mundos,lut</strong></span> <span class='ocrx_word' id='word_1_684' title='bbox 3156 4268 3343 4324; x_wconf 89' lang='lat' dir='ltr'><strong>dicunt</strong></span> <span class='ocrx_word' id='word_1_685' title='bbox 3371 4267 3692 4340; x_wconf 89' lang='lat' dir='ltr'><strong>philosophi.</strong></span> 
     </span>
    </p>
   </div>
   <div class='ocr_carea' id='block_1_89' title="bbox 2296 4358 3776 4432">
    <p class='ocr_par' dir='ltr' id='par_1_89' title="bbox 2296 4358 3776 4432">
     <span class='ocr_line' id='line_1_89' title="bbox 2296 4358 3776 4432; baseline 0.001 -20"><span class='ocrx_word' id='word_1_686' title='bbox 2296 4358 2383 4414; x_wconf 84' lang='grc'><strong>16.</strong></span> <span class='ocrx_word' id='word_1_687' title='bbox 2425 4358 2664 4415; x_wconf 89' lang='lat' dir='ltr'><strong>Primum</strong></span> <span class='ocrx_word' id='word_1_688' title='bbox 2692 4359 2853 4432; x_wconf 85' lang='lat' dir='ltr'><strong>igitur</strong></span> <span class='ocrx_word' id='word_1_689' title='bbox 2886 4362 3147 4418; x_wconf 91' lang='lat' dir='ltr'><strong>mundum</strong></span> <span class='ocrx_word' id='word_1_690' title='bbox 3168 4377 3294 4419; x_wconf 90' lang='lat' dir='ltr'><strong>crea</strong></span> <span class='ocrx_word' id='word_1_691' title='bbox 3307 4363 3407 4426; x_wconf 87' lang='lat' dir='ltr'><strong>vit,</strong></span> <span class='ocrx_word' id='word_1_692' title='bbox 3434 4362 3628 4418; x_wconf 87' lang='lat' dir='ltr'><strong>deinde</strong></span> <span class='ocrx_word' id='word_1_693' title='bbox 3658 4361 3776 4416; x_wconf 85' lang='lat' dir='ltr'><strong>habi-</strong></span> 
     </span>
    </p>
   </div>
   <div class='ocr_carea' id='block_1_90' title="bbox 2223 4450 3774 4525">
    <p class='ocr_par' dir='ltr' id='par_1_90' title="bbox 2223 4450 3774 4525">
     <span class='ocr_line' id='line_1_90' title="bbox 2223 4450 3774 4525; baseline 0.004 -22"><span class='ocrx_word' id='word_1_694' title='bbox 2223 4458 2448 4506; x_wconf 90' lang='lat' dir='ltr'><strong>tatorem</strong></span> <span class='ocrx_word' id='word_1_695' title='bbox 2475 4450 2686 4519; x_wconf 91' lang='lat' dir='ltr'><strong>mundi,</strong></span> <span class='ocrx_word' id='word_1_696' title='bbox 2722 4452 2812 4508; x_wconf 93' lang='lat' dir='ltr'><strong>cui</strong></span> <span class='ocrx_word' id='word_1_697' title='bbox 2851 4461 2995 4509; x_wconf 81' lang='lat' dir='ltr'><strong>totus</strong></span> <span class='ocrx_word' id='word_1_698' title='bbox 3032 4454 3266 4510; x_wconf 90' lang='lat' dir='ltr'><strong>mundus</strong></span> <span class='ocrx_word' id='word_1_699' title='bbox 3290 4454 3463 4525; x_wconf 87' lang='lat' dir='ltr'><strong>patria</strong></span> <span class='ocrx_word' id='word_1_700' title='bbox 3492 4456 3646 4512; x_wconf 75' lang='lat' dir='ltr'><strong>foret.</strong></span> <span class='ocrx_word' id='word_1_701' title='bbox 3670 4451 3774 4509; x_wconf 73' lang='lat' dir='ltr'><strong>Nam</strong></span> 
     </span>
    </p>
   </div>
   <div class='ocr_carea' id='block_1_91' title="bbox 2220 4543 3775 4621">
    <p class='ocr_par' dir='ltr' id='par_1_91' title="bbox 2220 4543 3775 4621">
     <span class='ocr_line' id='line_1_91' title="bbox 2220 4543 3775 4621; baseline 0.001 -24"><span class='ocrx_word' id='word_1_702' title='bbox 2220 4543 2267 4597; x_wconf 90' lang='lat' dir='ltr'><strong>si</strong></span> <span class='ocrx_word' id='word_1_703' title='bbox 2300 4543 2459 4600; x_wconf 89' lang='lat' dir='ltr'><strong>hodie</strong></span> <span class='ocrx_word' id='word_1_704' title='bbox 2479 4560 2823 4617; x_wconf 89' lang='lat' dir='ltr'><strong>quocumque</strong></span> <span class='ocrx_word' id='word_1_705' title='bbox 2849 4550 3146 4605; x_wconf 89' lang='lat' dir='ltr'><strong>accesserit</strong></span> <span class='ocrx_word' id='word_1_706' title='bbox 3175 4549 3430 4620; x_wconf 83' lang='lat' dir='ltr'><strong>sapiens,</strong></span> <span class='ocrx_word' id='word_1_707' title='bbox 3454 4550 3647 4621; x_wconf 89' lang='lat' dir='ltr'><strong>ubique</strong></span> <span class='ocrx_word' id='word_1_708' title='bbox 3671 4546 3775 4602; x_wconf 77' lang='lat' dir='ltr'><strong>ciris</strong></span> 
     </span>
    </p>
   </div>
   <div class='ocr_carea' id='block_1_92' title="bbox 517 4628 3773 4715">
    <p class='ocr_par' dir='ltr' id='par_1_92' title="bbox 517 4628 3773 4715">
     <span class='ocr_line' id='line_1_92' title="bbox 517 4628 3773 4715; baseline 0.003 -29"><span class='ocrx_word' id='word_1_709' title='bbox 517 4630 647 4687; x_wconf 71' lang='lat' dir='ltr'><strong>Haec</strong></span> <span class='ocrx_word' id='word_1_710' title='bbox 672 4646 804 4703; x_wconf 89' lang='lat' dir='ltr'><strong>ergo</strong></span> <span class='ocrx_word' id='word_1_711' title='bbox 833 4632 1014 4701; x_wconf 90' lang='lat' dir='ltr'><strong>nobis,</strong></span> <span class='ocrx_word' id='word_1_712' title='bbox 1044 4634 1188 4690; x_wconf 90' lang='lat' dir='ltr'><strong>sicut</strong></span> <span class='ocrx_word' id='word_1_713' title='bbox 1212 4648 1442 4704; x_wconf 87' lang='lat' dir='ltr'><strong>serpens</strong></span> <span class='ocrx_word' id='word_1_714' title='bbox 1472 4636 1725 4691; x_wconf 88' lang='lat' dir='ltr'><strong>astutiam</strong></span> <span class='ocrx_word' id='word_1_715' title='bbox 1757 4635 1978 4704; x_wconf 87' lang='lat' dir='ltr'><strong>infudit;</strong></span> <span class='ocrx_word' id='word_1_716' title='bbox 2007 4652 2115 4693; x_wconf 92' lang='lat' dir='ltr'><strong>non</strong></span> <span class='ocrx_word' id='word_1_717' title='bbox 2143 4628 2197 4691; x_wconf 84' lang='lat' dir='ltr'><strong>D</strong></span> <span class='ocrx_word' id='word_1_718' title='bbox 2220 4648 2335 4704; x_wconf 79' lang='lat' dir='ltr'><strong>est,</strong></span> <span class='ocrx_word' id='word_1_719' title='bbox 2374 4639 2571 4711; x_wconf 88' lang='lat' dir='ltr'><strong>ubique</strong></span> <span class='ocrx_word' id='word_1_720' title='bbox 2596 4653 2693 4694; x_wconf 88' lang='lat' dir='ltr'><strong>sua</strong></span> <span class='ocrx_word' id='word_1_721' title='bbox 2730 4641 2980 4713; x_wconf 89' lang='lat' dir='ltr'><strong>intelligit</strong></span> <span class='ocrx_word' id='word_1_722' title='bbox 3005 4684 3019 4709; x_wconf 90' lang='lat'><strong>,</strong></span> <span class='ocrx_word' id='word_1_723' title='bbox 3062 4656 3329 4714; x_wconf 88' lang='lat' dir='ltr'><strong>nusquam</strong></span> <span class='ocrx_word' id='word_1_724' title='bbox 3360 4658 3422 4699; x_wconf 87' lang='lat' dir='ltr'><strong>se</strong></span> <span class='ocrx_word' id='word_1_725' title='bbox 3447 4643 3773 4715; x_wconf 80' lang='lat' dir='ltr'><strong>peregrinum,</strong></span> 
     </span>
    </p>
   </div>
   <div class='ocr_carea' id='block_1_93' title="bbox 516 4722 2109 4812">
    <p class='ocr_par' dir='ltr' id='par_1_93' title="bbox 516 4722 2109 4812">
     <span class='ocr_line' id='line_1_93' title="bbox 516 4722 2109 4812; baseline 0.003 -30"><span class='ocrx_word' id='word_1_726' title='bbox 516 4722 662 4783; x_wconf 90' lang='lat' dir='ltr'><strong>enim</strong></span> <span class='ocrx_word' id='word_1_727' title='bbox 684 4725 1003 4796; x_wconf 89' lang='lat' dir='ltr'><strong>delectatio,</strong></span> <span class='ocrx_word' id='word_1_728' title='bbox 1028 4727 1123 4784; x_wconf 87' lang='lat' dir='ltr'><strong>sed</strong></span> <span class='ocrx_word' id='word_1_729' title='bbox 1147 4728 1301 4812; x_wconf 76' lang='lat' dir='ltr'><strong>labor</strong></span> <span class='ocrx_word' id='word_1_730' title='bbox 1326 4736 1383 4784; x_wconf 89' lang='lat' dir='ltr'><strong>et</strong></span> <span class='ocrx_word' id='word_1_731' title='bbox 1405 4727 1657 4783; x_wconf 91' lang='lat' dir='ltr'><strong>diuturna</strong></span> <span class='ocrx_word' id='word_1_732' title='bbox 1685 4729 1966 4785; x_wconf 85' lang='lat' dir='ltr'><strong>meditatio</strong></span> <span class='ocrx_word' id='word_1_733' title='bbox 1985 4745 2109 4786; x_wconf 90' lang='lat' dir='ltr'><strong>cum</strong></span> 
     </span>
    </p>
   </div>
   <div class='ocr_carea' id='block_1_94' title="bbox 515 4820 1656 4894">
    <p class='ocr_par' dir='ltr' id='par_1_94' title="bbox 515 4820 1656 4894">
     <span class='ocr_line' id='line_1_94' title="bbox 515 4820 1656 4894; baseline 0.004 -19"><span class='ocrx_word' id='word_1_734' title='bbox 515 4820 615 4878; x_wconf 86' lang='lat' dir='ltr'><strong>Dei</strong></span> <span class='ocrx_word' id='word_1_735' title='bbox 640 4823 814 4894; x_wconf 84' lang='lat' dir='ltr'><strong>gratia</strong></span> <span class='ocrx_word' id='word_1_736' title='bbox 838 4822 932 4878; x_wconf 89' lang='lat' dir='ltr'><strong>dat</strong></span> <span class='ocrx_word' id='word_1_737' title='bbox 958 4822 1257 4894; x_wconf 87' lang='lat' dir='ltr'><strong>perfectam</strong></span> <span class='ocrx_word' id='word_1_738' title='bbox 1289 4822 1656 4894; x_wconf 91' lang='lat' dir='ltr'><strong>prudentiam.</strong></span> 
     </span>
    </p>
   </div>
   <div class='ocr_carea' id='block_1_95' title="bbox 586 4912 2107 4986">
    <p class='ocr_par' dir='ltr' id='par_1_95' title="bbox 586 4912 2107 4986">
     <span class='ocr_line' id='line_1_95' title="bbox 586 4912 2107 4986; baseline 0.003 -16"><span class='ocrx_word' id='word_1_739' title='bbox 586 4912 677 4970; x_wconf 75' lang='grc'><strong>12.</strong></span> <span class='ocrx_word' id='word_1_740' title='bbox 718 4913 922 4971; x_wconf 80' lang='lat' dir='ltr'><strong>Tamen</strong></span> <span class='ocrx_word' id='word_1_741' title='bbox 949 4916 1074 4986; x_wconf 88' lang='lat' dir='ltr'><strong>quia</strong></span> <span class='ocrx_word' id='word_1_742' title='bbox 1119 4916 1391 4986; x_wconf 87' lang='lat' dir='ltr'><strong>serpentis</strong></span> <span class='ocrx_word' id='word_1_743' title='bbox 1425 4915 1703 4972; x_wconf 89' lang='lat' dir='ltr'><strong>fraudibus</strong></span> <span class='ocrx_word' id='word_1_744' title='bbox 1744 4917 1991 4973; x_wconf 85' lang='lat' dir='ltr'><strong>involuta</strong></span> <span class='ocrx_word' id='word_1_745' title='bbox 2022 4929 2107 4975; x_wconf 89' lang='lat' dir='ltr'><strong>est</strong></span> 
     </span>
    </p>
   </div>
   <div class='ocr_carea' id='block_1_96' title="bbox 583 5029 2107 5102">
    <p class='ocr_par' dir='ltr' id='par_1_96' title="bbox 583 5029 2107 5102">
     <span class='ocr_line' id='line_1_96' title="bbox 583 5029 2107 5102; baseline 0.004 -21"><span class='ocrx_word' id='word_1_746' title='bbox 583 5037 611 5066; x_wconf 71' lang='grc' dir='ltr'>α</span> <span class='ocrx_word' id='word_1_747' title='bbox 637 5029 882 5102; x_wconf 68' lang='grc' dir='ltr'>ᾼΙΙιιςιιηι</span> <span class='ocrx_word' id='word_1_748' title='bbox 915 5029 1018 5087; x_wconf 87' lang='lat' dir='ltr'><strong>hoc</strong></span> <span class='ocrx_word' id='word_1_749' title='bbox 1048 5032 1213 5086; x_wconf 91' lang='lat' dir='ltr'><strong>verbo</strong></span> <span class='ocrx_word' id='word_1_750' title='bbox 1239 5032 1520 5102; x_wconf 83' lang='lat' dir='ltr'><strong>angulalur</strong></span> <span class='ocrx_word' id='word_1_751' title='bbox 1547 5030 1611 5084; x_wconf 93' lang='lat' dir='ltr'><strong>ad</strong></span> <span class='ocrx_word' id='word_1_752' title='bbox 1636 5040 1863 5102; x_wconf 85' lang='lat' dir='ltr'><strong>etymon</strong></span> <span class='ocrx_word' id='word_1_753' title='bbox 1893 5032 2107 5102; x_wconf 86' lang='lat' dir='ltr'><strong>anguis,</strong></span> 
     </span>
    </p>
   </div>
   <div class='ocr_carea' id='block_1_97' title="bbox 508 5099 2107 5174">
    <p class='ocr_par' dir='ltr' id='par_1_97' title="bbox 508 5099 2107 5174">
     <span class='ocr_line' id='line_1_97' title="bbox 508 5099 2107 5174; baseline 0.002 -20"><span class='ocrx_word' id='word_1_754' title='bbox 508 5099 653 5174; x_wconf 71' lang='lat' dir='ltr'><strong>quod</strong></span> <span class='ocrx_word' id='word_1_755' title='bbox 682 5116 741 5155; x_wconf 87' lang='lat' dir='ltr'><strong>se</strong></span> <span class='ocrx_word' id='word_1_756' title='bbox 756 5101 1113 5174; x_wconf 70' lang='lat' dir='ltr'><strong>circumagat,</strong></span> <span class='ocrx_word' id='word_1_757' title='bbox 1145 5112 1202 5158; x_wconf 90' lang='lat' dir='ltr'><strong>et</strong></span> <span class='ocrx_word' id='word_1_758' title='bbox 1229 5099 1594 5158; x_wconf 75' lang='lat' dir='ltr'><strong>voluminibus</strong></span> <span class='ocrx_word' id='word_1_759' title='bbox 1622 5099 1890 5174; x_wconf 80' lang='lat' dir='ltr'><strong>implicet,</strong></span> <span class='ocrx_word' id='word_1_760' title='bbox 1919 5099 2039 5174; x_wconf 68' lang='lat' dir='ltr'><strong>quae</strong></span> <span class='ocrx_word' id='word_1_761' title='bbox 2079 5118 2107 5157; x_wconf 90' lang='lat' dir='ltr'><strong>a</strong></span> 
     </span>
    </p>
   </div>
   <div class='ocr_carea' id='block_1_98' title="bbox 509 5170 2110 5255">
    <p class='ocr_par' dir='ltr' id='par_1_98' title="bbox 509 5170 2110 5255">
     <span class='ocr_line' id='line_1_98' title="bbox 509 5170 2110 5255; baseline 0.001 -29"><span class='ocrx_word' id='word_1_762' title='bbox 509 5170 805 5255; x_wconf 73' lang='lat' dir='ltr'><strong>Prudentio</strong></span> <span class='ocrx_word' id='word_1_763' title='bbox 826 5170 1197 5246; x_wconf 63' lang='lat' dir='ltr'><strong>Ciceroiteq|te</strong></span> <span class='ocrx_word' id='word_1_764' title='bbox 1219 5174 1458 5229; x_wconf 87' lang='lat' dir='ltr'><strong>Meandri</strong></span> <span class='ocrx_word' id='word_1_765' title='bbox 1478 5170 1835 5245; x_wconf 80' lang='lat' dir='ltr'><strong>appellantur.</strong></span> <span class='ocrx_word' id='word_1_766' title='bbox 1867 5170 1948 5230; x_wconf 80' lang='lat' dir='ltr'><strong>Ita</strong></span> <span class='ocrx_word' id='word_1_767' title='bbox 1967 5172 2110 5229; x_wconf 79' lang='lat' dir='ltr'><strong>Nan-</strong></span> 
     </span>
    </p>
   </div>
   <div class='ocr_carea' id='block_1_99' title="bbox 509 5257 655 5298">
    <p class='ocr_par' dir='ltr' id='par_1_99' title="bbox 509 5257 655 5298">
     <span class='ocr_line' id='line_1_99' title="bbox 509 5257 655 5298; baseline -0.014 -1"><span class='ocrx_word' id='word_1_768' title='bbox 509 5257 655 5298; x_wconf 78' lang='lat' dir='ltr'><strong>nllIS.</strong></span> 
     </span>
    </p>
   </div>
   <div class='ocr_carea' id='block_1_100' title="bbox 580 5313 2101 5388">
    <p class='ocr_par' dir='ltr' id='par_1_100' title="bbox 580 5313 2101 5388">
     <span class='ocr_line' id='line_1_100' title="bbox 580 5313 2101 5388; baseline 0.003 -16"><span class='ocrx_word' id='word_1_769' title='bbox 580 5313 609 5388; x_wconf 63' lang='lat'><strong>1?</strong></span> <span class='ocrx_word' id='word_1_770' title='bbox 637 5313 905 5372; x_wconf 84' lang='lat' dir='ltr'><strong>Germana</strong></span> <span class='ocrx_word' id='word_1_771' title='bbox 938 5316 1062 5373; x_wconf 85' lang='lat' dir='ltr'><strong>huic</strong></span> <span class='ocrx_word' id='word_1_772' title='bbox 1089 5318 1210 5373; x_wconf 92' lang='lat' dir='ltr'><strong>loco</strong></span> <span class='ocrx_word' id='word_1_773' title='bbox 1238 5316 1477 5388; x_wconf 85' lang='lat' dir='ltr'><strong>reperies</strong></span> <span class='ocrx_word' id='word_1_774' title='bbox 1504 5314 1563 5371; x_wconf 83' lang='lat' dir='ltr'><strong>In</strong></span> <span class='ocrx_word' id='word_1_775' title='bbox 1594 5331 1676 5387; x_wconf 88' lang='lat' dir='ltr'><strong>ps.</strong></span> <span class='ocrx_word' id='word_1_776' title='bbox 1710 5332 1924 5381; x_wconf 81' lang='lat' dir='ltr'><strong>xxxvtt,</strong></span> <span class='ocrx_word' id='word_1_777' title='bbox 1959 5334 2014 5373; x_wconf 93' lang='lat' dir='ltr'><strong>n.</strong></span> <span class='ocrx_word' id='word_1_778' title='bbox 2046 5319 2101 5387; x_wconf 89' lang='lat'><strong>8,</strong></span> 
     </span>
    </p>
   </div>
   <div class='ocr_carea' id='block_1_101' title="bbox 509 5387 1418 5457">
    <p class='ocr_par' dir='ltr' id='par_1_101' title="bbox 509 5387 1418 5457">
     <span class='ocr_line' id='line_1_101' title="bbox 509 5387 1418 5457; baseline 0.002 -17"><span class='ocrx_word' id='word_1_779' title='bbox 509 5395 566 5440; x_wconf 91' lang='lat' dir='ltr'><strong>et</strong></span> <span class='ocrx_word' id='word_1_780' title='bbox 591 5387 646 5441; x_wconf 91' lang='lat' dir='ltr'><strong>in</strong></span> <span class='ocrx_word' id='word_1_781' title='bbox 678 5403 759 5457; x_wconf 89' lang='lat' dir='ltr'><strong>ps.</strong></span> <span class='ocrx_word' id='word_1_782' title='bbox 790 5404 975 5453; x_wconf 81' lang='lat' dir='ltr'><strong>cxvttt,</strong></span> <span class='ocrx_word' id='word_1_783' title='bbox 1003 5388 1126 5446; x_wconf 88' lang='lat' dir='ltr'><strong>Ser.</strong></span> <span class='ocrx_word' id='word_1_784' title='bbox 1155 5393 1207 5455; x_wconf 80' lang='lat' dir='ltr'><strong>ii,</strong></span> <span class='ocrx_word' id='word_1_785' title='bbox 1238 5387 1418 5444; x_wconf 60' lang='lat' dir='ltr'><strong>ngas.</strong></span> 
     </span>
    </p>
   </div>
   <div class='ocr_carea' id='block_1_102' title="bbox 584 5458 2105 5533">
    <p class='ocr_par' dir='ltr' id='par_1_102' title="bbox 584 5458 2105 5533">
     <span class='ocr_line' id='line_1_102' title="bbox 584 5458 2105 5533; baseline 0.005 -22"><span class='ocrx_word' id='word_1_786' title='bbox 584 5469 606 5495; x_wconf 77' lang='grc' dir='ltr'><strong>ο</strong></span> <span class='ocrx_word' id='word_1_787' title='bbox 633 5458 707 5512; x_wconf 88' lang='lat' dir='ltr'><strong>ita</strong></span> <span class='ocrx_word' id='word_1_788' title='bbox 731 5473 925 5515; x_wconf 91' lang='lat' dir='ltr'><strong>omnes</strong></span> <span class='ocrx_word' id='word_1_789' title='bbox 944 5460 1077 5515; x_wconf 89' lang='lat' dir='ltr'><strong>edit.</strong></span> <span class='ocrx_word' id='word_1_790' title='bbox 1093 5477 1108 5527; x_wconf 91' lang='lat'><strong>;</strong></span> <span class='ocrx_word' id='word_1_791' title='bbox 1125 5472 1314 5517; x_wconf 90' lang='lat' dir='ltr'><strong>contra</strong></span> <span class='ocrx_word' id='word_1_792' title='bbox 1333 5475 1461 5515; x_wconf 88' lang='lat' dir='ltr'><strong>vero</strong></span> <span class='ocrx_word' id='word_1_793' title='bbox 1482 5473 1615 5515; x_wconf 89' lang='lat' dir='ltr'><strong>mss.</strong></span> <span class='ocrx_word' id='word_1_794' title='bbox 1642 5473 1808 5527; x_wconf 90' lang='lat' dir='ltr'><strong>prope</strong></span> <span class='ocrx_word' id='word_1_795' title='bbox 1828 5460 1894 5517; x_wconf 90' lang='lat' dir='ltr'><strong>ad</strong></span> <span class='ocrx_word' id='word_1_796' title='bbox 1916 5477 2105 5533; x_wconf 88' lang='lat' dir='ltr'><strong>unum,</strong></span> 
     </span>
    </p>
   </div>
   <div class='ocr_carea' id='block_1_103' title="bbox 508 5533 1814 5603">
    <p class='ocr_par' dir='ltr' id='par_1_103' title="bbox 508 5533 1814 5603">
     <span class='ocr_line' id='line_1_103' title="bbox 508 5533 1814 5603; baseline 0.004 -23"><span class='ocrx_word' id='word_1_797' title='bbox 508 5539 904 5603; x_wconf 45' lang='lat' dir='ltr'><strong>armatorumque</strong></span> <span class='ocrx_word' id='word_1_798' title='bbox 930 5544 1201 5600; x_wconf 83' lang='lat' dir='ltr'><strong>concreta;</strong></span> <span class='ocrx_word' id='word_1_799' title='bbox 1228 5533 1337 5587; x_wconf 89' lang='lat' dir='ltr'><strong>duo</strong></span> <span class='ocrx_word' id='word_1_800' title='bbox 1353 5576 1368 5599; x_wconf 93' lang='lat'><strong>,</strong></span> <span class='ocrx_word' id='word_1_801' title='bbox 1399 5541 1814 5600; x_wconf 72' lang='lat' dir='ltr'><strong>carterarumque.</strong></span> 
     </span>
    </p>
   </div>
   <div class='ocr_carea' id='block_1_104' title="bbox 579 5599 2104 5677">
    <p class='ocr_par' dir='ltr' id='par_1_104' title="bbox 579 5599 2104 5677">
     <span class='ocr_line' id='line_1_104' title="bbox 579 5599 2104 5677; baseline 0.007 -25"><span class='ocrx_word' id='word_1_802' title='bbox 579 5599 608 5635; x_wconf 78' lang='lat'><strong>&quot;-</strong></span> <span class='ocrx_word' id='word_1_803' title='bbox 640 5599 1000 5677; x_wconf 47' lang='lat' dir='ltr'><strong>ilom.’edit.,</strong></span> <span class='ocrx_word' id='word_1_804' title='bbox 1050 5606 1096 5657; x_wconf 86' lang='lat' dir='ltr'><strong>si</strong></span> <span class='ocrx_word' id='word_1_805' title='bbox 1138 5599 1346 5677; x_wconf 77' lang='lat' dir='ltr'><strong>magnes</strong></span> <span class='ocrx_word' id='word_1_806' title='bbox 1388 5605 1522 5677; x_wconf 68' lang='lat' dir='ltr'><strong>(apis</strong></span> <span class='ocrx_word' id='word_1_807' title='bbox 1559 5599 1726 5659; x_wconf 82' lang='lat' dir='ltr'><strong>:-vet.</strong></span> <span class='ocrx_word' id='word_1_808' title='bbox 1778 5613 1958 5660; x_wconf 87' lang='lat' dir='ltr'><strong>autem</strong></span> <span class='ocrx_word' id='word_1_809' title='bbox 1984 5648 2000 5674; x_wconf 93' lang='lat'><strong>,</strong></span> <span class='ocrx_word' id='word_1_810' title='bbox 2048 5616 2104 5663; x_wconf 91' lang='lat' dir='ltr'><strong>et</strong></span> 
     </span>
    </p>
   </div>
   <div class='ocr_carea' id='block_1_105' title="bbox 505 5673 2097 5748">
    <p class='ocr_par' dir='ltr' id='par_1_105' title="bbox 505 5673 2097 5748">
     <span class='ocr_line' id='line_1_105' title="bbox 505 5673 2097 5748; baseline 0.008 -28"><span class='ocrx_word' id='word_1_811' title='bbox 505 5673 685 5748; x_wconf 61' lang='lat' dir='ltr'><strong>cuncti</strong></span> <span class='ocrx_word' id='word_1_812' title='bbox 724 5687 879 5735; x_wconf 90' lang='lat' dir='ltr'><strong>mss.,</strong></span> <span class='ocrx_word' id='word_1_813' title='bbox 912 5674 956 5727; x_wconf 90' lang='lat' dir='ltr'><strong>si</strong></span> <span class='ocrx_word' id='word_1_814' title='bbox 1000 5673 1282 5748; x_wconf 72' lang='lat' dir='ltr'><strong>magnetis;</strong></span> <span class='ocrx_word' id='word_1_815' title='bbox 1321 5676 1573 5747; x_wconf 83' lang='lat' dir='ltr'><strong>quidam,</strong></span> <span class='ocrx_word' id='word_1_816' title='bbox 1614 5686 1875 5745; x_wconf 83' lang='lat' dir='ltr'><strong>magnetes</strong></span> <span class='ocrx_word' id='word_1_817' title='bbox 1899 5718 1913 5738; x_wconf 91' lang='lat'><strong>,</strong></span> <span class='ocrx_word' id='word_1_818' title='bbox 1942 5678 2097 5748; x_wconf 80' lang='lat' dir='ltr'><strong>lapis.</strong></span> 
     </span>
    </p>
   </div>
   <div class='ocr_carea' id='block_1_106' title="bbox 506 5734 2097 5823">
    <p class='ocr_par' dir='ltr' id='par_1_106' title="bbox 506 5734 2097 5823">
     <span class='ocr_line' id='line_1_106' title="bbox 506 5734 2097 5823; baseline 0 -18"><span class='ocrx_word' id='word_1_819' title='bbox 506 5734 1289 5823; x_wconf 45' lang='lat' dir='ltr'><strong>ﬁfgptfrroexemplo&#39;,quod</strong></span> <span class='ocrx_word' id='word_1_820' title='bbox 1318 5734 1533 5823; x_wconf 25' lang='lat' dir='ltr'><strong>s-icttt‘et</strong></span> <span class='ocrx_word' id='word_1_821' title='bbox 1559 5734 1667 5803; x_wconf 79' lang='lat' dir='ltr'><strong>non</strong></span> <span class='ocrx_word' id='word_1_822' title='bbox 1699 5734 1865 5823; x_wconf 71' lang='lat' dir='ltr'><strong>pauca</strong></span> <span class='ocrx_word' id='word_1_823' title='bbox 1897 5734 2009 5803; x_wconf 50' lang='lat' dir='ltr'><strong>alia.</strong></span> <span class='ocrx_word' id='word_1_824' title='bbox 2030 5764 2097 5815; x_wconf 72' lang='lat' dir='ltr'><strong>ex</strong></span> 
     </span>
    </p>
   </div>
   <div class='ocr_carea' id='block_1_107' title="bbox 420 5802 2087 5889">
    <p class='ocr_par' dir='ltr' id='par_1_107' title="bbox 420 5802 2087 5889">
     <span class='ocr_line' id='line_1_107' title="bbox 420 5802 2087 5889; baseline 0.014 -36"><span class='ocrx_word' id='word_1_825' title='bbox 420 5832 434 5851; x_wconf 77' lang='lat'><strong>.</strong></span> <span class='ocrx_word' id='word_1_826' title='bbox 505 5802 869 5867; x_wconf 78' lang='lat' dir='ltr'><strong>Philonislib.</strong></span> <span class='ocrx_word' id='word_1_827' title='bbox 898 5814 966 5869; x_wconf 89' lang='lat' dir='ltr'><strong>de</strong></span> <span class='ocrx_word' id='word_1_828' title='bbox 991 5802 1182 5882; x_wconf 63' lang='lat' dir='ltr'><strong>Opilic&#39;.</strong></span> <span class='ocrx_word' id='word_1_829' title='bbox 1233 5802 1416 5873; x_wconf 89' lang='lat' dir='ltr'><strong>mundi</strong></span> <span class='ocrx_word' id='word_1_830' title='bbox 1463 5802 1571 5877; x_wconf 74' lang='lat' dir='ltr'><strong>huc</strong></span> <span class='ocrx_word' id='word_1_831' title='bbox 1616 5802 1933 5876; x_wconf 67' lang='lat' dir='ltr'><strong>trabslatum</strong></span> <span class='ocrx_word' id='word_1_832' title='bbox 1976 5802 2087 5889; x_wconf 54' lang='lat' dir='ltr'><strong>est;</strong></span> 
     </span>
    </p>
   </div>
   <div class='ocr_carea' id='block_1_108' title="bbox 2219 4735 3775 4811">
    <p class='ocr_par' dir='ltr' id='par_1_108' title="bbox 2219 4735 3775 4811">
     <span class='ocr_line' id='line_1_108' title="bbox 2219 4735 3775 4811; baseline 0.002 -23"><span class='ocrx_word' id='word_1_833' title='bbox 2219 4749 2485 4806; x_wconf 88' lang='lat' dir='ltr'><strong>nusquam</strong></span> <span class='ocrx_word' id='word_1_834' title='bbox 2511 4735 2776 4805; x_wconf 89' lang='lat' dir='ltr'><strong>hospitem</strong></span> <span class='ocrx_word' id='word_1_835' title='bbox 2793 4736 2999 4807; x_wconf 90' lang='lat' dir='ltr'><strong>judicat</strong></span> <span class='ocrx_word' id='word_1_836' title='bbox 3019 4753 3035 4803; x_wconf 90' lang='lat'><strong>;</strong></span> <span class='ocrx_word' id='word_1_837' title='bbox 3066 4747 3272 4809; x_wconf 86' lang='lat' dir='ltr'><strong>quanto</strong></span> <span class='ocrx_word' id='word_1_838' title='bbox 3293 4741 3467 4811; x_wconf 88' lang='lat' dir='ltr'><strong>magis</strong></span> <span class='ocrx_word' id='word_1_839' title='bbox 3493 4738 3589 4795; x_wconf 88' lang='lat' dir='ltr'><strong>ille</strong></span> <span class='ocrx_word' id='word_1_840' title='bbox 3608 4740 3775 4810; x_wconf 80' lang='lat' dir='ltr'><strong>primus</strong></span> 
     </span>
    </p>
   </div>
   <div class='ocr_carea' id='block_1_109' title="bbox 2218 4827 3771 4898">
    <p class='ocr_par' dir='ltr' id='par_1_109' title="bbox 2218 4827 3771 4898">
     <span class='ocr_line' id='line_1_109' title="bbox 2218 4827 3771 4898; baseline 0.005 -16"><span class='ocrx_word' id='word_1_841' title='bbox 2218 4827 2382 4883; x_wconf 91' lang='lat' dir='ltr'><strong>homo</strong></span> <span class='ocrx_word' id='word_1_842' title='bbox 2408 4827 2573 4885; x_wconf 86' lang='lat' dir='ltr'><strong>totius</strong></span> <span class='ocrx_word' id='word_1_843' title='bbox 2597 4839 2718 4885; x_wconf 89' lang='lat' dir='ltr'><strong>erat</strong></span> <span class='ocrx_word' id='word_1_844' title='bbox 2748 4832 2933 4887; x_wconf 91' lang='lat' dir='ltr'><strong>mundi</strong></span> <span class='ocrx_word' id='word_1_845' title='bbox 2962 4833 3162 4898; x_wconf 89' lang='lat' dir='ltr'><strong>incola,</strong></span> <span class='ocrx_word' id='word_1_846' title='bbox 3186 4843 3260 4896; x_wconf 87' lang='lat' dir='ltr'><strong>et,</strong></span> <span class='ocrx_word' id='word_1_847' title='bbox 3304 4842 3364 4889; x_wconf 91' lang='lat' dir='ltr'><strong>ut</strong></span> <span class='ocrx_word' id='word_1_848' title='bbox 3396 4833 3576 4891; x_wconf 68' lang='grc' dir='ltr'><strong>(ἶνιθαί</strong></span> <span class='ocrx_word' id='word_1_849' title='bbox 3603 4834 3771 4896; x_wconf 85' lang='lat' dir='ltr'><strong>dicunt,</strong></span> 
     </span>
    </p>
   </div>
   <div class='ocr_carea' id='block_1_110' title="bbox 2219 4920 3769 4996">
    <p class='ocr_par' dir='ltr' id='par_1_110' title="bbox 2219 4920 3769 4996">
     <span class='ocr_line' id='line_1_110' title="bbox 2219 4920 3769 4996; baseline 0.003 -19"><span class='ocrx_word' id='word_1_850' title='bbox 2219 4920 2239 4959; x_wconf 71' lang='grc' dir='ltr'><em>τ</em></span> <span class='ocrx_word' id='word_1_851' title='bbox 2255 4923 2649 4996; x_wconf 76' lang='grc' dir='ltr'><strong>κοσμοπολὶτης,</strong></span> <span class='ocrx_word' id='word_1_852' title='bbox 2661 4938 2799 4995; x_wconf 88' lang='lat' dir='ltr'><strong>opus</strong></span> <span class='ocrx_word' id='word_1_853' title='bbox 2812 4924 2905 4980; x_wconf 88' lang='lat' dir='ltr'><strong>Dei</strong></span> <span class='ocrx_word' id='word_1_854' title='bbox 2922 4939 3133 4994; x_wconf 87' lang='lat' dir='ltr'><strong>recens,</strong></span> <span class='ocrx_word' id='word_1_855' title='bbox 3147 4941 3249 4983; x_wconf 92' lang='lat' dir='ltr'><strong>con</strong></span> <span class='ocrx_word' id='word_1_856' title='bbox 3257 4925 3532 4984; x_wconf 86' lang='lat' dir='ltr'><strong>fabulator</strong></span> <span class='ocrx_word' id='word_1_857' title='bbox 3540 4927 3769 4990; x_wconf 76' lang='lat' dir='ltr'><strong>assiduus,</strong></span> 
     </span>
    </p>
   </div>
   <div class='ocr_carea' id='block_1_111' title="bbox 2214 5035 3774 5111">
    <p class='ocr_par' dir='ltr' id='par_1_111' title="bbox 2214 5035 3774 5111">
     <span class='ocr_line' id='line_1_111' title="bbox 2214 5035 3774 5111; baseline 0.006 -22"><span class='ocrx_word' id='word_1_858' title='bbox 2214 5035 2497 5111; x_wconf 84' lang='lat' dir='ltr'><strong>originalis</strong></span> <span class='ocrx_word' id='word_1_859' title='bbox 2522 5036 2727 5106; x_wconf 89' lang='lat' dir='ltr'><strong>peccati</strong></span> <span class='ocrx_word' id='word_1_860' title='bbox 2758 5037 3071 5111; x_wconf 74' lang='lat' dir='ltr'><strong>contagium</strong></span> <span class='ocrx_word' id='word_1_861' title='bbox 3092 5054 3189 5110; x_wconf 90' lang='lat' dir='ltr'><strong>per</strong></span> <span class='ocrx_word' id='word_1_862' title='bbox 3210 5042 3662 5111; x_wconf 67' lang='lat' dir='ltr'><strong>concupiscentiae</strong></span> <span class='ocrx_word' id='word_1_863' title='bbox 3680 5052 3774 5110; x_wconf 84' lang='lat' dir='ltr'><strong>pro-</strong></span> 
     </span>
    </p>
   </div>
   <div class='ocr_carea' id='block_1_112' title="bbox 2216 5107 3773 5183">
    <p class='ocr_par' dir='ltr' id='par_1_112' title="bbox 2216 5107 3773 5183">
     <span class='ocr_line' id='line_1_112' title="bbox 2216 5107 3773 5183; baseline 0.007 -26"><span class='ocrx_word' id='word_1_864' title='bbox 2216 5108 2561 5183; x_wconf 72' lang='lat' dir='ltr'><strong>pagationetn</strong></span> <span class='ocrx_word' id='word_1_865' title='bbox 2601 5107 2907 5183; x_wconf 87' lang='lat' dir='ltr'><strong>transfundi</strong></span> <span class='ocrx_word' id='word_1_866' title='bbox 2924 5107 3076 5183; x_wconf 78' lang='lat' dir='ltr'><strong>haud</strong></span> <span class='ocrx_word' id='word_1_867' title='bbox 3095 5107 3361 5178; x_wconf 75' lang='lat' dir='ltr'><strong>ambigue</strong></span> <span class='ocrx_word' id='word_1_868' title='bbox 3387 5107 3630 5169; x_wconf 84' lang='lat' dir='ltr'><strong>declarat</strong></span> <span class='ocrx_word' id='word_1_869' title='bbox 3654 5107 3773 5183; x_wconf 57' lang='lat' dir='ltr'><strong>{qua</strong></span> 
     </span>
    </p>
   </div>
   <div class='ocr_carea' id='block_1_113' title="bbox 2213 5178 3773 5252">
    <p class='ocr_par' dir='ltr' id='par_1_113' title="bbox 2213 5178 3773 5252">
     <span class='ocr_line' id='line_1_113' title="bbox 2213 5178 3773 5252; baseline 0.003 -19"><span class='ocrx_word' id='word_1_870' title='bbox 2213 5178 2377 5234; x_wconf 88' lang='lat' dir='ltr'><strong>etiam</strong></span> <span class='ocrx_word' id='word_1_871' title='bbox 2420 5178 2635 5252; x_wconf 78' lang='lat' dir='ltr'><strong>ratione</strong></span> <span class='ocrx_word' id='word_1_872' title='bbox 2674 5182 3011 5252; x_wconf 79' lang='lat' dir='ltr'><strong>Augustinus</strong></span> <span class='ocrx_word' id='word_1_873' title='bbox 3038 5182 3313 5240; x_wconf 87' lang='lat' dir='ltr'><strong>funestam</strong></span> <span class='ocrx_word' id='word_1_874' title='bbox 3344 5185 3493 5239; x_wconf 87' lang='lat' dir='ltr'><strong>illam</strong></span> <span class='ocrx_word' id='word_1_875' title='bbox 3522 5178 3773 5241; x_wconf 67' lang='lat' dir='ltr'><strong>haeredita-</strong></span> 
     </span>
    </p>
   </div>
   <div class='ocr_carea' id='block_1_114' title="bbox 2213 5250 3771 5330">
    <p class='ocr_par' dir='ltr' id='par_1_114' title="bbox 2213 5250 3771 5330">
     <span class='ocr_line' id='line_1_114' title="bbox 2213 5250 3771 5330; baseline 0.006 -29"><span class='ocrx_word' id='word_1_876' title='bbox 2213 5258 2339 5330; x_wconf 70' lang='lat' dir='ltr'><strong>tem_</strong></span> <span class='ocrx_word' id='word_1_877' title='bbox 2369 5263 2556 5330; x_wconf 78' lang='lat' dir='ltr'><strong>contra</strong></span> <span class='ocrx_word' id='word_1_878' title='bbox 2586 5250 2860 5330; x_wconf 73' lang='lat' dir='ltr'><strong>lulianum</strong></span> <span class='ocrx_word' id='word_1_879' title='bbox 2907 5253 3418 5330; x_wconf 23' lang='lat' dir='ltr'><strong>ubiqueAexplicat,</strong></span> <span class='ocrx_word' id='word_1_880' title='bbox 3471 5258 3542 5313; x_wconf 87' lang='lat' dir='ltr'><strong>ad</strong></span> <span class='ocrx_word' id='word_1_881' title='bbox 3595 5269 3771 5330; x_wconf 79' lang='lat' dir='ltr'><strong>pactum</strong></span> 
     </span>
    </p>
   </div>
   <div class='ocr_carea' id='block_1_115' title="bbox 2208 5318 3773 5398">
    <p class='ocr_par' dir='ltr' id='par_1_115' title="bbox 2208 5318 3773 5398">
     <span class='ocr_line' id='line_1_115' title="bbox 2208 5318 3773 5398; baseline 0.004 -23"><span class='ocrx_word' id='word_1_882' title='bbox 2208 5318 2340 5376; x_wconf 90' lang='lat' dir='ltr'><strong>illud</strong></span> <span class='ocrx_word' id='word_1_883' title='bbox 2359 5363 2375 5387; x_wconf 94' lang='lat'><strong>,</strong></span> <span class='ocrx_word' id='word_1_884' title='bbox 2415 5322 2558 5398; x_wconf 80' lang='lat' dir='ltr'><strong>quod</strong></span> <span class='ocrx_word' id='word_1_885' title='bbox 2587 5323 2965 5398; x_wconf 76' lang='lat' dir='ltr'><strong>excogitarunt</strong></span> <span class='ocrx_word' id='word_1_886' title='bbox 2998 5318 3245 5398; x_wconf 77' lang='lat' dir='ltr'><strong>theologi</strong></span> <span class='ocrx_word' id='word_1_887' title='bbox 3266 5318 3622 5397; x_wconf 70' lang='lat' dir='ltr'><strong>recentiores,</strong></span> <span class='ocrx_word' id='word_1_888' title='bbox 3651 5342 3773 5384; x_wconf 78' lang='grc' dir='ltr'>ιιιιιιιο</span> 
     </span>
    </p>
   </div>
   <div class='ocr_carea' id='block_1_116' title="bbox 2207 5395 3792 5470">
    <p class='ocr_par' dir='ltr' id='par_1_116' title="bbox 2207 5395 3792 5470">
     <span class='ocr_line' id='line_1_116' title="bbox 2207 5395 3792 5470; baseline 0.003 -24"><span class='ocrx_word' id='word_1_889' title='bbox 2207 5407 2367 5470; x_wconf 85' lang='lat' dir='ltr'><strong>quam</strong></span> <span class='ocrx_word' id='word_1_890' title='bbox 2411 5395 2745 5470; x_wconf 79' lang='lat' dir='ltr'><strong>confugiens.</strong></span> <span class='ocrx_word' id='word_1_891' title='bbox 2794 5395 2936 5465; x_wconf 84' lang='lat' dir='ltr'><strong>Quid</strong></span> <span class='ocrx_word' id='word_1_892' title='bbox 2974 5398 3136 5452; x_wconf 87' lang='lat' dir='ltr'><strong>etiam</strong></span> <span class='ocrx_word' id='word_1_893' title='bbox 3178 5395 3323 5470; x_wconf 77' lang='lat' dir='ltr'><strong>quod</strong></span> <span class='ocrx_word' id='word_1_894' title='bbox 3363 5399 3522 5454; x_wconf 86' lang='lat' dir='ltr'><strong>Philo</strong></span> <span class='ocrx_word' id='word_1_895' title='bbox 3558 5395 3669 5469; x_wconf 79' lang='lat' dir='ltr'><strong>ipse</strong></span> <span class='ocrx_word' id='word_1_896' title='bbox 3700 5399 3792 5453; x_wconf 76' lang='lat' dir='ltr'><strong>lib.’</strong></span> 
     </span>
    </p>
   </div>
   <div class='ocr_carea' id='block_1_117' title="bbox 2211 5465 3771 5553">
    <p class='ocr_par' dir='ltr' id='par_1_117' title="bbox 2211 5465 3771 5553">
     <span class='ocr_line' id='line_1_117' title="bbox 2211 5465 3771 5553; baseline 0.004 -34"><span class='ocrx_word' id='word_1_897' title='bbox 2211 5465 2324 5547; x_wconf 27' lang='lat' dir='ltr'><strong>cit.“</strong></span> <span class='ocrx_word' id='word_1_898' title='bbox 2346 5465 2594 5553; x_wconf 66' lang='lat' dir='ltr'><strong>eamdem</strong></span> <span class='ocrx_word' id='word_1_899' title='bbox 2635 5465 3421 5553; x_wconf 50' lang='lat' dir='ltr'><strong>cotieupisccntiamciuilium</strong></span> <span class='ocrx_word' id='word_1_900' title='bbox 3455 5465 3669 5526; x_wconf 72' lang='lat' dir='ltr'><strong>humani</strong></span> <span class='ocrx_word' id='word_1_901' title='bbox 3700 5484 3771 5553; x_wconf 64' lang='lat' dir='ltr'><strong>ge;</strong></span> 
     </span>
    </p>
   </div>
   <div class='ocr_carea' id='block_1_118' title="bbox 2210 5535 3771 5615">
    <p class='ocr_par' dir='ltr' id='par_1_118' title="bbox 2210 5535 3771 5615">
     <span class='ocr_line' id='line_1_118' title="bbox 2210 5535 3771 5615; baseline 0.001 -25"><span class='ocrx_word' id='word_1_902' title='bbox 2210 5535 2359 5615; x_wconf 67' lang='lat' dir='ltr'><strong>peris</strong></span> <span class='ocrx_word' id='word_1_903' title='bbox 2380 5536 2645 5615; x_wconf 71' lang='lat' dir='ltr'><strong>malorum</strong></span> <span class='ocrx_word' id='word_1_904' title='bbox 2672 5535 3057 5615; x_wconf 37' lang='lat' dir='ltr'><strong>f0titetn.alque</strong></span> <span class='ocrx_word' id='word_1_905' title='bbox 3082 5542 3349 5613; x_wconf 85' lang='lat' dir='ltr'><strong>originem</strong></span> <span class='ocrx_word' id='word_1_906' title='bbox 3377 5557 3503 5601; x_wconf 86' lang='lat' dir='ltr'><strong>esse</strong></span> <span class='ocrx_word' id='word_1_907' title='bbox 3527 5535 3771 5615; x_wconf 79' lang='lat' dir='ltr'><strong>agnoscit?</strong></span> 
     </span>
    </p>
   </div>
   <div class='ocr_carea' id='block_1_119' title="bbox 2205 5606 3731 5680">
    <p class='ocr_par' dir='ltr' id='par_1_119' title="bbox 2205 5606 3731 5680">
     <span class='ocr_line' id='line_1_119' title="bbox 2205 5606 3731 5680; baseline 0.005 -19"><span class='ocrx_word' id='word_1_908' title='bbox 2205 5606 2384 5680; x_wconf 75' lang='lat' dir='ltr'><strong>Ipsum</strong></span> <span class='ocrx_word' id='word_1_909' title='bbox 2416 5608 2640 5680; x_wconf 88' lang='lat' dir='ltr'><strong>consule</strong></span> <span class='ocrx_word' id='word_1_910' title='bbox 2669 5624 2791 5680; x_wconf 87' lang='lat' dir='ltr'><strong>pag.</strong></span> <span class='ocrx_word' id='word_1_911' title='bbox 2821 5608 2908 5665; x_wconf 78' lang='lat'><strong>35.</strong></span> <span class='ocrx_word' id='word_1_912' title='bbox 2971 5606 2984 5611; x_wconf 67' lang='grc'>⁷</span> <span class='ocrx_word' id='word_1_913' title='bbox 3168 5606 3195 5613; x_wconf 64' lang='grc'>⁷</span> <span class='ocrx_word' id='word_1_914' title='bbox 3562 5606 3589 5615; x_wconf 65' lang='grc'>⁷</span> <span class='ocrx_word' id='word_1_915' title='bbox 3727 5663 3731 5669; x_wconf 90' lang='grc'><strong>.</strong></span> 
     </span>
    </p>
   </div>
   <div class='ocr_carea' id='block_1_120' title="bbox 2279 5678 3765 5752">
    <p class='ocr_par' dir='ltr' id='par_1_120' title="bbox 2279 5678 3765 5752">
     <span class='ocr_line' id='line_1_120' title="bbox 2279 5678 3765 5752; baseline 0.005 -20"><span class='ocrx_word' id='word_1_916' title='bbox 2279 5689 2302 5715; x_wconf 74' lang='grc' dir='ltr'>θ</span> <span class='ocrx_word' id='word_1_917' title='bbox 2335 5678 2463 5733; x_wconf 86' lang='lat' dir='ltr'><strong>Mss.</strong></span> <span class='ocrx_word' id='word_1_918' title='bbox 2489 5678 2714 5752; x_wconf 80' lang='lat' dir='ltr'><strong>aliquot,</strong></span> <span class='ocrx_word' id='word_1_919' title='bbox 2739 5678 2929 5752; x_wconf 76' lang='lat' dir='ltr'><strong>quanto</strong></span> <span class='ocrx_word' id='word_1_920' title='bbox 2951 5682 3243 5752; x_wconf 64' lang='lat' dir='ltr'><strong>nequiorem</strong></span> <span class='ocrx_word' id='word_1_921' title='bbox 3266 5702 3286 5738; x_wconf 91' lang='lat'><em>:</em></span> <span class='ocrx_word' id='word_1_922' title='bbox 3306 5685 3646 5742; x_wconf 80' lang='lat' dir='ltr'><strong>commodius</strong></span> <span class='ocrx_word' id='word_1_923' title='bbox 3668 5690 3765 5739; x_wconf 73' lang='lat' dir='ltr'><strong>vero</strong></span> 
     </span>
    </p>
   </div>
   <div class='ocr_carea' id='block_1_121' title="bbox 2202 5749 3387 5825">
    <p class='ocr_par' dir='ltr' id='par_1_121' title="bbox 2202 5749 3387 5825">
     <span class='ocr_line' id='line_1_121' title="bbox 2202 5749 3387 5825; baseline 0.006 -21"><span class='ocrx_word' id='word_1_924' title='bbox 2202 5749 2319 5825; x_wconf 55' lang='lat' dir='ltr'><strong>alii,</strong></span> <span class='ocrx_word' id='word_1_925' title='bbox 2348 5763 2402 5804; x_wconf 88' lang='lat' dir='ltr'><strong>et</strong></span> <span class='ocrx_word' id='word_1_926' title='bbox 2431 5764 2622 5825; x_wconf 85' lang='lat' dir='ltr'><strong>omnes</strong></span> <span class='ocrx_word' id='word_1_927' title='bbox 2652 5749 2812 5825; x_wconf 74' lang='lat' dir='ltr'><strong>edit.,</strong></span> <span class='ocrx_word' id='word_1_928' title='bbox 2843 5749 3048 5823; x_wconf 81' lang='lat' dir='ltr'><strong>quando</strong></span> <span class='ocrx_word' id='word_1_929' title='bbox 3067 5757 3387 5825; x_wconf 71' lang='lat' dir='ltr'><strong>nequiorem.</strong></span> 
     </span>
    </p>
   </div>
   <div class='ocr_carea' id='block_1_122' title="bbox 2278 5819 3760 5901">
    <p class='ocr_par' dir='ltr' id='par_1_122' title="bbox 2278 5819 3760 5901">
     <span class='ocr_line' id='line_1_122' title="bbox 2278 5819 3760 5901; baseline 0.003 -24"><span class='ocrx_word' id='word_1_930' title='bbox 2278 5819 2296 5859; x_wconf 75' lang='grc' dir='ltr'><strong>ί</strong></span> <span class='ocrx_word' id='word_1_931' title='bbox 2328 5823 2725 5901; x_wconf 75' lang='grc' dir='ltr'><strong>Κοσμοπολὶτης,</strong></span> <span class='ocrx_word' id='word_1_932' title='bbox 2751 5824 2803 5882; x_wconf 89' lang='lat' dir='ltr'><strong>id</strong></span> <span class='ocrx_word' id='word_1_933' title='bbox 2824 5819 2929 5896; x_wconf 78' lang='lat' dir='ltr'><strong>est,</strong></span> <span class='ocrx_word' id='word_1_934' title='bbox 2951 5819 3313 5896; x_wconf 61' lang='lat' dir='ltr'><strong>mundi&#39;civis,</strong></span> <span class='ocrx_word' id='word_1_935' title='bbox 3339 5826 3519 5900; x_wconf 87' lang='lat' dir='ltr'><strong>inquit</strong></span> <span class='ocrx_word' id='word_1_936' title='bbox 3535 5825 3760 5886; x_wconf 75' lang='lat' dir='ltr'><strong>Nannius.</strong></span> 
     </span>
    </p>
   </div>
   <div class='ocr_carea' id='block_1_123' title="bbox 3916 460 3921 1112">
    <p class='ocr_par' dir='ltr' id='par_1_123' title="bbox 3916 970 3919 1112">
     <span class='ocr_line' id='line_1_123' title="bbox 3916 970 3919 1112; baseline 0 0"><span class='ocrx_word' id='word_1_937' title='bbox 3916 970 3919 1112; x_wconf 64' lang='grc' dir='ltr'><strong>ι</strong></span> 
     </span>
    </p>
   </div>
   <div class='ocr_carea' id='block_1_124' title="bbox 3916 460 3922 1112">
    <p class='ocr_par' dir='ltr' id='par_1_124' title="bbox 3916 970 3919 1112">
     <span class='ocr_line' id='line_1_124' title="bbox 3916 970 3919 1112; baseline 0 0"><span class='ocrx_word' id='word_1_938' title='bbox 3916 970 3919 1112; x_wconf 64' lang='grc' dir='ltr'><strong>ι</strong></span> 
     </span>
    </p>
   </div>
  </div>
