3996 6292
181 300 319 356 1115

1422 295 1910 355 EPISTOLARUM
1950 295 2232 354 CLASSIS
2272 298 2311 353 1.

3341 299 3480 358 1116

173 419 309 472 civis
330 423 668 485 sanctorum,
693 415 1093 487 complantalus
1116 414 1424 482 virtutibus,
1454 415 1779 486 prmpositus
1812 419 1854 477 Α
1885 413 2010 484 licio
2031 429 2354 481 annumero,
2379 415 2425 470 si
2450 415 2569 485 quis
2595 421 2712 471 utea
2739 415 2925 486 legens
2951 415 3174 488 scripta,
3193 417 3336 474 dicat
3359 418 3498 476 mihi

173 512 433 568 omnibus
469 511 702 568 terrenis
737 511 1132 576 animantibus,
1162 510 1415 575 marinis,
1446 509 1776 577 volatilibus,

174 614 346 662 totum
386 606 645 661 mundum
689 619 840 660 suam
882 605 1282 676 possessionem
1323 603 1587 674 putabat:
1617 620 1778 675 quem

177 699 437 756 Dominus
483 701 769 766 tuebatur,
809 709 867 756 ut
903 716 1038 771 opus
1069 715 1222 754 suum
1247 741 1261 763 ,
1294 713 1469 770 neque
1507 706 1564 753 ut
1605 699 1778 754 bonus

175 811 374 866 parens
415 805 576 868 atque
616 805 808 850 auctor
848 795 1175 852 deserebat!
1223 794 1463 864 Denique
1505 808 1571 849 eo
1607 809 1779 865 usque

174 898 416 944 creatum
439 889 599 954 l'ovit,
629 889 795 963 984
822 901 878 945 ιιι
906 889 1213 945 abdicatum
1239 889 1564 955 redimeret,
1599 889 1779 943 elimi-

174 993 360 1038 natum
407 983 714 1052 reciperet,
758 991 1030 1038 tnortuum
1075 981 1325 1053 passione
1367 981 1490 1036 Filii
1531 981 1612 1035 sui
1661 981 1781 1036 ιιιιὶ-

172 1075 342 1146 geniti
373 1077 748 1131 resuscitat-et.
773 1075 862 1130 Est
885 1091 1017 1147 ergo
1037 1075 1270 1129 hominis
1299 1083 1489 1128 auctor
1521 1073 1693 1138 Deus,
1724 1082 1781 1128 et

173 1167 350 1240 diligit
389 1184 524 1240 opus
563 1184 720 1225 suum
763 1181 1016 1240 operator
1049 1169 1223 1224 bonus
1247 1210 1261 1234 ,
1308 1183 1406 1223 nec
1446 1168 1780 1237 derelinquit

173 1262 350 1318 bonus
373 1264 550 1331 Pater,
585 1279 741 1335 quem
781 1264 968 1331 etiam,
995 1264 1138 1319 sicut
1170 1263 1323 1319 dives
1365 1261 1774 1333 paterfamilias,

174 1370 342 1412 censu
370 1359 605 1428 propriae
629 1356 970 1412 haereditatis
997 1355 1250 1412 redemit.

247 1449 336 1504 17.
367 1449 668 1506 Caveamus
690 1465 818 1521 ergo
844 1467 912 1506 ne
937 1449 1210 1505 hominem
1235 1449 1419 1516 istum,
1441 1449 1494 1505 id
1517 1458 1622 1516 est,
1643 1457 1776 1516 νοῦν,

173 1542 368 1598 mulier
395 1543 518 1608 illa,-
552 1542 602 1597 id
635 1552 740 1610 est,
775 1543 955 1612 passio
984 1558 1239 1598 sensuum
1264 1553 1572 1598 nostrorum
1599 1542 1780 1599 delec-

173 1637 379 1692 tatione
400 1646 455 1691 ct
476 1638 590 1706 ipsa
612 1637 838 1708 decepta
865 1647 1027 1708 atque
1059 1638 1211 1692 illusa
1239 1636 1546 1704 eﬂeminet,
1585 1647 1639 1691 et
1672 1639 1780 1692 cir-

171 1729 560 1798 cumscriptum
595 1729 648 1783 in
690 1730 837 1801 leges
859 1745 985 1786 suas
1007 1740 1060 1784 et
1083 1731 1408 1786 sententiam
1441 1731 1637 1786 trahat.
1673 1730 1778 1786 Fu~

1881 524 1990 580 quo
2015 509 2264 565 videatur
2287 509 2516 566 moveri.
2547 509 2789 566 Primum
2815 511 2937 581 quia
2963 519 3017 567 et
3043 511 3097 566 in
3119 510 3185 567 iis
3207 529 3326 582 qum
3353 514 3492 583 scin,

1881 604 1990 660 l'alli
2023 621 2271 676 possum.
2302 603 2327 642 δ
2363 605 2526 661 Multa
2565 621 2750 660 aurem
2782 615 3144 676 prmtereunt,
3175 607 3342 661 multa
3372 608 3496 679 qni-

1880 699 2105 755 busdam
2138 699 2298 755 aliter
2319 710 2513 754 sonant
2547 715 2560 752 :
2587 698 2872 770 pulchrum
2905 709 3020 765 est,
3061 699 3106 754 si
3148 700 3262 756 ﬁeri
3294 708 3493 770 potest,

1881 809 2074 851 cavere
2101 796 2302 850 omnia.
2335 795 2540 851 Deinde
2563 794 2688 866 quia
2724 809 2830 850 non
2860 794 3035 852 debeo
3065 795 3294 850 moleste
3323 793 3492 862 ferre,

1881 904 2004 944 cum
2035 889 2104 944 de
2131 890 2444 960 apostolicis
2473 899 2525 945 et
2551 890 2682 960 ipsis
2713 888 3057 958 Evangelicis
3084 889 3494 958 Dontinieisque

1883 982 2068 1036 verbis
2112 981 2358 1053 plerique
2403 983 2602 1036 multas
2633 981 2968 1050 qua'stiones
2999 991 3220 1046 serant;
3251 980 3416 1054 985
3447 981 3494 1037 si

1883 1073 2046 1128 etiam
2079 1073 2131 1128 in
2163 1073 2298 1129 meis
2327 1073 2546 1145 scriptis
2581 1075 2891 1144 reperiant,
2941 1074 3010 1129 de
3057 1088 3165 1145 quo
3205 1073 3494 1145 disputan-

1883 1167 2012 1222 dum
2043 1177 2258 1238 putent:
2289 1169 2536 1238 plerique
2569 1171 2715 1224 enim
2751 1168 2932 1224 studio
2961 1168 3243 1240 indulgent
3273 1183 3406 1234 suo,
3434 1176 3495 1225 ut

1884 1263 1987 1318 iste
2011 1263 2100 1334 qni
2133 1274 2418 1335 propterea
2447 1265 2634 1320 orbem
2664 1265 2934 1330 cirenivit,
2961 1274 3019 1320 ιιι
3039 1274 3306 1334 quaereret
3331 1279 3492 1334 quem

1884 1356 2302 1426 reprehenderet
2333 1399 2347 1425 ,
2393 1372 2499 1413 non
2546 1371 2706 1428 quem
2749 1357 2852 1414 sibi
2897 1356 3214 1413 imitandum
3258 1357 3491 1412 arbitra-

1883 1459 2052 1506 retur.

1954 1547 2008 1602 5.
2052 1547 2148 1602 Hic
2175 1547 2342 1616 igitur
2367 1557 2422 1603 ιιι
2448 1548 2732 1604 arroderet
2755 1546 2959 1619 aliquid
2985 1546 3054 1603 de
3085 1545 3222 1602 meis
3247 1545 3489 1617 scriptis,

1882 1657 2000 1698 eam
2032 1643 2134 1698 sibi
2164 1644 2398 1713 amplam
2433 1645 2573 1699 viam
2603 1644 2842 1713 reperit,
2878 1641 3135 1715 quoniam
3165 1655 3232 1698 eo
3262 1641 3366 1696 loci
3397 1640 3489 1698 ubi

1881 1734 2015 1791 dixit
2045 1737 2306 1792 Dominus
2335 1736 2494 1793 Jesus
2527 1756 2538 1792 :
2574 1736 2838 1806 Conﬁteor
2864 1735 2980 1802 tibi,
3027 1734 3220 1800 Pater,
3266 1733 3488 1788 Domine

171 1822 384 1893 giamus
415 1821 833 1880 delectationem
862 1824 1002 1880 sicut
1029 1834 1337 1894 serpentem
1363 1841 1376 1878 :
1412 1825 1610 1880 multas
1632 1835 1776 1879 artes
1809 1835 1853 1895 Β
1881 1832 1995 1885 caeli
2035 1843 2082 1885 et
2121 1842 2270 1887 terrm
2309 1831 2525 1905 (Matth.
2556 1847 2607 1886 χι
2633 1875 2646 1897 ,
2677 1831 2804 1904 25);
2835 1831 3072 1886 diximus
3105 1829 3228 1884 ideo
3257 1827 3488 1893 dictum,

175 1916 374 1982 habet,
422 1925 478 1971 et
509 1917 742 1973 maxime
785 1919 836 1972 in
876 1918 1114 1974 homine.
1162 1918 1297 1974 Nam
1333 1918 1438 1974 alia
1479 1919 1776 1973 animantia

175 2010 283 2065 cibi
317 2010 577 2066 aviditate
602 2013 925 2083 capiuntur?
962 2014 1122 2068 homo
1152 2023 1354 2083 quanto
1380 2014 1562 2083 plures
1585 2029 1777 2069 sensus

172 2102 458 2156 oculorum
496 2105 817 2176 auriumque
849 2105 1046 2172 habet,
1081 2115 1232 2161 tanto
1261 2107 1464 2176 majora
1508 2108 1773 2178 pericula.

175 2192 312 2248 Vale
333 2235 347 2259 ,
381 2204 440 2249 et
465 2209 566 2250 nos
595 2195 760 2268 dilige
781 2239 795 2264 ,
829 2205 886 2252 ut
915 2196 1080 2264 facis;
1113 2199 1236 2268 quia
1269 2214 1369 2253 nos
1401 2208 1450 2254 te
1477 2199 1773 2271 diligimus.

662 2320 687 2346 τι
726 2310 1058 2367 EPISTOLA
1101 2311 1282 2367 XLVI.

175 2419 476 2476 Ambrosius
517 2420 712 2478 Sabino
762 2425 936 2478 scribit
992 2426 1300 2481 maledicum
1345 2428 1777 2498 Apollinuristam

249 2512 451 2582 publice
476 2516 640 2586 fuisse
667 2521 989 2588 confutatam
1013 2535 1029 2572 :
1049 2535 1157 2573 sese
1179 2537 1294 2574 cum
1318 2537 1396 2586 eo,
1420 2523 1515 2576 etsi
1543 2523 1776 2575 servilem

249 2607 304 2662 in
322 2606 580 2663 Christum
599 2608 818 2678 formam
839 2628 942 2664 non
957 2611 1267 2680 admitteret,
1281 2612 1573 2668 humaniter
1585 2616 1746 2689 egisse
1757 2633 1776 2670 .·

249 2711 301 2754 at
329 2701 421 2756 illa
447 2701 618 2769 verba,
642 2700 809 2757 Deum
838 2705 1029 2758 scilicet
1053 2705 1264 2761 Patrem
1299 2705 1417 2763 Filii
1445 2722 1564 2762 esse
1591 2717 1645 2761 et
1671 2709 1773 2763 Do-

251 2796 455 2850 minum
502 2804 797 2862 creatum,
830 2813 944 2867 qua:
970 2798 1049 2852 illi
1082 2800 1380 2870 comprimis
1416 2800 1774 2872 displicebant,

250 2903 366 2941 cum
393 2888 556 2942 verbis
590 2886 856 2943 Davidicis
902 2893 1188 2945 convenire.
1243 2890 1372 2946 Post
1399 2910 1515 2964 qua:
1542 2894 1777 2948 eumdem

253 2981 452 3037 Filium
501 2983 611 3038 sine
666 2985 861 3059 injuria
907 2988 1186 3041 divinitatis
1233 2990 1426 3059 [uetant
1475 3006 1576 3042 non
1627 2991 1778 3043 modo

251 3092 474 3143 servum,
503 3093 674 3132 verum
704 3079 856 3132 etiam
888 3080 1239 3148 maledictum,
1273 3081 1602 3153 opprobrium
1629 3091 1780 3149 atque

253 3183 511 3242 peccatum
533 3170 808 3242 multiplici
831 3173 1118 3240 Scriptum
1139 3175 1425 3228 testimonio
1443 3175 1773 3229 demonstrat.

684 3287 710 3326 δ
732 3289 1034 3344 Attenestus
1056 3288 1272 3346 Suum.

253 3405 304 3458 1.
346 3405 516 3473 Quem
562 3403 824 3474 scripsisti
872 3405 1120 3461 maledici
1169 3406 1441 3461 sermonis
1481 3407 1778 3461 seminato-

177 3514 321 3565 rem,
355 3511 374 3537 ο
407 3500 713 3555 levissimus
743 3511 847 3566 e5t,
872 3502 962 3571 qui
990 3502 1102 3570 jam
1126 3501 1320 3556 veneni
1351 3501 1431 3555 sui
1468 3500 1772 3556 mercedem

178 3591 410 3662 recepit.
439 3592 715 3661 Siquidem
751 3608 1070 3663 responsum
1100 3605 1179 3648 est
1203 3593 1253 3648 ei
1275 3594 1516 3664 publice;
1547 3603 1601 3648 et
1631 3593 1774 3664 quod

178 3685 428 3754 privatim
457 3696 700 3752 scverat,
739 3686 914 3756 palam
946 3687 1187 3741 messnit.
1223 3688 1334 3758 Ego
1370 3699 1548 3742 autent
1578 3703 1772 3743 vatium

173 3787 305 3832 ante
323 3789 375 3832 et
399 3777 690 3833 invisorem
718 3788 925 3834 tantum
951 3780 1216 3836 habebam
1247 3798 1259 3834 :
1285 3791 1337 3835 at
1360 3781 1446 3834 ubi
1473 3784 1572 3836 iste
1594 3797 1774 3836 sermo

173 3868 241 3925 ad
289 3885 446 3925 aures
487 3871 731 3942 pervenit
769 3887 947 3936 meas,
982 3873 1160 3927 statim
1193 3873 1440 3943 respondi
1479 3872 1619 3944 quod
1648 3890 1770 3929 eum

175 3963 324 4017 virus
373 3962 619 4020 infecerit
665 3965 1025 4034 Apollinaris,
1071 3967 1160 4037 qui
1204 3983 1309 4020 ttott
1365 3977 1539 4034 potest
1585 3969 1773 4023 audire

171 4059 322 4129 quod
371 4059 631 4114 Dominus
687 4072 874 4115 noster
914 4059 1069 4115 Jesus
1119 4077 1214 4131 pro
1260 4062 1414 4117 nobis
1457 4064 1771 4118 servitutem

172 4151 478 4221 Susceperit
505 4152 556 4206 in
591 4153 748 4208 istius
787 4156 1034 4222 corporis
1064 4155 1438 4224 susceptione;
1471 4170 1592 4209 cum
1622 4154 1771 4226 Apo-

172 4247 349 4301 stolus
368 4245 566 4300 clamet
583 4245 726 4316 quod
743 4246 967 4301 formam
985 4247 1126 4302 servi
1147 4249 1414 4318 acceperit
1432 4247 1600 4320 (Phil.
1625 4249 1769 4318 tt,7).

172 4340 289 4396 Hoc
322 4342 749 4408 munimentum,
791 4342 904 4396 haec
942 4357 1099 4412 sepes
1134 4352 1218 4398 est
1259 4343 1378 4397 lidei
1415 4353 1649 4409 nostrae;
1679 4345 1772 4416 qui

174 4435 316 4490 hanc
359 4435 619 4499 desmtit,
669 4435 982 4490 destruetur
1009 4436 1154 4506 ipse,
1188 4437 1328 4490 sicut
1355 4437 1614 4503 scriptum
1643 4449 1723 4494 est
1754 4458 1768 4494 :

177 4530 314 4597 Quia
343 4530 682 4584 destruentem
706 4545 872 4599 sepem
901 4528 1149 4584 mordebit
1173 4547 1381 4602 serpens
1409 4529 1577 4600 (Eccl.
1609 4549 1660 4597 x,
1689 4532 1765 4605 8).

1882 1935 1938 1980 ιιι
1973 1941 2074 1980 nos
2102 1925 2466 1997 intelligamus
2497 1935 2519 1962 ο
2556 1934 2766 1996 patrem
2801 1923 2892 1978 lilii
2925 1937 3082 1988 esse,
3119 1930 3174 1976 et
3209 1920 3488 1976 dominum

1879 2030 2160 2074 creatura'.
2193 2018 2530 2089 Quamquam
2564 2019 2614 2072 in
2651 2017 2859 2086 psalmo
2891 2015 3170 2072 evidenter
3194 2014 3484 2070 Dominum

1879 2111 2080 2168 dixerit
2121 2113 2333 2168 Patrem
2364 2113 2533 2167 Filius
2563 2130 2576 2166 :
2615 2111 2869 2166 Viderunt
2900 2126 3000 2177 me,
3033 2119 3079 2164 et
3106 2116 3369 2162 moverunt
3401 2124 3490 2161 cn-

1880 2208 1986 2278 pita
2018 2224 2113 2261 sua
2141 2224 2159 2262 :
2184 2207 2377 2280 ndjuva
2407 2223 2508 2273 me,
2533 2204 2772 2271 Domine,
2801 2204 2942 2258 Deus
2966 2221 3108 2258 meus
3137 2200 3308 2275 (Psal.
3333 2216 3482 2268 cvtn,

1879 2280 1981 2365 25,
2032 2300 2150 2368 26).
2186 2301 2400 2355 Etenim
2443 2298 2742 2354 secundum
2792 2297 3021 2352 l‘ormam
3069 2296 3212 2351 servi
3244 2296 3483 2363 locutus,

1878 2392 2158 2448 domitium
2190 2393 2422 2458 vocavit,
2450 2408 2610 2464 quem
2638 2392 2854 2447 Patrem
2886 2399 3132 2454 noverat,
3163 2390 3387 2461 mqualis
3427 2389 3483 2445 in

1881 2486 1975 2540 Dei
2009 2485 2202 2550 forma,
2238 2501 2454 2542 servum
2485 2484 2782 2540 secundum
2815 2486 2999 2540 carnis
3029 2483 3386 2539 substantiam
3423 2498 3484 2540 se

1881 2575 2214 2650 praedicans;
2240 2581 2478 2636 servitus
2509 2581 2651 2636 enim
2691 2580 2906 2645 carnis,
2949 2577 3262 2634 dominatus
3301 2585 3482 2633 autent

1879 2673 2179 2728 divinitatis
2207 2684 2311 2729 est.

1949 2767 2005 2823 4.
2049 2768 2304 2825 Adverlis
2329 2768 2491 2838 igitur
2517 2767 2748 2838 primum
2779 2784 2876 2838 pro
2907 2778 2993 2820 tua
3017 2765 3325 2822 admirabili
3358 2781 3484 2835 pru-

1881 2861 2062 2916 dentia
2109 2877 2171 2916 ea
2215 2877 2333 2932 qum
2362 2861 2415 2916 in
2450 2863 2744 2932 Evangelio
2783 2861 3070 2926 dicuntur,
3111 2859 3176 2914 ad
3211 2858 3487 2929 Evangelii

1881 2962 2094 3023 tempus
2137 2954 2365 3019 referri,
2410 2970 2516 3022 quo
2554 2953 2816 3008 Dominus
2861 2954 3022 3008 Jesus
3054 2953 3198 3007 inter
3237 2951 3485 3006 homines

1881 3045 2114 3101 humana
2144 3047 2326 3116 specie
2348 3045 2808 3109 conversabatur;
2841 3060 2984 3100 nunc
3008 3046 3150 3098 enini
3183 3042 3482 3098 secundum
3519 3064 3535 3082 -

1882 3140 2160 3195 hominem
2179 3140 2289 3210 jam
2315 3155 2420 3194 non
2446 3139 2695 3194 novimus
2714 3136 2990 3194 Christum
3023 3136 3088 3207 (ll
3128 3134 3245 3189 Cur.
3277 3151 3330 3197 ν.
3365 3131 3479 3205 16).

1803 3242 1846 3305 C
1879 3232 1959 3290 Sit
2006 3233 2077 3288 ita
2118 3231 2266 3287 visus
2305 3242 2359 3286 et
2397 3230 2646 3301 cognitus
2677 3230 2989 3294 veteribus,
3019 3228 3131 3296 jam
3169 3227 3484 3281 transierunt

1881 3337 2080 3392 vetera,
2123 3336 2166 3381 et
2209 3326 2380 3379 omnia
2417 3341 2548 3379 nova
2587 3329 2725 3395 facta
2757 3333 2874 3378 sunt
2911 3319 3107 3394 (Ibid.,
3146 3321 3258 3392 17).
3289 3319 3482 3375 Omnia
3527 3311 3532 3314 ’

1881 3429 2061 3476 tamen
2091 3435 2157 3475 ex
2189 3419 2332 3482 Deo,
2361 3419 2448 3488 qui
2485 3433 2582 3472 nos
2609 3418 2711 3472 sibi
2738 3433 2833 3488 per
2856 3416 3134 3471 Christum
3162 3414 3481 3470 reconcilia-

1879 3515 1987 3580 vit;
2013 3528 2230 3569 eramus
2257 3514 2399 3568 enim
2437 3512 2638 3567 mortui
2658 3554 2672 3576 ,
2711 3521 2767 3566 et
2797 3511 2917 3566 ideo
2947 3523 3085 3564 unus
3109 3524 3204 3579 pro
3229 3508 3480 3564 omnibus

1876 3623 2064 3664 servus
2097 3607 2269 3662 lactus
2296 3617 2377 3662 est
2405 3605 2628 3680 (Philip.
2666 3621 2740 3670 ιι,
2773 3605 2851 3675 7).
2891 3604 3028 3672 Quid
3072 3603 3279 3668 dicam,
3318 3599 3336 3638 τ
3368 3617 3483 3657 ser-

1876 3702 2014 3756 vus?
2045 3701 2354 3764 Peccatum,
2387 3700 2760 3770 Opprobrium,
2798 3699 3144 3754 maledictum
3175 3697 3349 3753 lactus
3372 3707 3477 3753 est.

1879 3795 2019 3849 Dixit
2050 3795 2192 3849 enim
2223 3793 2514 3864 Apostolus
2541 3811 2551 3845 :
2583 3792 2716 3859 Quin
2738 3809 2834 3865 pro
2862 3794 3004 3846 nobis
3025 3801 3286 3865 peccatum
3315 3793 3481 3862 factus

1877 3896 1950 3941 est
2005 3887 2088 3957 (ll
2138 3885 2260 3940 Cor.
2311 3902 2382 3952 γ,
2441 3883 2591 3956 Ἦ),
2643 3887 2766 3954 quia
2818 3886 3146 3938 maledictum
3192 3888 3358 3954 {actus
3407 3892 3480 3937 est

1878 3978 2074 4052 (Galnt.
2110 3977 2306 4046 111,15)
2341 3977 2600 4032 Dominus
2637 3976 2814 4031 Jesus.
2855 3976 2998 4030 Dixit
3039 3976 3162 4046 quia
3206 3990 3329 4029 cum
3375 3972 3477 4027 sibi

1874 4072 2166 4142 subjecerit
2194 4072 2394 4136 omnia,
2431 4081 2556 4126 tunc
2579 4081 2633 4124 et
2663 4071 2778 4140 ipse
2801 4069 3077 4139 subjectus
3103 4068 3225 4123 erit.
3258 4066 3401 4121 Dixit
3425 4074 3481 4121 et

1877 4164 2067 4219 Petrus
2097 4181 2109 4216 :
2143 4163 2205 4217 In
2229 4164 2434 4218 nomine
2467 4162 2593 4217 Iesu
2625 4161 2888 4217 Nazareni
2927 4177 3078 4232 surge
3099 4203 3113 4227 ,
3152 4171 3198 4214 et
3245 4159 3476 4227 ambula,

1876 4260 1928 4314 iit
1964 4258 2187 4313 Actibus
2216 4259 2587 4330 apostolorum
2617 4257 2814 4330 (Actor.
2845 4273 2924 4322 Ill,
2956 4256 3034 4326 6).
3083 4256 3217 4310 Dixit
3259 4255 3328 4310 ibi
3355 4255 3478 4325 quia

1874 4353 2180 4423 gloriﬁcavit
2221 4369 2435 4424 puerum
2467 4369 2615 4406 suum
2647 4343 2826 4405 Jesum
2860 4348 3050 4422 (Ibid.,
3089 4347 3206 4420 15),
3235 4357 3291 4403 et
3320 4363 3480 4402 nemo

1875 4447 2236 4502 calumniatur
2282 4447 2348 4502 de
2398 4455 2664 4516 tempore.
2710 4445 2764 4500 ln
2814 4445 3136 4516 Apocalypsi
3183 4453 3366 4498 autem
3423 4449 3479 4497 et

1876 4555 2045 4612 agnus
2074 4541 2246 4597 dictus
2281 4550 2365 4596 est
2403 4556 2431 4595 a
2462 4540 2672 4596 ,Ιοςιιιιιθ
2697 4540 2883 4612 (Apoc.
2917 4555 2974 4605 v,
3004 4539 3128 4608 12);
3176 4537 3354 4592 dictus
3393 4545 3478 4592 est

244 4625 301 4677 2.
347 4622 610 4694 Equidem
659 4623 834 4693 prium
879 4622 1072 4676 leniter
1115 4624 1363 4678 Illandﬂ‘i
1407 4625 1455 4678 ei
1483 4643 1495 4677 ε
1524 4627 1636 4692 Qllil
1679 4644 1770 4684 τε·
1800 4644 1852 4705 1)
1879 4635 1931 4688 in
1976 4635 2180 4704 psalmo
2223 4635 2426 4697 vermis,
2449 4643 2497 4688 et
2529 4650 2628 4687 non
2654 4634 2807 4687 homo
2846 4630 3017 4703 (Psal.
3053 4646 3170 4695 xxi,
3197 4628 3308 4702 li).
3352 4628 3479 4684 llaec

175 4717 324 4772 tione
351 4717 544 4772 bonam
577 4731 690 4772 rem
721 4715 864 4770 malo
893 4715 1074 4769 animo
1097 4715 1266 4769 lacis?
1300 4715 1412 4787 Ego
1437 4719 1579 4772 enim
1611 4720 1770 4776 bene-

173 4858 248 4914 lta
284 4856 527 4912 nonnulli
561 4854 869 4926 philosophi
899 4854 966 4910 de
1005 4868 1097 4908 sua
1137 4855 1308 4926 patria
1341 4856 1774 4924 responderunt,

175 4930 492 5001 interrogati
521 4925 726 4999 cujates
751 4938 964 4993 essent;
990 4927 1131 4982 unde
1152 4934 1211 4982 et
1235 4925 1362 4981 illud
1392 4937 1564 4997 poetae
1592 4940 1774 4984 natum

175 5011 258 5058 est
291 5020 302 5055 :

272 5094 432 5145 Omne
455 5093 609 5145 solum
633 5093 743 5145 forti
768 5095 922 5157 patria
949 5098 1042 5152 est,
1065 5100 1118 5142 ut
1142 5092 1356 5156 piscibus
1375 5104 1564 5156 aequor.

179 5219 350 5276 Porro
389 5221 684 5290 superioris
728 5220 974 5289 responsi
1018 5235 1122 5274 non
1169 5219 1336 5274 alium
1380 5227 1657 5274 auctorem
1693 5221 1772 5274 in-

179 5293 323 5346 dicat
368 5293 630 5359 Naunius,
667 5293 768 5346 uisr
798 5292 1110 5361 Socratem,
1143 5293 1210 5347 de
1239 5306 1344 5362 quo
1371 5290 1525 5347 Eras.
1556 5291 1683 5346 cbil.
1717 5293 1772 5358 2,

179 5374 324 5419 cent.
357 5364 411 5429 2,
443 5364 600 5435 adag.
631 5364 721 5420 93.

252 5444 278 5473 α
321 5437 530 5503 Scripta
552 5433 703 5490 'eirca
738 5450 863 5488 ann.
899 5433 1024 5491 589.

251 5506 279 5546 1)
324 5507 442 5561 Vet.
475 5508 635 5569 edit.,
667 5507 970 5561 Ambrosius
1002 5505 1240 5574 Irenwo;
1268 5506 1425 5561 Rom.
1456 5522 1577 5562 cum
1613 5523 1771 5575 mss.,

179 5579 477 5634 Ambrosius
522 5579 719 5634 Sabino
753 5581 1026 5648 episcopo,
1060 5579 1163 5634 nisi
1195 5579 1338 5649 quod
1381 5596 1447 5635 ex
1490 5579 1573 5634 his
1604 5581 1774 5634 multo

181 5653 361 5718 plures
385 5655 637 5704 omittunt
665 5650 924 5718 episc0po.
951 5649 1136 5720 Neque
1161 5661 1340 5705 tamen
1365 5652 1541 5705 minus
1563 5659 1770 5706 certum

181 5733 265 5777 est
290 5723 544 5778 Sabinum
571 5721 721 5792 itlum
755 5735 816 5774 ea
843 5722 1104 5792 dignitate
1141 5735 1390 5792 ornatum
1420 5722 1615 5786 fuisse,
1649 5739 1769 5778 cum

181 5793 476 5848 non'ahus
512 5809 547 5845 a
598 5787 800 5862 Sabino
840 5787 1111 5862 exstiterit.
1144 5789 1461 5848 Placentino
1496 5795 1767 5861 antistite,

180 5865 270 5931 qui
302 5863 521 5933 Synodo
561 5861 888 5932 Aquileiensi
923 5863 1232 5920 interluisée
1263 5866 1558 5935 reperitur.
1593 5872 1646 5919 ct
1675 5879 1768 5920 cu—

1881 4729 2060 4781 onmia
2091 4726 2262 4782 lactus
2295 4737 2400 4791 est,
2431 4737 2488 4780 ut
2525 4735 2723 4780 nostrae
2751 4723 3080 4779 obtunderet
3121 4723 3312 4778 mortis
3351 4735 3478 4776 acu-

1880 4863 1968 4932 jus
1997 4880 2123 4919 cum
2152 4864 2445 4921 Ambrosio
2473 4864 2891 4920 familiaritatem
2924 4863 3087 4933 hujus
3116 4863 3181 4917 ad
3212 4877 3336 4918 eum
3363 4861 3480 4930 plu-

1883 4951 1973 4990 res
2005 4945 2271 4992 testantur
2293 4937 2556 5008 epistolae.
2583 4936 2731 4991 Hanc
2758 4935 2914 5002 quasi
2937 4936 3001 4989 ad
3025 4935 3479 5008 Sabinumscrip-

1885 5017 1990 5078 tam
2022 5008 2254 5062 citarunt
2285 5005 2396 5065 Leo
2427 5008 2651 5078 Magnus
2691 5008 2852 5076 epist.
2895 5008 2998 5062 154
3024 5048 3038 5072 ,
3092 5007 3225 5060 alias
3273 5005 3378 5071 97,
3425 5014 3480 5062 et

1883 5077 2139 5152 Leontius
2171 5081 2515 5152 Byzantinus.

1957 5163 1978 5189 ο
2021 5151 2148 5206 Mss.
2173 5149 2408 5222 aliquot,
2433 5153 2733 5208 verissimus
2758 5163 2862 5217 est;
2891 5167 3051 5218 unus,
3081 5149 3473 5216 scelerissimus,

1881 5221 2023 5278 forte
2050 5221 2492 5279 sceleratissimus.
3541 5289 3544 5292 ι

1951 5292 1979 5331 ά
2021 5297 2240 5351 Amerb.
2274 5308 2327 5350 et
2358 5298 2508 5365 pauci
2549 5312 2706 5362 tnss.,
2757 5295 2931 5349 mutue
2961 5297 3086 5367 jure
3123 5304 3474 5367 prietereunt;

1879 5365 2036 5421 Eras.
2068 5375 2124 5422 et
2161 5368 2266 5424 Gil.
2308 5382 2429 5424 cunt
2463 5369 2586 5423 aliis
2611 5411 2626 5436 ,
2667 5369 2828 5422 multa
2870 5365 3048 5419 aurem
3100 5365 3279 5437 (Rom.
3314 5365 3471 5429 edit.,

1877 5441 2038 5493 multa
2064 5441 2253 5506 autem)
2283 5450 2610 5512 pt'wtereunt.

1951 5522 1974 5548 θ
2017 5505 2337 5567 Conferatur
2393 5511 2478 5566 hic
2525 5511 2674 5564 locus
2714 5523 2836 5563 cum
2879 5507 2985 5560 alio
3028 5507 3124 5563 lib.
3156 5523 3187 5560 v
3215 5506 3283 5561 de
3315 5505 3470 5573 Fide,

1877 5597 1996 5651 cap.
2047 5584 2116 5646 8.
2165 5599 2312 5637 num.
2360 5583 2495 5642 102,
2543 5593 2754 5651 etnon
2803 5578 3097 5635 dilliculter
3144 5579 3472 5649 intelligetur

1880 5650 2130 5709 eumdem
2158 5655 2382 5708 indicari
2413 5652 2482 5706 ab
2514 5650 2821 5706 Ambrosio.

1958 5725 1975 5763 ί
2012 5726 2083 5779 lta
2105 5741 2233 5780 mss.
2262 5724 2327 5778 ad
2357 5738 2519 5776 unum
2544 5738 2556 5773 :
2581 5723 2710 5776 edit.
2729 5731 2906 5775 autem
2929 5723 3046 5778 voci
3071 5740 3244 5778 servus
3267 5722 3470 5780 addunt

1876 5798 2046 5868 factus
2073 5807 2178 5862 est;
2205 5807 2258 5851 et
2287 5793 2419 5850 infra
2447 5793 2812 5868 post_verbum
2843 5793 3070 5862 ambula,
3099 5795 3349 5868 iugulant
3374 5797 3471 5852 has

1878 5860 2054 5934 voces,
2084 5871 2134 5921 in
2152 5860 2357 5922 Actibus
2378 5860 2746 5932 upbstolornm.
