3996 6292
589 347 723 404 1151
1985 342 2236 403 SANCTI
2272 343 2598 404 AMBROSII
3762 345 3845 402 ιιδι

585 474 646 522 ιιι
667 463 924 539 disjuncti
947 464 1189 522 locorum
1213 462 1537 530 intervallis,
1560 462 1756 522 affectu
1779 463 2176 522 adhaereamus:
2208 469 2259 530 Α
2287 474 2488 533 movet,
2509 466 2819 537 priusquam
2848 463 2998 523 foras
3024 465 3296 538 prodeat,
3324 462 3483 520 unde
3495 461 3621 535 jam
3633 467 3847 522 revectae

587 562 641 623 in
667 562 863 634 quibus
888 561 1032 619 inter
1051 562 1305 619 absentes
1328 561 1507 633 imago
1529 559 1764 633 refulget
1789 554 2186 629 prmSentize,et
2290 559 2436 614 nulla
2479 557 2703 616 facultas
2732 559 2837 626 sit;
2877 559 3297 633 quamlaudari
3331 574 3367 614 a
3400 566 3461 613 te
3480 600 3499 626 ,
3526 556 3673 629 quod
3698 557 3753 613 ab
3773 560 3846 615 alis

588 656 882 717 collocutio
907 655 1110 727 scripta
1131 664 1411 727 separatos
1436 654 1657 726 copulat
1685 673 1698 709 :
1723 655 1776 710 in
1802 655 2001 727 quibus
2022 655 2184 713 etiam
2287 654 2741 724 reprehendatur.
2759 653 2948 727 Itaque
2968 654 3243 711 arbitrum
3276 662 3335 709 te
3360 667 3567 709 eorum
3596 667 3711 723 qua:
3729 666 3850 723 postu-

585 763 709 806 cum
736 748 911 805 amico
933 748 1223 806 miscemus
1245 748 1511 815 animum,
1529 758 1585 804 et
1612 760 1848 805 mentem
1868 749 1918 805 ei
1945 757 2187 805 nostram
2289 746 2371 803 las
2399 747 2618 818 rogavi;
2653 762 2831 819 neque
2860 749 3007 804 enim
3040 748 3147 819 legi
3174 764 3205 801 a
3241 755 3296 803 te
3322 760 3486 811 mea,
3509 760 3636 817 quae.
3665 761 3853 802 nonan

589 843 946 902 infundimus.
2291 857 2451 913 quam
2483 842 2663 899 tribuo
2695 843 2748 898 in
2778 844 3001 914 vulgus,
3031 842 3130 900 sed
3180 843 3239 899 in
3281 854 3401 898 tua:
3434 841 3707 897 calculum
3734 848 3853 899 venit!

659 940 715 997 5.
756 938 875 996 Jam
904 939 972 1008 si,
1021 948 1080 996 ut
1126 939 1364 997 hortaris
1388 981 1401 1006 ,
1435 939 1644 1012 aliquid
1692 948 1748 997 et
1789 939 1859 996 de
1911 940 2190 997 veteribus
2291 936 2576 992 sententia:
2606 936 2936 993 desideravi.
2970 947 2992 976 ε
3024 936 3144 992 Non
3183 937 3293 992 erit
3344 934 3507 1005 longi
3541 934 3769 990 subsellii
3796 939 3853 993 ists

588 1038 871 1109 scripturis
920 1037 1163 1095 redoleat
1208 1038 1262 1094 in
1309 1038 1590 1108 epistolis,
1636 1053 1743 1093 non
1793 1038 1969 1094 solum
2022 1039 2190 1095 animi

2298 1027 2552 1100 iudicatio
2591 1040 2646 1086 et
2684 1045 2858 1096 mora,
2908 1039 2966 1086 ut
2992 1030 3202 1086 dictum
3236 1038 3331 1087 est
3372 1028 3710 1098 antiquitus.
3742 1028 3855 1087 Fati
3918 1012 3928 1109 λ

589 1133 957 1207 conglutinari
986 1134 1240 1191 videntur
1267 1149 1366 1205 per
1390 1148 1533 1190 verte
1558 1133 1824 1190 doctrina:
1854 1132 2188 1204 profectum,
2292 1129 2379 1177 εδῑ
2409 1121 2502 1176 libi
2536 1121 2603 1178 de
2626 1123 2827 1178 "OSll’is
2846 1122 3119 1195 iudicare.

593 1228 691 1287 sed
734 1229 898 1285 etiam
946 1228 1202 1300 plenioris
1244 1226 1500 1297 colloquii
1543 1227 1760 1298 species
1787 1236 1843 1283 et
1887 1224 2067 1282 forma
2098 1242 2193 1282 es—
2363 1216 2420 1271 2ο
2464 1217 2576 1287 E80
2618 1226 2768 1273 certe
2814 1218 2917 1273 huc
2962 1217 3190 1273 invitatu
3245 1226 3347 1272 tuo
3399 1215 3857 1287 prodeundum!»-

591 1324 792 1396 primi,
840 1332 899 1378 ut
945 1324 1087 1380 inter
1136 1322 1420 1395 quaerendi
1467 1332 1522 1378 et
1564 1321 1933 1393 respondendi
1979 1332 2194 1379 mutuas

2298 1314 2401 1368 tavi
2428 1331 2441 1366 :
2465 1321 2615 1369 tuum
2645 1322 2728 1368 est
2759 1312 2965 1383 liquido
2991 1314 3299 1370 decernere
3325 1354 3343 1380 ,
3379 1323 3442 1368 et
3470 1312 3854 1369 scrutanterdfs-

591 1420 740 1473 vices
788 1425 1069 1487 assumpta
1116 1415 1452 1472 concertatio
1490 1415 1544 1472 in
1577 1432 1742 1472 unum
1779 1415 2111 1484 conducere,
2140 1424 2197 1473 et
2293 1417 2504 1476 cutere,
2534 1424 2656 1480 qua:
2699 1408 2972 1480 corrigas;
3001 1423 3071 1465 ne
3102 1408 3203 1464 tibi
3234 1408 3377 1463 vitio
3427 1417 3661 1463 vertant
3684 1422 3854 1479 ea,qu

592 1527 778 1569 coram
826 1510 1077 1568 videatur
1105 1512 1313 1568 amicos
1341 1510 1557 1579 locare,
1586 1510 1678 1585 qui
1705 1511 1801 1567 tali
1829 1526 1889 1568 se
1921 1512 2197 1569 lacessunt
2296 1503 2454 1560 nobis
2499 1511 2793 1574 potuerunt
2837 1502 3126 1571 obrepere.
3172 1501 3387 1558 Nescio
3417 1516 3540 1571 quo
3568 1500 3713 1558 enim
3752 1499 3855 1556 me

592 1615 647 1664 et
673 1605 1112 1679 complectuntur
1141 1621 1388 1663 munere.

667 1702 722 1758 6.
763 1700 901 1771 Quid
930 1710 1113 1757 autem
1156 1703 1422 1770 majorum
1452 1708 1763 1758 nostrorum
1794 1703 2043 1773 exempla
2073 1718 2201 1773 pro-

595 1796 790 1861 feram,
812 1796 905 1868 qui
933 1795 1181 1869 epistolis
1209 1797 1326 1852 suis
1350 1795 1512 1853 ﬁdem
1535 1796 1849 1854 infuderunt
1876 1797 2194 1869 populorum

2299 1608 2496 1671 praeter
2524 1596 2904 1669 imprudentia:
2932 1596 3220 1668 caliginem
3247 1639 3263 1664 ,
3289 1611 3423 1668 quae
3460 1611 3559 1651 me
3598 1594 3855 1651 circumiss-

2296 1692 2398 1760 dit,
2430 1690 2931 1765 d'uaumquemquc
2980 1691 3177 1747 fallunt
3220 1705 3323 1746 sua
3355 1691 3575 1761 scripta
3596 1731 3614 1755 ,
3645 1698 3700 1746 et
3733 1704 3853 1743 aurea

2301 1796 2665 1859 praetereunt;
2698 1796 2863 1857 atque
2895 1795 2951 1841 ut
2981 1784 3079 1840 filii
3105 1785 3273 1841 etiam
3302 1783 3607 1840 deformes
3634 1783 3852 1847 delectant,

531 1882 536 1887 ’
598 1892 896 1960 mentibus,
917 1903 1081 1963 atque
1107 1890 1174 1946 ad
1204 1891 1447 1964 integros
1471 1900 1528 1949 et
1552 1892 1831 1950 confertos
1857 1895 2195 1964 scripserunt

2301 1882 2380 1937 sic
2399 1881 2563 1938 etiam
2585 1880 2907 1951 scriptorem
2934 1878 3225 1933 indecores
3244 1890 3550 1933 sermones
3574 1876 3660 1931 sui
3683 1875 3849 1947 palpent

598 1989 829 2060 populos
847 1999 931 2047 :et
961 2000 1263 2062 praesentes
1291 2005 1352 2048 se
1381 2006 1526 2059 esse,
1555 2006 1679 2048 cum
1707 1992 1968 2049 absentes
1996 1992 2203 2048 scribe-

599 2092 751 2151 rent,
783 2083 1197 2156 signillcarunt,
1226 2084 1444 2143 dicente
1485 2094 1676 2142 sancto
1706 2084 1973 2156 Apostolo
2003 2085 2049 2158 (ι
2076 2084 2198 2142 Cor.

598 2189 654 2242 v,
687 2174 766 2246 3),
798 2175 927 2246 quia
961 2176 1161 2232 absens
1191 2188 1315 2233 erat
1361 2192 1591 2249 corpore
1615 2219 1629 2244 ,
1662 2177 1759 2234 sed
1804 2192 2052 2248 praesens
2094 2177 2205 2249 spi-

597 2267 735 2335 ritu;
767 2283 875 2325 non
905 2269 1082 2325 solum
1111 2285 1236 2327 cum
1264 2270 1570 2336 scriberet,
1599 2270 1695 2327 sed
1724 2272 1887 2326 etiam
1914 2285 2035 2326 cum
2056 2270 2205 2342 judi-

597 2363 787 2419 caret?
821 2363 1060 2434 Denique
1099 2363 1299 2421 absens
1329 2379 1425 2435 per
1453 2362 1743 2435 epistolam
1774 2361 2200 2430 condemnabat,

598 2463 656 2512 et
703 2453 846 2512 idem
902 2455 1224 2513 absolvebat
1263 2470 1360 2528 per
1407 2454 1728 2527 epistolam;
1776 2455 2008 2525 epistola
2054 2454 2201 2511 enim

600 2549 754 2605 Pauli
779 2548 1029 2622 quaedam
1052 2550 1259 2623 efﬁgies
1280 2558 1402 2607 erat
1432 2550 1552 2622 ejus
1576 2548 1905 2621 prmaentiae,
1937 2557 1993 2606 et
2030 2547 2203 2605 forma

603 2642 808 2715 operis.

672 2740 726 2794 7.
767 2737 884 2795 Non
913 2740 1061 2796 enim
1090 2748 1146 2797 ut
1169 2740 1405 2796 aliorum
1437 2740 1686 2810 epistola:
1705 2780 1721 2806 ,
1750 2756 1963 2814 graues,
1993 2739 2203 2811 inquit,

598 2840 648 2887 et
675 2835 858 2904 fortes,
889 2835 1164 2904 praesentia
1194 2842 1369 2889 autem
1413 2835 1645 2906 corporis
1685 2834 1914 2905 infirma,
1949 2844 1997 2889 et
2037 2850 2205 2889 sermo

597 2926 999 2999 contemptibilis
1040 2925 1104 2998 (Il
1133 2923 1254 2982 Cor.
1291 2943 1353 2992 χ,
1390 2927 1516 2998 I0);
1547 2927 1669 2982 talis
1698 2937 1751 2983 et
1775 2926 2024 3000 Apostoli
2061 2948 2076 2984 :
2108 2927 2204 2984 sed

597 3019 720 3075 talis
771 3019 933 3091 hujus
979 3020 1233 3092 epistola,
1268 3032 1325 3075 ut
1357 3021 1481 3077 talis
1509 3031 1657 3078 esset
1700 3021 1871 3078 forma
1919 3023 2202 3095 praecepti,

594 3113 775 3183 qualis
841 3122 991 3170 esset
1052 3113 1388 3185 operationis
1441 3113 1743 3173 substantia
1789 3132 1802 3167 :
1850 3116 1971 3185 quia
2025 3115 2205 3186 quales

2305 1975 2577 2033 lncautius
2608 1975 2931 2048 plerumque
2971 1971 3177 2041 aliquid
3209 1973 3516 2043 promitur,
3549 1969 3742 2041 aliquid
3762 1969 3849 2024 acri-

2305 2070 2451 2143 pitur
2493 2069 2910 2125 malevolentius
2938 2109 2954 2134 ,
2992 2066 3200 2139 aliquid
3245 2068 3364 2123 exit
3402 2067 3755 2137 ambiguum:
3782 2077 3848 2118 tu

2302 2162 2428 2234 quia
2457 2162 2639 2218 alieno
2665 2159 3023 2219 examinanda
3047 2158 3284 2232 judicio,
3313 2174 3428 2215 non
3477 2175 3580 2229 pro
3616 2169 3775 2215 nostra
3794 2157 3850 2212 tle-

2305 2256 2497 2312 bemus
2529 2255 2720 2326 magis,
2743 2270 2902 2327 quam
2925 2268 3024 2325 pro
3045 2254 3224 2308 aliena
3254 2253 3532 2323 opinione
3560 2254 3849 2315 trutinare,ct

2304 2350 2577 2408 discutere
2607 2364 2799 2405 omnes
2825 2348 3112 2419 scrupulos
3144 2346 3586 2402 malevolentiae.

2375 2446 2429 2501 5.
2474 2443 2708 2501 Assume
2737 2442 2900 2514 igitur
2928 2439 3281 2497 benevolenti
3327 2439 3524 2494 animo
3562 2453 3735 2495 aurem
3769 2450 3848 2491 rer-

2303 2538 2479 2606 sutite,
2510 2545 2569 2593 et
2607 2545 2878 2609 pertracto
2906 2535 3111 2600 omnia,
3147 2544 3171 2572 ε
3204 2547 3506 2590 sermones
3530 2533 3738 2596 vellica;
3760 2530 3844 2586 siin

2305 2634 2373 2691 iis
2421 2649 2530 2691 non
2581 2632 2824 2689 forenses
2854 2630 3129 2686 blanditim
3152 2670 3170 2695 ,
3201 2637 3258 2685 et
3298 2628 3561 2684 suasoria
3591 2626 3756 2690 verba,
3785 2622 3844 2678 sed

2307 2726 2433 2783 ﬁdei
2474 2724 2760 2784 sinceritas
2789 2734 2904 2790 est,
2935 2732 2993 2780 et
3019 2720 3393 2778 confessionis
3418 2720 3707 2776 sobrietas.
3736 2718 3752 2756 ι
3774 2716 3843 2771 lie-

2309 2830 2415 2876 tam
2458 2834 2675 2891 appone
2717 2817 2783 2873 ad
2826 2817 3049 2874 verbum
3096 2815 3251 2873 dubii
3300 2814 3593 2887 ponderis,
3625 2811 3845 2869 etialhtis

2306 2926 2557 2983 staterar;
2591 2932 2660 2972 ne
2687 2914 2815 2987 quid
2847 2930 2943 2985 pro
2966 2929 3024 2970 se
3050 2928 3173 2970 esse
3199 2912 3569 2968 adversarius
3597 2913 3843 2981 interprete

2308 3023 2412 3067 tur.
2444 3011 2576 3066 Esto
2603 3019 2663 3065 ut
2692 3011 3002 3065 revincatur
3023 3050 3039 3076 ,
3069 3007 3117 3063 si
3142 3007 3411 3075 congredi
3444 3006 3672 3077 ceperit
3707 3023 3722 3059 :
3753 3004 3845 3058 mas

2306 3121 2366 3160 se
2398 3105 2563 3161 habet
2589 3105 2725 3161 liber
2748 3145 2764 3172 ,
2799 3113 2824 3152 8
2853 3103 2941 3173 qui
2973 3104 3092 3158 sine
3135 3110 3417 3157 assertore
3446 3117 3560 3156 non
3588 3096 3845 3155 defenditur.

595 3219 794 3274 sumus,
829 3205 1027 3278 inquit,
1052 3206 1204 3262 verba
1249 3224 1340 3278 per
1367 3208 1642 3275 epistolam
1690 3209 1959 3275 absentes,
1987 3208 2117 3264 tales
2159 3218 2208 3264 et
2310 3199 2434 3270 lpse
2480 3198 2644 3270 igitur
2688 3214 2785 3268 pro
2810 3212 2871 3252 se
2905 3196 3191 3267 loquutur,
3225 3195 3317 3264 qui
3353 3193 3609 3264 procedit
3636 3192 3661 3228 ἰ
3685 3190 3849 3245 sinsin-

599 3308 873 3368 prarsentes
902 3315 1080 3354 sumus
1105 3300 1159 3354 in
1184 3315 1336 3372 opere
1362 3298 1527 3367 (Ibid.
1550 3344 1563 3366 ,
1598 3299 1707 3372 Il).
1740 3298 2032 3371 Imaginem
2061 3316 2204 3373 prae-
2231 3280 2277 3345 Ο
2310 3302 2551 3361 terprete
2576 3309 2590 3346 :
2616 3301 2802 3347 noster
2830 3290 2919 3346 hic
2950 3301 3132 3346 tamen
3166 3303 3275 3345 non
3319 3286 3645 3360 egredietur
3666 3299 3691 3339 a
3715 3282 3843 3373 nobis,

600 3389 794 3445 sentin
824 3404 937 3445 sua:
963 3390 1014 3446 in
1046 3390 1296 3462 epistolis
1323 3390 1619 3457 «pressit,
1647 3401 1673 3428 ει
1700 3391 1935 3449 fructum
1965 3399 2021 3448 et
2050 3392 2204 3448 testi-

2308 3387 2412 3443 nisi
2436 3401 2468 3441 a
2485 3396 2537 3442 te
2557 3385 2831 3456 acceperit
2852 3384 3258 3440 auctoritatem.
3288 3381 3492 3451 Itaque
3516 3395 3640 3436 cum
3664 3372 3846 3434 cumbit

598 3481 839 3538 monium
871 3484 924 3538 in
948 3499 1114 3555 opere
1139 3483 1486 3555 significavit.
1520 3482 1667 3552 Vale,
1703 3491 1760 3540 et
1786 3500 1884 3541 nos
1923 3485 2110 3557 dilige,
2146 3492 2206 3541 ut
2310 3490 2397 3536 tua
2429 3478 2648 3551 prodire
2671 3478 2923 3548 jusseris,
2955 3476 3335 3533 committetur
3362 3474 3498 3529 sibi.

595 3572 765 3640 facis;
792 3575 921 3646 quia
950 3591 1051 3630 nos
1074 3584 1128 3632 et
1156 3586 1210 3632 te
1236 3575 1535 3647 diligimus.

974 3667 1141 3741 990
1166 3666 1194 3707 δ
1221 3667 1557 3725 EPISTOLA
1596 3667 1835 3725 XLVIII.

596 3757 860 3827 SABINUI,
889 3769 947 3815 ut
974 3759 1133 3815 libros
1150 3777 1272 3817 suos
1298 3778 1471 3817 severo
1498 3760 1757 3830 expendat
1777 3762 2035 3827 examine,
2059 3761 2199 3817 obse-

670 3862 803 3921 crat,
835 3864 883 3909 et
909 3871 1025 3927 qua!
1048 3855 1318 3910 commoda
1357 3854 1479 3911 hinc
1524 3857 1778 3922 oriantur,
1806 3858 2051 3924 exponit;
2082 3858 2203 3912 sub-

552 3994 561 4000 .
659 3951 885 4023 jungens
911 3958 1085 4006 tamen
1123 3950 1369 4006 duritiem
1406 3950 1676 4006 verborum
1717 3951 2044 4005 tolerandam
2068 3968 2201 4019 esse,

668 4044 796 4099 dum
818 4044 941 4115 fidei
967 4045 1223 4117 professio
1250 4046 1450 4117 integra
1477 4044 1565 4110 sit,
1588 4061 1711 4099 suas
1735 4045 1895 4100 variis
1922 4045 2204 4101 hwresibus

666 4137 791 4209 ﬁdei
814 4138 1161 4211 professiones
1187 4140 1403 4210 apponit
1427 4156 1446 4194 :
1468 4155 1529 4194 ac
1556 4140 1767 4194 demum
1786 4155 1839 4193 se
1864 4140 1919 4193 in
1940 4149 2203 4209 posterum

662 4232 947 4289 scribendis
966 4233 1199 4305 epistolis
1217 4233 1441 4288 maxime
1466 4249 1676 4303 cperam
1687 4232 1935 4289 daturum
1956 4231 2197 4303 spondet.

1125 4325 1426 4380 Ausuosms
1454 4322 1672 4380 Sumo.

671 4417 725 4472 I.
767 4415 1050 4474 Remisiin
1102 4418 1232 4473 mihi
1278 4417 1528 4483 libellos,
1556 4432 1694 4490 quos
1727 4428 1818 4473 tuo
1836 4417 2044 4484 judicio
2072 4432 2201 4490 pro-

594 4508 840 4565 batiores
868 4508 1103 4565 habebo.
1151 4509 1281 4567 Ideo
1320 4511 1442 4568 misi
1474 4510 1613 4565 alios
1644 4525 1751 4565 non
1776 4509 1967 4581 judicii
2014 4509 2200 4567 favore

592 4601 917 4669 delectatus,
942 4603 1037 4659 sed
1066 4604 1336 4676 promissa
1365 4620 1395 4660 a
1420 4615 1493 4673 te,
1524 4612 1580 4660 et
1605 4604 1774 4676 petita
1800 4619 1833 4660 a
1859 4620 1949 4661 me
1969 4604 2199 4661 veritate

2377 3576 2431 3631 4.
2475 3573 2676 3629 Tamen
2709 3572 2966 3644 quoniam
2996 3587 3097 3624 non
3124 3570 3178 3623 in
3200 3584 3442 3625 sermone
3479 3577 3555 3624 est
3580 3580 3768 3640 reg-un
3792 3558 3848 3614 βά

2200 3708 2201 3711 η
2307 3665 2353 3739 (1
2380 3666 2503 3723 Cor.
2535 3682 2610 3732 iv,
2642 3663 2762 3737 20),
2792 3663 2886 3720 sed
2913 3664 2964 3719 in
2997 3663 3234 3729 virtute;
3268 3661 3503 3717 verbum
3527 3660 3576 3717 si
3607 3656 3847 3721 offetulcﬁh

2311 3763 2567 3817 virtutem
2603 3758 2962 3837 professionis
3006 3758 3367 3828 interrogato.
3404 3755 3687 3812 Professio
3723 3762 3848 3807 antea
3926 3818 3927 3837 ᾗ

2307 3853 2430 3910 fidei
2478 3853 2753 3909 sententia
2805 3862 2930 3918 est,
2957 3866 3118 3924 quam
3150 3850 3445 3906 adversum
3493 3848 3849 3907 Sabellianmet

2306 3948 2540 4003 Arianos
2582 3946 2652 4000 ita
2690 3942 2706 3982 ί
2739 3960 2769 3999 a
2803 3943 3101 4015 majoribus
3147 3943 3402 3998 traditam
3454 3954 3718 4007 tenemus,
3736 3937 3847 4011 $1

2305 4050 2364 4095 ut
2404 4038 2621 4095 Patrem
2664 4038 2870 4105 Deum,
2917 4050 2971 4093 et
3018 4036 3214 4093 Filium
3268 4037 3389 4108 eius
3440 4037 3779 4109 unigenitum,
3812 4039 3848 4085 et

2304 4136 2562 4209 Spiritum
2582 4146 2828 4193 sanctum
2849 4150 3176 4193 veneremur
3200 4153 3213 4188 :
3238 4133 3382 4189 hanc
3404 4133 3716 4190 Trinitatem
3738 4130 3848 4184 aliis

2304 4245 2428 4287 esse
2471 4229 2809 4295 substantia},
2841 4228 3175 4300 majestatis,
3204 4226 3517 4283 divinitatis
3545 4245 3559 4280 :
3588 4227 3642 4281 in
3678 4226 3847 4280 hocne-

2305 4325 2453 4380 mine
2478 4325 2654 4381 Patris
2677 4333 2732 4381 et
2756 4323 2878 4380 Filii
2903 4333 2957 4378 et
2994 4322 3229 4393 Spiritus
3258 4323 3438 4377 sancti
3478 4321 3737 4392 baptizare
3758 4328 3845 4375 πω.

2303 4415 2758 4487 quemadmodum
2802 4416 3066 4486 scriptum
3108 4424 3194 4470 est
3244 4412 3477 4484 (Matth.
3525 4405 3843 4475 sxvm,l9):

2303 4510 2501 4566 Filium
2533 4512 2715 4580 itaque
2744 4518 3072 4565 comternum
3113 4506 3261 4562 Patri
3308 4507 3619 4576 suscepisse
3644 4513 3842 4561 carnem.

2304 4612 2488 4661 natum
2516 4602 2586 4660 de
2614 4602 2820 4674 Spiritu
2867 4611 3058 4658 sancto
3084 4610 3140 4657 et
3169 4600 3395 4671 Virgine
3420 4599 3605 4665 Maria,
3632 4593 3840 4667 milesia

588 4694 810 4753 illectus
851 4714 867 4755 :
912 4697 1055 4756 malo
1101 4698 1248 4755 enim
1281 4707 1373 4755 tuo
1401 4698 1711 4771 corrigatur
1734 4697 1967 4770 judicio,
1994 4697 2039 4753 si
2066 4697 2195 4770 quid
2224 4685 2278 4748 D
2303 4696 2450 4754 Patri
2474 4695 2773 4754 secundum
2814 4693 3156 4751 divinitatem
3189 4693 3246 4749 in
3278 4692 3373 4750 Dei
3402 4691 3593 4757 forms,
3623 4689 3673 4746 id
3699 4695 3786 4749 est,
3805 4683 3840 4735 in

659 4847 685 4909 ρ
724 4835 801 4893 Ita
851 4836 1101 4909 plerique
1131 4853 1297 4904 mss.;
1330 4836 1576 4894 nonnulli
1619 4845 1833 4904 tamen,
1884 4844 1942 4893 et
1990 4850 2185 4893 omnes

583 4908 742 4972 edit.,
776 4908 1001 4979 fructum
1028 4910 1327 4977 testimonii,
1359 4918 1468 4966 etc.

655 4980 684 5021 δ
725 4980 937 5052 Scripta
969 4981 1113 5038 circa
1140 4998 1338 5038 annum
1366 4980 1494 5039 590.

658 5065 679 5092 ο
723 5051 862 5110 nm
892 5053 1058 5110 verba
1106 5052 1213 5108 huc
1265 5053 1521 5109 translata
1552 5060 1681 5109 sunt
1734 5067 1799 5109 ex
1829 5051 1991 5122 epist.
2018 5051 2053 5108 9
2084 5052 2181 5109 lib.

578 5140 659 5189 ιιι,
692 5124 864 5197 Epist.
895 5124 1098 5188 Cicer.,
1128 5124 1217 5180 ubi
1246 5124 1326 5197 sic
1349 5124 1583 5197 habetur
1608 5143 1623 5180 :
1652 5122 1820 5197 Longi
1848 5123 2100 5192 subsellii,
2128 5134 2185 5180 ut

578 5208 759 5269 noster,
785 5195 1064 5267 Pompeius
1102 5196 1648 5269 appellat,_judicatio
1679 5206 1725 5251 et
1758 5195 1923 5251 mora.

649 5266 677 5306 ἀ
716 5268 834 5324 Νοιι
864 5266 983 5324 sine
1009 5267 1169 5323 laude
1189 5282 1220 5339 a
1248 5266 1523 5339 plerisque
1548 5280 1843 5339 memorata
1870 5276 2005 5339 sunt,
2019 5266 2185 5322 verba

578 5340 695 5396 haec
716 5339 1103 5401 Ambrosiaua,
1128 5338 1221 5393 sed
1256 5338 1307 5392 in
1342 5338 1530 5407 primis
1558 5354 1585 5391 a
1614 5338 1849 5394 Baronio
1874 5339 1928 5392 in
1956 5338 2180 5405 Martvr.

576 5411 761 5476 Rom.,
796 5411 885 5467 ubi
918 5412 985 5466 de
1013 5418 1206 5467 sancto
1236 5410 1441 5466 Sabino
1468 5412 1668 5467 agitur.

648 5494 673 5523 ε
714 5484 833 5542 Vet.
867 5481 1028 5553 edit.,
1052 5499 1312 5539 sermones
1349 5480 1580 5549 uentila;
1606 5481 1765 5553 Rom.
1801 5495 1921 5536 cum
1960 5481 2185 5552 scriptis

571 5556 723 5623 cod.,
750 5551 1017 5613 sermones
1036 5555 1237 5610 uellica.
1272 5554 1367 5609 Est
1387 5562 1568 5608 autem
1590 5551 1850 5608 vellicare
1882 5569 2040 5607 manu
2069 5562 2186 5608 ten-

570 5635 691 5683 tare
726 5639 905 5684 utrum
937 5626 1141 5692 aliquid
1173 5626 1334 5681 alicui
1363 5624 1541 5681 valide
1567 5624 1870 5687 cohaereat,
1900 5631 1994 5679 aut
2023 5623 2183 5680 facile

575 5698 975 5781 possitavellh
1002 5697 1153 5755 Unde
1192 5696 1375 5753 clarus
1404 5696 1463 5752 fit
1503 5693 1911 5768 metaphoricus
1953 5710 2180 5762 sensus,

574 5782 686 5839 quo
714 5769 802 5822 hic
829 5769 1071 5837 ponitur.

622 5834 669 5918 ll
713 5831 839 5917 Fuit
862 5839 1104 5918 (antiquis
1126 5852 1192 5894 ea
1217 5838 1600 5918 consuetudo,
1618 5838 1811 5918 Antiqui
1841 5838 2010 5918 libros
2037 5838 2179 5894 alio-

571 5914 691 5964 rum
719 5906 1109 5963 osaminamlos
1141 5908 1477 5978 acciperent,
1505 5912 1629 5983 quid
1668 5906 1802 5979 tolli,
1835 5908 2031 5981 quidve
2062 5924 2179 5967 mutt

2293 4837 2393 4891 tari
2422 4844 2720 4903 oporteret,
2743 4820 3007 4906 appositis
3031 4832 3363 4906 quibusdam
3395 4832 3536 4890 notis
3564 4829 3837 4887 indicarent

2291 4907 2548 4965 Horatius
2595 4908 2665 4964 de
2706 4910 2839 4964 Arte
2881 4918 3061 4978 poet.:

2450 5041 2461 5051 .
2504 5039 2517 5051 .
2551 5036 2566 5051 .
2604 5036 2617 5050 .
2656 5037 2668 5050 .
2709 5038 2721 5050 .
2765 5038 2777 5050 .
2817 5038 2829 5050 .
2870 5038 2881 5050 .
2916 4997 3197 5062 Imcomptis
3230 4997 3409 5050 allinet
3429 5004 3581 5050 atrum

2445 5082 2748 5135 Transverso
2768 5081 2955 5134 calamo
2986 5084 3200 5144 signum.
3238 5117 3252 5132 .
3296 5120 3308 5130 .
3347 5118 3362 5132 .
3402 5120 3415 5131 .
3455 5121 3466 5131 .
3506 5121 3517 5132 .
3549 5118 3565 5131 .

2363 5187 2639 5315 SdTbuan.
2667 5187 2866 5255 codex,
2894 5189 2983 5256 qui
3005 5203 3101 5243 suo
3129 5196 3418 5255 assertore;
3442 5186 3557 5244 Non
3582 5185 3708 5242 satis
3726 5194 3834 5239 oon.

2363 5275 2385 5315 α
2427 5276 2479 5315 e.

2293 5275 2479 5317 moue.

2364 5328 2391 5369 δ
2430 5332 2707 5403 Interpres
2734 5332 2821 5387 hic
2847 5341 2951 5395 est,
2980 5346 3143 5399 quem
3167 5331 3335 5401 vulgo
3374 5330 3711 5403 mediamrem

2289 5418 2434 5469 mus,
2470 5396 2708 5470 hoc'est,
2736 5396 3165 5459 conciliatorem.
3195 5396 3390 5458 Cicero
3418 5403 3468 5456 in
3499 5396 3834 5470 VerremtAIl

2289 5476 2381 5549 qui
2407 5469 2714 5549 (equestres,
2734 5484 2821 5530 aut
2845 5477 3151 5549 interpretes
3180 5472 3549 5549 corrumpe"di
3567 5469 3738 5549 Ῐκάίδῇ
3754 5478 3833 5549 ῗ³³¹

2290 5542 2484 5619 solent.
2507 5548 2651 5603 Idem
2683 5542 2734 5602 in
2764 5542 3014 5619 epistulis
3036 5564 3050 5601 :
3073 5546 3188 5619 Qun
3203 5563 3299 5616 ego
3317 5542 3586 5616 interprete
3609 5542 3831 5597 marinis:

2292 5616 2647 5695 ad_Lepidum
2669 5616 2813 5695 usus
2831 5634 2968 5695 sum.
2996 5618 3078 5695 Ita
3108 5618 3369 5695 Nannius.
3490 5686 3530 5695 __
3597 5686 3609 5695 _
3674 5683 3685 5695 .

2365 5688 2378 5727 ί
2424 5686 2620 5759 Quanti
2663 5691 2863 5747 faceret
2891 5689 3209 5745 Ambrosius
3245 5698 3461 5744 veteres
3490 5686 3728 5742 Ecclesia:
3748 5686 3827 5759 trs:

2285 5745 2525 5819 ditiories
2554 5745 2771 5818 ainobis
2808 5764 2920 5830 jam
2963 5762 3259 5831 aliquoties
3284 5762 3623 5831 observatum
3650 5745 3825 5831 causa]

2287 5832 2431 5889 hunc
2470 5834 2634 5907 etiam
2681 5829 2862 5907 Iacuit!
2906 5829 3156 5907 indicare
3187 5829 3679 5907 nongravabimpr.

2285 5913 2464 5961 autem
2493 5898 2702 5977 ἐιλιοιιιςιι
2734 5902 2798 5959 ad
2831 5897 3191 5973 Subelli'utios,
3225 5897 3476 5973 Ariano‘s,
3505 5898 3566 5958 ac
3596 5897 3821 5953 Photinus
