3996 6292
113 271 255 329 1155

1312 264 1799 326 EPISTOL.\RUM
1840 264 2121 323 CLASSIS
2163 263 2200 319 I.

3266 265 3408 324 ΗΜ

111 386 254 466 omni
304 386 639 456 plenitudine
682 386 1011 470 divinitatis,
1032 402 1152 460 qua:
1183 388 1235 444 in
1265 389 1358 444 illo
1389 389 1617 451 habitat.
1649 395 1707 442 ut
1733 389 1787 450 Α
1812 383 1973 440 Certe
2003 399 2104 454 pro
2131 382 2362 440 arbitrio
2388 397 2613 442 accerso
2635 424 2649 450 ,
2676 397 2813 454 quos
2842 381 2991 450 volo,
3025 391 3188 453 alque
3218 385 3411 456 adjun-

109 480 244 535 dixit
286 484 581 551 Apostolus
608 523 622 546 ,
655 483 1013 553 corporaliter
1058 480 1282 554 (Coloss.
1311 498 1371 548 tt,
1404 481 1494 556 9);
1527 483 1619 554 qui
1649 483 1701 538 in

108 587 342 644 persona
373 573 611 630 hominis
637 573 864 630 fortnam
911 576 1055 634 servi
1085 575 1321 647 accepit,
1350 586 1404 632 et
1431 591 1491 633 se
1521 575 1702 632 humi-

106 669 257 725 liavit
287 684 459 741 usque
487 670 554 725 ad
584 681 813 726 mortem
847 670 1106 744 (Philipp.
1138 687 1198 738 ιι,
1235 670 1314 740 8).

176 761 231 817 5.
262 761 403 834 Ergo
425 769 481 820 et
506 762 766 820 adversus
791 763 1078 820 Phatinum
1110 764 1228 820 lucc
1250 765 1407 820 nobis
1433 765 1705 822 sententia

104 865 222 912 est:
255 855 516 912 adversus
545 857 919 928 Apollinarem
959 869 1139 914 autem
1179 859 1418 930 legitima
1461 859 1702 916 circum-

49 959 56 964 '
103 948 344 1020 spectio;
384 957 442 1004 ut
468 953 826 1008 conliteamur
852 954 992 1008 sicut
1019 954 1071 1009 in
1122 953 1215 1009 Dei
1265 952 1438 1010 forma
1470 953 1605 1010 nihil
1652 953 1704 1010 ei

103 1041 278 1098 defuit
325 1042 524 1100 divina:
574 1055 781 1101 natura:
809 1057 862 1102 et
892 1047 1288 1118 plenitudinis,
1333 1058 1358 1085 α
1386 1048 1464 1104 sic
1507 1049 1562 1103 in
1611 1048 1700 1103 illa

103 1133 281 1191 forma
314 1137 551 1193 hominis
595 1139 731 1194 nihil
777 1141 824 1195 ei
872 1139 1152 1208 defuisse,
1196 1157 1304 1212 quo
1352 1141 1703 1213 imperfectus

104 1228 270 1284 homo
309 1230 684 1300 judicaretur:
718 1232 807 1302 qui
842 1232 962 1288 ideo
989 1234 1173 1299 venit,
1207 1244 1266 1288 ut
1295 1242 1467 1289 totum
1523 1235 1701 1290 homi-

101 1341 227 1381 nem
265 1325 475 1381 salvum
522 1325 744 1382 faceret.
794 1326 980 1398 Neque
1008 1327 1155 1382 enim
1202 1327 1465 1395 decebat,
1508 1338 1565 1384 ut
1613 1328 1703 1399 qui

101 1416 402 1486 perfectum
449 1433 586 1488 opus
616 1418 669 1474 in
717 1419 838 1475 aliis
885 1431 1410 1486 comsummaverat,
1463 1421 1568 1476 hoc
1599 1421 1702 1475 im-

101 1512 403 1581 perfectum
435 1511 486 1567 in
517 1528 577 1568 se
624 1527 746 1568 esse
777 1523 1087 1584 pateretur;
1121 1513 1168 1567 si
1215 1514 1361 1568 enim
1403 1512 1606 1585 aliquid
1653 1513 1704 1569 ei

101 1604 315 1672 defuit,
344 1621 452 1660 non
482 1615 654 1660 totum
685 1607 915 1662 redemit
943 1625 955 1660 :
1013 1607 1057 1662 si
1089 1622 1196 1661 non
1250 1617 1421 1662 totum
1452 1608 1700 1674 redemit,

98 1696 299 1753 fefellit
328 1699 524 1769 igitur,
565 1700 656 1769 qui
680 1699 817 1755 dixit
869 1699 992 1756 ideo
1033 1716 1093 1755 se
1139 1701 1388 1782 veniSse.
1439 1708 1499 1756 ut
1529 1709 1702 1756 totum

1806 494 1876 550 go
1907 479 2069 544 mihi,
2103 495 2239 549 quos
2269 481 2439 552 magis
2478 481 2644 552 diligo
2664 522 2677 545 ,
2703 489 2795 534 aut
2822 493 2960 550 quos
2987 479 3230 548 aptiores
3261 482 3408 538 arbi-

1809 582 1959 630 tror:
1991 589 2152 630 nemo
2180 575 2524 647 interpellat,
2555 591 2715 632 nemo
2747 575 3060 648 interpolat.
3093 576 3244 631 'l‘unc
3274 591 3408 647 ergo

1807 675 1860 722 te
1891 667 2062 738 magis
2091 679 2280 732 teneo,
2312 679 2366 724 et
2395 669 2464 726 de
2495 669 2792 741 Scripturis
2819 669 3045 727 eonfero
3068 713 3081 735 ,
3137 678 3192 726 et
3240 669 3409 740 proli-

1807 758 2014 815 xiorem
2053 761 2214 815 simul
2244 775 2550 818 sermonem
2573 761 2856 818 caedimus.

1879 851 1933 906 2.
1975 853 2102 909 Sola
2132 864 2250 909 erat
2303 855 2504 922 Maria,
2558 863 2615 911 et
2653 855 2976 926 loquebatur
3017 871 3141 911 cum
3215 855 3410 928 angelo

1807 943 1973 1016 (Luc.
2010 962 2060 1014 ι,
2089 945 2213 1018 28).
2247 947 2374 1004 Sola
2403 958 2521 1005 erat
2563 948 2782 1020 quando
2829 950 3146 1020 supervenit
3200 948 3255 1005 in
3288 965 3406 1006 eam

1807 1040 2046 1112 Spiritus
2091 1050 2344 1110 sanctus,
2395 1052 2451 1100 et
2497 1045 2671 1100 virtus
2735 1043 3000 1100 Altissimi
3064 1043 3410 1100 obumbravit

1807 1153 1952 1194 eam.
1987 1137 2114 1194 Sola
2141 1149 2260 1194 erat
2283 1180 2296 1205 ,
2319 1146 2376 1195 et
2408 1147 2633 1209 operata
2663 1147 2751 1196 est
2778 1138 2967 1194 mundi
2996 1139 3225 1195 salutem
3249 1179 3265 1207 ,
3303 1135 3322 1177 τ
3351 1146 3410 1195 et

1807 1233 2059 1304 concepit
2084 1233 2518 1304 redemptionem
2547 1233 2950 1289 universorum.
2981 1232 3142 1290 Solus
3165 1243 3284 1290 erat
3309 1231 3411 1289 Pe-

1807 1335 1955 1396 trus,
1986 1338 2040 1383 et
2071 1338 2242 1384 totum
2283 1344 2380 1400 per
2407 1328 2595 1384 orbem
2625 1326 3130 1384 consecrandarum
3157 1328 3406 1398 gentium

1805 1424 2060 1494 cognovit
2109 1425 2371 1496 mysteria
2402 1423 2552 1494 (Act.
2582 1440 2652 1486 ι.
2686 1423 2755 1479 10
2803 1432 2849 1477 et
2880 1439 2988 1493 seq.
3013 1420 3055 1492 ).
3106 1421 3266 1478 Solus
3293 1427 3412 1476 erat

1806 1516 1978 1572 Adam
2009 1517 2174 1590 (Gen.
2209 1533 2278 1586 tt,
2304 1516 2404 1588 9),
2448 1527 2500 1572 et
2547 1531 2654 1572 non
2687 1527 2768 1572 est
2803 1517 3234 1586 praevaricatus;
3284 1513 3410 1586 quia

1807 1625 1962 1665 mens
1983 1610 2100 1680 ejus
2122 1610 2436 1666 adhaércbat
2461 1610 2596 1665 Deo.
2641 1610 2936 1680 Postquam
2979 1623 3112 1664 vero
3137 1608 3185 1664 ei
3216 1607 3412 1664 mulier

1805 1703 2059 1771 adjunCta
2090 1712 2201 1770 est,
2231 1718 2336 1757 non
2365 1703 2542 1773 potuit
2572 1702 2842 1758 inlncrere
2869 1700 3139 1757 mandatis
3167 1700 3410 1758 coelesti-

99 1791 382 1848 hominem
425 1792 636 1848 salvum
675 1793 901 1850 faceret.
933 1792 1040 1851 Sed
1072 1794 1196 1864 quia
1229 1794 1547 1865 impossibile
1573 1805 1645 1850 est
1672 1793 1701 1833 ιι
1731 1797 1780 1858 Β
1808 1793 1942 1860 bus;
1973 1804 2028 1849 et
2054 1794 2175 1850 ideo
2199 1811 2257 1850 se
2286 1795 2687 1860 abscondebat,
2731 1794 2954 1865 quando
2984 1794 3127 1849 Deus
3150 1792 3412 1850 deambu-

100 1888 314 1941 meutiri
345 1886 454 1942 Deo
481 1886 679 1960 (Hebr.
713 1903 792 1954 vt,
830 1887 926 1960 l8)
951 1930 967 1955 ,
1001 1905 1107 1944 non
1139 1887 1372 1945 fefellit:
1406 1905 1536 1962 ergo
1577 1891 1703 1962 quia

100 1979 182 2034 ita
215 1981 402 2048 venit,
433 1993 491 2036 ut
531 1990 703 2037 totum
748 1981 1071 2048 redimeret,
1123 1993 1176 2038 et
1217 1985 1427 2038 salvum
1469 1984 1702 2050 faceret,

97 2081 282 2129 totum
332 2075 517 2147 utique
546 2077 816 2147 suscepit,
855 2075 1001 2147 quod
1050 2087 1164 2132 erat
1209 2075 1460 2134 humana:
1494 2077 1708 2149 perfec-

96 2167 290 2225 tionis.

171 2264 229 2318 6.
272 2261 468 2318 Nostra
513 2265 784 2320 sententia
815 2264 1124 2335 hujusmodi
1148 2274 1258 2329 est,
1294 2273 1352 2319 ut
1383 2265 1700 2320 meministi.

95 2354 152 2411 Si
209 2355 379 2410 verba
435 2355 632 2412 alicubi
685 2366 938 2422 movent,
992 2371 1097 2411 non
1132 2357 1488 2427 prmjudicant
1547 2357 1700 2422 fidei;

92 2450 299 2509 etenim
329 2466 636 2507 sermonem
693 2452 916 2507 dubium
949 2468 1104 2507 mens
1151 2469 1260 2508 non
1292 2452 1454 2508 dubia
1509 2452 1703 2507 obum-

95 2545 224 2601 brat
245 2588 260 2611 ,
288 2553 344 2600 et
373 2543 616 2600 defendit
643 2560 672 2599 a
703 2544 880 2616 lapsu.

168 2641 224 2694 7.
269 2638 398 2695 Haec
425 2647 604 2694 tecum
646 2639 1013 2710 prolusitnus,
1043 2656 1161 2710 qua:
1192 2640 1244 2694 in
1278 2640 1445 2694 libros
1493 2647 1702 2694 nostra-

92 2751 217 2792 rum
271 2733 624 2805 epistolarum
657 2731 929 2798 referam,
973 2733 1017 2788 si
1051 2733 1257 2804 placet,
1290 2743 1456 2803 atque
1503 2731 1554 2786 in
1603 2748 1704 2786 nu-

93 2844 312 2886 merum
343 2843 635 2900 reponam;
671 2838 728 2883 ιιι
762 2837 852 2883 tuo
882 2827 1336 2882 commendentur
1365 2824 1618 2891 nomine,
1648 2834 1703 2880 et

93 2926 204 2980 tuis
228 2922 296 2979 ad
326 2938 458 2990 nos,
486 2931 542 2979 et
573 2921 778 2977 nostris
807 2924 872 2976 ad
903 2936 1002 2976 vos
1054 2921 1254 2976 litteris
1280 2929 1544 2990 augeatur
1584 2935 1704 2973 lllll-

97 3031 224 3075 tuus
247 3035 402 3074 amor
427 3033 523 3087 per
547 3017 835 3072 Dominum
860 3033 873 3070 :
905 3025 964 3071 ut
988 3016 1060 3070 ita
1091 3015 1266 3085 legas,
1292 3013 1434 3084 quod
1453 3013 1699 3083 judices;

95 3124 155 3172 et
183 3115 333 3186 quod
365 3114 630 3178 moverit,
665 3113 876 3168 scribas
902 3111 968 3166 ad
999 3127 1120 3166 me:
1169 3124 1321 3164 amor
1350 3109 1494 3163 cnim
1542 3123 1702 3163 verus

1808 1887 1954 1942 labat
1985 1889 2036 1943 in
2068 1887 2322 1958 paradiso
2369 1885 2482 1960 (Dc
2520 1886 2711 1943 Paenit.
2733 1930 2746 1954 ,
2780 1887 2902 1942 dist.
2947 1887 3012 1956 2,
3039 1905 3156 1958 cap.
3191 1886 3412 1955 Quando

1807 1981 1974 2034 Adam
1991 1988 2032 2052 ).

1881 2077 1935 2131 3.
1979 2077 2043 2135 Et
2073 2093 2213 2132 nunc
2243 2077 2561 2134 deambulat
2590 2077 2643 2133 in
2676 2079 2927 2149 paradiso
2957 2079 3103 2135 Deus
3126 2077 3290 2151 (Gen.
3325 2095 3408 2148 tu,

1809 2169 1910 2240 8),
1961 2172 2180 2242 quando
2218 2171 2431 2228 divinas
2477 2172 2790 2245 Seriptnras
2817 2173 2958 2243 lego.
3008 2173 3302 2231 Paradisns
3328 2187 3415 2232 est

1808 2262 2036 2319 Genesis
2062 2265 2233 2331 liber,
2267 2267 2318 2319 in
2347 2281 2456 2336 quo
2484 2266 2716 2322 virtutes
2767 2265 3032 2336 pullulant
3079 2267 3414 2336 patriarcha-

1807 2372 1921 2411 rum
1955 2375 1966 2410 :
1998 2358 2286 2426 paradisus
2321 2359 2806 2413 Deuteronominm
2830 2401 2844 2424 ,
2884 2360 2937 2414 in
2965 2376 3074 2432 quo
3103 2362 3415 2432 germinant

1808 2449 1968 2521 Legis
1997 2461 2306 2522 pra-cepta;
2341 2452 2624 2521 paradisus
2665 2453 3047 2524 Evangelium,
3081 2455 3132 2508 in
3167 2470 3276 2525 quo
3317 2471 3410 2512 ar-

1804 2543 1906 2599 bor
1932 2543 2054 2598 vita:
2083 2545 2254 2600 bonos
2276 2544 2485 2600 fructus
2515 2546 2668 2612 facit;
2699 2557 2755 2602 et
2785 2553 3006 2602 ποίει-[ιω
3035 2547 3151 2618 spei
3189 2548 3414 2604 manda-

1805 2646 1856 2693 ta
1881 2637 2136 2694 diffundit
2167 2654 2263 2708 per
2291 2639 2580 2694 universos
2609 2641 2860 2710 populos.

1877 2726 1929 2788 ι.
1974 2732 2221 2790 Audiens
2270 2734 2493 2802 itaque:
2529 2733 2746 2808 Diligite
2789 2735 3026 2790 inimicos
3081 2735 3308 2807 (Matth.
3339 2753 3409 2806 v,

1805 2823 1940 2894 44);
1995 2824 2261 2880 audiens:
2311 2823 2528 2880 Dimitte
2577 2827 2750 2880 omnia
2807 2837 2925 2894 tua,
2978 2839 3024 2882 et
3081 2845 3288 2899 sequere
3334 2847 3416 2885 me

1805 2915 2034 2989 (Matth.
2059 2934 2148 2972 XIX
2173 2960 2186 2982 ,
2215 2919 2276 2973 2f
2302 2917 2353 2990 );
2380 2919 2637 2974 audiens:
2663 2919 2764 2987 Qui
2786 2932 2832 2975 te
2849 2923 3070 2992 percutit
3097 2925 3148 2977 in
3169 2924 3408 2992 maxilla,

1807 3013 1975 3081 prtrbe
2020 3014 2068 3066 ei
2090 3023 2133 3066 et
2175 3013 2389 3068 alterum
2418 3013 2583 3086 (Luc.
2620 3031 2707 3080 vt,
2748 3014 2890 3086 29);
2925 3027 2980 3071 et
3011 3019 3128 3074 haec
3181 3033 3286 3074 non
3333 3018 3413 3075 fa-

1807 3105 1956 3159 ciens
1976 3147 1990 3169 ,
2020 3114 2076 3161 et
2101 3105 2186 3160 vix
2216 3105 2447 3176 diligens
2477 3122 2600 3161 eum
2621 3149 2634 3171 ,
2666 3107 2755 3177 qui
2790 3123 2877 3163 me
2899 3107 3127 3180 diligat,
3171 3127 3281 3166 non
3327 3111 3410 3168 di-

95 3210 410 3264 constantia
464 3206 746 3277 probatur.
799 3205 986 3260 Placet
1020 3205 1130 3274 jam
1161 3203 1303 3274 quod
1338 3203 1560 3258 senibus
1600 3219 1699 3257 usu
1726 3197 1774 3262 C
1807 3199 2029 3252 mittens
2049 3215 2170 3270 quae
2203 3199 2408 3266 habeo,
2439 3199 2695 3270 injuriam
2737 3214 3018 3274 acceptam
3077 3205 3266 3262 ulcisci
3314 3222 3413 3263 νο-

96 3301 319 3357 facilius
343 3309 460 3365 est,
490 3299 814 3370 quotidiano
841 3308 895 3353 et
924 3297 1178 3351 familiari
1207 3312 1466 3352 sermone
1495 3296 1698 3366 episto-

97 3394 180 3450 las
209 3409 433 3460 texere;
477 3394 601 3448 etsi
629 3392 758 3464 quid
804 3392 873 3446 de
903 3390 1202 3459 Scripturis
1243 3389 1442 3444 divinis
1481 3388 1698 3443 obvium

95 3490 394 3555 inciderit,
437 3499 700 3544 attexere.
736 3487 899 3552 Vale,
932 3487 1126 3553 frater,
1158 3496 1213 3542 et
1235 3485 1399 3557 dilige
1424 3493 1696 3541 amantem

96 3586 213 3651 tui;
245 3582 369 3654 quia
414 3581 708 3652 plurimum
742 3591 794 3637 te
817 3581 1006 3652 diligo.

588 3687 609 3713 ε
655 3673 988 3730 EPISTULA
1029 3672 1220 3729 XLIX.

97 3769 409 3841 Numquam
449 3770 618 3824 minus
655 3786 711 3824 se
748 3769 915 3823 solum
945 3784 1087 3834 esse,
1115 3784 1271 3836 quam
1299 3784 1413 3822 cttnt
1454 3768 1595 3822 solus
1634 3771 1699 3821 sit

170 3867 340 3921 amico
393 3866 652 3928 scribens;
697 3863 993 3918 solitudinis
1048 3862 1180 3916 bona
1235 3863 1480 3932 exemplis
1511 3861 1700 3926 docet;

169 3962 398 4016 maxime
435 3959 572 4031 quod
612 3968 732 4013 tunc
771 3959 922 4012 liceat
960 3966 1263 4029 prtesentem
1303 3958 1570 4029 scripturis
1608 3955 1703 4011 ha—

173 4055 293 4110 bere
323 4051 488 4108 Deum
507 4094 523 4120 ,
557 4063 603 4107 et
631 4053 678 4106 ei
707 4062 923 4107 mentem
954 4062 1184 4106 nostram
1214 4050 1519 4120 patefacere.

627 4147 933 4204 Auuaosws
971 4148 1188 4203 SABINO.

176 4245 226 4299 i.
274 4243 539 4313 Quoniam
589 4242 687 4298 tibi
745 4257 960 4312 quoque
1014 4241 1341 4312 complacuit
1395 4250 1702 4296 nostrarum

98 4355 234 4396 usus
265 4340 618 4410 epistolarum
639 4380 654 4405 ,
684 4334 710 4374 ά
737 4336 791 4392 in
819 4337 1021 4408 quibus
1068 4336 1289 4407 quidam
1341 4336 1481 4390 inter
1509 4335 1706 4390 absen-

99 4445 186 4492 tes
219 4436 572 4506 prazsentium
604 4448 788 4489 sermo
826 4440 947 4499 est,
994 4447 1214 4502 pergam
1260 4429 1598 4502 frequentius
1651 4438 1705 4486 te

99 4527 159 4584 in
188 4529 329 4584 meis
355 4527 581 4599 scriptis
608 4535 662 4582 et
708 4541 830 4582 cum
860 4525 1027 4598 992
1073 4525 1221 4582 solus
1262 4541 1379 4581 sum
1403 4569 1418 4594 ,
1475 4525 1699 4598 alloqui.

1807 3291 1960 3357 lens,
2004 3300 2061 3347 et
2104 3293 2373 3348 sublatum
2422 3295 2552 3348 mihi
2581 3304 2944 3364 extorquere;
2971 3312 3092 3352 cum
3124 3298 3409 3370 Setiptura

1807 3385 1954 3441 dicat
1998 3387 2162 3442 etiam
2195 3387 2365 3454 aliud,
2417 3389 2468 3444 id
2499 3401 2614 3458 est,
2661 3391 2780 3461 plus
2823 3407 2985 3463 quam
3043 3397 3268 3465 petitum
3320 3408 3415 3454 aut

1807 3489 2052 3549 ereptum
2085 3490 2204 3549 est,
2237 3482 2683 3550 concedendum,
2714 3484 2873 3540 video
2903 3501 2994 3542 me
3020 3496 3208 3544 etmtra
3253 3505 3410 3546 man-

1808 3571 1931 3627 data
1962 3574 2056 3629 Dei
2101 3576 2300 3632 facere.
2358 3576 2426 3632 Et
2477 3578 2729 3649 aperiens
2780 3580 2970 3637 oculos
3020 3585 3408 3654 conscientitn,

1808 3669 2160 3727 deambulare
2185 3670 2318 3727 mihi
2349 3672 2520 3728 Deum
2556 3685 2882 3746 praesentem
2906 3693 3240 3749 recognosco
3267 3698 3281 3734 :
3315 3696 3411 3737 cu-

1808 3767 1900 3836 pio
1929 3782 2017 3822 me
2041 3767 2275 3835 abdere,
2318 3770 2479 3840 cupio
2507 3770 2733 3838 velare;
2761 3773 2856 3828 sed
2887 3774 3063 3831 nudus
3103 3792 3223 3832 sum
3254 3779 3370 3836 Deo
3390 3824 3406 3850 ,

1808 3861 1948 3932 apud
1982 3879 2142 3932 quem
2173 3864 2315 3919 nuda
2361 3874 2416 3920 et
2463 3865 2662 3921 intecta
2693 3876 2822 3922 sunt
2846 3868 3027 3924 omnia
3076 3869 3274 3943 (Hebr.
3329 3890 3405 3943 tv,

1809 3956 1930 4028 15).
1966 3957 2307 4013 Erubescens
2354 3958 2536 4029 itaque
2569 3969 2752 4030 tegere
2803 3961 3052 4032 pudenda
3104 3963 3406 4022 facinorum

1805 4050 2092 4117 desidero,
2147 4053 2298 4123 quasi
2347 4053 2590 4109 membra
2640 4055 2747 4110 mei
2803 4058 3092 4127 corporis:
3137 4060 3234 4116 sed
3282 4062 3408 4132 quia

1809 4145 1952 4202 Deus
1979 4145 2161 4201 omnia
2189 4145 2366 4213 videt,
2399 4146 2526 4216 quia
2574 4147 2717 4203 loliis
2756 4149 3139 4220 obumbratus,
3188 4154 3411 4212 latebris

1809 4248 1986 4295 tectus
2035 4255 2308 4312 appareo,
2357 4247 2490 4310 puto
2541 4256 2628 4296 me
2669 4241 2958 4311 abscondi;
3003 4246 3129 4315 quia
3182 4261 3410 4319 corpore

1808 4334 2040 4389 amictus
2061 4351 2203 4390 sum.
2234 4334 2354 4405 Ipsa
2375 4345 2458 4392 est
2485 4337 2667 4391 tunica
2687 4337 2910 4408 pellicea
2929 4381 2944 4408 ,
2971 4353 3096 4394 eum
3116 4355 3218 4411 qua
3236 4340 3408 4399 Adam

1808 4426 1878 4483 de
1903 4428 2155 4498 paradiso
2178 4428 2387 4498 ejectus
2413 4437 2497 4484 est
2523 4428 2688 4502 (Gen.
2719 4446 2777 4486 tn
2795 4473 2810 4496 ,
2836 4431 2978 4502 25),
3013 4448 3114 4491 nec
3141 4448 3171 4489 a
3209 4435 3412 4508 frigore

1811 4530 1996 4590 tutus,
2027 4538 2128 4578 nec
2169 4530 2343 4580 tectus
2374 4522 2444 4579 ab
2488 4523 2817 4595 opprobrio,
2861 4527 2961 4582 sed
3002 4535 3058 4583 et
3101 4527 3313 4600 injuriae
3358 4538 3415 4588 et

104 4633 126 4660 ε
149 4623 460 4692 Numquam
485 4623 630 4679 enim
661 4622 839 4677 minus
868 4620 1023 4675 solus
1045 4636 1188 4688 sum,
1219 4634 1382 4692 quam
1407 4636 1531 4676 cum
1559 4621 1709 4676 solus
1735 4633 1788 4694 ι)
1813 4619 1986 4690 culpa:
2009 4632 2219 4690 patens.

100 4733 228 4775 esse
252 4718 476 4775 videor:
509 4733 610 4774 nec
639 4718 818 4773 minus
840 4717 1084 4800 otiosus,
1131 4730 1292 4786 quam
1323 4730 1444 4770 cum
1473 4714 1702 4770 otiosus.

99 4880 228 4929 nos,
257 4861 326 4918 de
351 4862 679 4917 commentis
709 4867 869 4929 atque
893 4855 1173 4912 erroribus
1200 4869 1390 4910 eorum
1419 4853 1485 4908 ad
1513 4851 1606 4907 lib.
1639 4851 1708 4908 de

100 4936 239 4992 Fide
271 4950 332 4990 ac
361 4935 428 4989 de
454 4933 666 4988 lncarn.
699 4932 833 4986 satis
858 4929 1116 4984 diximus.

177 5017 204 5046 η
263 5006 774 5078 Apollinaristarutn
846 5002 1175 5078 praecipuum
1236 4999 1380 5078 hunc
1460 5011 1706 5078 errorem

99 5080 280 5136 fuisse
309 5069 328 5143 ξ
355 5078 498 5149 quod
540 5092 568 5131 a
601 5076 823 5149 Christo
847 5069 1166 5128 'humanam
1198 5071 1435 5149 animam
1468 5069 1554 5124 vel
1588 5083 1710 5122 sns-

99 5163 318 5222 ceptam
351 5143 642 5220 negarent,
672 5148 759 5222 vel
790 5149 908 5201 sine
939 5154 1123 5222 mente
1153 5158 1215 5222 ac
1248 5143 1462 5222 ratione
1485 5155 1709 5222 suscep-

102 5210 217 5278 tain
250 5210 674 5282 contenderent,
707 5219 1119 5274 observavimus
1151 5214 1216 5289 ad
1249 5214 1346 5289 lib.
1395 5214 1458 5267 de
1481 5210 1702 5289 lucum.

102 5295 267 5352 Sacr.
289 5310 409 5365 cap.
440 5294 508 5358 2,
539 5291 786 5346 num.ll.
811 5290 942 5365 Quo
963 5289 1127 5365 etiam
1163 5287 1256 5341 lib.
1282 5285 1297 5351 ,
1327 5301 1448 5365 cap.
1480 5285 1538 5350 7,
1579 5287 1707 5338 Am-

101 5367 330 5423 brosius
359 5357 509 5420 'illud
559 5367 764 5434 ipsum,
795 5377 900 5431 quo
929 5360 1019 5416 hic
1048 5363 1214 5414 utitur
1237 5400 1252 5426 ,
1285 5357 1512 5414 adhibet
1551 5370 1710 5426 argu-

102 5450 375 5494 mentum.

177 5509 207 5548 δ
253 5509 406 5564 Rom.
462 5508 634 5572 edit.,
687 5505 895 5560 mentiri
956 5503 1157 5568 Deum;
1207 5501 1398 5558 Gratce
1457 5499 1712 5572 similiter

101 5584 409 5637 γεύσασθαι
449 5581 593 5636 Θεὸν.
623 5571 874 5633 Attamen
917 5589 1139 5652 propter
1170 5590 1300 5630 mss.
1335 5589 1398 5652 ac
1424 5585 1542 5652 vet._
1581 5571 1714 5652 edit.

100 5668 438 5708 coltsettsnm
483 5653 863 5706 existimamus
915 5644 1256 5719 hyperbaton
1303 5647 1372 5700 ab
1421 5644 1713 5719 Ambrosio

105 5725 198 5780 hic
232 5723 433 5778 factum
477 5738 600 5776 esse
639 5722 708 5776 ita
739 5714 1138 5776 restituendum
1166 5761 1178 5782 ,
1213 5721 1322 5774 Deo
1372 5714 1714 5788 impossibile

101 5805 193 5853 est
224 5793 466 5850 mentiri.
545 5864 553 5866 _
912 5865 920 5866 ί

185 5878 209 5907 ο
256 5866 472 5938 Scripta
509 5864 649 5922 circa
680 5879 880 5920 annum
909 5864 1033 5920 590.

1887 4715 1942 4770 5.
1983 4715 2181 4786 Liquet
2212 4716 2378 4786 igitur
2405 4732 2473 4772 ex
2520 4715 2636 4783 bis,
2687 4717 2815 4788 quia
2867 4718 2970 4774 soli
3013 4733 3136 4776 cum
3185 4737 3408 4792 sumus,

1885 4852 1908 4890 α
1953 4852 2114 4926 Rom.
2142 4851 2274 4908 edit.
2294 4893 2314 4926 η
2335 4852 2396 4926 in_
2416 4851 2598 4916 quibus
2627 4852 2854 4926 quidem.
2885 4854 3062 4910 Minus
3104 4857 3370 4926 apposite.

1888 4935 1912 4961 ε
1954 4925 2148 4997 Actum
2170 4932 2263 4997 est
2284 4923 2354 4979 de
2385 4922 2487 4979 hoc
2508 4925 2788 4997 paradoxo
2813 4923 2912 4997 lib.
2937 4942 2994 4981 ιιι
3022 4922 3190 4982 Officf
3205 4942 3328 4997 cap.
3356 4927 3410 4995 l,

1815 5013 1962 5051 num.
1991 4996 2060 5061 2;
2095 4995 2184 5050 ubi
2202 5007 2255 5050 et
2285 5009 2385 5050 nos
2413 4995 2554 5050 unde
2584 4998 2809 5064 petitum
2843 4996 2976 5062 fuit,
3026 4995 3407 5056 indicavitnus.

1814 5068 1934 5124 Nan
1960 5068 2277 5123 omittemus
2322 5077 2501 5123 autem
2547 5066 2649 5122 hoc
2677 5068 2798 5123 loco
2827 5067 3023 5124 Franc.
3059 5070 3410 5128 l’etratchatn

1817 5142 1910 5195 lib.
1939 5139 2056 5195 nde
2092 5137 2212 5212 Vita
2236 5139 2422 5212 Solit”
2447 5149 2586 5195 seel.
2617 5139 2673 5204 3,
2697 5155 2822 5210 cap.
2844 5140 2902 5204 2,
2929 5157 3090 5212 quam
3114 5142 3417 5200 cortliAnt-

1815 5213 2000 5286 brosio
2027 5211 2265 5267 solitudo
2294 5211 2453 5286 fuerit
2474 5254 2487 5271 .
2518 5211 2982 5286 Commemorare,
3013 5213 3237 5286 ejuSque
3283 5215 3413 5270 sub-

1816 5285 2095 5359 urbanum
2119 5297 2393 5359 secessum
2421 5282 2768 5359 describere;
2819 5286 2907 5342 ubi
2941 5282 3246 5356 hoc'ipsum
3298 5289 3416 5359 epi-

1817 5358 1976 5413 stolas
2008 5355 2166 5426 hujus
2194 5356 2562 5410 testimonium
2592 5358 2746 5412 citat.

1897 5428 1915 5466 ί
1982 5428 2058 5483 lta
2085 5437 2194 5484 vet.
2218 5427 2358 5499 edit.
2377 5443 2498 5481 eum
2524 5443 2656 5482 mss.
2684 5427 2932 5499 pluribus
2969 5429 3410 5499 putioribusqne;

1818 5501 1980 5556 Rom.
2011 5515 2140 5556 vero
2165 5516 2288 5572 cum
2315 5498 2439 5572 aliis
2464 5500 2588 5554 cod.
2615 5498 2923 5572 nonnullis,
2968 5511 3015 5553 ct
3044 5504 3279 5572 concepit
3305 5501 3415 5558 Re-

1820 5574 2154 5644 demptor-em.
2188 5571 2294 5644 sed
2327 5570 2518 5644 eodem
2553 5569 2717 5624 modo
2761 5567 3417 5644 redemptionem'eonee-

1822 5640 1966 5714 pisse
1997 5645 2162 5700 Maria
2190 5643 2296 5697 dici
2329 5641 2513 5711 utique
2539 5650 2748 5714 potest,
2801 5653 2910 5714 (13ξο
2954 5640 3155 5698 dieitur
3183 5645 3417 5702 salutem

1823 5709 2040 5781 opt-rata
2063 5757 2078 5782 ,
2112 5715 2166 5769 in
2197 5709 2456 5786 quantum
2490 5713 2701 5786 scilicet
2727 5709 3083 5786 mediatorem
3113 5731 3176 5771 ac
3196 5731 3422 5786 repara-

1826 5780 1998 5842 toretn
2042 5780 2242 5841 mundo
2273 5783 2499 5853 peperit.
2534 5784 2637 5850 Qui
2661 5780 2882 5853 quidem
2913 5781 3169 5850 loquendi
3219 5780 3418 5846 m'odtts

1823 5858 2048 5915 minimc
2073 5852 2389 5926 infrequens
2421 5864 2507 5910 est
2531 5853 2670 5926 apttd
2711 5852 3084 5915 Ambrosium.
