3996 6292
528 290 554 345 1
572 288 670 346 159
1876 287 2127 347 SANCTI

2245 290 2491 349 IBBOSII
3708 296 3801 353 1168

526 406 854 480 Apocalypsi
902 404 1166 476 scriptum
1209 412 1296 461 est
1346 404 1616 462 Johannis
1646 406 2019 478 evangelistte,
2051 405 2135 461 di-
2162 414 2210 470 Α
2307 409 2418 463 sine
2444 424 2548 479 qua
2570 417 2836 481 peccatum
2863 425 2968 465 non
2997 410 3231 466 tollitur.
3266 408 3561 466 Diabolum
3595 413 3677 482 qui
3698 414 3737 467 ei
3749 414 3804 467 is-

527 509 688 557 cente
739 499 967 554 Domino
989 497 1121 555 .lesu
1153 497 1222 553 ad
1256 496 1522 568 Angelum
1552 497 1810 555 Ecclesia:
1840 497 2088 571 Pergami
2119 516 2136 555 :
2312 500 2516 568 viderit,
2568 501 2894 557 vincendum.
2954 500 3082 558 Non
3112 503 3319 561 audere
3345 521 3423 569 se,
3452 504 3547 560 illo
3590 515 3803 577 prasente,

530 590 714 648 Habes
753 591 863 647 illic
893 600 1123 648 tenentes
1170 589 1462 646 doctrinam
1514 589 1760 659 Balaam,
1801 592 1892 663 qui
1925 591 2140 648 docebat
2313 591 2504 660 offerre
2542 595 2890 666 sacriﬁcium,
2919 613 2952 650 a
2976 613 3084 668 quo
3120 599 3285 653 etiam
3313 597 3570 653 divinitus
3599 600 3805 671 [sterilic-

536 684 701 742 Balac
731 687 927 743 mittere
954 686 1262 742 scandalum
1304 702 1481 743 coram
1509 687 1636 757 [iliis
1675 685 1863 756 Israel,
1916 689 2140 744 mandu-
2190 700 2195 703 ‘
2315 687 2808 761 territusmtipsam
2826 690 3181 761 penitentiam
3212 690 3542 761 sacriﬁcium
3558 692 3805 758 esea-od

536 797 657 837 care
706 781 998 848 immolata,
1041 791 1089 836 et
1117 781 1402 851 fornicari;
1443 783 1516 836 ita
1556 783 1709 841 habes
1738 792 1787 839 et
1810 793 1866 838 tu
1914 794 2140 841 tenentes
2314 784 2508 845 factum
2545 784 2657 856 ejus
2684 798 2788 838 non
2829 784 3173 855 reverterit,
3217 785 3404 840 dolere
3427 800 3508 854 se,
3554 785 3807 855 animati

531 871 830 928 doctrinam
859 870 1464 945 Nicolaitarunt.(.4poc.
1487 889 1548 941 n,
1582 872 1670 941 14,
1704 872 1820 946 15).
1841 874 1959 945 Quo
1981 891 2143 947 appa-
2314 890 2428 928 eum
2448 889 2564 929 uere
2582 874 2791 948 diligat.

528 973 614 1023 ret
642 964 768 1023 inde
799 963 1223 1021 Manichaeorum
1252 965 1542 1037 sacrilegia
1571 965 1846 1034 Manasse,
1875 967 1968 1038 qni
2009 968 2142 1024 mis-
2316 969 2715 1042 Augustissimo
2764 970 3081 1043 imperatori
3122 972 3452 1029 Tneooosto
3486 971 3761 1029 Amostcs

531 1070 656 1117 cent
685 1068 848 1131 atque
867 1058 1174 1131 adjungunt
1196 1067 1223 1096 ι
1250 1058 1597 1131 sacrilegium
1638 1059 1978 1130 turpitudini.
2885 1065 3202 1136 episcOpus.

520 1228 525 1231 _
586 1155 677 1213 15.
696 1153 955 1226 Ergonec
973 1153 1120 1210 Deus
1143 1153 1379 1225 iniustus
1396 1154 1914 1226 necmutabilisejus
1929 1164 2142 1213 senten-
2318 1153 2371 1207 1.
2414 1153 2479 1209 Et
2505 1155 2708 1211 veteris
2738 1154 2993 1212 amtcitiae
3034 1155 3219 1213 dulcis
3243 1157 3384 1213 mihi
3416 1156 3714 1213 recordatio
3734 1168 3804 1222 est,

542 1247 612 1304 tia
632 1264 647 1303 :
666 1245 1033 1317 deprehendit
1053 1246 1199 1302 enim
1221 1254 1460 1303 mentem
1480 1246 1598 1318 ejus
1614 1247 1893 1303 etocculta
1922 1248 2137 1315 cordis;
2246 1258 2299 1304 et
2327 1246 2744 1313 beneficiorum,
2769 1265 2892 1321 qua:
2922 1249 3137 1306 crebris
3167 1251 3317 1306 meis
3372 1252 3807 1308 intercessionibu

529 1349 587 1399 et
616 1340 742 1399 ideo
766 1341 1136 1398 tentaviteum
1182 1341 1338 1412 quasi
1384 1339 1647 1407 divinum,
1670 1357 1778 1397 non
1797 1342 1962 1414 elegit
1988 1343 2141 1415 quasi
2244 1353 2458 1395 summa
2499 1342 2672 1412 gratia
2697 1342 2748 1395 in
2802 1342 2941 1397 alios
2988 1342 3305 1410 contulisti,
3362 1343 3563 1415 gratim
3620 1344 3806 1399 memini.

534 1434 882 1509 prophetam.
911 1435 980 1491 Et
996 1434 1282 1507 utiquevel
1303 1444 1577 1491 tantorum
1601 1436 1952 1492 oraculorum
1966 1438 2141 1509 gratia
2244 1431 2403 1489 Unde
2431 1432 2612 1508 colligi
2640 1442 2819 1506 potest
2860 1436 3004 1506 quod
3038 1451 3148 1491 non
3196 1438 3425 1507 ingrato
3464 1437 3648 1506 aliquo
3668 1437 3808 1493 aderit

525 1530 1000 1587 etrevelationum
1029 1529 1368 1588 sublimitate
1391 1530 1637 1587 converti
1667 1530 1856 1586 debuit
1878 1531 2002 1586 :sed
2025 1531 2145 1587 ani-
2186 1592 2193 1597 ,
2245 1527 2547 1585 adventum
2607 1539 2755 1585 tuum
2806 1545 3024 1601 semper
3073 1531 3210 1587 mihi
3242 1532 3494 1588 antehac
3522 1535 3811 1605 exnptalissi-

527 1639 651 1680 mus
677 1624 935 1696 nequitia:
959 1624 1154 1696 plenus
1177 1624 1340 1680 verba
1367 1624 1653 1695 prompsit,
1679 1640 1785 1679 non
1803 1623 1962 1679 ﬁdem
1986 1624 2144 1681 deltt-
2245 1638 2394 1677 mum
2449 1621 2725 1679 declinare
2784 1625 3076 1693 potuerim.
3110 1624 3219 1682 Sed
3253 1640 3365 1697 qua
3392 1641 3569 1682 causa
3595 1628 3689 1683 hoc
3710 1626 3808 1684 lece-

545 1719 632 1785 lit,
680 1718 925 1775 consiliis
975 1717 1253 1775 inlirni'are
1299 1719 1551 1789 cupiens,
1609 1718 1752 1791 quod
1801 1720 2145 1775 annuntiarat
2247 1715 2373 1779 rint,
2408 1714 2647 1771 breviter
2667 1713 2971 1786 expediam.

537 1808 806 1868 futurum.
838 1811 905 1867 Et
931 1810 1057 1884 quia
1080 1811 1300 1868 oracula
1324 1810 1577 1867 fraudare
1608 1829 1714 1867 non
1743 1822 1977 1884 poterat,
2004 1827 2133 1868 con-
2172 1808 2220 1869 Β
2316 1807 2372 1861 3.
2417 1806 2527 1865 Soli
2556 1807 2686 1863 mihi
2708 1810 2763 1864 in
2796 1817 2934 1865 tuo!
2957 1810 3222 1865 comitatu
3240 1810 3341 1882 jus
3370 1820 3593 1868 natura
3617 1822 3811 1885 ereptus

534 1906 657 1963 silia
690 1905 1041 1962 fraudulenta
1082 1905 1556 1972 subministrabat,
1604 1906 1803 1978 quibus
1824 1906 1852 1945 ι)
1880 1908 2015 1964 levis
2048 1923 2144 1979 po-
2246 1902 2496 1959 videbam
2526 1902 2805 1968 audiendi,
2839 1911 2899 1957 ut
2927 1912 2984 1959 et
3011 1905 3267 1976 loquendi
3302 1906 3568 1976 privarer
3605 1923 3809 1971 munere;

538 2000 697 2072 pulus
721 1998 1037 2056 Judzeorum
1071 1999 1263 2056 tentati
1293 1999 1512 2071 quidem
1541 2009 1691 2069 sunt,
1724 2000 1819 2057 sed
1844 2017 1952 2056 non
1975 2016 2146 2072 expu-
2246 2010 2428 2055 motus
2454 2000 2599 2056 enim
2640 1998 2958 2071 frequenter
2989 2015 3050 2056 es
3080 2000 3226 2072 quod
3258 2000 3330 2057 ad
3360 2017 3455 2057 me
3489 2003 3814 2074 pervenissent

531 2096 678 2169 gnati
705 2111 721 2161 ;
746 2095 909 2151 unius
938 2095 1089 2151 enim
1120 2094 1225 2151 viri
1255 2096 1561 2152 sacerdotis
1578 2096 1787 2166 iustitia
1810 2096 2046 2155 solutum
2060 2105 2143 2153 est

536 2206 703 2248 omne
731 2189 1025 2247 facinerosi
1073 2190 1310 2246 hominis
1336 2190 1622 2246 consilium
1648 2189 1838 2264 (Num.
1873 2207 1999 2258 xxv,
2028 2191 2141 2262 11),

534 2286 820 2357 multoque
870 2283 1174 2340 mirabilius
1215 2298 1311 2355 per
1365 2299 1533 2338 unum
1588 2281 1867 2340 hominem
1901 2282 2145 2354 potuisse

535 2379 761 2437 liberari
793 2380 1096 2435 exercitum
1126 2385 1363 2447 patrum,
1390 2391 1550 2447 quam
1571 2376 1811 2448 potuisse
1836 2376 2035 2447 decipi.

610 2474 698 2530 i6.
741 2471 855 2529 Hoc
878 2472 1257 2528 munusculum
1279 2464 1483 2527 sancta:
1513 2470 1685 2527 menti
1710 2480 1814 2525 tua:
1834 2469 2142 2537 transmisi;

535 2567 666 2642 quia
697 2576 783 2623 vis
811 2582 899 2624 me
926 2566 1130 2638 aliquid
1156 2565 1226 2623 de
1250 2576 1498 2622 veterum
1529 2568 1858 2638 scriptorum
1878 2566 2148 2637 interpre-

541 2662 845 2720 tationihus
872 2664 1155 2735 paginare.
1184 2662 1300 2734 Ego
1329 2673 1510 2719 autem
1563 2662 1833 2732 assumpsi
1885 2662 2146 2733 epistolas

537 2755 792 2812 familiari
844 2770 1101 2813 sermone
1147 2764 1419 2822 attexere,
1478 2755 1793 2813 redolentes
1841 2755 2046 2827 aliquid
2075 2756 2145 2812 de

538 2861 754 2924 patrum
787 2850 1063 2919 moribus;
1090 2866 1320 2923 quarum
1347 2859 1565 2921 gustum
1592 2851 1637 2906 si
1662 2850 1997 2922 probaveris,
2022 2858 2149 2920 post

536 2942 657 3001 haec
700 2943 1016 3015 bnjusmodi
1076 2944 1295 3000 mittere
1348 2957 1455 2998 non
1511 2942 1947 3000 verecundabor.
2005 2941 2146 2999 Malo
2246 2946 2303 2991 ut
2330 2936 2461 2992 mihi
2490 2952 2649 2993 aures
2695 2945 2937 3007 pateant,
2984 2952 3086 2992 vox
3113 2936 3576 3006 intercludatur;
3606 2950 3663 2996 ut
3683 2939 3822 2995 audin

543 3040 689 3096 enim
727 3040 992 3095 senilibus
1031 3038 1213 3095 verbis
1241 3038 1310 3094 de
1350 3038 1607 3108 supernis
1634 3037 1796 3093 rebus
1823 3035 2145 3093 hallucinari
2248 3047 2356 3088 non
2386 3031 2590 3102 possim
2630 3031 2835 3103 eloqui,
2870 3046 2938 3088 ne
2959 3045 3057 3087 eos
3086 3032 3180 3103 qtti
3223 3032 3279 3087 in
3326 3033 3700 3105 suspicionem
3726 3048 3820 3105 pru-

543 3142 753 3200 tecum;
775 3131 938 3206 997
960 3130 1103 3204 quod
1129 3130 1320 3188 Graece
1338 3131 1525 3185 dicunt
1544 3129 1929 3203 ἁδολισχῆσαιε
1946 3129 2132 3196 “£5731-

2245 3123 2473 3180 ditionis
2501 3126 2776 3191 venerint,
2807 3123 3001 3179 la-dam
3034 3124 3085 3178 in
3113 3124 3389 3195 periculo.

529 3229 610 3284 θεν
649 3224 734 3303 ἄρ’
773 3225 949 3282 Ἰσαὰκ
995 3228 1069 3288 εἰς
1112 3226 1173 3281 τὸ
1214 3222 1389 3281 πεδίον
1433 3221 1810 3297 ἀδολισχῆσαι,
1834 3228 1863 3261 α
1889 3224 2132 3280 venienti

2320 3217 2373 3272 5.
2416 3215 2557 3286 Quid
2591 3214 2758 3287 igitur
2784 3215 3063 3272 facerem?
3094 3216 3213 3272 Non
3240 3218 3504 3275 audirem
3526 3219 3553 3274 ἳ
3574 3218 3674 3276 Sed
3694 3232 3817 3273 seres

529 3320 777 3378 Rebecca
809 3318 1003 3375 futura:
1044 3317 1307 3374 Ecclesiae.
1353 3319 1537 3373 animo
1591 3319 1783 3374 videns
1837 3320 2137 3390 mysteria:
2247 3327 2356 3368 non
2384 3328 2603 3382 possem
2651 3327 2780 3368 cera
2805 3324 3047 3369 veterum
3075 3310 3393 3369 fabularum
3420 3314 3697 3371 claudere.
3720 3314 3813 3369 Prs-

525 3414 692 3480 malo,
724 3412 969 3484 inquam,
1002 3410 1333 3467 Itallucinari
1384 3419 1564 3467 tecum
1616 3411 1801 3467 verbis
1848 3413 2136 3478 senilibus,
2244 3407 2470 3465 derem't
2517 3407 2626 3464 Sed
2676 3407 2823 3479 quod
2857 3410 2910 3463 in
2945 3408 3050 3463 tuis
3096 3407 3269 3478 jussis
3301 3410 3588 3476 timerem,
3639 3407 3812 3465 iuncis

529 3523 600 3564 ne
628 3505 817 3562 videar
845 3516 868 3542 ι’
894 3512 1070 3561 artem
1103 3503 1438 3570 deseruisse,
1470 3520 1632 3576 quam
1685 3505 2138 3563 concitatioribns
2242 3500 2425 3557 verbis
2445 3500 2943 3567 deheremcavere;
2965 3501 3366 3575 ne998quid
3397 3517 3684 3559 cruentum
3699 3518 3811 3557 cou-

528 3599 735 3657 deﬂare
757 3598 962 3671 aliquid
988 3598 1100 3671 jam
1129 3614 1230 3656 nec
1254 3601 1451 3656 studiis
1478 3603 1677 3657 nostris
1721 3613 1906 3670 aptum
1935 3617 2035 3658 nec
2062 3601 2139 3658 ti-
2241 3595 2572 3650 mitteretur-
2606 3594 2914 3651 Tacerem?
2945 3594 3051 3651 Sed
3081 3597 3227 3667 Quod
3257 3598 3638 3653 miserrimum
3660 3593 3685 3633 δ
3708 3594 3810 3650 τοτα

526 3685 699 3743 ribus.
733 3683 883 3752 Vale,
911 3694 968 3742 et
994 3700 1093 3742 nos
1122 3685 1321 3758 dilige;
1346 3686 1471 3758 quia
1502 3702 1604 3758 ego
1634 3696 1686 3743 te
1711 3686 1901 3760 diligo.
2237 3688 2511 3753 omnium,
2545 3687 2861 3758 alligaretur
2887 3689 3257 3753 conscientia,
3287 3705 3397 3746 vox
3428 3685 3809 3757 eriperetur.Et

1108 3778 1128 3818 τ
1170 3779 1515 3839 EPISTOLA
1558 3780 1643 3836 ιι.
2238 3781 2330 3837 ubi
2359 3780 2529 3837 illud?
2558 3781 2667 3838 Sed
2700 3783 2747 3838 si
2769 3783 3030 3839 sacerdos
3056 3800 3164 3840 non
3194 3784 3403 3841 dixerit
3428 3785 3657 3849 erranti,
3676 3784 3717 3839 is
3736 3780 3809 3852 ali

529 3872 818 3930 Adventum
843 3876 956 3948 ejus
982 3890 1086 3930 non
1108 3874 1321 3946 ingrato
1334 3873 1531 3944 affectu
1561 3891 1617 3932 se
1643 3873 2039 3943 déclinare,sed
2068 3893 2129 3933 ne
2234 3877 2522 3943 erraverit,
2555 3877 2608 3931 in
2639 3890 2736 3932 sua
2767 3876 2926 3948 culpa
2957 3878 3239 3946 morietur,
3296 3888 3357 3934 et
3413 3878 3666 3935 sacerdos
3698 3888 3807 3930 reus

600 3977 769 4023 tacere
814 3976 1111 4040 cogeretur,
1144 3977 1234 4022 aut
1284 3965 1588 4036 o/I'ensionis
1619 3986 1830 4025 causam
1858 3972 2122 4042 praeberet.
2232 3968 2337 4024 crit
2360 3983 2559 4040 paenae,
2590 3970 2716 4041 quia
2768 3985 2877 4026 non
2938 3970 3221 4027 admonuit
3251 3983 3535 4029 errantem
3578 3967 3810 4047 (Esubid

600 4055 928 4116 Iracundum
953 4076 1065 4117 esse
1096 4057 1467 4130 Theodosium,
1500 4060 1591 4115 sed
1612 4078 1680 4117 ea:
1698 4078 1752 4117 se
1783 4062 2119 4135 placabilem:
2227 4079 2310 4132 ιιι,
2341 4063 2476 4135 i9)?

604 4169 669 4210 ne
696 4154 855 4228 igitur
874 4170 993 4209 eum
1017 4163 1374 4223 commoveret,
1427 4154 1773 4211 valetudinem
1826 4171 2121 4211 excusasse.
2302 4155 2357 4211 4.
2401 4155 2603 4227 Accipe
2631 4156 2787 4224 illud,
2834 4157 3131 4230 imperator
3157 4169 3413 4231 anguste.
3447 4159 3608 4230 Quod
3636 4160 3805 4215 habeas

2246 2094 2449 2166 aliqua,
2506 2110 2626 2166 quae
2683 2094 2736 2149 in
2790 2095 3125 2151 consistorio
3154 2106 3248 2150 tuo
3280 2104 3499 2152 statuta
3528 2096 3717 2154 forem.
3738 2097 3814 2167 Ego

2244 2202 2375 2259 ergo
2395 2203 2592 2259 expers
2620 2187 2928 2244 communis
2953 2202 3084 2244 usus
3105 2205 3250 2257 sum,
3274 2204 3407 2245 cum
3434 2190 3589 2246 dicat
3612 2192 3816 2246 Dominus

2244 2280 2405 2340 Jesus
2435 2282 2566 2337 nihil
2586 2298 2696 2337 esse
2715 2284 2994 2349 occultum,
3017 2283 3158 2355 quod
3174 2299 3282 2338 non
3312 2284 3683 2356 manifestatur
3704 2284 3814 2355 (ιιι.

2244 2391 2359 2443 vnt,
2386 2372 2500 2448 17).
2536 2374 2874 2432 Verecundia
2907 2376 3092 2447 igitur,
3119 2392 3228 2448 qua
3259 2379 3419 2447 potui
3453 2420 3471 2444 ,
3495 2380 3724 2435 satisleci
3749 2379 3818 2432 im—

2248 2470 2434 2538 periali
2463 2470 2725 2535 arbitrio;
2748 2480 2804 2525 et
2825 2470 3080 2541 prospexi
3107 2485 3177 2525 ne
3207 2480 3307 2525 aut
3340 2471 3819 2542 ipsecausamcour

2248 2563 2505 2619 motionis
2536 2562 2761 2633 habeas,
2789 2579 2914 2619 cum
2961 2564 3015 2619 id
3046 2565 3279 2635 egerim,
3318 2581 3394 2622 ne
3425 2566 3566 2637 quid
3595 2568 3659 2622 ad
3686 2567 3821 2623 mede

2246 2655 2623 2727 imperialibus
2672 2655 2950 2713 deferatur
2994 2657 3212 2713 statutis
3243 2676 3256 2711 :
3290 2670 3394 2714 aut
3425 2674 3536 2732 ego
3563 2675 3682 2716 cum
3708 2660 3821 2716 fuero

2247 2765 2509 2821 prtesens,
2564 2759 2657 2805 aut
2705 2765 2813 2806 non
2869 2749 3086 2806 audiam
3120 2766 3218 2821 per
3246 2762 3466 2808 metum
3523 2757 3823 2819 omnim-,6

2244 2844 2398 2910 quasi
2424 2842 2771 2899 conniventis
2809 2843 3008 2900 famam
3066 2844 3266 2900 subibo
3290 2862 3308 2899 :
3338 2854 3447 2902 aut
3504 2847 3582 2903 ita
3627 2848 3820 2909 audiam,

599 4245 2128 4320 lngentut’sseepiscoposcredentThessalonicensem,proin-
2235 4250 2363 4308 ﬁdei
2384 4251 2647 4319 studium,
2683 4268 2789 4309 non
2840 4268 3061 4325 possum
3106 4270 3340 4325 negare;
3370 4256 3516 4327 quod
3552 4256 3648 4312 Dei
3672 4257 3804 4310 timo-

593 4342 659 4398 de
678 4342 731 4397 in
756 4342 978 4399 eluenda
1001 4342 1097 4398 illa
1112 4354 1410 4399 sanctorum
1431 4343 1739 4400 imitandam
1756 4346 2126 4415 paenitentiam,
2236 4360 2375 4415 rem,
2435 4361 2546 4403 non
2602 4344 2839 4403 difﬁteor
2870 4364 2883 4401 :
2914 4346 3008 4404 sed
3065 4348 3236 4406 babes
3290 4358 3505 4405 natura:
3543 4348 3798 4420 impetum,

593 4531 621 4563 ι
650 4524 917 4601 Quianam
946 4522 1054 4601 sint
1084 4522 1465 4601 turpitudines,
1516 4523 1716 4601 quibus
1742 4523 2057 4601 adjunctum
2085 4541 2115 4581 a
2144 4531 2195 4593 Ι)
2222 4535 2393 4601 xilem
2420 4536 2474 4585 et
2522 4527 2640 4600 ejus
2668 4528 3067 4601 signiﬁcatione
3096 4524 3351 4588 tractavit
3371 4533 3689 4591 Ambrosius
3714 4531 3796 4588 lib.

523 4595 838 4672 Manicltteis
851 4596 1194 4672 sacrilegium
1210 4600 1407 4657 asserit
1435 4595 1780 4672 Ambrosius,
1805 4598 2119 4668 explicatur
2222 4595 2295 4656 de
2324 4599 2474 4656 lsaac
2499 4595 2777 4667 et'anima,
2805 4616 2927 4671 cap.
2961 4605 3015 4667 1,
3046 4619 3197 4659 num.
3227 4606 3279 4672 1,
3312 4614 3371 4662 et
3398 4605 3457 4662 lu
3502 4606 3641 4663 Psal.
3665 4620 3796 4667 svnt.

515 4667 918 4744 ab_Augustino
940 4667 1113 4724 lib.de
1144 4668 1347 4744 Haeres.
1379 4668 1641 4744 captiti,
1886 4667 1893 4668 “
1960 4742 1985 4744 __
2034 4741 2045 4744 _
2227 4674 2478 4744 numrli’)
2503 4682 2561 4728 et
2585 4674 2672 4737 14.
2699 4684 2859 4744 atque
2873 4667 3039 4729 'alihi.

586 4740 616 4781 δ
659 4739 799 4797 tsdit.
827 4753 952 4816 cunt
981 4754 1112 4816 tns__s_.
1146 4739 1372 4816 aliquot,
1410 4740 1595 4812 quibus
1625 4742 1757 4816 leues
1805 4742 1987 4813 papuli
2014 4741 2119 4816 Ju-
2296 4743 2323 4782 d
2363 4743 2487 4800 Vet.
2546 4744 2710 4811 edit.,
2751 4739 2808 4799 ut
2853 4747 3073 4802 enitente
3104 4746 3377 4816 Rebecca;
3408 4750 3565 4807 Rom.
3605 4763 3656 4807 et
3678 4766 3797 4805 uou-

521 4812 967 4870 dazorumtentuti.
999 4809 1103 4885 Alii
1126 4809 1267 4885 mss.
1300 4809 1483 4883 plures
1504 4828 1569 4868 ac
1595 4809 1957 4885 probatiores,
2003 4812 2117 4885 qui-
2222 4817 2351 4873 nulli
2380 4832 2535 4882 ntss.,
2566 4827 2622 4870 ut
2642 4809 2870 4872 ueniente
2891 4816 3143 4874 Rebecca.
3176 4820 3287 4877 Sed
3312 4809 3375 4877 in
3390 4824 3510 4880 aliis
3530 4838 3659 4879 mss.
3682 4836 3795 4878 coa-

515 4885 609 4941 bus
630 4886 756 4958 leuis
776 4884 1003 4958 populus
1022 4880 1330 4938 Judteorum
1351 4886 1529 4958 tentati
1551 4901 1571 4951 ;
1596 4880 1829 4958 'tnintme
1857 4880 2053 4958 male;
2218 4886 2433 4944 cinnius
2460 4880 2830 4947 utetntttitur.

586 4955 785 5035 {Cum
817 4955 1066 5035 imperite
1092 4964 1148 5010 et
1173 4971 1359 5026 parum
1401 4955 1654 5013 distincte
1702 4956 1893 5035 Graeca
1938 4956 2106 5014 verba
2245 4971 2317 5035 με·
2355 4960 2714 5035 Omnesedit.
2747 4975 2798 5016 et
2829 4962 2984 5035 pauci
3006 4977 3165 5031 mss.,
3192 4974 3360 5021 artem
3394 4965 3619 5034 desisse;
3646 4963 3790 5035 aliqui

512 5031 821 5103 scribantur
852 5032 904 5082 in
928 5028 1053 5103 cod.
1089 5042 1251 5103 manu
1275 5035 1537 5103 exaratis,
1566 5044 1685 5085 eam
1718 5032 2009 5103 lectionem
2035 5046 2103 5085 ex
2206 5032 2320 5099 alii,
2349 5043 2515 5087 artem
2536 5032 2772 5100 dedisse;
2815 5028 3009 5091 melius
3035 5028 3244 5103 czeteri,
3294 5050 3456 5092 artem
3505 5028 3786 5098 dua-ese,

510 5101 621 5158 illis
646 5109 990 5183 expresserat
1017 5096 1580 5183 Amerbacltius,‘quaz
1595 5116 1701 5158 non
1727 5102 1896 5183 tnon
1909 5104 2105 5156 barba-
2208 5096 2601 5183 interpretandi
2631 5096 2827 5176 nempe
2869 5096 3241 5179 Scripturam,
3268 5119 3329 5165 ut
3351 5109 3556 5181 aliquid
3588 5096 3787 5183 proprio

509 5189 594 5237 ra,
622 5170 908 5230 sed—etiam
942 5172 1107 5244 omni
1140 5185 1304 5225 sensu
1334 5170 1590 5244 destituta
1640 5188 1807 5244 esset.
1857 5174 2106 5244 Quapro-
2211 5170 2385 5231 marte
2408 5177 2742 5231 lucubraret.

550 5254 633 5303 ter
660 5254 727 5318 ut
745 5244 1032 5300 manifesto
1059 5242 1227 5318 ulceri
1276 5241 1600 5318 medicinam
1630 5240 1895 5302 Erasmus
1938 5240 2104 5301 eihi-
2283 5246 2303 5285 ί
2346 5247 2562 5318 Scripta
2591 5250 2731 5304 circa
2756 5263 2961 5305 annum
2986 5250 3113 5308 590.

585 5324 689 5385 ret,
717 5317 858 5392 hanc
886 5312 1228 5392 sententiam
1261 5315 1414 5384 quasi
1442 5330 1752 5392 germanam
1799 5318 2103 5392 substituit,
2283 5328 2308 5367 Β
2347 5312 2673 5386 Comitatus,
2706 5330 2767 5375 ut
2794 5320 3038 5378 Nannius
3066 5322 3350 5392 observat,
3376 5334 3463 5381 est
3478 5325 3673 5382 familia
3695 5324 3786 5379 im-

504 5387 685 5470 Qrace
722 5389 920 5470 dicunt,
957 5386 1317 5470 f‘tdolscxim
1371 5386 1680 5470 γηροιλαὶαιε
1719 5392 1842 5468 περὶ
1864 5397 1965 5445 τῶν
1981 5386 2099 5470 dum

2245 5393 2500 5470 eratoris,
2546 5407 2669 5470 cum
2719 5392 2999 5449 ofﬁciariis
3028 5403 3084 5450 et
3117 5386 3502 5467 stipatoribus,
3530 5414 3647 5470 qua:
3673 5397 3782 5452 olim

502 5459 925 5534 ὢόολισχιῖσθαι.
957 5459 1156 5534 Verum
1197 5476 1305 5513 non
1349 5459 1612 5534 satisfecit
1641 5459 2102 5534 Romantsgedito-

2245 5470 2404 5534 oltors
2431 5463 2731 5521 dicebatur.

502 5530 763 5613 rthusi'ti
792 5530 1082 5613 etquidem.
1113 5546 1221 5613 non
1274 5533 1729 5613 paucisnvoeibns
1785 5532 2099 5613 trucidatis,
2279 5533 2319 5613 ιι-
2349 5536 2471 5592 Vet.
2495 5536 2701 5613 _edit.,_
2718 5538 2853 5605 {orte
2880 5538 3149 5605 omnium;
3175 5537 3335 5613 Rom.
3369 5542 3508 5613 {oret
3530 5542 3779 5598 omnium;

500 5611 602 5660 has
630 5611 837 5680 tantum
860 5600 1021 5659 nobis
1044 5600 1431 5680 exhibue’runt,
1463 5600 1633 5658 Gnaei
1657 5602 1837 5680 dicunt
1890 5600 2105 5680 ᾁδοὶεσὲ
2210 5608 2380 5664 multo
2402 5608 2616 5664 melius.
2664 5600 3007 5680 Quapropter
3033 5600 3152 5665 cum
3206 5610 3263 5665 in
3316 5600 3652 5669 eniteudanda
3692 5616 3782 5665 hac

502 5683 696 5755 χῆσςιι.
727 5676 999 5755 (laterum
1020 5676 1289 5730 curiostus
1312 5676 1679 5755 characteres,
1704 5677 1861 5748 queis
1889 5676 1979 5755 hic
2025 5680 2107 5755 lo-
2209 5680 2439 5755 epistola
2470 5676 3060 5755 destituamurauxilio
3088 5696 3246 5750 mss.,
3275 5684 3413 5739 nihil
3443 5687 3618 5755 potius
3645 5682 3783 5739 nobis

500 5746 599 5824 cus
623 5748 683 5824 in.
703 5762 805 5801 ms.
837 5746 969 5816 Reg.
1020 5756 1293 5824 exuratur,
1337 5746 1769 5824 examinantihtis
1798 5750 2106 5824 veralectio
2208 5746 2445 5820 videtur,
2477 5767 2640 5824 quam
2685 5760 2744 5807 ut
2793 5752 2910 5823 ejus
2930 5753 3187 5810 editionis
3232 5746 3534 5815 lectionem
3564 5757 3778 5815 retinea-

510 5815 797 5887 tletegitur,
829 5815 992 5885 quam
1015 5818 1370 5874 restituimus.
1405 5818 1576 5878 Porro
1612 5819 1681 5879 de
1709 5835 1845 5877 voce
1895 5819 2106 5879 ἀδολεσ-
2208 5837 2353 5894 mus,
2384 5815 2545 5897 quain
2577 5815 2841 5895 praestare
2864 5825 2986 5882 aliis
3010 5824 3422 5886 arbitrabimur.
