3996 6292
199 263 325 323 HM

1401 261 1889 320 EPISTOLARUM
1926 258 2202 317 CLASSIS
2241 260 2282 312 Ι.

3362 262 3501 320 1163

194 392 352 456 quem
380 377 424 434 si
457 378 580 450 quis
607 379 782 437 lenire
812 379 962 445 velit,
1013 380 1122 435 cito
1165 387 1350 436 vertes
1380 379 1448 436 ad
1479 381 1791 436 misericor-
1819 391 1873 454 Α
1900 377 2072 434 tribus
2099 376 2256 432 annis
2285 373 2338 430 in
2373 383 2541 441 terra,
2593 383 2686 430 aut
2718 376 2889 430 tribus
2919 376 3200 432 mensibus
3238 378 3423 449 fugere
3467 395 3496 433 a

192 468 333 525 diam
366 487 380 525 :
417 470 460 526 si
492 471 612 541 quis
643 472 904 534 stimulet,
939 471 995 527 in
1029 470 1204 541 majus
1235 472 1560 541 cxsuscitas,
1594 483 1792 527 uteum

195 578 454 620 revocare
477 565 564 620 vix
589 567 791 636 possis.
812 566 1028 622 Utinam
1055 566 1099 621 si
1133 581 1295 622 nemo
1328 567 1559 638 mitigat,
1615 567 1796 622 nullus

191 657 455 713 accendat
481 658 494 712 !
525 658 792 716 Libenter
819 675 941 715 eum
970 659 1256 716 committo
1303 659 1397 715 tibi
1431 674 1444 710 :
1475 660 1590 730 ipse
1626 669 1678 716 te
1703 675 1792 716 re-

191 764 376 817 vocas,
403 758 459 806 et
484 750 705 821 pietatis
733 751 916 808 studio
940 752 1118 809 vincis
1141 752 1400 835 impetum
1435 762 1664 808 naturae.

263 845 318 900 5.
359 844 516 903 Hunc
533 861 636 918 ego
665 847 926 920 impetum
949 847 1115 903 malui
1134 847 1552 918 cogitationibus
1578 847 1683 903 tuis
1710 859 1798 902 se-

189 947 343 996 creto
371 940 736 1009 committere,
767 955 929 1012 quam
958 940 1096 998 meis
1117 939 1276 996 factis
1305 940 1520 1011 publice
1550 940 1797 996 fortassis

191 1047 433 1090 movere.
478 1031 665 1104 Itaque
713 1033 878 1090 malui
905 1032 1089 1090 ofﬁcio
1137 1049 1263 1090 meo
1321 1033 1530 1106 aliquid
1579 1033 1794 1100 deesse,

188 1141 350 1196 quam
383 1126 676 1182 humilitati
707 1144 720 1181 :
751 1136 806 1182 et
858 1127 1064 1198 requiri
1095 1127 1146 1182 in
1177 1141 1266 1182 me
1292 1126 1361 1182 ab
1391 1127 1514 1183 aliis
1543 1125 1799 1183 sacerdo-

193 1220 263 1274 tis
291 1221 701 1288 auctoritatem,
734 1235 895 1291 quam
918 1229 1019 1276 ate
1047 1219 1346 1277 desiderari
1378 1220 1430 1276 in
1455 1235 1542 1276 me
1565 1229 1589 1256 ει
1610 1234 1799 1275 aman-

197 1310 403 1368 tissime
454 1311 966 1378 honoriﬁcentiam;
1017 1321 1075 1368 ut
1107 1326 1368 1384 represso
1399 1312 1628 1383 impetu,
1661 1312 1800 1367 inte-

193 1419 286 1476 gra
308 1415 454 1462 esset
474 1405 686 1462 consilii
715 1406 953 1478 eligendi
979 1407 1233 1462 facultas.
1277 1406 1549 1462 l’rtetendi
1580 1405 1800 1477 aegritu-

192 1500 377 1558 dinem
424 1502 675 1574 corporis
732 1517 793 1557 re
835 1517 966 1558 vera
1009 1517 1278 1573 gravem,
1339 1512 1392 1556 et
1441 1501 1544 1556 nisi
1588 1515 1616 1553 a
1666 1501 1800 1556 viris

192 1594 508 1652 mitioribus
548 1596 638 1650 vix
664 1595 950 1652 levandam
983 1614 995 1648 :
1027 1595 1111 1650 vel
1144 1595 1316 1652 emori
1350 1604 1528 1650 tamen
1585 1593 1802 1648 maluis-

194 1703 336 1758 sem,
361 1705 524 1761 quam
555 1689 847 1746 adventum
897 1699 1046 1745 tuum
1079 1688 1275 1756 biduo,
1331 1698 1425 1744 aut
1464 1689 1643 1743 triduo
1694 1701 1798 1743 non

193 1791 596 1853 exspectarem.
634 1782 741 1839 Sed
765 1781 892 1852 quid
921 1781 1182 1848 facerem,
1207 1795 1312 1837 non
1339 1791 1476 1837 erat.

269 1874 324 1929 6.
366 1873 589 1930 Factum
617 1883 700 1930 est
743 1875 797 1930 in
847 1873 983 1930 urbe
1033 1873 1605 1930 Thessalonicensium
1653 1871 1800 1945 quod

200 1968 346 2024 nulla
379 1969 646 2026 memoria
675 1968 911 2037 habet,b
934 1968 1076 2040 quod
1101 1983 1357 2025 revocare
1386 1983 1493 2024 non
1527 1969 1703 2039 potui,
1735 1981 1802 2024 ne

200 2061 386 2127 ﬁeret;
421 2062 589 2118 immo
613 2061 756 2134 quod
780 2071 909 2118 ante
939 2062 1336 2118 atrocissimum
1371 2059 1488 2117 fore
1517 2060 1649 2126 dixi,
1678 2074 1800 2115 cum

201 2159 364 2214 t0ties
385 2172 636 2228 rogarem
670 2174 685 2214 :
724 2156 951 2228 etquod
983 2157 1099 2228 ipse
1130 2171 1256 2212 sero
1284 2156 1593 2212 revocando
1639 2170 1804 2227 grave

201 2251 405 2308 factum
435 2251 660 2323 putasti,
691 2251 796 2307 hoc
826 2251 1027 2307 factum
1075 2262 1369 2308 extenuare
1395 2266 1502 2307 non
1536 2260 1802 2321 poteram.

203 2343 432 2413 Quando
454 2343 692 2415 primum
740 2343 986 2398 auditum
1036 2351 1141 2410 est,
1174 2352 1197 2380 °
1227 2351 1454 2414 propter
1513 2341 1806 2398 adventum

204 2437 482 2496 Gallorum
511 2437 891 2508 episcoporum
942 2434 1194 2508 Synodus
1243 2444 1611 2499 convenerat;
1646 2447 1808 2489 nemo

208 2545 314 2587 non
341 2529 625 2603 ingemuit,
673 2531 852 2586 nullus
883 2528 1235 2586 mediocriter
1264 2529 1475 2598 accepit
1509 2546 1521 2581 :
1554 2542 1659 2582 non
1691 2535 1812 2582 erat

208 2625 330 2681 tacti
357 2626 433 2680 tui
462 2623 730 2681 absolutio
772 2623 827 2680 in
859 2623 1128 2680 Ambrosii
1159 2621 1564 2689 communione,
1609 2621 1665 2676 in
1718 2635 1808 2676 me

207 2718 370 2796 etiam
387 2717 617 2788 amplius
639 2717 919 2773 commissi
949 2723 1374 2788 exaggeraretur
1396 2714 1620 2782 invidia,
1645 2713 1693 2769 si
1716 2727 1811 2770 ne-

212 2826 302 2869 mo
328 2811 534 2869 diceret
556 2811 650 2868 Dei
689 2811 862 2867 nostri
884 2809 1388 2868 reconciliationem
1419 2809 1540 2866 fore
1559 2822 1813 2866 necessa-

213 2905 375 2962 riam.

285 2998 339 3052 7.
383 2998 467 3054 An
500 2996 667 3068 pudet
698 3007 772 3066 te,
804 2997 1132 3068 Imperator,
1185 2996 1289 3053 hoc
1339 2995 1519 3052 facere
1546 2996 1690 3068 quod
1717 3011 1812 3052 rex

215 3091 499 3162 propheta,
527 3099 719 3148 auctor
742 3090 950 3147 Christi
975 3091 1276 3149 secundum
1298 3106 1517 3148 carnem
1549 3091 1817 3163 prosapia:

1899 471 2038 528 facie
2078 471 2423 528 inimicorum
2477 485 2720 537 suorum,
2777 479 2871 525 aut
2923 468 3105 526 triduo
3149 479 3382 528 mortem
3445 474 3498 528 in

1899 573 2067 621 terra.
2126 563 2193 620 Et
2223 563 2506 635 respondit
2551 562 2762 620 David:
2790 564 3059 636 Angustia:
3100 573 3218 620 sunt
3263 567 3363 620 tria
3391 566 3498 622 Itwc

1897 663 2257 728 vehementer;
2303 669 2654 716 verumtamen
2699 659 2926 716 incidam
2978 661 3032 714 in
3057 676 3215 714 manu
3254 658 3500 727 Domini;

1899 755 2144 823 quoniam
2169 753 2346 808 muttit:
2391 752 2764 807 misericordiae
2788 754 2903 824 ejus
2929 751 3083 807 nimis
3119 768 3137 806 :
3165 761 3213 807 et
3235 753 3288 806 in
3315 768 3502 808 manus

1901 846 2126 901 hominis
2179 862 2282 901 non
2330 844 2560 900 incidam
2591 842 2784 916 (Ibid.,
2810 842 2925 916 M).
2955 842 3126 916 Culpa
3144 853 3328 902 autem
3359 854 3500 912 erat,

1898 941 2156 1012 quoniam
2188 940 2370 996 voluit
2414 939 2555 996 scire
2597 954 2882 996 numerum
2932 938 3103 996 totius
3155 939 3351 1013 plebis,
3383 953 3507 1011 qua:

1900 1049 2087 1091 secum
2117 1043 2236 1090 erat
2262 1050 2275 1088 :
2299 1032 2615 1106 quodjscire
2641 1032 2752 1089 Deo
2783 1031 2887 1088 soli
2909 1031 3096 1089 debuit
3119 1048 3428 1090 reservare.

1971 1128 2026 1182 9.
2058 1126 2126 1182 Et
2154 1141 2301 1192 cum,
2327 1126 2519 1198 inquit,
2546 1140 2694 1182 mors
2723 1125 2879 1181 ﬁeret
2905 1125 2958 1180 in
2982 1124 3164 1196 plebe,
3189 1125 3306 1196 ipso
3327 1125 3507 1196 primo

1901 1219 1990 1274 die
2021 1217 2089 1274 ad
2117 1219 2306 1274 horam
2336 1217 2548 1290 prandii
2572 1233 2696 1274 cum
2727 1216 2956 1273 vidisset
3003 1216 3169 1272 David
3198 1218 3508 1290 percutien-

1903 1322 2010 1368 tem
2036 1312 2286 1384 angelum
2316 1315 2368 1368 in
2400 1311 2638 1383 plebem,
2687 1310 2762 1367 ait
2807 1310 2977 1366 David
3007 1327 3020 1365 :
3054 1310 3166 1383 Ego
3208 1312 3433 1383 peccaui,
3463 1323 3509 1368 et

1903 1423 1995 1480 ego
2026 1416 2204 1478 pastor
2227 1407 2519 1478 malignum
2543 1407 2666 1478 feci,
2699 1415 2745 1460 et
2773 1405 2856 1461 hic
2896 1421 3026 1478 grex
3047 1407 3174 1476 quid
3195 1407 3353 1478 fecit?
3382 1405 3508 1460 Fiat

1902 1517 2089 1556 manus
2115 1511 2202 1555 tua
2228 1501 2282 1555 in
2309 1517 2410 1568 me,
2438 1507 2484 1554 et
2515 1500 2569 1554 in
2596 1499 2805 1555 domum
2849 1501 3015 1571 patris
3042 1499 3143 1554 mei
3168 1498 3360 1571 (Ibid.,
3391 1499 3503 1572 17).

1904 1594 2094 1666 Itaque
2121 1595 2380 1667 paenituit
2431 1595 2748 1660 Dominum,
2790 1604 2844 1650 ct
2878 1594 3046 1665 jussit
3077 1595 3273 1667 angelo
3297 1604 3356 1650 ut
3385 1610 3513 1666 par-

1905 1701 2058 1747 ceret
2085 1691 2262 1763 plebi,
2292 1689 2621 1746 sacriﬁcium
2661 1699 2842 1747 autem
2868 1690 3089 1747 oﬁ‘erret
3113 1691 3326 1758 David;
3361 1701 3515 1748 erant

1827 1796 1874 1857 Β
1909 1785 2054 1840 enim
2116 1793 2246 1841 tunc
2298 1783 2564 1840 sacriﬁcia
2617 1798 2717 1854 pro
2747 1782 2980 1850 delictis,
3033 1783 3152 1838 haee
3202 1798 3351 1840 nunc
3388 1793 3520 1838 sunt

1901 1877 2166 1936 sacriﬁcia
2190 1876 2549 1948 poenitentiae.
2592 1877 2780 1949 Itaque
2805 1893 2870 1932 ea
2897 1876 3209 1932 humilitate
3236 1879 3514 1947 acceptior

1903 1975 2019 2032 Deo
2048 1973 2225 2029 factus
2251 1982 2374 2030 est:
2409 1988 2517 2030 non
2561 1973 2706 2029 enim
2739 1973 3046 2030 mirandum
3077 1989 3306 2046 peccare
3336 1975 3514 2031 homi-

1905 2083 2027 2124 nem
2063 2085 2076 2123 :
2111 2068 2207 2124 sed
2244 2067 2377 2124 illud
2397 2067 2828 2140 reprehensibile
2850 2069 2942 2137 ,si
2977 2084 3083 2125 non
3113 2083 3174 2125 se
3222 2079 3518 2142 cognoscat

1903 2177 2124 2220 errasse
2147 2203 2166 2232 ,
2195 2179 2303 2220 non
2333 2163 2586 2220 humillet
2614 2164 2748 2221 Deo.

1983 2257 2070 2313 10.
2112 2257 2216 2314 Job
2258 2266 2483 2314 sanctus
2530 2265 2587 2313 et
2632 2257 2749 2328 ipse
2801 2267 2996 2327 potens
3040 2258 3092 2312 in
3134 2257 3369 2324 saeculo,
3395 2257 3516 2312 ait:

1909 2347 2185 2405 Peccatum
2230 2367 2402 2405 meum
2427 2367 2530 2405 non
2556 2351 2828 2418 abscondi,
2875 2352 2966 2406 sed
2993 2367 3168 2406 coram
3195 2352 3340 2423 plebe
3379 2353 3521 2406 omni

1908 2443 2217 2498 annuntiavi
2241 2443 2384 2514 (Job.
2403 2459 2552 2509 xxxx,
2586 2442 2701 2516 5'5).
2731 2445 2839 2516 Ipsi
2859 2445 3210 2516 immaniregi
3234 2444 3361 2502 Saul
3383 2444 3524 2500 dixit

1910 2533 2176 2591 Jonathas
2205 2534 2349 2592 ﬁlius
2376 2550 2508 2592 suus
2545 2555 2556 2590 :
2589 2534 2717 2591 Noli
2763 2553 2980 2606 peccare
3021 2539 3074 2591 in
3122 2553 3324 2593 servum
3375 2547 3520 2591 tuum

1913 2624 2082 2682 Dauid
2126 2626 2169 2698 (Ι
2197 2628 2330 2701 Reg.
2365 2644 2478 2698 χιχ,
2513 2627 2592 2700 4);
2626 2640 2682 2684 et
2730 2647 2743 2683 :
2795 2628 2864 2685 Ut
2882 2631 3008 2701 quid
3027 2646 3209 2701 peccas
3233 2631 3286 2684 in
3315 2632 3529 2701 sangui»

1913 2737 2028 2776 nem
2055 2723 2377 2778 innocentem
2407 2722 2643 2778 occidere
2673 2721 2845 2778 David
2872 2725 2982 2779 sine
3014 2741 3173 2779 causa
3208 2723 3399 2796 (Ibid.,
3425 2725 3523 2796 5)?

1914 2815 2054 2883 Quia
2076 2816 2178 2872 etsi
2210 2833 2307 2873 rex
2334 2827 2475 2884 erat,
2517 2817 2778 2888 peccabat
2821 2828 3025 2884 tamen,
3066 2819 3111 2874 si
3137 2819 3417 2875 occideret
3446 2821 3526 2874 in-

1916 2918 2226 2967 nocentem.
2262 2910 2516 2983 Denique
2547 2912 2709 2967 etiam
2742 2912 2910 2968 David
2936 2927 3060 2969 cum
3087 2913 3198 2984 jam
3223 2927 3397 2985 regno
3429 2928 3524 2984 po-

1918 3001 2134 3068 tiretur,
2167 3012 2223 3059 et
2268 3002 2512 3060 audisset
2561 3002 2744 3060 Abner
2799 3005 3145 3061 innocentem
3199 3004 3439 3062 occisum
3493 3022 3522 3059 a

1919 3094 2056 3152 Joab
2095 3097 2236 3152 duce
2265 3097 2478 3153 militiae
2509 3113 2644 3166 suae,
2687 3099 2762 3154 ait
2810 3118 2823 3154 :
2875 3097 3133 3154 Innocem
3173 3115 3287 3154 sum
3331 3115 3424 3171 ego
3477 3108 3526 3153 et

215 3183 344 3241 fecit
372 3183 582 3240 David?
612 3183 699 3239 Illi
723 3184 928 3241 dictum
959 3193 1064 3251 est,
1111 3185 1238 3256 quia
1266 3184 1419 3241 dives
1466 3185 1556 3256 qui
1586 3183 1812 3240 haberet
1839 3187 1886 3252 C
1915 3203 2133 3260 regnum
2163 3205 2332 3243 meum
2350 3189 2539 3244 amodo
2566 3199 2612 3245 et
2634 3207 2795 3262 usque
2833 3191 2889 3245 in
2913 3199 3165 3245 wternnm
3205 3209 3238 3245 a
3273 3193 3543 3264 sanguine,

215 3280 477 3350 plurimos
503 3293 714 3351 greges,
746 3293 908 3335 unam
939 3279 1198 3351 pauperis
1249 3293 1407 3335 ovem
1459 3288 1682 3351 propter
1720 3278 1815 3336 ad-

215 3383 436 3431 ventum
470 3373 698 3445 hospitis
749 3373 951 3444 eripuit
999 3381 1056 3430 et
1081 3373 1312 3440 occidit;
1343 3381 1396 3428 et
1423 3372 1644 3444 cognito
1670 3371 1814 3444 quod

214 3467 270 3524 in
301 3467 406 3524 hoc
432 3468 548 3538 ipse
572 3474 917 3539 argueretur,
967 3467 1092 3538 quia
1127 3468 1244 3538 ipse
1272 3466 1511 3533 fecisset,
1538 3467 1617 3523 ait
1647 3486 1659 3521 :
1685 3466 1818 3523 Pec—

215 3563 328 3617 cavi
358 3561 577 3618 Domino
604 3561 670 3636 (Il
694 3561 826 3635 Reg.
857 3578 956 3631 xtl,
1005 3561 1117 3633 15).
1147 3561 1268 3618 Noli
1317 3577 1447 3634 ergo
1473 3562 1820 3633 impatienter

214 3655 386 3724 ferre,
417 3655 740 3727 Imperator,
787 3657 832 3710 si
886 3655 1101 3712 dicatur
1131 3655 1228 3711 tibi
1260 3673 1272 3710 :
1302 3655 1382 3712 Tu
1429 3655 1605 3712 fecisti
1652 3656 1816 3724 istud,

214 3751 361 3822 quod
387 3750 560 3806 David
589 3751 702 3822 regi
729 3750 936 3806 dictum
962 3758 1047 3808 est
1067 3766 1096 3806 a
1128 3750 1412 3823 propheta.
1449 3751 1506 3808 Si
1541 3750 1820 3808 enim'hoc

215 3844 410 3901 sedqu
463 3843 739 3913 audieris,
782 3853 839 3901 et
895 3844 1156 3901 dixeris:
1195 3844 1414 3900 Peccavi
1460 3844 1728 3913 Domino;
1774 3845 1821 3901 si

216 3939 423 3996 dixeris
445 3939 630 4011 regale
658 3939 804 3995 istud
849 3939 1231 4010 prapheticum
1266 3957 1278 3994 :
1316 3937 1502 3996 Venite
1523 3941 1817 4007 adoremus,

216 4033 384 4106 999
402 4043 450 4088 et
474 4033 807 4106 procidamus
849 4041 967 4089 ante
999 4050 1113 4088 eum
1135 4049 1153 4098 ;
1193 4042 1241 4088 et
1290 4033 1551 4104 ploremus
1573 4043 1692 4089 ante
1714 4033 1822 4088 Do-

220 4128 416 4183 minum
445 4136 700 4195 nostrum,
724 4127 814 4199 qui
837 4127 960 4198 fecit
984 4143 1078 4182 nos
1102 4125 1274 4199 (Psal.
1313 4142 1462 4194 xulv,
1493 4125 1580 4198 6‘);
1613 4127 1824 4184 dicetur

221 4229 279 4277 et
309 4221 406 4278 tibi
437 4235 453 4276 :
482 4222 746 4290 Quoniam
792 4220 1024 4292 poenitet
1049 4228 1136 4289 te,
1163 4220 1387 4277 dimittit
1433 4221 1526 4278 tibi
1557 4221 1822 4278 Dominus

221 4325 506 4386 peceatum
536 4325 684 4371 tuum
709 4357 724 4382 ,
756 4323 813 4372 et
840 4330 948 4371 non
993 4313 1244 4370 morieris
1273 4313 1340 4386 (II
1374 4314 1507 4387 Reg.
1541 4330 1646 4378 ιιι.
1682 4314 1794 4387 15).

294 4409 349 4466 8.
379 4409 584 4466 lterum
615 4424 736 4466 cum
768 4408 984 4480 plebem
1021 4408 1293 4464 numerari
1322 4407 1578 4478 iussisset
1629 4408 1822 4475 David,

221 4517 518 4574 percussus
546 4512 632 4559 est
673 4501 866 4568 corde,
900 4511 955 4558 et
983 4501 1122 4556 dixit
1149 4502 1215 4556 ad
1245 4501 1535 4558 Dominum
1566 4520 1578 4555 :
1609 4501 1826 4559 Peccavi

1919 3280 2089 3335 Abner
2114 3281 2215 3350 ﬁlii
2233 3280 2345 3336 Ner
2369 3281 2436 3354 (II
2460 3280 2591 3358 Reg.
2621 3298 2703 3351 ιιι,
2731 3283 2848 3355 28);
2869 3292 2924 3340 et
2941 3283 3210 3355 jejunavit
3230 3283 3284 3339 in
3311 3283 3522 3340 dolore.

1991 3374 2078 3428 11.
2120 3373 2249 3430 Haec
2271 3374 2395 3431 ideo
2441 3376 2661 3447 scripsi,
2693 3392 2800 3432 non
2829 3385 2888 3432 ut
2939 3385 2990 3434 te
3024 3376 3378 3446 confundam,
3426 3378 3522 3434 sed

1919 3475 2190 3538 utregum
2217 3469 2471 3539 exempla
2507 3479 2832 3540 provocent,
2884 3479 2942 3525 ut
2989 3469 3148 3526 tollas
3179 3469 3282 3526 hoc
3334 3485 3527 3542 pecca-

1921 3567 2036 3615 tum
2087 3559 2156 3615 de
2201 3575 2372 3632 regno
2419 3569 2514 3618 tuo
2545 3579 2559 3617 :
2590 3562 2755 3620 tolles
2807 3572 2991 3619 autem
3021 3562 3367 3619 humiliando
3415 3563 3530 3619 Deo

1922 3653 2155 3708 animam
2180 3661 2348 3709 tuam.
2383 3653 2558 3710 Homo
2587 3668 2668 3721 es,
2699 3664 2756 3712 et
2785 3655 2881 3712 tibi
2908 3653 3060 3712 venit
3090 3656 3339 3724 tentatio,
3371 3654 3529 3714 vince

1921 3761 2064 3803 eam.
2093 3747 2381 3804 Peccatum
2411 3765 2522 3805 non
2555 3748 2768 3805 tollitur
2793 3748 2898 3804 nisi
2949 3749 3207 3821 lacrymis
3251 3758 3309 3806 et
3349 3751 3526 3822 ι)ωηί-

1925 3840 2110 3895 tentia.
2163 3839 2274 3897 Nec
2329 3842 2555 3914 angelus
2608 3849 2811 3914 potest,
2845 3855 2947 3897 nec
2975 3839 3370 3912 archangelus;
3421 3842 3528 3896 Do-

1924 3933 2106 3990 minus
2133 3933 2274 4005 ipse,
2308 3935 2401 4006 qui
2438 3935 2590 3992 solus
2637 3944 2821 4008 potest
2861 3934 3046 3992 dicere
3083 3953 3096 3989 :
3127 3935 3242 4008 Ego
3267 3935 3528 3991 uobiscum

1925 4045 2040 4084 sum
2069 4027 2290 4100 (Matth.
2337 4045 2528 4098 xxvnt,
2558 4029 2676 4104 20);
2728 4031 2773 4086 si
2807 4030 3236 4102 peccaverimus,
3281 4031 3386 4087 nisi
3416 4047 3529 4103 pos-

1927 4122 2212 4178 nitentiam
2239 4122 2614 4180 deferentibus
2647 4138 2757 4179 non
2789 4123 3019 4180 relaxat.

2000 4218 2092 4274 12.
2133 4217 2375 4286 Suadeo,
2407 4233 2564 4289 rogo,
2598 4218 2812 4287 hortor,
2843 4217 3147 4286 admoneo;
3176 4217 3307 4291 quia
3355 4219 3529 4275 dolori

1927 4318 2012 4366 est
2033 4310 2190 4378 mihi,
2222 4319 2283 4368 ut
2309 4320 2364 4368 tu
2389 4310 2483 4384 qui
2509 4312 2725 4383 pietatis
2752 4311 3012 4369 inauditae
3038 4313 3350 4385 exemplum
3380 4329 3528 4381 eras,

1927 4405 2020 4475 qui
2043 4405 2252 4477 apicem
2275 4406 2584 4464 clementia:
2609 4405 2856 4473 tenebas,
2889 4407 2982 4478 qui
3008 4408 3250 4481 singulos
3273 4419 3534 4466 nocentes

1929 4512 2038 4554 non
2083 4499 2386 4570 patiebaris
2429 4499 2756 4573 periclitari,
2793 4500 3006 4573 1000
3056 4509 3133 4556 tot
3162 4502 3393 4572 periisse
3422 4519 3530 4559 non

222 4600 560 4667 vehementer,
592 4597 730 4666 quod
784 4598 994 4669 fecerim
1020 4597 1117 4652 hoc
1154 4597 1384 4666 verbum,
1415 4607 1460 4652 et
1514 4614 1674 4666 nunc,
1716 4597 1826 4654 Do—
1850 4580 1903 4642 D
1929 4592 2116 4652 doleas
2152 4595 2490 4652 innocentes.
2524 4593 2643 4651 Etsi
2668 4595 2721 4650 in
2754 4594 2964 4665 proeliis
2991 4593 3307 4652 felicissime
3332 4597 3530 4668 egeris,

224 4693 384 4760 mine,
431 4697 581 4764 aufer
611 4691 933 4763 iniquitatem
961 4692 1093 4746 servi
1129 4693 1227 4757 tui,
1273 4691 1411 4760 quod
1440 4691 1634 4762 deliqui
1672 4692 1823 4748 uehe-

225 4796 424 4842 menter
450 4785 517 4859 (II
547 4785 675 4857 Reg.
709 4801 860 4851 xxtv,
894 4784 1006 4856 10).
1056 4783 1127 4838 Et
1158 4783 1358 4840 missus
1400 4792 1483 4839 est
1523 4783 1720 4840 iterum
1762 4784 1830 4840 ad

225 4896 352 4937 cum
373 4879 584 4936 Nathan
613 4879 906 4953 pr0pheta,
945 4879 1039 4950 qui
1061 4878 1109 4935 ei
1145 4879 1308 4933 trium
1337 4877 1616 4947 optionem
1643 4877 1834 4934 condi-

227 4973 439 5031 tionum
479 4972 723 5040 offerret,
779 4983 836 5029 ut
888 4987 1048 5044 quam
1075 4970 1267 5036 vellet,
1319 4969 1547 5042 eligeret
1591 4970 1830 5028 :famem

301 5123 326 5150 α
370 5114 448 5169 Ita
495 5127 685 5170 omnes
733 5113 866 5170 edit.
907 5111 1004 5169 sed
1056 5111 1210 5167 locus
1241 5109 1398 5166 nobis
1427 5110 1679 5166 nonnihil
1709 5126 1831 5166 sus-

229 5195 534 5258 pectus‘est
556 5184 978 5258 corruptionis;
1010 5183 1146 5239 forte
1176 5193 1355 5258 tamen
1397 5197 1505 5236 non
1539 5181 1832 5258 difﬁculter

233 5254 530 5326 sanandus,
571 5257 616 5312 si
664 5254 763 5330 pro
783 5256 1154 5322 amantissime,
1183 5254 1544 5310 substituatur
1574 5256 1828 5310 amantis-

234 5347 387 5384 anno.

306 5402 332 5440 δ
376 5400 703 5456 Promiserat
734 5401 1019 5456 Ambrosio
1031 5398 1376 5456 Theodosius
1399 5397 1653 5469 injuriam
1676 5411 1830 5453 suam

235 5472 814 5529 Thessalonicensibus
835 5487 892 5526 se
921 5471 1269 5535 donaturum,
1292 5470 1385 5525 sed
1407 5480 1829 5541 purpuratorum

235 5559 458 5600 suorum
482 5544 740 5599 instinctu
772 5559 959 5598 rursus
975 5544 1040 5599 ad
1065 5544 1321 5598 ultionem
1344 5540 1582 5598 animum
1605 5540 1835 5598 reﬂexe-

237 5626 344 5682 rat,
375 5623 436 5669 ut
464 5613 622 5670 docet
645 5615 974 5670 Paulinusin
1001 5614 1276 5670 Ambrosii
1298 5612 1436 5668 Vita.

314 5699 336 5726 ε
376 5685 541 5742 Rom.
570 5685 877 5759 editssola,
900 5703 1016 5740 cum
1043 5697 1275 5759 propter,
1309 5693 1414 5740 etc.
1439 5685 1546 5742 Sed
1576 5685 1696 5740 sine
1742 5683 1837 5759 a_d-

239 5759 430 5815 verbio
458 5773 574 5812 cum
603 5757 772 5812 nihilo
799 5757 951 5827 pejus
974 5757 1172 5813 sensus
1223 5765 1481 5813 constare
1531 5765 1733 5827 potcSt.
1762 5757 1842 5812 De

241 5845 345 5902 qua
372 5843 540 5902 porro
568 5827 789 5900 Synodo
841 5828 1189 5899 intelligenda
1218 5827 1329 5884 sint
1357 5828 1605 5898 subjecta
1655 5827 1843 5898 verba,

680 5925 954 5986 ΡΑΤιιοι..
1004 5923 1177 5988 XVI.

1932 4690 2034 4746 etsi
2059 4689 2114 4746 in
2144 4691 2266 4746 aliis
2302 4703 2520 4762 quoque
2547 4688 2866 4756 laudabilis;
2901 4698 3081 4746 tamen
3126 4705 3266 4762 apex
3312 4699 3528 4746 tuorum

1935 4797 2160 4854 operum
2185 4783 2358 4854 pietas
2389 4796 2606 4853 semper
2637 4781 2759 4837 fuit.
2785 4780 2842 4838 Id
2893 4781 2991 4838 tibi
3027 4782 3221 4851 invidit
3247 4783 3494 4839 diabolus
3520 4824 3535 4850 ,

1935 4873 2078 4946 quod
2094 4874 2332 4932 habebas
2351 4874 2934 4946 prmstantissimumN
2946 4875 3064 4931 ince
3080 4874 3262 4943 eum,d
3270 4891 3356 4930 um
3371 4873 3540 4931 babes

1930 4969 2110 5026 adhuc
2153 4969 2296 5026 unde
2332 4969 2509 5040 possis
2553 4968 2795 5026 vincere.
2833 4967 2954 5026 Noli
2990 4979 3218 5039 peccato
3257 4979 3351 5025 tuo
3387 4968 3534 5024 aliud

1933 5109 2385 5166 controvertitur.
2418 5109 2549 5164 Eam
2582 5123 2708 5166 esse
2742 5117 2989 5165 autumat
3024 5108 3310 5173 Baronius,
3347 5107 3400 5162 in
3427 5121 3534 5176 qua

1935 5181 2258 5238 Iovinianus
2279 5181 2836 5264 Aejusqueisect-atores
2859 5178 3206 5264 condemnati
3233 5187 3388 5264 sunt.
3405 5178 3541 5264 Herf

1935 5268 2170 5310 manuus
2199 5249 2383 5308 autem
2409 5249 2536 5309 licet
2561 5252 2616 5308 in
2647 5251 3115 5309 Elucidationibus
3143 5249 3461 5320 proﬁteatur
3481 5263 3542 5304 se

1935 5325 2072 5382 nihil
2093 5339 2201 5396 quo
2215 5325 2304 5380 illa
2321 5324 2506 5394 opinio
2531 5325 2619 5380 vel
2638 5332 2910 5396 astrnatur
2928 5323 3014 5396 vel
3024 5321 3340 5396 destruatur
3355 5320 3540 5396 adver-

1932 5405 2084 5463 tere;
2113 5393 2398 5452 lib.tamen
2417 5401 2656 5465 vn,'cap.
2681 5395 2734 5454 1.
2751 5393 3107 5465 Vita:_Ambr.
3127 5393 3542 5465 censet_episco-

1934 5462 2123 5541 porum
2144 5468 2298 5541 illum
2317 5462 2639 5541 conventum
2652 5475 2874 5541 propter
2885 5463 3293 5541 Ithacianos,_et
3306 5462 3542 5541 Felicem

1933 5533 2155 5598 diceeesi
2199 5537 2527 5595 Treverensi
2568 5533 3106 5604 ab‘eis’impositum
3150 5534 3380 5591 coivisse
3409 5552 3424 5589 :
3450 5533 3548 5593 sed

1937 5628 2038 5669 nec
2053 5612 2219 5668 ullum
2233 5607 2517 5666 sententia:
2533 5621 2646 5662 suae
2659 5606 3060 5677 ﬁrmamentum
3079 5607 3306 5677 ipsemet
3320 5607 3549 5677 prefert.

1940 5685 2020 5740 De
2045 5684 2151 5740 hac
2180 5697 2317 5740 vero
2337 5679 2528 5736 ultima
2555 5675 2766 5748 synodo
2795 5677 2994 5735 iterum
3015 5693 3044 5734 a
3072 5675 3232 5736 nobis
3257 5675 3546 5740 dicendum

1945 5755 2066 5813 erit.

2909 5919 2987 5980 37
