3932 6296
215 263 349 334 tius

1396 283 1885 343 EPISTOLtRUM
1922 281 2205 342 CLASSIS
2244 278 2284 341 Ι.

3370 293 3506 351 Ηϋὸ

204 395 444 452 ritudine
476 397 701 466 potiaris
729 398 973 454 victoria:
1025 399 1352 467 securitate;
1381 399 1610 455 Ruﬁnus
1657 400 1801 456 enim
1834 409 1887 467 Α
1913 408 2072 460 taret.
2100 399 2252 469 Quod
2282 412 2386 470 ego
2442 413 2548 455 non
2577 413 2678 470 pro
2717 402 3100 460 recordatione
3156 405 3368 476 injuria:
3417 426 3508 466 ve-

203 499 268 542 et‘t
304 491 568 560 magistro
591 494 896 547 olliciorum
929 492 1109 549 laetus
1139 503 1224 550 est
1253 494 1307 550 iu
1354 495 1636 550 consulatu
1670 511 1808 565 pra:-

208 581 382 638 lectns
449 587 706 654 praetorio
731 577 760 640 ἐ
792 601 855 641 ac
910 602 1006 657 per
1047 587 1150 642 hoc
1179 596 1202 623 ι
1233 587 1354 658 plus
1412 601 1572 658 posse
1617 587 1806 658 carpit,

207 673 302 728 sed
357 674 588 746 tibijaru
645 678 778 733 nihil
825 679 1056 745 obesse;
1091 688 1174 734 est
1199 681 1343 734 enim
1394 681 1621 735 aliarum
1667 696 1808 750 prae-

208 769 382 824 fectus
415 777 677 840 partium.
710 772 736 812 ιι
767 774 937 842 Quam
976 775 1188 846 gaudeo
1232 776 1315 830 vel
1369 775 1470 842 illi,
1505 784 1563 830 ut
1601 777 1804 840 amico;

203 864 327 934 quia
360 865 566 922 honore
596 879 810 932 auctus,
843 869 1049 923 invidia
1080 871 1292 924 levatus
1322 879 1406 925 est
1439 886 1453 923 :
1488 870 1570 924 vel
1596 869 1717 936 libi,
1752 877 1808 924 ut

206 958 344 1026 litin;
377 961 501 1030 quia
537 961 804 1017 liberatus
847 979 908 1018 es
939 963 1007 1019 ab
1034 980 1122 1030 eo,
1154 979 1315 1035 quem
1350 965 1448 1019 tibi
1499 965 1805 1036 graviorem

199 1057 438 1126 iudicem
492 1060 868 1129 arbitrabare;
916 1072 972 1116 ut
1021 1063 1068 1117 si
1117 1063 1185 1119 de
1230 1063 1453 1133 negotio
1495 1061 1807 1118 delinireris

201 1165 324 1204 cum
383 1162 471 1207 trra
517 1164 721 1225 nepte,
785 1155 1005 1226 pietatis
1079 1163 1185 1210 tum
1235 1156 1351 1222 sit,
1434 1170 1539 1209 non
1619 1153 1809 1208 σοι-ιιιί-

205 1245 369 1301 diuis.

275 1339 330 1394 2.
354 1337 588 1409 Ideoque
619 1339 922 1410 promptior
952 1351 1072 1395 esto
1091 1340 1384 1406 decisioni,
1413 1341 1569 1411 cujus
1598 1350 1653 1396 et
1679 1354 1805 1411 spes

202 1432 400 1502 potior,
433 1443 487 1488 et
516 1434 724 1488 fructus
743 1444 849 1490 est.
880 1434 1038 1504 Spes,
1071 1434 1195 1504 quia
1229 1443 1381 1503 paler
1417 1444 1440 1472 ο
1473 1435 1648 1504 neptis
1676 1443 1804 1498 tuae,

200 1526 292 1596 qui
321 1525 389 1582 de
436 1526 582 1581 illius
611 1527 881 1582 sententia
914 1527 1014 1581 sibi
1068 1527 1360 1597 plurimum
1401 1525 1802 1593 hlandiebatur,

194 1618 308 1687 jam
341 1619 486 1688 quod
518 1619 586 1674 de
616 1635 682 1674 eo
711 1629 914 1690 speret,
970 1634 1077 1674 non
1111 1619 1272 1674 habet
1300 1636 1313 1683 ;
1382 1619 1475 1674 ille
1527 1618 1672 1674 enim
1699 1619 1836 1673 alia-

198 1722 380 1778 curat,
412 1714 683 1783 praeterita
717 1713 959 1784 negligit,
997 1713 1079 1768 vel
1133 1728 1256 1768 cum
1306 1711 1419 1779 illo,
1471 1713 1616 1780 quod
1675 1722 1805 1768 tunc

1915 491 2046 546 teris
2093 491 2429 564 exprompsi,
2482 493 2577 548 sed
2629 509 2724 563 pro
2755 496 3070 552 testimonio
3108 501 3505 558 conversionis.

1913 582 2049 639 Illud
2091 585 2236 640 enim
2266 585 2525 652 alienum,
2569 586 2670 640 hoc
2723 603 2907 656 suum,
2947 590 3094 660 quod
3125 606 3152 644 a
3188 601 3239 647 te
3270 593 3504 650 infusum

1912 677 2016 732 sibi
2046 680 2115 733 ita
2148 681 2342 744 tennis,
2395 688 2453 735 ut
2479 683 2669 738 matris
2703 686 3116 754 persuasionem
3167 690 3506 746 excluderet.

1911 769 2008 825 Ille
2045 786 2105 827 se
2137 787 2166 827 a
2203 789 2290 828 me
2319 775 2586 830 nutritum
2635 776 2997 846 preferebat,
3031 780 3127 836 ille
3166 791 3226 836 ut
3255 784 3503 842 sedulum

1912 876 2121 934 patrem
2153 866 2531 935 desiderabat,
2573 869 2663 925 ille
2699 871 2958 928 simulato
2986 889 3016 928 a
3047 875 3372 944 quibusdam
3403 880 3507 932 ad-

1913 970 2107 1016 ventus
2133 962 2235 1016 mei
2265 963 2484 1029 nuntio,
2521 965 2874 1034 impatienter
2898 970 3332 1038 praestolabatur.
3363 973 3504 1042 Quin

1909 1055 2075 1107 etiam
2106 1055 2212 1109 illis
2258 1057 2390 1125 ipsis
2423 1057 2628 1128 publici
2663 1058 2872 1115 doloris
2893 1061 3114 1128 diebus,
3153 1060 3319 1119 ‘cum
3346 1081 3505 1122 sanc-

1910 1157 1994 1202 tos
2023 1159 2077 1202 et
2111 1161 2360 1204 summos
2390 1150 2710 1207 sacerdotes
2743 1153 2960 1210 Domini
3000 1155 3140 1210 intra
3170 1156 3378 1213 Gallias
3411 1160 3506 1215 Ira-

1908 1240 2097 1306 heret;
2137 1252 2194 1296 ut
2224 1258 2253 1295 a
2288 1259 2376 1298 me
2407 1251 2586 1298 tamen
2632 1247 2997 1304 sacramentis
3025 1248 3371 1319 baptismatis
3403 1253 3506 1306 ini.

1910 1335 2171 1402 tiaretur,
2199 1336 2546 1392 scribendum
2581 1338 2883 1395 arbitratus
2925 1351 3046 1397 est:
3078 1343 3222 1414 qrtod
3251 1347 3353 1400 etsi
3399 1364 3502 1402 non

1906 1428 2340 1496 rationabiliter,
2371 1431 2683 1488 amabiliter
2711 1440 2893 1488 tamen
2919 1450 3046 1506 erga
3078 1451 3167 1492 me
3197 1452 3354 1494 suum
3384 1450 3503 1496 stu.

1907 1523 2054 1576 dium
2086 1523 2407 1580 testiﬁcatus
2437 1535 2539 1581 est.

1977 1603 2028 1670 5.
2057 1615 2213 1671 Hunc
2235 1633 2366 1689 ergo
2385 1619 2708 1674 noniutimo
2731 1622 2988 1679 anhelum
3010 1625 3230 1694 Spiritu,
3249 1628 3506 1682 secretis-

1905 1725 2011 1780 que
2030 1711 2235 1766 mentis
2262 1723 2428 1782 atque
2453 1713 2620 1768 animi
2652 1715 2956 1772 visceribus
2984 1719 3330 1788 amplectar?
3353 1721 3509 1776 Ilrrrrc

199 1809 446 1878 gerebrt,
477 1807 732 1877 deposuit
758 1806 939 1862 olﬁcio
965 1824 979 1862 :
1008 1808 1108 1862 iste
1141 1808 1338 1878 negotii
1395 1807 1477 1861 sui
1521 1809 1802 1870 meritum,
1837 1805 1881 1870 Β
1911 1802 2041 1857 mihi
2069 1812 2342 1860 mortuum
2375 1807 2600 1874 putem?
2626 1805 2800 1862 Immo
2829 1809 2995 1864 mihiB
3019 1811 3190 1882 magis
3206 1823 3504 1868 mortuum.

200 1915 310 1953 non
357 1899 644 1956 sententiae
692 1910 978 1968 patronum
1013 1900 1348 1955 considerat.
1383 1900 1451 1956 Et
1477 1899 1690 1956 fructus
1716 1900 1806 1968 ju-

200 1992 433 2048 cundior
470 2001 574 2060 est,
611 2003 668 2047 ut
725 1993 821 2047 tibi
848 1993 1118 2049 referatur
1158 1993 1458 2048 decisiouis
1483 1997 1682 2064 gratia,
1712 1994 1803 2064 qui

202 2088 451 2155 potueris
492 2088 603 2158 jam
636 2105 919 2159 spernere,
949 2099 1002 2144 et
1050 2106 1155 2143 non
1212 2091 1510 2160 spreveris,
1549 2091 1803 2160 pietatem

197 2191 454 2251 spectans
509 2183 949 2248 necessitudinis,
982 2199 1089 2238 non
1137 2184 1417 2239 stimulum
1462 2182 1799 2239 oﬂeusionis.

199 2272 354 2337 Vale.
386 2283 440 2328 et
471 2289 572 2328 nos
594 2275 778 2346 dilige,
817 2285 878 2330 ut
927 2275 1109 2341 lilius;
1162 2275 1286 2346 quia
1333 2289 1433 2331 nos
1481 2282 1567 2340 te,
1621 2283 1684 2329 nt
1713 2289 1806 2344 pa-

199 2378 404 2438 rentes,
430 2369 728 2440 diligimus.

597 2463 804 2536 1002
834 2460 862 2500 ά
895 2462 1228 2519 EPISTULA
1273 2463 1404 2518 LIII.

195 2555 419 2610 Causam
467 2556 660 2610 silentii
703 2559 782 2610 sui
824 2557 1062 2628 aperiens
1097 2599 1111 2623 ,
1163 2555 1548 2630 Vaces-trgum
1604 2557 1800 2610 obitum

266 2650 490 2704 maxime
540 2659 751 2721 propter
800 2667 1052 2704 summam
1084 2651 1195 2721 ejus
1249 2652 1300 2704 in
1347 2650 1513 2704 Deum
1559 2651 1801 2722 pietatem

266 2755 418 2814 atque
444 2745 498 2799 in
526 2761 582 2798 se
609 2745 1005 2799 benevolentiam
1033 2745 1198 2823 luget.
1248 2745 1442 2799 Deinde
1472 2747 1706 2799 nuntiato
1734 2745 1803 2798 ad

263 2839 499 2911 ejusdem
519 2839 837 2908 sepulturam
885 2839 981 2893 sibi
1005 2848 1196 2909 privato
1225 2856 1333 2893 esse
1369 2857 1596 2894 marmor
1617 2883 1628 2904 ,
1658 2849 1711 2893 ut
1739 2855 1799 2894 ea

264 2946 501 2986 sororum
522 2930 664 2983 illius
691 2946 849 2985 causa
871 2939 1176 2997 molaretur,
1200 2931 1398 2984 suadet.

487 3024 793 3084 Αιιιωειυε
832 3022 1140 3078 'I‘Itsooosro
1178 3024 1511 3093 imperatori.

268 3117 318 3170 I.
359 3117 646 3170 Silentium
690 3131 870 3170 meum
915 3116 1058 3185 rupit
1089 3130 1269 3170 sermo
1314 3115 1616 3170 clementiae
1641 3124 1743 3168 tua:
1780 3131 1792 3174 ;

1902 1894 2050 1962 Quas
2077 1912 2180 1966 ego
2211 1897 2442 1953 Domino
2463 1898 2778 1955 delereham
2801 1903 3032 1972 gratias,
3057 1904 3201 1973 quod
3235 1905 3306 1959 ita
3335 1905 3390 1960 in
3417 1923 3506 1962 me

1903 2003 2206 2044 conversus
2224 1999 2394 2053 esset.
2425 1990 2573 2062 quod
2615 1991 2690 2048 ita
2742 1993 3068 2050 emendatus
3095 2037 3108 2058 ,
3139 1997 3295 2066 quasi
3325 2000 3507 2054 senio-

1907 2083 1980 2138 ris
1999 2084 2284 2155 enjusdam
2307 2086 2484 2140 :etatis
2505 2101 2691 2142 mores
2722 2086 3017 2142 induisset:
3040 2104 3176 2158 quas
3203 2091 3512 2146 clementia:

1911 2185 2037 2243 tuae,
2068 2177 2213 2246 quod
2245 2193 2367 2232 eum
2408 2179 2718 2235 non‘solum
2775 2195 2942 2252 regno
2993 2181 3358 2248 reddidisses;
3409 2184 3505 2239 sed

1902 2271 2092 2335 etiam,
2113 2270 2260 2341 quod
2285 2280 2370 2327 est
2389 2273 2646 2342 amplius,
2684 2274 3018 2330 instituisses
3047 2275 3170 2332 lidei
3201 2286 3256 2331 et
3287 2277 3508 2346 pietatis

1904 2376 2013 2420 tute
2057 2364 2409 2433 disciplinis?
2440 2365 2595 2424 Hunc
2641 2382 2774 2437 ergo
2820 2385 2926 2424 non
2959 2369 3201 2436 doleam,
3242 2373 3344 2425 aevi
3371 2374 3512 2426 inte-

1901 2475 2085 2529 grum,
2112 2468 2403 2530 antequam
2426 2468 2894 2518 sacramentorum
2915 2477 3037 2532 quae
3065 2464 3274 2535 1M3
3297 2463 3514 2526 deside-

1901 2553 2062 2617 ravit,
2087 2551 2482 2621 adipisceretur
2502 2553 2756 2622 gratiam,
2783 2555 3062 2622 repentina
3086 2558 3270 2612 obisse
3297 2560 3509 2614 morte?

1903 2643 2256 2714 Refrigerasti
2289 2644 2554 2709 animum,
2606 2644 2750 2712 quod
2777 2646 2941 2699 etiam
2990 2645 3105 2716 ipse
3145 2647 3398 2719 dignatus
3445 2664 3507 2704 es

1903 2736 2047 2793 I'erre
2093 2738 2463 2794 testimonium
2489 2753 2614 2792 meo
2643 2738 2844 2793 dolori.
2876 2738 2976 2804 Te,
3007 2739 3330 2810 Imperator.
3363 2743 3506 2798 arbi-

1871 2877 1874 2884 .
1901 2841 2045 2886 trum
2067 2838 2234 2886 teneo
2258 2831 2486 2886 allectus
2509 2833 2640 2896 mei,
2669 2841 2723 2884 te
2748 2845 2884 2886 meat
2904 2830 3104 2887 mentis
3130 2833 3504 2903 interpretem.

1972 2927 2024 2981 4.
2066 2925 2174 2982 Sed
2218 2925 2382 2980 ﬂendi
2433 2937 2675 2995 tempera
2727 2925 2863 2979 alias
2908 2939 3015 2980 non
3049 2925 3279 2981 deerunt
3313 2943 3325 2980 :
3359 2943 3504 2982 nunc

1902 3017 1970 3072 de
2000 3017 2282 3086 sepultura
2315 3017 2453 3088 ejus,
2502 3018 2762 3088 quoniam
2811 3017 3030 3086 scripsit
3073 3019 3362 3074 clementia
3411 3029 3501 3075 tua

1901 3111 1973 3166 ita
2005 3110 2092 3166 hic
2121 3107 2147 3146 ιι
2177 3109 2597 3180 procurandum.
2629 3108 2688 3166 Si
2715 3124 2908 3166 exsors
2952 3110 3177 3167 recessit
3207 3111 3504 3180 baptisma—

193 3211 329 3266 nihil
357 3210 503 3265 enim
557 3209 608 3262 in
654 3219 761 3263 tam
795 3209 1041 3263 tristibus
1090 3209 1255 3264 rebus
1306 3208 1498 3262 melius
1528 3209 1708 3262 facere
1736 3207 1787 3261 in
1819 3198 1864 3260 C
1897 3204 1988 3269 tis,
2019 3203 2148 3274 quid
2171 3204 2542 3274 cognoverim,
2570 3219 2711 3258 nunc
2743 3203 3004 3273 repressi.
3031 3205 3127 3259 Est
3150 3204 3240 3260 hic
3268 3207 3509 3278 porphy-

193 3303 430 3358 anirntrm
467 3301 807 3368 induxerant,
836 3317 998 3372 quam
1025 3302 1070 3355 si
1113 3301 1226 3356 ﬁeri
1255 3311 1465 3372 posset,
1499 3317 1587 3356 me
1617 3301 1791 3370 ipsqu

193 3396 415 3451 abdere.
451 3393 561 3451 Sed
589 3395 714 3464 quia
751 3395 801 3448 in
853 3410 1074 3450 secessu
1131 3395 1314 3464 aliquo
1363 3393 1689 3450 delitescere
1740 3403 1796 3450 et

193 3487 504 3544 sacerdotio
526 3487 678 3544 exire
705 3502 813 3542 non
837 3498 1108 3559 poteram,
1140 3489 1221 3541 vel
1253 3488 1474 3542 silentio
1519 3487 1660 3542 intra
1707 3501 1792 3542 me

197 3579 375 3636 lateba
387 3595 458 3634 m.

264 3675 320 3729 2.
365 3672 532 3730 Doleo
559 3674 729 3739 enim,
751 3673 950 3735 lateor.
982 3673 1175 3728 dolore
1201 3671 1400 3728 acerbo
1420 3713 1434 3735 ,
1465 3687 1572 3726 non
1613 3672 1790 3728 solum

193 3765 335 3836 quod
369 3765 658 3820 immatura
689 3774 851 3821 mtate
883 3765 1297 3820 Valentinianus
1321 3774 1580 3834 angustus
1599 3765 1785 3820 deces-

193 3861 358 3927 serit,
392 3861 490 3917 sed
532 3862 694 3916 etiam
726 3870 748 3898 ε
778 3859 919 3934 quod
961 3859 1288 3917 informatus
1321 3859 1448 3924 ﬁde,
1482 3874 1544 3913 ac
1575 3860 1680 3914 tuis
1709 3861 1792 3914 in-

193 3956 404 4012 stitutis
437 3965 640 4011 tantam
671 3955 1021 4011 devotiOttern
1055 3971 1184 4024 erga
1233 3954 1400 4009 Deum
1433 3963 1677 4009 nostrum
1711 3954 1793 4008 irt—

191 4050 409 4116 duerat,
468 4061 633 4120 atque
687 4058 838 4104 tanto
880 4049 1053 4103 inme
1101 4048 1419 4103 incubuerat
1467 4047 1682 4114 all’ectu,
1739 4056 1794 4101 ut

189 4160 352 4215 quem
377 4154 504 4198 ante
529 4144 980 4215 persequebatur,
1012 4157 1155 4196 nunc
1179 4140 1459 4212 diligeret:
1482 4155 1641 4208 quem
1667 4146 1792 4194 ante

193 4248 251 4294 ut
281 4237 652 4294 adversarium
687 4237 1006 4308 repellebat,
1061 4250 1204 4290 nunc
1259 4245 1312 4288 ιιι
1361 4241 1640 4305 parentem
1693 4249 1793 4304 pu-

194 4414 418 4458 rnunere
447 4408 669 4454 ornatus
710 4406 812 4452 est.
851 4395 1047 4454 Verum
1071 4411 1201 4451 eum
1248 4404 1471 4463 uterque
1518 4394 1570 4448 in
1602 4392 1787 4450 odium

191 4473 372 4562 ιιιιιιυι
415 4471 719 4562 incidisset,
772 4469 859 4524 hic
892 4467 1195 4562 .patrer‘ri'in
1243 4468 1496 4562 exsilium
1527 4467 1672 4562 pelli,
1728 4468 1782 4562 li:
1817 4503 1868 4562 D

193 4547 325 4602 lium
351 4559 479 4598 rem
507 4542 723 4612 capitali
751 4541 1014 4612 supplicio
1041 4541 1180 4596 allici
1229 4541 1460 4606 curavit,
1511 4547 1567 4592 ut
1595 4547 1780 4598 narrat

193 4617 445 4674 Zozimus
477 4616 549 4668 Iih
576 4630 647 4668 tv.

266 4700 290 4725 ἰ
327 4687 540 4742 Ulli-uite
567 4685 694 4740 edit.
742 4684 938 4756 l’aris.,
969 4683 1084 4756 plus
1107 4700 1217 4738 esse
1245 4683 1410 4756 erepit.
1437 4681 1590 4749 Quod
1621 4697 1786 4756 porro

193 4760 420 4816 Itulinus
447 4775 509 4813 ea:
551 4756 810 4826 magistro
839 4753 1140 4809 ofﬁciorum
1193 4755 1503 4826 przrfectus
1530 4753 1786 4826 pratnrio

192 4833 247 4888 iu
303 4831 588 4888 consulatu
648 4825 831 4884 Iactus
878 4827 1102 4892 dicitur,
1157 4826 1285 4881 hinc
1335 4825 1578 4893 intellige
1634 4825 1782 4877 illum

192 4903 448 4962 maximis
504 4901 716 4968 imperii
787 4899 1139 4969 dignitatibus
1203 4897 1537 4952 cumulatum
1574 4895 1781 4969 luisse.

192 4965 690 5043 Bullengerusplib.
725 4987 740 5025 ι
771 4965 1144 5043 ιΙεἸιιιυεηιι.
1178 4969 1363 5043 Rom,
1405 4982 1525 5034 cap.
1564 4965 1660 5043 18,
1679 4966 1788 5043 agit

191 5051 261 5102 de
285 5038 640 5108 (Smisulibus;
676 5044 770 5097 lib.
805 5058 821 5097 ι
851 5043 919 5096 de
968 5042 1202 5112 Imperio
1225 5040 1383 5112 Rom.
1426 5055 1551 5112 cap,
1598 5038 1686 5102 l3,
1718 5039 1786 5093 de

191 5119 450 5186 Magistro
480 5115 658 5178 Ollic.,
691 5127 744 5169 et
777 5114 868 5168 lib.
901 5129 980 5178 ιιι,
1013 5109 1135 5186 cap.
1161 5115 1223 5186 2.
1254 5112 1322 5166 de
1349 5109 1618 5186 Prtefecto
1647 5125 1788 5176 pra:-

191 5181 352 5245 torio.
388 5187 655 5243 Ctetermn
684 5195 760 5240 tot
791 5201 852 5240 ac
885 5197 991 5240 tam
1019 5181 1346 5252 multiplices
1376 5182 1498 5250 cjus
1527 5181 1784 5246 honores.

193 5261 484 5333 quominus
537 5258 832 5333 facinorum
889 5269 1356 5333 suorunrpmnas
1401 5255 1618 5333 .I-tlt-B-liei,
1679 5270 1784 5308 non

194 5325 610 5402 prohibuerunt.
638 5330 750 5396 Qua
775 5329 845 5384 de
887 5345 944 5384 re
973 5329 1058 5383 adi
1090 5325 1434 5396 Philaswrgii
1485 5325 1582 5380 lib.
1623 5340 1696 5391 xl,
1734 5334 1788 5379 et

192 5407 351 5460 alios.

267 5476 293 5514 ι’
327 5474 470 5531 Edit.
506 5473 684 5535 Ilom.,
715 5470 1024 5541 Congaudeo
1053 5472 1128 5526 uel
1157 5471 1258 5534 illi,
1288 5478 1389 5524 etc.

269 5561 289 5586 ε
324 5545 550 5601 Amerb.
589 5555 643 5598 et
693 5539 838 5598 mssI
881 5559 1048 5613 prope
1101 5542 1170 5598 ad
1213 5557 1399 5607 unum,
1427 5539 1595 5613 neptis
1658 5548 1784 5594 tum.

197 5620 334 5687 Quid
357 5619 421 5672 de
449 5617 554 5670 illis
585 5616 794 5687 sentias.
835 5616 950 5687 .S'ibi
979 5611 1278 5684 plurimum,
1310 5625 1417 5670 etc.
1462 5611 1568 5672 Sed
1599 5625 1784 5668 verum

191 5685 485 5748 lectionem
519 5685 777 5742 exhibent
799 5685 920 5746 alia:
952 5687 1084 5742 edit.

263 5761 287 5799 "
317 5763 532 5828 Scripta
555 5774 696 5812 antro
715 5756 840 5811 592.

269 5846 290 5870 υ
324 5833 419 5887 llis
447 5827 660 5883 mirum
693 5829 745 5882 in
777 5827 1000 5885 modum
1030 5829 1383 5895 conveniunt,
1413 5843 1535 5899 quae
1581 5829 1650 5882 ab
1694 5840 1786 5880 eo-

1899 3297 2129 3353 reticum
2161 3297 2371 3352 labrrrm
2401 3295 2856 3366 pulcherrimum,
2879 3305 2934 3356 et
2956 3297 3010 3352 in
3035 3311 3169 3352 usus
3196 3297 3504 3368 hujusmodi

1897 3391 2274 3462 aptissimum;
2309 3406 2432 3446 nam
2474 3399 2532 3446 et
2572 3389 2931 3447 llaximiamss
2969 3390 3292 3450 Diocletiani
3323 3393 3508 3449 socius

1899 3491 1972 3542 ita
2006 3485 2259 3540 humatus
2292 3493 2394 3540 est.
2441 3484 2578 3540 Sunt
2626 3485 2821 3540 tabulzc
2871 3485 3268 3558 porphyreticte
3306 3489 3508 3559 pretio-

1899 3580 2129 3635 sissimze
2155 3621 2168 3634 .
2202 3577 2215 3616 ί
2253 3578 2450 3649 quibus
2478 3578 2742 3636 vestiatur
2763 3578 3088 3649 operculum
3110 3622 3125 3647 ,
3156 3596 3264 3650 quo
3291 3582 3505 3653 regales

1899 3672 2118 3728 exuvias
2145 3671 2489 3728 claudantur.

1965 3766 2019 3821 5.
2063 3765 2177 3819 lInc
2204 3763 2380 3818 fuerat
2408 3773 2796 3833 praeparatum,
2843 3764 2936 3819 sed
2966 3767 3386 3836 exspectabatur
3415 3783 3502 3823 re-

1893 3857 2157 3928 scriptum
2182 3856 2488 3922 clementia:
2519 3867 2624 3911 tua:
2648 3876 2658 3910 :
2689 3858 2846 3927 cujus
2867 3861 3220 3932 perceptione
3247 3871 3503 3918 recreatae

1897 3964 2022 4006 sunt
2055 3961 2257 4007 sancta:
2279 3951 2404 4008 lilire
2435 3962 2563 4018 tum,
2593 3951 2690 4007 lilii
2717 3953 2792 4008 tui
2824 3954 2836 4003 t'
2868 3953 3233 4012 Valentiniani
3259 3973 3503 4027 sorores,

1895 4061 2017 4115 qu:e
2048 4059 2109 4100 se
2152 4044 2409 4114 gravibus
2447 4045 2696 4100 alliciunt
2737 4045 2942 4111 modis;
2978 4055 3031 4102 et
3059 4049 3294 4120 amplius
3323 4054 3508 4122 exagi-

1894 4139 2167 4203 tabantur,
2184 4138 2326 4210 quod
2343 4139 2433 4192 diu
2454 4139 2588 4194 nihil
2611 4140 2945 4196 scriberetur
2969 4142 3096 4198 sibi.
3121 4142 3275 4200 Unde
3304 4146 3373 4201 iis
3397 4163 3504 4203 non

1895 4249 2086 4305 parum
2117 4234 2349 4289 accessit
2381 4233 2585 4300 solatii,
2613 4233 2709 4291 sed
2736 4235 2864 4291 dum
2896 4236 3191 4295 inhumata:
3217 4249 3346 4297 sunt
3378 4241 3507 4298 reli«

1893 4394 2017 4470 dem
2047 4392 2709 4470 Atnbrosio‘dietmturin
2753 4395 2965 4470 funebri
2997 4399 3310 4458 laudatione
3340 4403 3500 4470 hujus

1897 4467 2064 4537 ipsius
2086 4466 2471 4531 Valentiniani,
2501 4467 2738 4523 maxime
2769 4469 2869 4523 sub
2889 4469 3048 4525 linem
3080 4473 3366 4529 orationis.
3392 4466 3499 4532 Ne-

1891 4555 1996 4608 que
2029 4540 2193 4592 etiam
2225 4539 2294 4592 ab
2329 4538 2413 4593 his
2443 4539 2862 4609 discrepantes,
2892 4557 3012 4608 quae
3036 4545 3497 4604 scribitTheodo-

1891 4611 2162 4689 reluslih.
2185 4627 2213 4662 v
2245 4611 2384 4689 lIist.
2410 4625 2528 4689 cap.
2681 4610 2793 4689 Nec
2821 4613 3158 4689 _non_S_uidas
3188 4618 3239 4672 in
3264 4618 3493 4689 Execrp.

1895 4681 1999 4736 Vit.
2036 4684 2243 4736 Caesar.
2281 4683 2371 4736 ubi
2399 4681 2466 4736 de
2490 4683 2708 4750 jurrior'e
2742 4682 3140 4742 Valentiniano.

1969 4751 1984 4789 ί
2022 4753 2078 4829 In
2108 4754 2302 4829 Galliis
2333 4767 2399 4829 ea
2431 4763 2755 4829 tempestate
2781 4754 3047 4811 llorebarrt
3075 4759 3315 4829 cpisc0pi
3374 4761 3498 4817 vita:

1891 4826 2254 4878 sanctimonia
2295 4826 2740 4887 etrtinentissimi.
2777 4835 2836 4881 ut
2868 4838 2992 4896 puta
3037 4826 3299 4886 Martinus
3320 4831 3497 4886 Turo-

1892 4898 2095 4959 nensis,
2133 4896 2428 4966 Delphinus
2460 4896 2903 4966 Burdegalensis,
2939 4898 3231 4956 Victricius
3281 4902 3492 4958 liotlro-

1891 4968 2188 5036 magensis,
2215 4965 2270 5022 et
2291 4965 2406 5021 alii.

1966 5048 1990 5084 ὅ
2021 5039 2410 5117 0rnrres_cdit_.,
2456 5040 2618 5117 magis
2647 5041 2881 5117 υἱινιιιιι;⁸
2901 5058 3091 5117 omnes
3121 5059 3278 5107 mss,
3327 5049 3492 5117 magis

1893 5119 2169 5163 mortuum.
2221 5111 2369 5164 llaud
2400 5113 2546 5168 malo
2589 5125 2786 5176 sensu;
2832 5112 2970 5168 idem
3003 5116 3148 5170 enim
3191 5125 3296 5181 cst,
3345 5111 3494 5173 ac'si

1889 5182 2103 5257 diceret
2136 5200 2148 5235 :
2181 5182 2275 5257 Illa
2302 5181 2483 5237 omnia
2516 5182 2784 5248 clliciunt,
2843 5195 2903 5237 ut
2929 5200 3052 5240 eum
3078 5186 3212 5241 mihi
3243 5200 3492 5257 ereptum

1893 5255 2064 5322 magis
2090 5256 2343 5308 sentiant.

1965 5322 1990 5360 ¹¹
2032 5325 2174 5380 Edit.
2213 5327 2618 5397 procurandum.
2667 5326 2774 5381 Sed
2800 5340 3071 5398 auara...
3106 5345 3210 5382 non
3240 5335 3493 5398 repressi;

1891 5410 2023 5452 mss.
2051 5408 2242 5453 contra
2271 5408 2330 5452 ut
2355 5398 2408 5452 in
2439 5408 2623 5461 textu;
2651 5398 2753 5452 nisi
2776 5399 2915 5464 quod
2942 5397 3082 5454 haud
3111 5402 3266 5469 pauci
3293 5397 3494 5460 habent

1892 5484 2013 5540 rum
2040 5469 2199 5533 edit.,
2233 5486 2336 5523 non
2363 5471 2606 5540 repressi.

1973 5539 1997 5616 i_
2021 5540 2097 5595 Ita
2128 5540 2372 5616 plerique
2395 5539 2552 5606 mss;
2585 5540 2717 5616 edit.
2747 5553 2876 5616 vero
2897 5548 2954 5616 et
2971 5541 3064 5616 alii
3085 5543 3303 5616 quidam
3334 5563 3491 5616 mss.,

1889 5613 2075 5680 quibus
2107 5609 2414 5666 vestiebatur
2441 5611 2763 5677 aperculum,
2798 5609 2935 5665 labri
2965 5609 3241 5674 videlicet.

1967 5683 1980 5731 t'
2028 5681 2176 5740 Justa
2206 5693 2261 5738 et
2286 5681 2452 5738 Grata
2483 5680 2848 5738 Valentiniani
2873 5682 3036 5754 hujus
3061 5701 3278 5745 sorones
3296 5691 3356 5748 in
3385 5693 3494 5747 vir-

1891 5753 2116 5824 ginitate
2149 5763 2585 5824 perseverarunt.
