3932 6296
481 239 617 297 illi?

1816 233 2058 292 SANCTI
2100 232 2425 292 AMBllOSll

477 358 620 429 quia:
648 400 662 421 ,
712 372 1058 430 nequaquam
1098 357 1204 414 sibi
1228 364 1490 429 parcunt;
1521 353 1769 411 videntur
1802 353 1948 410 enim
1978 353 2080 410 sibi
2108 357 2157 416 Λ
2258 354 2406 408 illum
2442 355 2729 425 profectam
2754 367 2864 408 esse
2889 367 3312 415 commemorans.
3342 354 3474 406 duos
3504 350 3742 408 Faustinus

478 450 728 523 germani
754 451 836 507 sui
887 450 1266 522 quotidianum
1316 448 1474 504 funus
1517 455 1726 503 tenere.
1757 446 1825 502 Et
1866 462 1927 502 re
1958 461 2082 502 vera

477 560 604 600 cum
653 544 776 599 sine
823 543 950 599 ﬁetu
1000 558 1196 614 magno
1249 557 1312 598 ac
1338 543 1459 597 sine
1500 539 1694 597 dolore
1726 540 1880 612 gravi
1927 555 2084 595 num-

481 652 645 708 quam
662 636 800 702 sint;
826 643 1010 691 tamen
1026 634 1474 705 quotiescumque
1494 646 1564 688 eo
1585 631 1875 697 accedunt,
1889 646 2082 688 exsan-

480 742 617 801 gues
647 734 1019 783 revertuntur.
1052 724 1121 781 Et
1148 725 1283 796 ipsis
1308 724 1474 797 igitur
1504 723 1847 791 consuletur,
1878 734 1934 782 et
1954 723 2084 781 cha-

483 820 718 877 rissimis
744 820 988 887 exuviis,
1016 820 1062 875 si
1089 818 1431 875 acceleretur
1456 819 1759 890 sepultura,
1791 834 1863 875 ne
1896 819 2085 875 aestivo

480 913 699 984 penitus
737 913 1020 969 solvantur
1060 911 1276 975 calore;
1306 909 1398 967 vix
1427 911 1573 968 enim
1610 911 1953 983 superiorem
1983 926 2086 968 tes-

484 1015 652 1063 tatem
678 1004 1064 1077 transegimus.

550 1100 606 1157 6.
647 1098 963 1156 Mandatum
994 1109 1149 1155 tuum
1179 1110 1344 1155 servo
1388 1108 1445 1156 et
1472 1097 1800 1156 commendo
1827 1096 2080 1155 Domino.

485 1194 687 1265 Diligat
714 1202 768 1251 te
792 1192 1075 1260 Dominus,
1107 1194 1232 1265 quia
1265 1201 1324 1249 tu
1349 1193 1567 1250 Domini
1592 1207 1782 1250 servos
1806 1193 2011 1265 diligis.

999 1298 1027 1326 ιι
1066 1286 1411 1346 EPISTOLA
1446 1284 1581 1344 LIV.

481 1384 770 1441 Remissam
794 1381 1086 1456 apparitori
1109 1380 1385 1450 olfensam,
1406 1396 1497 1437 nec
1518 1396 1621 1436 non
1642 1379 1885 1437 Faustini
1907 1380 2085 1437 tussim

796 1475 1241 1533 recrudescentem
1285 1473 1513 1532 Eusebio
1541 1475 1762 1531 nuntiat.

952 1569 1256 1627 Aunnostus
1293 1568 1323 1609 ι’
1364 1568 1623 1628 Ευειιιιο.

552 1666 603 1722 l.
644 1666 940 1738 Apparitor
986 1675 1010 1703 ο
1059 1663 1430 1735 praefecturae,
1478 1663 1571 1735 qui
1618 1670 1845 1734 propter
1888 1676 2085 1732 operas

2258 446 2659 501 accommodatis
2688 446 2904 517 familiis
2931 444 3138 501 Νοτιώί
3163 445 3600 501 benedictionibus
3622 462 3743 501 mr-

2260 551 2379 608 nat;
2409 550 2458 597 et
2485 541 2734 597 salutanti
2768 539 3130 597 Valentiniano
3167 541 3421 596 Chanaan
3462 550 3512 596 et
3540 538 3743 596 Ναὸν-οι

2259 650 2507 706 personas
2531 643 2697 706 aptat.

2652 728 2958 784 Auusostos
2996 724 3025 764 ιι
3066 727 3317 785 Ευεειιιο.

2264 823 2314 877 1.
2358 821 2650 879 Faustinus
2702 831 2934 895 uterque
2998 821 3095 877 tibi
3154 820 3405 878 redditus
3457 830 3583 886 est,
3626 822 3749 877 nol‘s

2188 923 2479 987 utrumque
2525 914 2872 971 Ambrosium
2921 915 3117 986 pignus
3164 913 3395 971 resedit.
3449 914 3570 985 Ipse
3617 914 3750 970 babes

2189 1008 2333 1079 quod
2365 1009 2596 1079 primum
2627 1008 2682 1065 in
2730 1018 2907 1080 patre,
2936 1017 2993 1066 et
3019 1006 3164 1079 quod
3205 1006 3655 1078 iucundissimum
3688 1018 3751 1062 est

2188 1100 2246 1158 in
2265 1101 2378 1158 ﬁlio
2404 1102 2646 1169 minore;
2671 1102 2798 1175 quia
2825 1109 2884 1159 et
2909 1101 3129 1158 virtutis
3155 1100 3370 1171 apicem
3399 1106 3578 1167 tenes,
3602 1108 3656 1155 et
3679 1100 3754 1155 bu-

2189 1194 2436 1251 militatis
2470 1194 2699 1253 exhibes
2742 1195 3017 1267 gratiam:
3045 1208 3147 1250 nos
3179 1180 3326 1265 quod
3367 1192 3606 1250 medium
3642 1194 3754 1249 inter

2191 1296 2399 1358 patrem
2442 1298 2499 1345 et
2543 1288 2826 1359 juniorem
2868 1288 3060 1345 ﬁlium.
3114 1287 3323 1346 Tecum
3370 1301 3588 1344 summa
3624 1288 3753 1342 tutius

2189 1378 2407 1446 domus,
2460 1377 2475 1418 ί
2525 1388 2583 1437 et
2629 1380 2936 1451 perpetuati
2980 1378 3231 1436 vocabuli
3271 1378 3422 1449 jugis
3471 1377 3751 1434 successio:

2191 1471 2338 1543 apud
2367 1486 2468 1529 nos
2497 1487 2658 1543 parca
2687 1471 3057 1539 mediocritas,
3087 1486 3210 1542 qua:
3238 1481 3295 1528 et
3323 1470 3396 1527 de
3417 1485 3628 1527 summo
3651 1485 3755 1541 με

2189 1564 2339 1629 deat,
2383 1571 2441 1620 et
2488 1560 2544 1619 in
2593 1562 2901 1635 posteriore
2936 1562 3216 1619 subsistat.
3265 1562 3477 1620 Tecum
3502 1563 3660 1635 igitur
3690 1578 3753 1618 re-

2188 1658 2346 1729 quies
2374 1657 2671 1728 utriusque
2692 1666 2973 1724 nostrum,
3019 1672 3145 1728 quae
3187 1672 3316 1714 cum
3363 1656 3598 1715 invicem
3634 1657 3756 1713 nobis

477 1760 811 1818 Portuenses
838 1757 1103 1815 oﬁ‘ensam
1130 1766 1523 1823 contraxerat,
1551 1754 1664 1826 jam
1696 1756 1749 1811 in
1792 1764 1951 1826 portu
1983 1771 2083 1811 na-
2116 1764 2165 1825 Β
2190 1750 2520 1818 refunditur,
2564 1765 2784 1807 omnem
2826 1749 2994 1806 animi
3033 1750 3302 1822 abstergit
3341 1750 3755 1807 sollicitudinem.

473 1853 640 1925 vigat.
686 1849 1004 1923 Opportune
1048 1859 1232 1906 autem
1286 1848 1537 1914 advenit;
1587 1862 1715 1904 nam
1753 1848 1916 1903 simul
1958 1844 1985 1885 ἀ
2027 1857 2087 1904 ut

481 1948 667 2018 accepi
696 1946 910 2003 litteras
940 1955 1082 2012 tuas,
1108 1944 1223 2001 vidi
1254 1944 1603 2015 prmiectum,
1624 1944 1806 2015 rogavi
1852 1958 1953 2015 pro
1977 1958 2044 1999 eo
2070 1962 2082 1998 :

477 2042 687 2115 ignovit
713 2039 893 2108 illico,
922 2040 1087 2112 jussit
1115 2038 1320 2095 retrahi
1358 2038 1646 2109 epistolam
1668 2080 1684 2105 ,
1718 2052 1878 2109 quam
1904 2037 1974 2094 de
2002 2036 2083 2093 l‘a-

473 2134 775 2193 cultatibus
804 2134 923 2206 ejus
951 2131 1295 2206 publicandis
1336 2132 1660 2189 dictaverat.
1694 2132 1850 2201 Quod
1893 2132 1940 2188 si
1975 2140 2085 2187 tar-

472 2231 597 2287 dius
625 2230 873 2289 venisset
895 2271 912 2295 ,
961 2244 1126 2286 nemo
1176 2228 1351 2299 magis
1381 2227 1670 2299 probasset
1707 2227 2085 2298 inexplicabile

472 2325 611 2382 illud
637 2339 780 2397 opus
808 2338 931 2381 esse
962 2332 1150 2395 portus
1176 2320 1559 2391 rel'ormandi‘,
1607 2336 1769 2392 quam
1814 2320 1918 2376 iste
1944 2362 1958 2387 ,
1989 2320 2085 2393 qui

482 2415 698 2489 1005.
740 2415 851 2472 illic
900 2412 1242 2486 naufragium
1289 2412 1532 2478 fecerat,
1565 2412 1670 2469 nisi
1719 2420 1774 2469 te
1802 2411 2085 2469 habuisset

476 2508 936 2579 gubernatorem;
980 2518 1038 2563 ut
1060 2506 1220 2563 aliter
1249 2521 1356 2563 non
1394 2490 1581 2577 posset
1620 2504 1746 2563 inde
1773 2505 1876 2562 nisi
1905 2505 2083 2563 nudus

476 2616 657 2659 extre.

546 2696 605 2752 2.
645 2695 939 2752 Faustinus
969 2695 1225 2767 parvulus
1254 2695 1389 2751 tussi
1420 2694 1655 2762 laborat,
1682 2704 1706 2732 ο
1739 2693 1807 2749 ad
1836 2703 2080 2750 sanctam

472 2802 726 2846 sororem
755 2794 1004 2844 curatum
1040 2788 1215 2854 venit,
1268 2796 1326 2843 et
1372 2787 1520 2843 venit
1567 2795 1787 2858 sponte;
1819 2794 2082 2859 expertus

474 2882 622 2939 enim
664 2892 750 2937 est
795 2880 991 2937 melius
1033 2880 1137 2937 sibi
1182 2888 1431 2937 ventrem
1460 2881 1665 2936 curari.
1700 2878 1719 2918 ί
1755 2880 1998 2951 Denique
2026 2887 2084 2936 et

474 2990 565 3031 me
594 2972 867 3030 medicum
899 2981 1089 3043 putat,
1123 2980 1409 3044 exspectat
1435 2972 1742 3043 prandium.
1776 2972 1963 3043 Itaque
1991 2971 2083 3030 bic

472 3069 560 3125 bis
589 3067 658 3124 ad
682 3068 828 3125 diem
859 3074 1108 3134 curatur,
1132 3076 1187 3123 et
1210 3075 1455 3138 coeperat
1478 3066 1711 3139 pulchre
1731 3066 1953 3124 valere:
1981 3067 2079 3124 sed

2188 1844 2393 1902 Tecum
2428 1844 2477 1900 is
2504 1844 2599 1916 qui
2631 1853 2687 1901 et
2712 1844 2958 1900 moribus
2984 1853 3042 1901 et
3066 1843 3334 1915 operibus
3372 1844 3492 1900 suis
3522 1855 3580 1901 et
3605 1843 3757 1901 sobole

2190 1939 2282 1996 tali
2310 1939 2518 1996 invenit
2545 1939 2773 2010 gratiam
2801 1938 2947 2010 apud
2973 1938 3262 1995 Dominum
3290 1950 3565 1994 nostrum.
3593 1937 3755 1993 Τεα-

2186 2033 2235 2089 is
2263 2035 2355 2104 qui
2385 2033 2531 2089 inter
2559 2030 2750 2088 mundi
2781 2031 2941 2103 hujus
2964 2030 3233 2102 procellas
3261 2030 3597 2103 ispiritalem
3621 2030 3758 2084 nutri-

2187 2124 2627 2197 vitjcolumbam,
2670 2139 2795 2197 quae
2843 2125 2896 2182 ei
2940 2122 3153 2181 fructus
3195 2123 3391 2181 aﬁ‘erat
3442 2122 3593 2195 pacis
3630 2121 3751 2194 (Cea.

2186 2234 2302 2286 vtu,
2331 2219 2392 2274 ll
2426 2220 2489 2274 ‘et
2519 2217 2676 2290 δρψ),
2711 2226 2871 2275 uncta
2919 2217 3068 2274 olivo
3109 2217 3467 2290 integritatis.
3507 2218 3694 2274 Tecum
3724 2219 3757 2273 is

2184 2312 2277 2384 qui
2325 2310 2620 2367 aediﬁcavit
2665 2326 2815 2367 aram
2866 2310 3009 2378 Deo,
3041 2325 3204 2383 quem
3244 2310 3534 2368 benedixit
3572 2310 3759 2366 Diuset

2187 2404 2329 2461 ﬁlios
2352 2404 2472 2476 ejus
2495 2445 2510 2471 ,
2538 2404 2730 2461 dicens
2756 2422 2769 2460 :
2804 2403 3028 2462 Crescite
3049 2445 3064 2472 ,
3094 2414 3143 2460 et
3171 2404 3601 2474 multiplicamini
3630 2403 3757 2478 (Gen.

2182 2514 2259 2567 tx,
2291 2497 2382 2572 9).;
2409 2514 2674 2581 cumquo
2702 2507 3094 2557 testamentum
3138 2499 3288 2570 pacis
3334 2499 3532 2555 statuit
3556 2513 3688 2566 sua;
3715 2507 3760 2555 ut

2181 2592 2253 2649 sit
2281 2593 2332 2649 ei
2362 2600 2420 2650 et
2445 2592 2572 2648 ﬁliis
2597 2593 2714 2663 ejus
2742 2593 2797 2649 in
2830 2594 3146 2665 progeniem
3172 2603 3466 2651 eternam.

2251 2684 2310 2740 ‘2.
2351 2684 2531 2742 Habes
2577 2684 2742 2759 igitur
2787 2684 3061 2743 haeredem
3108 2686 3313 2742 divina:
3354 2685 3757 2755 benedictionis,

2180 2788 2490 2838 consortem
2520 2781 2742 2852 gratiae,
2799 2779 2825 2818 ιι
2850 2780 3171 2853 participem
3191 2780 3454 2852 justitim.
3500 2782 3607 2840 Sed
3630 2782 3756 2847 vide,

2180 2891 2389 2949 quaeso,
2421 2892 2490 2932 ne
2517 2876 2623 2935 iste
2650 2885 2842 2935 noster
2867 2875 2983 2934 Noe
3012 2877 3277 2949 agricola,
3308 2878 3495 2935 bonus
3518 2878 3759 2951 plautator

2177 2970 2374 3027 feracis
2403 2971 2576 3028 vincte
2603 3013 2619 3038 ,
2651 2986 2776 3028 cum
2813 2968 2981 3028 fuerit
3007 2971 3211 3027 amoris
3264 2972 3485 3047 ιωε
3523 2982 3580 3030 et
3604 2972 3759 3044 grati:

2152 3075 2287 3124 etuze
2329 3066 2635 3124 inebriatus
2666 3067 2895 3139 poculo,
2925 3076 3198 3139 tamquam
3225 3068 3553 3138 crapulatus
3577 3083 3606 3123 a
3625 3066 3757 3132 vino,

473 3162 604 3219 dum
630 3177 756 3219 eum
787 3162 958 3217 nimio
982 3175 1170 3218 amore
1196 3159 1474 3218 abstinere
1500 3162 1759 3233 gestiunt,
1789 3162 1988 3219 tussire
2013 3161 2082 3221 de
2109 3175 2156 3240 ρ
2185 3160 2392 3219 diutius
2420 3162 2590 3234 quieti
2619 3160 2897 3234 indulgeat
2923 3180 2937 3217 :
2966 3176 3031 3218 ac
3053 3161 3101 3218 si
3126 3160 3269 3218 forte
3296 3161 3665 3227 indormierit.
3686 3177 3762 3219 ex-

475 3267 668 3314 ventre
698 3256 819 3327 plus
847 3256 1046 3327 coepit;
1069 3263 1126 3311 et
1150 3255 1423 3313 laborabit
1450 3255 1649 3324 adhuc,
1673 3257 1775 3313 nisi
1806 3256 1874 3312 ad
1903 3257 2077 3315 medi-

474 3361 726 3408 camenta
756 3364 859 3406 sua
899 3358 1235 3407 revertatur.
1264 3349 1400 3409 Vale
1425 3392 1441 3421 ,
1483 3359 1539 3408 et
1575 3367 1675 3409 nos
1723 3352 1920 3425 dilige;
1950 3354 2074 3426 quia

477 3458 578 3500 nos
607 3451 663 3501 te
690 3442 985 3515 diligimus.

999 3545 1024 3584 ες
1071 3535 1410 3595 EPISTOLA
1448 3538 1558 3594 LV.

478 3628 693 3687 Eusestt
719 3627 948 3684 sobolem
971 3629 1163 3699 partim
1188 3630 1332 3700 apud
1353 3646 1409 3686 se
1432 3632 1762 3699 remansisse,
1793 3633 1985 3700 partim
2007 3633 2076 3688 ad

546 3796 573 3824 τι
612 3785 826 3855 Scripta
852 3784 995 3839 circa
1020 3798 1223 3839 annum
1251 3783 1379 3840 392.

549 3857 579 3895 ι)
603 3856 821 3931 Eusebii
844 3855 1202 3931 Bononiensis
1224 3856 1466 3931 episcopi
1482 3856 1753 3931 memoria
1776 3857 1830 3913 in
1852 3855 2076 3931 Martyr.

480 3930 640 3987 Rom.
665 3928 885 3999 ponitur
909 3942 963 3982 vt
991 3925 1107 4001 ltal.
1126 3925 1587 4001 Octobres—Idem
1631 3930 1684 3984 in
1711 3927 1893 4001 Aquil.
1915 3925 2074 3987 conc.

479 3998 817 4058 memoratur
861 4014 982 4070 pag.
1016 4000 1141 4065 80l,
1192 3998 1284 4053 ubi
1312 4015 1415 4056 nos
1454 4000 1621 4056 alium
1665 3998 1978 4057 non'videri
2008 4001 2109 4057 ab,

477 4090 568 4140 eo,
597 4088 759 4145 quem
785 4069 1118 4145 Ambrosius
1145 4069 1300 4145 initio
1332 4072 1425 4127 lib.
1454 4072 1523 4145 de
1564 4072 1741 4145 lnstit.
1772 4071 1924 4144 Virg.
1963 4073 2080 4129 lau-

476 4146 589 4215 dat,
616 4140 1051 4215 submonuimus.
1085 4140 1194 4215 Sed
1223 4141 1397 4209 illum,
1426 4143 1493 4215 ad
1524 4160 1685 4214 quem
1719 4143 1837 4200 haec
1871 4140 1923 4200 et
1948 4145 2076 4202 sub—

475 4212 707 4286 sequens
734 4214 967 4286 epistola
991 4212 1363 4286 destinantur,
1385 4214 1454 4269 ab
1472 4212 1932 4273 eo‘existimamus
1953 4232 2075 4273 esse

478 4284 781 4353 diversum,
807 4295 866 4340 nt
892 4284 1097 4341 dictum
1127 4292 1211 4340 est
1247 4284 1302 4339 in
1332 4285 1569 4343 Admon.
1597 4288 1663 4342 ad
1706 4287 1801 4343 lib.
1829 4287 1899 4345 de
1938 4290 2071 4344 Inst.

475 4359 629 4427 Virg.
662 4356 817 4424 Quod
849 4370 980 4427 ergo
1004 4357 1059 4411 in
1090 4370 1222 4411 mss.
1246 4356 1453 4427 aliquot
1504 4367 1561 4415 et
1585 4359 1715 4415 edit.
1742 4359 1794 4413 in
1823 4359 2077 4417 lemmate

478 4427 737 4484 scribitur
768 4427 987 4483 Eusebio
1017 4428 1259 4497 episcopo
1279 4468 1295 4495 ,
1330 4427 1382 4483 id
1410 4430 1583 4485 errori
1623 4445 1813 4485 eorum
1845 4432 2076 4487 ascribi-

481 4515 624 4567 ntus,
655 4499 748 4569 qui
778 4514 847 4555 ex
876 4506 1106 4568 utroque
1135 4497 1374 4554 Eusebio
1417 4515 1586 4557 unum
1618 4500 1885 4558 fecerunt.
1917 4502 2077 4560 Certe

478 4572 535 4627 in
564 4568 827 4642 sequente
855 4570 1082 4642 epistola
1112 4568 1404 4642 episcopus
1434 4586 1542 4627 non
1573 4572 1858 4638 salutatur.
1891 4590 1993 4631 nec
2022 4576 2075 4631 in

479 4640 907 4716 ambai-umline
943 4650 1168 4716 vocatur
1197 4640 1383 4709 frater,
1411 4658 1520 4715 quo
1545 4643 1767 4700 nomine
1793 4646 2078 4716 episcopos

481 4714 689 4785 alloqui
712 4714 852 4770 solet
874 4712 1217 4769 Ambrosius.

555 4799 578 4826 ο
619 4786 933 4868 Apparitor,
979 4800 1286 4869 apparere,
1317 4788 1711 4869 et_apparitu_tn
1756 4786 1884 4860 quid
1928 4790 2073 4869 sint,

479 4856 753 4931 quamque
797 4857 930 4931 varii
978 4856 1136 4931 hujus
1185 4856 1835 4931 nominis'ol‘llcialesfet
1880 4862 2078 4929 quibus

479 4928 608 5002 tjlim
664 4928 947 5002 paruerint
998 4928 1443 5002 magistratibus,
1493 4930 1785 5002 diligenter
1839 4928 2081 5002 explicat

477 4998 817 5076 Buleng'erus
855 4999 952 5076 lib.
995 5014 1047 5053 v1
1090 4998 1159 5076 de
1198 4998 1335 5076 Imp.
1361 5001 1518 5076 Rom.
1550 4998 1670 5073 cap.
1703 5003 1792 5058 l7.
1823 4998 2079 5076 Idemque

480 5073 552 5129 de
575 5069 973 5144 apparitoribus
1003 5069 1245 5140 prmlecti
1278 5074 1556 5144 praetorio,
1586 5069 1843 5142 e'quibus
1863 5069 2073 5142 eratis,

479 5146 551 5200 de
576 5142 697 5218 quo
730 5145 829 5218 hic
860 5143 1059 5218 agitur,
1102 5142 1360 5218 nonnulla
1397 5143 1590 5199 refert.
1631 5145 1870 5204 Adverte
1914 5163 2077 5218 porro

478 5211 644 5287 quam
688 5215 868 5289 lepide
903 5211 1431 5289 ludatAnthrosius
1467 5226 1655 5272 noster
1683 5218 1735 5273 in
1777 5211 2077 5289 proverbiis

478 5283 513 5360 εξ
542 5298 704 5356 portu
726 5283 1004 5352 derivatis,
1038 5283 1295 5360 nimirum
1317 5283 1791 5360 accommodanda
1817 5305 2080 5360 reparan-

477 5355 671 5433 dorum
717 5366 967 5433 portuum
1000 5355 1330 5433 redemptori
1362 5358 1459 5412 itas
1481 5362 1811 5433 ‘parmmias.
1842 5355 1896 5415 in
1923 5373 2077 5433 portu

476 5428 739 5502 navigare,
766 5439 832 5502 et
842 5428 897 5483 in
924 5436 1083 5502 portu»
1100 5428 1384 5502 impingere
1408 5429 1495 5485 vel
1518 5432 1856 5502 naufragium
1883 5428 2074 5502 facere,

477 5498 545 5555 de
573 5498 769 5572 quibus
795 5498 952 5555 Eras.
979 5499 1111 5554 ehil.
1147 5498 1201 5566 ‘l,
1229 5498 1375 5556 cent.
1402 5502 1429 5556 1
1463 5498 1736 5573 αὐθείιϐζ
1761 5514 1817 5559 et
1855 5498 1987 5560 c'bil.
2018 5498 2073 5575 l,

477 5581 621 5627 cent.
658 5573 712 5629 5.
741 5571 896 5629 adatt.
927 5570 1021 5627 76.

476 5581 621 5627 cent.
658 5581 712 5627 5.
741 5581 896 5627 ωδε.
927 5581 1021 5627 76.

545 5585 621 5627 nt.
658 5585 712 5639 5,
741 5585 896 5641 auag.
927 5585 1021 5627 vo.

545 5639 866 5719 d__Qu_:edam
910 5641 1040 5696 edit.
1088 5640 1368 5719 exhibent,
1418 5653 1472 5700 ut
1516 5646 1809 5719 σαυρίδα..
1827 5649 1966 5719 jussi
1990 5666 2071 5706 re-

473 5710 632 5764 trahi.
662 5713 920 5766 Neutrum
943 5712 1212 5781 apposite.

474 5838 475 5841 η
550 5790 573 5819 ο
612 5780 694 5837 Ad
741 5780 1272 5857 sanctam’sororem,
1324 5786 1380 5846 id
1430 5799 1537 5861 est,
1590 5790 2063 5851 sanctimonialem

2180 3257 2314 3315 citet
2338 3272 2462 3314 eum
2490 3257 2620 3314 Sem
2651 3256 2825 3314 nostri
2855 3256 3213 3314 desiderium.

2253 3355 2310 3409 5.
2352 3352 2454 3410 Est
2481 3363 2539 3410 et
2567 3353 2639 3409 ibi
2666 3352 2863 3424 Japhet
2903 3352 3092 3423 junior
3119 3367 3188 3408 ex
3235 3352 3502 3408 iratribus
3525 3349 3675 3423 (Gen.
3699 3365 3757 3411 ιι,

2053 3488 2065 3502 .
2180 3445 2301 3518 εδ).
2350 3446 2443 3518 qui
2486 3446 2708 3518 pietatis
2750 3445 3061 3504 reverentia
3101 3454 3310 3517 patrem
3363 3445 3591 3511 induat,
3628 3457 3759 3517 queis

2184 3548 2344 3612 pater
2371 3549 2424 3596 et
2468 3540 2751 3597 demicus
2792 3539 2997 3609 videat,
3029 3555 3131 3597 nec
3156 3554 3415 3612 umquam
3461 3540 3534 3597 de
3575 3549 3763 3612 pectore

2186 3633 2427 3690 dimittat
2449 3648 2569 3702 suo,
2599 3634 2734 3706 quin
2759 3648 2980 3706 semper
3005 3634 3182 3692 oculis
3200 3642 3258 3692 et
3276 3635 3570 3709 complexu
3593 3641 3760 3699 teneat,

2185 3788 2486 3859 virginem;
2516 3804 2624 3861 qua
2648 3788 2717 3846 de
2740 3804 2800 3847 re
2826 3789 3041 3846 dicetur
3068 3804 3187 3861 seq.
3217 3790 3382 3859 epist.
3410 3836 3413 3839 η

2321 3860 2526 3917 Omnes
2551 3876 2710 3945 ms_s.,
2742 3871 2790 3917 et
2819 3861 3075 3923 medicum
3103 3871 3295 3933 putat;
3322 3862 3423 3933 sed
3456 3864 3514 3919 in
3542 3864 3763 3919 omnibus

2184 3931 2317 3988 edit.
2354 3950 2434 3988 me
2459 3934 2748 4004 reperitur.

2255 4014 2280 4075 β
2320 4004 2534 4075 Scripta
2563 4005 2709 4061 circa
2734 4021 2935 4061 annum
2964 4005 3093 4062 592.

2252 4073 2279 4113 ιι
2318 4073 2555 4151 Νρηέει
2596 4077 2827 4151 dubium,
2849 4080 2978 4149 quin
3009 4077 3098 4135 bic
3137 4078 3414 4136 Eusebius
3455 4079 3601 4138 idem
3632 4079 3764 4151 plane

2180 4147 2272 4223 s_it.
2321 4147 2962 4223 ad_qu_em_inscribitur
3013 4151 3265 4223 superior
3314 4152 3588 4223 epistola,
3633 4147 3765 4222 pater

2180 4218 2425 4293 Faustini
2458 4218 2716 4293 alterius,
2760 4219 2880 4291 ejus
2907 4236 3039 4278 vero
3080 4218 3172 4293 qui
3202 4218 3762 4281 tussi'laborane'nun-

2181 4291 2345 4367 tiatus
2366 4301 2473 4357 est,
2496 4305 2649 4348 avus.
2666 4291 2978 4367 imumque
2997 4291 3181 4367 autem
3210 4295 3299 4350 hic
3322 4296 3602 4367 designari
3626 4308 3763 4351 nem

2178 4361 2394 4419 dubitet
2416 4381 2429 4417 :
2450 4378 2640 4419 verum
2665 4363 2808 4419 haud
2831 4361 3175 4422 mediocriter
3193 4370 3400 4422 erravit
3424 4361 3490 4423 β.
3522 4367 3760 4431 Nannius,

2180 4432 2308 4511 dum
2342 4433 2669 4511 Ambrosium
2699 4436 2889 4507 pignus
2930 4437 3018 4511 ita!
3051 4436 3312 4511 exponit,
3360 4439 3520 4511 quasi
3558 4441 3763 4509 ipsemet

2181 4505 2908 4583 A_mbrosius_nos_tc'r'eum
2950 4509 3060 4583 alio
3106 4505 3426 4574 Ambrosio,
3488 4505 3641 4583 patre
3678 4522 3761 4583 suo

2103 4614 2156 4676 Β
2181 4576 2459 4676 nimirum,
2490 4577 2854 4676 signiﬁceturz
2882 4580 3297 4676 Atqui.certun.t
3335 4593 3421 4638 est
3451 4576 3560 4667 non
3590 4584 3686 4638 nisi

2186 4650 2683 4726 Ambrosiopuero
2696 4659 2779 4726 _et
2821 4650 3122 4726 Ambit-asia;
3149 4653 3382 4726 virgine,
3416 4655 3588 4726 cujus
3612 4654 3760 4726 gratia

2186 4720 2325 4793 liber
2366 4722 2435 4778 de
2487 4720 2662 4777 Instit.
2696 4722 2846 4793 Virg.
2880 4723 3062 4778 editus
3104 4720 3369 4792 luitfltoc
3395 4720 3759 4782 dictttm'esse.

2187 4791 2332 4848 Idem
2368 4794 2534 4869 etiam
2567 4808 2677 4869 non
2708 4791 2865 4869 aliter
2890 4793 3287 4869 hallucinatur,
3306 4796 3437 4869 dum
3464 4806 3758 4869 sequentem

2184 4865 2512 4939 sententiam
2563 4864 2788 4935 perinde
2834 4867 3047 4939 accipit,
3095 4882 3160 4923 ac
3191 4866 3237 4922 si
3275 4867 3374 4924 Vir
3422 4864 3641 4925 sanctus
3681 4883 3761 4937 per

2185 4938 2427 5009 vocesiin
2452 4946 2600 5006 patre
2632 4946 2842 5008 patrem
2887 4938 3045 4994 suum
3090 4940 3439 4995 Ambrosium
3465 4982 3483 5006 ,
3516 4951 3570 4997 et
3600 4956 3688 5009 per
3710 4940 3758 4996 τὸ

2185 5008 2239 5061 in
2286 5008 2395 5077 ﬁlio
2436 5009 2634 5063 minore
2679 5009 3027 5067 Parthenium
3054 5011 3278 5067 fratrem
3307 5026 3467 5067 suum
3516 5008 3756 5068 minorere

2186 5078 2537 5141 intelligeret.
2563 5080 2668 5136 Sed
2697 5082 2820 5141 quis
2843 5083 3076 5138 somniet
3113 5080 3389 5139 Ambrosii
3420 5086 3593 5141 nostri
3617 5097 3757 5139 avum

2179 5149 2349 5206 fuisse
2372 5149 2524 5209 hunc
2571 5149 2889 5210 Eusebium.
2947 5154 3076 5210 limo
3120 5155 3300 5225 apium
3328 5166 3460 5211 sunt
3503 5171 3569 5213 ac
3613 5168 3759 5212 mera

2180 5236 2509 5382 n‘u'gméodex
2547 5295 2768 5382 Vind,
2793 5308 3115 5382 etperpetua
3139 5298 3411 5382 vocabuli;
3432 5300 3566 5356 edit.
3594 5299 3754 5382 Roma

2181 5374 2228 5421 et
2251 5368 2581 5442 perpetuitati
2622 5368 2907 5424 uocabuli:
2939 5368 3132 5427 melius
3157 5371 3354 5442 reliqui
3386 5387 3523 5429 mss.
3553 5388 3617 5429 ac
3641 5371 3753 5429 edit.

2182 5446 2238 5493 ut
2271 5440 2324 5493 in
2354 5449 2526 5495 textu.

2258 5509 2273 5560 i
2322 5510 2959 5585 ambrosiamintellige,
3000 5512 3071 5570 de
3099 5528 3205 5585 qua
3232 5514 3288 5571 in
3315 5516 3554 5573 Admon.
3588 5516 3676 5573 lib.
3700 5513 3756 5570 de

2180 5578 2501 5654 lustrVirg.
2532 5598 2563 5638 a
2592 5583 2750 5641 nobis
2777 5578 3003 5642 dictum.

2252 5651 2280 5730 ξι
2317 5651 2558 5730 lta_edit_.
2586 5665 2698 5713 vet.
2730 5671 2795 5713 ac
2819 5658 3004 5730 plures
3042 5673 3176 5714 mss.
3203 5667 3263 5714 at
3289 5658 3455 5718 Rom.
3486 5660 3622 5719 edit.
3648 5672 3751 5717 cum

2174 5722 2299 5782 aliis
2323 5725 2647 5798 quibusdam
2674 5722 2837 5800 mss.,'
2858 5730 3142 5804 principem
3158 5732 3410 5804 justitiw.
