3932 6296
187 356 330 415 H69

1363 366 1854 428 EPISTOLARUM
1884 366 2016 428 CLA
2025 369 2169 428 SSIS
2207 373 2247 428 l.

3345 381 3486 439 “70

183 484 349 545 atque
378 475 643 547 evigilans
673 477 968 548 intelligat,
997 493 1118 549 qua:
1150 478 1198 534 ei
1233 478 1426 535 fecerit
1466 479 1612 536 filius
1651 495 1781 536 suus
1807 488 1860 548 Α
1958 479 2265 552 Capuanum
2309 484 2592 539 concilium
2629 487 2786 556 ﬁnem
2832 487 3022 556 aﬁerre
3073 506 3177 545 non
3233 495 3486 563 potuisse.

177 566 386 638 junior.
419 567 522 636 Qui
552 569 782 626 latitudo
813 571 1002 626 Latine
1031 571 1252 639 dieitur,
1277 586 1342 628 eo
1371 573 1515 644 quod
1542 574 1593 629 in
1625 574 1780 631 labiis

179 663 300 734 ejus
338 663 533 718 dill'usa
564 665 738 736 gratia
770 666 860 732 sit,
894 677 949 721 et
980 665 1033 721 in
1066 667 1341 733 moribus;
1373 675 1597 739 propter
1635 668 1779 738 quod

179 755 460 812 hctiedixit
489 772 614 812 eum
645 757 926 824 Dominus,
951 759 1073 829 quia
1101 760 1220 830 ipse
1250 769 1273 795 ἰ
1303 769 1576 828 tamquam
1599 760 1780 815 Bono-

178 849 322 904 niam
356 861 655 905 retrorsum
703 851 918 908 rediens
959 863 1166 923 patrem
1203 853 1335 910 texit
1381 854 1471 924 pio
1501 853 1779 910 charitatis

175 943 449 1000 velamine
476 944 629 1015 (Gen.
659 962 736 1013 ix,
764 946 880 1017 26),
905 957 960 1002 et
1004 948 1201 1004 detulit
1247 948 1434 1018 pietati
1479 949 1776 1016 honorem,

174 1039 244 1095 de
269 1055 379 1111 quo
407 1052 460 1096 et
493 1048 647 1110 pater
679 1042 756 1096 ait
788 1059 801 1095 :
835 1041 1083 1112 Lwtiﬁcet
1118 1042 1254 1098 Deus
1284 1042 1477 1114 Japliet
1507 1045 1558 1099 in
1603 1046 1773 1100 domi—

149 1134 267 1190 bus
296 1132 418 1188 Sent
446 1131 638 1206 (Ibid.,
665 1133 782 1206 27).
818 1134 972 1191 Unde
997 1146 1051 1191 et
1089 1137 1139 1192 in
1171 1139 1585 1194 enumeratione
1613 1152 1777 1208 gene-

173 1227 446 1282 rationum
473 1227 627 1287 (Gen.
655 1243 709 1297 x,
738 1228 763 1282 l
795 1236 841 1283 et
869 1227 1006 1301 seq.)
1039 1231 1323 1300 pragfertur
1351 1231 1557 1288 seniori
1596 1231 1772 1300 fratri,

171 1320 227 1376 in
251 1319 630 1377 benedictione
646 1321 1027 1379 substituitur:
1054 1324 1344 1395 praefertur
1367 1335 1590 1397 propter
1605 1325 1774 1380 hono-

168 1429 287 1470 rem
345 1417 614 1486 nominis,
655 1417 1010 1475 substituitur
1075 1431 1298 1492 propter
1355 1423 1771 1493 prmrogativam

166 1509 404 1566 senioris
433 1511 630 1580 anatis,
666 1521 721 1568 et
751 1512 1220 1571 honorificentiam
1249 1525 1460 1572 natura:
1505 1517 1772 1574 debitam.

239 1605 293 1659 4.
337 1604 465 1661 Sem
505 1615 688 1662 autem
725 1606 928 1662 dicitur
955 1608 1123 1664 latine
1155 1610 1476 1665 nomemEt
1518 1611 1654 1666 bene
1686 1609 1775 1666 hic

165 1705 358 1751 noster
384 1695 707 1752 Ambrosius
751 1697 952 1754 bonum
1000 1715 1224 1766 nomen,
1259 1702 1309 1755 in
1339 1701 1493 1772 cujus
1521 1701 1774 1758 domibus

164 1786 192 1825 ι’
227 1787 486 1843 dilatetur
511 1788 736 1860 Japhct;
765 1791 887 1856 quia
910 1794 1081 1861 potius
1103 1803 1178 1849 est
1200 1810 1386 1849 nomen
1408 1795 1599 1849 bonum
1621 1812 1773 1867 super

1957 571 2290 641 Flavianum,
2322 577 2459 648 quod
2489 578 2785 650 imperatori
2816 598 2991 652 preces
3010 579 3264 640 'obtulerit
3284 629 3301 654 ,
3332 588 3485 643 incu-

1951 680 2034 724 sat
2061 686 2079 724 :
2107 672 2199 724 sed
2220 672 2295 725 ita
2319 681 2490 726 tamen
2520 684 2576 727 ut
2611 675 2706 730 hoc
2746 677 2913 747 ipsius
2943 679 3059 750 juri
3103 679 3235 734 nolit
3264 682 3483 752 oﬁicere.

1955 761 2224 818 Postremo
2255 763 2603 838 Theophilum
2632 771 2886 838 quomodo
2908 772 3172 843 judicium
3202 775 3297 828 hoc
3325 793 3358 829 a
3386 775 3485 830 Ca-

1954 871 2128 922 puana
2151 858 2350 927 synodo
2376 859 2455 913 illi
2483 863 2811 917 commissum
2838 877 3095 932 exerceat,
3121 878 3323 935 monet;
3346 879 3486 925 utea

1953 948 2018 1001 de
2041 963 2098 1002 re
2122 949 2376 1020 imprimis
2405 954 2474 1005 ad
2506 953 2799 1010 Romanum
2823 958 3122 1028 pontiﬁcem
3147 960 3337 1030 referat
3360 979 3484 1017 sua-

1953 1042 2100 1096 dens.

2344 1142 2650 1197 Aunuosws
2687 1141 3022 1201 THEOPHILO.

1954 1229 2006 1283 l.
2052 1228 2168 1284 Non
2199 1229 2368 1287 habet
2417 1233 2563 1303 quod
2595 1232 2786 1306 urgeat
2812 1232 2839 1271 ¹ι
2863 1237 3126 1309 Evagrius
3153 1280 3167 1305 ,
3217 1247 3272 1295 et
3321 1239 3485 1297 habet

1876 1321 2022 1391 quod
2069 1333 2279 1379 metuat
2329 1324 2644 1392 Flavianus,
2695 1327 2928 1400 ideoque
2975 1329 3178 1402 refugit
3225 1346 3480 1389 examen.

1879 1415 2019 1473 Dent
2045 1415 2242 1475 fratres
2269 1421 2484 1476 veniam
2515 1422 2690 1478 dolori
2717 1422 2896 1494 justo;
2930 1427 3059 1496 quia
3091 1436 3317 1498 propter
3337 1428 3484 1498 ipsos

1879 1511 2166 1570 universus
2193 1515 2344 1571 orbis
2371 1519 2704 1587 concutitur,
2736 1529 2792 1574 et
2832 1520 2912 1574 illi
2941 1531 3120 1576 tamen
3150 1532 3342 1578 nostro
3373 1538 3480 1578 non

1875 1609 2284 1678 compatiuntur
2309 1610 2508 1667 dolori.
2543 1611 2556 1649 ί
2592 1612 2898 1684 Perstriugi
2929 1615 3124 1670 saltem
3155 1630 3214 1671 se
3245 1616 3484 1688 aequani-

1875 1705 2038 1762 miter
2066 1705 2246 1762 ferant
2270 1708 2341 1764 ab
2373 1708 2461 1774 iis,
2510 1723 2650 1777 quos
2695 1708 2884 1765 vident
2929 1725 3022 1765 sua
3067 1725 3165 1781 per
3207 1721 3479 1766 tantorum

1875 1797 2154 1853 curricula
2205 1807 2511 1870 temporum
2561 1801 2744 1855 vexari
2794 1802 3116 1858 intentione.
3177 1801 3326 1858 lnter
3382 1804 3480 1858 hos

164 1883 358 1936 multas
388 1882 689 1937 divitiarum
719 1886 896 1956 capias
943 1884 1128 1958 (Prov.
1159 1904 1304 1956 χιιι,
1339 1889 1418 1960 l).
1449 1888 1530 1945 Sit
1559 1905 1688 1962 ergo
1716 1899 1772 1946 et
1805 1901 1847 1960 Β
1875 1889 2076 1946 etenim
2105 1889 2243 1946 duos
2271 1892 2430 1957 nihil,
2466 1893 2607 1963 quod
2639 1893 2705 1948 ad
2737 1893 2936 1950 Christi
2967 1910 3156 1966 pacem
3187 1897 3479 1966 pertineat,

164 1975 270 2030 iste
300 1975 643 2043 benedictus,
673 1988 728 2034 et
754 1979 924 2049 gratia
950 1980 1070 2050 ejus
1091 1996 1256 2052 super
1281 1998 1472 2038 aurum
1494 1993 1550 2038 et
1577 1999 1770 2054 argen-

162 2077 301 2134 tum,
334 2069 406 2122 sit
435 2070 488 2124 iu
520 2071 772 2140 portione
801 2073 918 2142 ejus
945 2087 1130 2130 semen
1163 2076 1416 2142 Abrahae,
1449 2088 1470 2114 ο
1501 2077 1574 2132 sit
1598 2077 1767 2134 bene-

159 2161 332 2217 dictio
354 2165 534 2220 omnis
559 2166 610 2220 in
636 2169 955 2237 posteritate
1003 2177 1058 2223 et
1083 2169 1232 2224 omni
1258 2168 1461 2225 familia
1484 2170 1616 2241 justi
1643 2171 1764 2227 viri.

157 2254 274 2311 Sed
306 2257 630 2314 maledictus
661 2275 854 2327 nemo,
885 2260 1154 2317 benedicti
1197 2278 1414 2328 omnes;
1444 2264 1767 2322 benedictus

157 2349 307 2406 enim
338 2349 487 2406 Sarae
517 2350 740 2407 fructus.

233 2443 287 2498 5.
330 2443 579 2500 Salutant
612 2455 662 2500 te
692 2445 1000 2511 Ambrosii,
1051 2447 1258 2502 salutat
1287 2447 1612 2505 Parthenius
1641 2450 1763 2505 dul-

159 2538 430 2607 cissimus,
467 2540 669 2595 salutat
696 2539 1111 2596 Valentinianus
1139 2551 1360 2612 paratus
1391 2542 1456 2598 ad
1486 2542 1762 2599 humilita-

161 2643 299 2699 tem;
347 2633 491 2704 quod
532 2633 796 2689 llebraice
845 2630 1102 2689 Chanaan
1150 2634 1371 2703 dicitur,
1423 2638 1576 2707 quasi
1627 2653 1762 2708 puer

159 2727 344 2782 fratris
372 2727 491 2793 sui,
522 2723 549 2764 ιι
581 2728 665 2782 cui
694 2737 750 2782 et
778 2729 997 2783 nomine
1025 2742 1123 2782 suo
1153 2731 1338 2784 cessit.
1373 2728 1441 2785 Et
1468 2729 1589 2784 ideo
1619 2741 1758 2785 tam-

158 2836 320 2892 quam
349 2820 644 2876 Nembroth
673 2822 874 2893 gemini
899 2822 1052 2893 gigas
1073 2822 1332 2884 nominis.
1357 2831 1582 2878 venator
1609 2837 1761 2894 egre-

159 2915 282 2986 gius
321 2931 487 2986 super
527 2925 731 2972 terram
755 2956 773 2985 ,
816 2915 885 2972 de
929 2932 1038 2987 quo
1077 2915 1284 2972 dictum
1316 2927 1440 2973 est:
1473 2915 1760 2988 Tamquam

163 3009 452 3067 Nembroth
482 3012 626 3084 gigas
653 3022 868 3068 venator
910 3021 1030 3066 ante
1077 3010 1358 3067 Dominum
1398 3012 1555 3085 (Gen.
1590 3028 1645 3078 ι,
1680 3011 1756 3082 9).

160 3104 404 3176 Namque
441 3105 664 3176 ingenio
698 3091 1058 3174 subrusticus,
1103 3106 1316 3162 viribus
1361 3106 1596 3172 validus,
1625 3119 1760 3176 quos

161 3199 382 3270 ingenio
437 3215 654 3270 aequare
707 3214 813 3255 non
862 3209 1070 3270 potest,
1125 3201 1330 3256 viribus
1381 3209 1648 3272 superat;
1702 3209 1758 3254 ut

1874 1982 2140 2055 eligentes
2169 1986 2350 2056 gravis
2382 1995 2496 2042 toto
2523 1986 2658 2043 orbe
2683 1987 2863 2044 stabat
2887 1988 3182 2044 discordia.

1943 2079 1996 2131 ‘2.
2039 2077 2137 2134 Cui
2169 2080 2326 2134 bona:
2353 2079 2501 2150 pacis
2530 2079 2814 2152 naufragio
2863 2091 3052 2137 sancta
3099 2081 3345 2154 synodus
3375 2084 3477 2138 (2a-

1874 2172 2096 2242 puensis
2128 2172 2345 2230 tandem
2372 2173 2648 2230 obtulerat
2687 2185 2904 2246 portum
2949 2176 3393 2248 tranquillitatis;
3419 2188 3480 2233 ut

1871 2265 2126 2322 omnibus
2174 2281 2269 2336 per
2316 2275 2490 2322 totum
2544 2266 2820 2323 Orientem
2877 2271 3104 2325 daretur
3160 2273 3478 2326 communio

1871 2359 2194 2415 catholicam
2227 2361 2616 2416 confitentibus
2649 2361 2834 2428 fidem,
2882 2373 2938 2418 et
2959 2362 3174 2419 duobus
3205 2365 3322 2419 istis
3369 2375 3476 2421 tua:

1870 2449 2177 2505 sanctitatis
2225 2465 2454 2507 examen
2485 2452 2883 2522 impertiretur,
2916 2455 3175 2510 fratribus
3203 2467 3256 2511 et
3282 2471 3477 2512 consa-

1867 2543 2184 2599 cerdotibus
2231 2545 2432 2601 nostris
2471 2545 2747 2618 Egyptiis
2779 2547 2984 2618 pariter
3023 2549 3474 2614 considentibus;

1867 2635 1993 2706 quia
2027 2638 2128 2692 hoc
2160 2651 2350 2693 verum
2373 2637 2640 2708 judicium
2683 2638 2929 2696 futurum
2974 2639 3222 2698 arbitrati
3262 2658 3471 2710 sumus,

1865 2727 2008 2798 quod
2038 2729 2219 2784 neutri
2247 2729 2389 2800 parti
2412 2731 2616 2787 sociata
2640 2734 3050 2800 communione,
3076 2733 3262 2806 aliquo
3286 2735 3474 2790 favore

1868 2821 2252 2892 propenderet.

1939 2918 1996 2972 5.
2037 2917 2170 2971 Cum
2217 2931 2282 2972 ex
2326 2917 2412 2972 his
2443 2917 2607 2988 igitur
2639 2921 2652 2968 i
2690 2919 3018 2989 :equissimis
3047 2921 3241 2991 synodi
3271 2923 3478 2977 consti-

1870 3011 2001 3063 tutis
2046 3023 2393 3080 speraremus
2438 3011 2550 3080 jam
2602 3012 2902 3068 remedium
2944 3013 3168 3080 datum,
3203 3014 3475 3086 finemque

1867 3102 2090 3157 allatum
2123 3101 2437 3169 discordiae,
2469 3103 2665 3158 scribit
2693 3107 2956 3159 sanctitas
2988 3115 3075 3159 tua
3125 3105 3319 3161 iterum
3365 3106 3474 3162 fra-

1870 3203 2009 3251 trem
2039 3204 2284 3249 nostrnm
2317 3193 2636 3249 Flavianum
2664 3195 2730 3250 ad
2763 3211 2984 3266 precum
3008 3195 3246 3260 auxilia,
3274 3206 3328 3253 et
3370 3198 3472 3254 im-

159 3292 482 3348 Comaeinas
532 3309 694 3365 rupes
723 3303 938 3366 gestare
965 3309 1174 3360 secum,
1209 3305 1231 3332 ε’
1265 3303 1319 3350 et
1349 3294 1567 3361 faciem,
1602 3305 1756 3349 tauro
1786 3304 1830 3366 ρ
1865 3290 2146 3361 perialium
2171 3289 2562 3359 rescriptorum
2587 3289 2843 3360 suffragia
2867 3291 3220 3346 remeavissc.
3247 3290 3470 3347 Frustra

161 3387 407 3458 propior,
438 3387 585 3444 vultu
616 3388 866 3443 videatur
909 3389 1228 3458 exprimere
1249 3430 1265 3456 ,
1301 3388 1670 3458 posthabitmn
1697 3405 1756 3444 se

161 3479 502 3550 indignatus,
531 3489 586 3535 et
619 3490 843 3550 paterno
873 3490 1099 3536 exutum
1128 3481 1394 3537 vocabulo
1413 3523 1428 3548 ,
1473 3491 1754 3552 metropo-

1860 3399 1992 3455 ergo
2038 3393 2310 3438 tantorum
2356 3381 2705 3438 sacerdotum
2754 3382 2907 3438 fusus
2955 3382 3128 3450 labor,
3173 3385 3370 3439 iterum
3399 3385 3466 3439 ad

1861 3481 2022 3552 hujus
2061 3480 2250 3536 saeculi
2291 3478 2496 3550 judicia
2549 3480 2961 3548 revertendum,
3013 3481 3210 3538 iterum
3255 3482 3321 3538 ad
3383 3499 3470 3539 re-

162 3571 389 3627 litanum
423 3574 598 3628 virum
628 3573 956 3630 Bononiensi
998 3575 1306 3641 subditum;
1359 3577 1482 3647 quia
1514 3577 1757 3632 infantiae
1858 3575 2080 3644 scripta,
2114 3573 2314 3630 iterum
2342 3573 2686 3630 vexabuutur
2708 3575 3025 3632 sacerdotes
3055 3591 3239 3644 senes,
3287 3586 3466 3632 trans-

160 3665 334 3721 nescit
363 3665 650 3722 blanditias
670 3709 685 3735 ,
715 3678 770 3722 et
800 3667 868 3723 de
911 3668 1134 3723 nutricis
1168 3669 1381 3740 gremio
1411 3684 1471 3724 se
1503 3668 1520 3707 τ
1557 3669 1758 3724 illaesus

159 3759 422 3815 excussit.
456 3759 608 3828 Vale,
639 3769 698 3818 et
735 3776 836 3817 nos
860 3761 1056 3834 dilige;
1086 3765 1212 3833 quia
1244 3779 1344 3819 nos
1377 3773 1428 3820 te
1458 3763 1752 3834 diligimus.

543 3856 754 3930 1003
794 3867 820 3904 ις
863 3857 1199 3913 EPISTOLA
1242 3857 1373 3914 LVI.

161 3947 315 4004 Dolet
355 3948 662 4008 Alanosws
709 3953 1115 4009 contentionibus
1161 3954 1372 4026 Evagrii
1412 3971 1473 4008 ac
1519 3952 1762 4008 Flaviani

236 4146 259 4171 ἰ
304 4134 419 4190 Vet.
449 4134 604 4198 edit.,
632 4144 892 4205 tamquam
919 4135 1085 4189 bonus
1109 4153 1126 4199 ;
1154 4134 1306 4189 llom.
1341 4134 1553 4204 adjecit,
1596 4149 1750 4205 nepa,

158 4211 299 4264 forte
323 4209 446 4277 quia
475 4203 758 4276 subjicitur
781 4210 831 4261 in
859 4216 1029 4270 textu,
1059 4216 1341 4262 retrorsum
1361 4203 1584 4269 rediens,
1610 4203 1752 4274 quod

158 4297 316 4350 nepa:
345 4294 442 4333 seu
485 4293 683 4356 cancrg
730 4280 1009 4334 convenit.
1045 4279 1188 4356 Vera
1217 4288 1418 4356 _t:inie|_i
1465 4277 1626 4331 lectio
1672 4286 1755 4356 est

157 4349 320 4415 mss.,
355 4361 611 4421 tamquam
637 4349 943 4413 Bononiam,
967 4351 1184 4422 quidam
1211 4349 1464 4414 Bononia,
1491 4349 1754 4422 nonsatis

157 4433 332 4481 recte.
365 4419 487 4475 eum
537 4423 625 4478 hic
673 4431 865 4493 agatur
909 4419 999 4477 de'
1026 4423 1285 4477 Faustino
1314 4436 1481 4491 puero
1525 4419 1752 4493 quiuna

155 4511 283 4552 cum
315 4503 464 4562 patre
489 4493 648 4547 rediit
669 4492 988 4550 Bononiam.
1016 4494 1082 4547 Et
1103 4493 1362 4549 continuo
1387 4508 1483 4560 pro
1505 4492 1750 4560 lwtiﬁcet,

1860 3669 2135 3725 fretabunt
2181 3669 2373 3734 maria,
2423 3669 2621 3725 iterum
2672 3670 2891 3726 invalidi
2945 3686 3180 3742 corpore
3233 3673 3465 3743 patriam

1865 3763 2153 3834 peregrino
2182 3763 2470 3818 mutabunt
2513 3762 2655 3828 solo,
2687 3762 2884 3818 iterum
2909 3773 3254 3819 sacrosancta
3278 3765 3470 3820 altaria

1866 3855 2213 3923 deserentur,
2262 3866 2321 3911 ut
2368 3857 2420 3910 in
2473 3857 2762 3928 longinqua
2804 3857 3239 3927 proficiscamur,
3268 3859 3466 3914 iterum

1869 3965 2166 4022 pauperum
2196 3950 2367 4007 turbze
2393 3952 2810 4022 episcoporum,
2846 3950 3042 4022 quibus
3079 3961 3204 4007 ante
3233 3965 3468 4008 onerosa

1937 4128 1956 4166 τ
2003 4129 2298 4202 ltaomnes
2339 4129 2470 4185 edit.
2504 4145 2567 4186 ac
2597 4131 2782 4202 plures
2814 4146 2970 4196 mss.,
3018 4131 3249 4188 aliorum
3279 4144 3462 4189 autem

1861 4200 2132 4276 nonn_ul|i,
2162 4201 2215 4256 in
2241 4202 2436 4276 ulcus;
2453 4200 2719 4276 nonnulli,
2755 4205 2975 4272 inultus,
3001 4205 3171 4274 magis
3191 4207 3458 4276 apposite.

1933 4283 1958 4320 8
1998 4273 2211 4340 Scripta
2240 4288 2386 4329 anno
2408 4273 2534 4331 592.

1932 4343 1959 4381 ll
1998 4344 2075 4399 De
2136 4343 2364 4399 dissidio
2424 4347 2682 4401 Ecclesiaa
2735 4345 3094 4402 Antiochense
3129 4349 3200 4404 ob
3253 4347 3458 4404 Meletii

1858 4416 2261 4491 atque_Paul_ini
2293 4417 2663 4491 ordinationes
2686 4427 2854 4491 moto,
2881 4417 3057 4489 deque
3081 4431 3240 4491 pacto
3262 4436 3458 4476 novum

1859 4488 2159 4544 antistitem
2183 4488 2237 4543 in
2268 4488 2496 4544 alterius
2524 4490 2794 4545 demortui
2818 4488 2994 4544 locum
3023 4488 3130 4547 non
3157 4491 3460 4548 suffieiendi

154 4549 355 4623 andem
386 4566 542 4619 Ilom.
577 4565 709 4620 edit.
753 4566 933 4634 posuit
958 4549 1172 4635 latiﬁcet
1200 4580 1219 4619 :
1249 4549 1402 4634 quod
1433 4579 1538 4618 non
1568 4549 1756 4634 displi;
1783 4549 1835 4611 D
1863 4576 1958 4635 per
1977 4559 2228 4635 Flaviani
2257 4561 2750 4635 consecrationem
2777 4561 2978 4616 violato
3019 4561 3339 4635 Ambrosius
3363 4564 3466 4619 ali-

154 4648 330 4702 eeret,
361 4638 404 4693 si
432 4637 519 4692 vel
553 4653 688 4691 unus
717 4653 822 4690 ms.
851 4635 1256 4706 sufTragaretur.

231 4710 258 4749 ι)
287 4711 360 4764 Ita
390 4709 547 4764 Rom.
584 4709 715 4763 edit.
749 4724 871 4762 eum
904 4724 1033 4762 ιιιες.
1106 4707 1277 4761 multo
1330 4707 1611 4775 pluribus:
1647 4716 1751 4762 vel.

155 4793 343 4839 autem
375 4795 499 4836 cum
534 4797 642 4835 uno
669 4781 752 4836 vel
781 4780 976 4845 altero,
1008 4779 1204 4833 laetetur
1231 4776 1441 4849 Japliet.

236 4867 258 4892 ο
303 4853 449 4932 Edit.
483 4863 591 4932 vet.
620 4868 683 4906 ac
707 4851 864 4932 pauci
885 4864 1044 4915 mss.,
1067 4850 1167 4904 sint
1189 4848 1568 4913 benedictione;
1594 4848 1753 4932 Rom.

153 4927 293 4982 edit.
322 4925 388 4978 sit
412 4924 702 4980 benedictus
725 4923 924 4989 omnis;
954 4937 1084 4977 mss.
1119 4929 1313 4993 magno
1336 4936 1586 4987 numero,
1619 4930 1675 4974 ut
1702 4923 1754 4975 in

156 5009 334 5054 [CXII].

229 5069 255 5106 ι¹
299 5067 554 5124 Nonnulli
583 5081 740 5132 mss.,
763 5067 846 5121 cui
867 5076 914 5120 et
937 5066 1141 5120 nomine
1163 5066 1426 5120 successit.

236 5153 259 5178 θ
300 5140 444 5196 Edit.
476 5140 722 5209 quaedam
774 5139 975 5202 Paris.,
1023 5148 1071 5191 et
1124 5137 1310 5210 faciem
1357 5136 1760 5210 taurihprop‘rio

154 5216 328 5270 vultu.
361 5207 564 5268 Sensus
593 5210 809 5281 quidem
837 5219 1080 5280 apertus,
1104 5209 1198 5265 sed
1229 5224 1362 5264 mss.
1391 5218 1446 5262 et
1471 5207 1594 5262 aliis
1621 5207 1752 5264 edit.

154 5285 489 5342 contrarius.
524 5283 590 5337 Et
622 5298 752 5337 sane
791 5298 914 5335 vera
953 5283 1116 5336 lectio
1144 5290 1247 5344 est,
1283 5295 1444 5349 quam
1477 5281 1758 5347 amplecti-

158 5374 318 5422 mur;
347 5356 606 5410 alluditur
636 5355 781 5409 enim
813 5353 877 5408 ad
903 5353 1036 5408 illud
1072 5352 1218 5422 Virg.
1249 5353 1345 5407 lib.
1380 5367 1436 5406 ιιι
1467 5350 1669 5424 Georg.
1709 5370 1721 5404 :

256 5453 315 5504 Et
337 5451 510 5501 faciem
534 5455 674 5499 tauro
698 5449 924 5512 propior;
950 5462 1160 5512 quaeque
1187 5447 1335 5496 ardua
1360 5452 1475 5498 tota.

157 5562 354 5639 faciem
386 5571 565 5618 autem
596 5561 781 5639 posuit
809 5561 1127 5639 Ambrosius
1154 5571 1498 5639 pro_externa
1523 5555 1758 5639 regionis

157 5635 366 5704 specie.
401 5645 562 5704 atque
598 5629 919 5704 asperitatis
959 5629 1208 5701 imagine.
1258 5635 1426 5687 Porro
1457 5629 1759 5684 Comacinas

156 5703 319 5774 rupes
346 5703 588 5760 Nannius
611 5719 728 5758 eam
760 5703 969 5771 Alpium
991 5714 1193 5771 partem
1219 5718 1342 5758 esse
1370 5705 1609 5772 conjicit,
1640 5714 1759 5774 qua:

156 5772 334 5831 Come
384 5778 708 5835 imminent,
755 5789 863 5842 quo
911 5775 1176 5829 coloniam
1229 5775 1517 5844 Pompeius
1565 5772 1759 5844 Strabo

159 5847 412 5907 deduxit.
457 5859 609 5914 pater
643 5845 864 5914 Pompei
897 5846 1068 5916 Magni
1105 5863 1116 5898 :
1151 5846 1244 5900 sed
1288 5843 1423 5912 haec,
1455 5846 1647 5915 inquit,
1679 5843 1759 5897 di-

161 5919 372 5975 vinatio
397 5927 498 5971 est.

1863 4631 1992 4702 quid
2029 4631 2140 4706 jam
2185 4631 2445 4706 delihavit
2474 4635 2655 4706 epist.
2688 4633 2962 4706 13,7num.
3007 4633 3064 4698 4,
3094 4645 3150 4691 et
3178 4636 3340 4706 epist.
3371 4636 3460 4706 14,

1863 4719 2012 4758 num.
2047 4703 2103 4766 3,
2149 4702 2238 4757 tibi
2272 4719 2370 4757 nos
2411 4702 2576 4759 etiam
2629 4703 2874 4759 nonnihil
2917 4702 3323 4762 annotavimus.
3355 4705 3461 4761 Ea-

1863 4773 2110 4828 rumdem
2143 4783 2320 4828 autem
2356 4777 2632 4831 turbarum
2663 4777 3070 4832 continuatione
3101 4777 3302 4834 factum
3333 4785 3417 4832 est
3441 4818 3458 4842 ,

1863 4855 1919 4900 ut
1944 4845 2511 4918 Paulinus_antequam
2541 4857 2864 4918 moreretur,
2898 4848 3186 4918 Evagrium
3217 4849 3317 4903 sibi
3340 4862 3462 4901 suc-

1861 4931 2135 4972 cessorem
2162 4915 2470 4987 adoptaret,
2497 4927 2553 4973 et
2596 4917 2746 4972 nullo
2786 4919 2896 4973 alio
2937 4915 3154 4989 adjutus
3201 4919 3461 4989 episcopo

1862 4989 2244 5058 inauguraret;
2277 5003 2380 5056 qua
2427 4998 2651 5058 utraque
2679 5004 2739 5044 re
2764 5005 2886 5044 cum
2919 4990 2972 5044 in
3004 5006 3194 5046 sacros
3222 5003 3462 5044 canones

1865 5067 2142 5130 peceatum
2167 5059 2256 5123 sit,
2278 5073 2385 5114 non
2404 5059 2602 5115 mirum
2621 5073 2702 5115 est
2730 5069 3016 5130 utrumque
3038 5061 3142 5115 sibi
3168 5060 3252 5115 dif
3253 5059 3458 5124 ddisse,

1864 5130 1917 5185 in
1947 5129 2126 5184 aemuli
2157 5141 2338 5184 autem
2368 5131 2564 5186 vitiosa
2587 5129 2938 5187 ordinatione
2958 5146 3108 5197 spem
3135 5131 3458 5187 collocasse.

1862 5200 2190 5258 Consulendi
2224 5216 2388 5269 porro
2428 5202 2497 5259 de
2537 5202 2640 5259 hoc
2667 5204 2961 5258 schismate
2986 5203 3242 5258 Socrates
3271 5201 3367 5257 lib.
3399 5217 3458 5262 v.

1861 5289 1982 5344 cap.
2005 5273 2050 5344 757
2076 5281 2132 5327 et
2159 5272 2248 5336 l5.
2279 5273 2611 5330 Sozomenus
2637 5275 2729 5330 lib.
2758 5291 2818 5336 ιι.
2843 5290 2966 5344 cap.
2999 5274 3089 5335 31,
3120 5283 3282 5343 atque
3304 5272 3456 5335 alibi;

1861 5347 1958 5470 ised
1999 5343 2086 5399 hic
2129 5344 2348 5401 ultimus
2369 5347 2610 5417 apertius
2651 5345 2894 5401 Flaviani
2918 5343 3206 5400 fautorem
3238 5359 3298 5400 se
3327 5359 3458 5415 pro-

1879 5427 2062 5470 iretur.

1879 5427 2062 5472 itelur.

1939 5489 1955 5527 ί
1999 5488 2128 5543 Mss.
2159 5487 2386 5558 aliquot,
2419 5489 2724 5559 Prwstringi
2751 5487 3108 5559 saltemJnfra
3137 5502 3269 5544 vero
3293 5487 3467 5559 inten-

1867 5562 2002 5615 tione
2027 5557 2506 5630 idemisi’gniﬁeari
2555 5575 2618 5614 ac
2664 5557 3013 5615 contentione
3055 5570 3111 5615 et
3156 5558 3464 5629 pervicacia

1863 5629 2148 5687 commode
2175 5629 2414 5686 Nannius
2440 5631 2766 5686 observavit.

1938 5704 1950 5786 ξ
2000 5701 2205 5786 omnes
2236 5701 2369 5757 edit.
2409 5718 2480 5786 ac
2524 5716 2677 5786 mss.__
2706 5701 2982 5786 nonnulli,
3009 5703 3314 5786 requissimae
3341 5720 3465 5775 syn-

1863 5778 2043 5831 odi....
2075 5772 2329 5843 ﬁnemque
2371 5774 2596 5828 oblatum
2626 5772 2937 5839 discordiae;
2984 5772 3075 5829 alii
3101 5774 3223 5831 eod.
3272 5772 3467 5845 magno

1865 5861 2097 5920 numero
2121 5885 2136 5908 ,
2166 5850 2231 5920 ut
2255 5846 2304 5920 io
2335 5852 2511 5910 textu,
2542 5847 2648 5920 nisi
2677 5845 2821 5920 quod
2849 5857 2946 5915 pro
2975 5845 3216 5918 allatum,
3246 5848 3301 5904 in
3332 5863 3462 5904 mss.

1868 5913 2195 5987 quibusdam
2221 5914 2467 5982 habetur,
2501 5913 2762 5981 ablatum;
2790 5913 2899 5972 non
2923 5927 3093 5975 recte.
