3932 6296
420 269 559 327 1175

1781 264 2031 324 SANCTI
2065 263 2391 325 AMBROSII

3582 270 3699 331 "76

411 403 576 462 quem
623 401 820 446 omnes
863 397 1020 446 actus
1044 402 1198 446 meos
1216 429 1230 455 ,
1259 394 1522 459 quantum
1550 398 1711 457 queo,
1739 382 1980 455 dirigere
1997 424 2013 451 ,
2041 398 2100 459 Α
2123 382 2256 440 tioni
2282 397 2418 440 mete
2444 382 2661 440 tandem
2687 386 3067 443 assensionem
3091 383 3318 454 detulit,
3341 394 3399 441 et
3426 385 3508 441 sic
3533 384 3700 456 aliqui-

417 498 596 555 neque
623 498 884 556 umquam
912 483 982 540 ab
1011 497 1079 541 eo
1105 490 1345 539 mentem
1375 478 1686 545 deﬂectere,
1719 492 1820 534 nec
1846 476 2021 550 pluris

414 577 599 634 facere
625 576 870 648 cujusvis
895 573 1154 642 hominis,
1195 586 1357 645 quam
1384 569 1586 628 Christi
1629 570 1857 642 gratiam
1887 584 2019 626 con-

416 669 594 726 suevi.
654 668 870 725 Nemini
932 667 1077 725 enim
1132 665 1274 722 facio
1323 662 1611 736 injuriam,
1665 663 1713 718 si
1764 660 2019 718 omnibus

417 763 589 819 Deum
619 760 887 834 praefero;
911 769 967 816 et
993 756 1271 815 conlidens
1296 756 1352 812 in
1391 757 1536 828 ipso,
1566 770 1673 811 non
1702 769 1901 811 vereor
1924 768 2019 811 vo-

415 854 500 912 bis
527 852 947 927 imperatoribus
972 850 1177 916 dicere,
1201 863 1324 921 quae
1354 863 1452 920 pro
1474 862 1597 903 meo
1624 856 1785 919 captu
1816 845 2013 902 sentio.

416 946 602 1018 Itaque
625 944 773 1018 quod
797 944 939 1017 apud
969 943 1107 1000 alios
1151 941 1510 1014 imperatores
1554 956 1663 997 non
1712 941 1875 1008 tacui,
1920 955 2021 997 nec

416 1039 559 1112 apud
592 1048 667 1107 te,
705 1036 1134 1095 clementissime
1162 1035 1483 1109 Imperator,
1516 1035 1725 1092 tacebo.
1757 1036 1937 1105 Atque
1962 1044 2021 1092 ut

414 1134 661 1191 ordinem
692 1148 873 1190 rerum
899 1132 1227 1199 custodiam,
1266 1131 1498 1189 strictim
1545 1130 1864 1198 recensebo,
1897 1146 2020 1203 qua:

419 1230 485 1285 ad
517 1229 619 1285 hoc
649 1236 898 1300 spectant
927 1226 1228 1299 negotium.

484 1321 539 1376 2.
584 1320 866 1377 Retulerat
895 1320 976 1374 vir
1002 1318 1373 1391 amplissimus
1418 1328 1446 1355 ι
1475 1318 1863 1391 Symmachus,
1895 1331 2019 1373 cum

411 1424 555 1471 esset
607 1412 894 1484 praefectus
941 1410 1125 1480 Urbis,
1177 1410 1246 1467 ad
1301 1409 1736 1467 Valentinianum
1781 1417 2022 1480 augustae

418 1507 694 1565 memoria:
744 1506 1128 1578 imperatorem
1171 1504 1469 1577 jnniorem,
1520 1511 1580 1558 ut
1624 1503 1862 1575 templis,
1902 1518 2023 1575 qua:

411 1602 621 1659 sublata
650 1603 903 1668 fuerant,
936 1601 1094 1658 reddi
1128 1601 1367 1673 juberet.
1402 1600 1645 1657 Functus
1674 1610 1759 1658 est
1784 1600 1875 1657 ille
1902 1615 2024 1671 par-

416 1700 560 1757 tibus
585 1698 699 1756 suis
732 1713 829 1770 pro
855 1696 1037 1754 studio
1064 1706 1119 1753 ct
1161 1696 1311 1753 cultu
1342 1711 1461 1754 suo.
1493 1695 1695 1766 Utique
1721 1697 1887 1753 etiam
1921 1711 2024 1767 ego

415 1796 706 1868 episcopus
734 1802 915 1865 partes
950 1805 1099 1847 meas
1125 1790 1291 1847 debui
1331 1804 1747 1862 recognoscere.
1781 1788 1917 1846 Dedi
1961 1790 2025 1845 li-
2058 1810 2103 1871 Β

416 1889 589 1947 bellas
637 1886 667 1927 ι)
728 1888 1152 1960 imperatoribus
1219 1885 1378 1955 duos,
1402 1886 1598 1958 quibus
1653 1885 2024 1957 significarem

416 1991 667 2054 sumptus
693 1980 1087 2039 sacrificiorum
1118 1979 1478 2036 christianum
1508 1979 1684 2034 virum
1731 1994 1837 2036 non
1870 1994 2032 2051 posse

422 2078 686 2135 reddere:
719 2087 774 2133 et
799 2091 906 2130 non
936 2074 1106 2132 fuisse
1155 2075 1377 2146 quidem
1421 2090 1510 2131 me
1549 2060 1856 2143 auctorem,
1904 2090 2030 2131 cum

419 2172 784 2238 tollerentur;
815 2179 1096 2226 auctorem
1128 2176 1313 2225 tamen
1346 2168 1489 2237 ﬁeri,
1532 2173 1554 2200 ο
1602 2169 1898 2241 quominus
1937 2168 2035 2225 de-

418 2274 812 2323 cernerentur:
861 2263 1060 2319 deinde
1088 2261 1215 2335 quia
1258 2261 1392 2319 dare
1420 2276 1519 2319 eos
1566 2262 1683 2333 ipse
1722 2261 2035 2319 simulacris

422 2360 724 2429 videretur,
757 2373 865 2414 non
894 2356 1147 2414 reddere.
1180 2355 1339 2425 Quod
1383 2356 1528 2413 enim
1561 2356 1680 2427 ipse
1710 2372 1818 2413 non
1849 2359 2037 2415 abstu-

414 2457 574 2519 lerat,
599 2467 706 2507 non
722 2451 881 2523 quasi
912 2451 1028 2521 ipse
1054 2447 1321 2506 reddebat
1352 2468 1365 2503 :
1393 2447 1491 2505 sed
1503 2450 1775 2506 arbitratu
1806 2454 2033 2525 proprio

420 2531 753 2616 largiebatur
778 2542 847 2599 ad
874 2540 1285 2613 superstitionis
1316 2542 1610 2613 impensas.
1654 2543 1941 2603 Postremo
1986 2550 2034 2606 si

423 2638 665 2705 fecisset,
693 2646 788 2694 aut
814 2651 922 2693 non
952 2636 1166 2693 veniret
1199 2635 1266 2692 ad
1307 2633 1638 2703 Ecclesiam,
1675 2647 1770 2693 aut
1806 2635 1854 2693 si
1883 2637 2035 2694 veni-

425 2739 533 2800 ret,
566 2730 805 2787 futurum
835 2741 895 2786 ut
923 2738 1017 2786 aut
1058 2730 1397 2787 sacerdotem
1445 2744 1553 2787 non
1597 2732 1894 2800 inveniret,
1941 2741 2037 2787 aut

430 2823 703 2881 inveniret
738 2822 844 2881 sibi
872 2823 928 2879 in
959 2822 1204 2880 Ecclesia
1244 2822 1617 2881 resistentem.
1667 2822 1780 2882 Nec
1823 2823 1891 2880 ad
1936 2838 2035 2881 ex-

425 2918 765 2976 cusationem
787 2916 1012 2974 obtendi
1040 2930 1224 2988 posse,
1248 2916 1395 2989 quod
1419 2926 1569 2974 esset
1583 2916 2031 2983 catechumenos;

422 3026 548 3071 cum
588 3027 697 3068 non
738 3010 898 3068 liceat
936 3012 1100 3068 etiam
1139 3010 1554 3069 catechumenis
1590 3018 1843 3083 sumptus
1866 3008 2036 3067 idolis

430 3104 866 3163 subministrare.

495 3199 549 3254 5.
593 3197 747 3256 Lecti
770 3206 899 3254 sunt
922 3197 1091 3256 libelli
1113 3199 1220 3255 mei
1248 3198 1301 3254 in
1327 3197 1678 3265 consistorio,
1702 3197 1893 3255 aderat
1912 3212 2030 3254 am—
2056 3202 2102 3264 C

429 3291 709 3362 piissimus
737 3291 944 3349 honore
964 3291 1264 3364 magisterii
1292 3291 1543 3348 militaris
1573 3290 1601 3329 (ι
1622 3292 1798 3348 Bauto
1824 3306 2034 3361 comes,

426 3394 482 3440 et
523 3384 870 3454 Rumoridus,
916 3396 970 3442 et
1016 3387 1134 3457 ipse
1160 3385 1407 3456 ejusdem
1437 3385 1725 3457 dignitatis
1750 3388 2032 3458 gentilium
2090 3440 2093 3443 ,

428 3480 705 3536 nationum
731 3479 899 3535 cultui
923 3480 1224 3536 inserviens
1245 3494 1274 3534 a
1305 3479 1493 3550 primis
1519 3480 1770 3551 pueritiae
1796 3496 1910 3537 sua:
1936 3497 2035 3537 an-

429 3573 536 3628 nis.
568 3572 987 3630 Valentinianus
1018 3580 1146 3628 tunc
1184 3572 1449 3643 temporis
1492 3571 1698 3629 audivit
1732 3575 2035 3646 suggestio-

430 3679 553 3720 nem
597 3679 799 3731 meam,
841 3679 943 3720 nec
984 3662 1113 3720 fecit
1149 3664 1320 3733 aliud,
1354 3664 1454 3721 nisi
1486 3664 1629 3735 quod
1670 3664 1794 3722 fidei
1825 3676 2027 3723 nostra:

426 3755 567 3813 ratio
586 3756 864 3827 poscebat.
890 3756 1297 3829 Acquieverunt
1323 3759 1492 3814 etiam
1522 3759 1712 3815 comiti
1741 3775 1867 3817 suo.

503 3850 710 3925 ιοιι
738 3849 795 3905 4.
838 3851 1036 3909 Postea
1058 3851 1222 3929 etiam
1270 3862 1293 3889 θ
1322 3853 1755 3909 clementissimo
1784 3854 2031 3926 impera-

430 3948 532 4003 tori
576 3946 891 4004 Theodosio
916 3961 1101 4004 coram
1137 3947 1406 4016 intimavi,
1449 3957 1614 4021 atque
1657 3948 1711 4004 in
1751 3965 1816 4006 os
1844 3950 2030 4008 dicere

431 4055 538 4096 non
570 4040 838 4110 dubitavi,
867 4041 956 4098 cui
985 4039 1236 4098 intimata
1266 4051 1497 4098 senatus
1538 4042 1815 4115 legatione
1846 4044 2033 4116 hujus-

431 4135 596 4204 modi,
628 4136 756 4193 licet
784 4152 893 4192 non
936 4143 1085 4191 totus
1138 4143 1363 4192 senatus
1403 4138 1738 4208 poposcerit,
1778 4139 2026 4196 insinua-

436 4337 959 4411 Admonitioneaad
1002 4337 1304 4411 Ειιιοιιιξη.⁸
1337 4338 1550 4411 Virgin.
1601 4340 2029 4398 observavimus.

506 4423 534 4452 ι
772 4408 1117 4466 Relationem
1143 4410 1252 4466 col.
1280 4409 1408 4479 828,
1433 4408 1489 4467 et
1519 4413 1875 4482 sequentibus
1911 4413 2033 4470 edi-

506 4500 546 4539 n
606 4498 634 4538 a
709 4498 757 4539 s.

436 4495 546 4541 tam
568 4495 757 4539 habes.

507 4556 534 4596 ιι
575 4552 941 4627 Βοωεθὰἱι.)
987 4554 1285 4627 imperatori
1331 4555 1492 4627 duos;
1538 4555 1675 4627 Reg.
1716 4556 1933 4619 codex,
1981 4559 2030 4612 in

432 4643 542 4700 quo
588 4641 700 4700 uno
741 4623 1057 4700 invenimus
1096 4624 1235 4682 hanc
1277 4626 1596 4700 epistolam,
1628 4623 2034 4696 imperatoribus

436 4695 587 4771 duos.
604 4696 793 4771 Forte
818 4711 886 4751 an
915 4695 1062 4771 quod
1087 4695 1406 4771 eorumdem
1450 4695 1757 4754 libellorum
1785 4701 2032 4771 exempla

433 4768 744 4828 Theodosio
782 4782 998 4840 quoque
1022 4767 1226 4824 deferri
1252 4771 1565 4840 curaverit,
1592 4781 1686 4826 aut
1711 4781 1864 4828 certe
1888 4767 2033 4840 quod

438 4859 505 4915 ea
532 4858 654 4915 qua:
702 4837 827 4915 uni;
845 4837 1160 4915 imperatori
1206 4837 1610 4915 offerebantur,
1656 4842 1775 4915 ejus
1810 4837 2035 4914 collegis

438 4910 601 4971 etiam
638 4911 1014 4984 censebantur
1056 4910 1258 4984 oblata,
1311 4910 1770 4984 quemadmodum
1813 4930 1843 4968 a
1877 4910 2034 4970 nobis

435 4985 569 5041 alibi
595 4983 946 5040 observatum
976 4992 1080 5038 est.
1119 4982 1182 5036 IIi
1213 4982 1379 5053 porro
1399 4985 1508 5039 duo
1526 4984 1695 5041 libelli
1723 4986 1855 5041 nihil
1881 4986 2033 5041 aliud

434 5068 562 5113 sunt
588 5070 752 5126 quam
781 5053 1024 5126 epistolze
1050 5053 1118 5110 17
1144 5063 1201 5109 et
1228 5054 1295 5109 i8
1319 5070 1483 5126 supra
1509 5057 1791 5113 exhibito.

515 5072 562 5113 nt
629 5072 752 5111 uam
781 5072 1024 5125 eptswtze
1050 5072 1113 5110 ιι
1144 5072 1201 5109 et
1228 5072 1295 5109 ιδ
1319 5072 1483 5126 supra
1509 5072 1791 5113 exuuntur.

515 5139 538 5168 ο
581 5072 783 5184 Eadem
841 5124 974 5181 edit.
996 5166 1012 5192 ,
1060 5126 1338 5199 quominus
1380 5129 1773 5199 decerperentnr
1811 5129 1991 5185 debere
2014 5174 2030 5199 ,

437 5201 559 5268 quia
584 5203 709 5255 dare
734 5199 901 5270 pretia
935 5196 1343 5270 sacrificiorum;
1368 5198 1492 5270 cod.
1522 5197 1657 5270 Reg.
1691 5210 1747 5255 ut
1775 5200 1830 5256 in
1859 5196 2029 5257 textu.

443 5270 704 5343 Rationes
736 5268 929 5343 autem
960 5268 1157 5343 quibus
1201 5270 1341 5343 apud
1378 5268 1840 5343 Valentinianum,
1867 5274 2028 5343 epist.

440 5342 530 5406 17,
559 5358 689 5399 usus
714 5339 1011 5412 reperitur,
1032 5341 1120 5395 hic
1142 5341 1294 5412 quasi
1320 5341 1373 5395 in
1404 5339 1723 5412 fasciculum
1754 5339 1997 5400 revocat.

513 5414 542 5452 σί
583 5409 879 5468 Bautonem
907 5411 1177 5467 idolorum
1206 5410 1377 5467 cultui
1419 5409 1695 5468 addictum
1747 5414 1914 5470 fuisse
1944 5415 2034 5472 hic

440 5501 549 5542 non
573 5483 780 5555 liquido
811 5483 1015 5555 indicat
1043 5482 1102 5539 S.
1128 5482 1484 5555 Ambrosius;
1531 5485 1911 5541 annotavimus
1955 5497 2034 5542 ta-

443 5571 567 5612 men
599 5554 664 5610 ad
692 5555 853 5624 epist.
883 5554 977 5621 24,
1006 5569 1159 5626 num.
1192 5554 1249 5619 4.
1282 5554 1470 5610 laudes
1495 5556 1695 5626 quibus
1721 5572 1846 5613 eum
1875 5556 2034 5612 Zozi-

443 5644 564 5681 mus
605 5623 980 5699 prosequitur,
1026 5623 1198 5699 ferme
1243 5623 1609 5699 suspicionem
1642 5626 1870 5698 injicere
1896 5629 2035 5685 alie-

441 5712 572 5750 num
601 5695 922 5767 eum‘fuisse
947 5712 977 5748 a
1003 5696 1319 5753 christianis
1340 5695 1546 5753 sacris.
1578 5695 1736 5767 Quod
1767 5699 1812 5756 si
1843 5716 2030 5757 verum

440 5782 547 5843 non
578 5763 819 5843 sit',_eju_s
858 5767 1113 5843 virtutem
1151 5768 1484 5843 singularem
1531 5763 1813 5843 exstitisse
1846 5772 2033 5842 dicen-

429 5831 559 5891 dum
600 5831 742 5900 erit,
769 5838 889 5905 qua:
916 5851 945 5888 a
986 5831 1140 5891 tanto
1176 5831 1608 5897 chi-istianoru'm
1657 5833 2029 5901 obtrectatore

2120 473 2221 530 bus
2244 474 2313 530 ad
2342 475 2519 546 ipsum
2556 491 2662 532 non
2691 478 2897 534 accessi
2921 477 3145 545 diebus,
3174 492 3282 534 nec
3310 477 3541 533 moleste
3566 477 3697 543 tulit;

2118 569 2245 640 quia
2274 584 2382 626 non
2416 585 2520 642 pro
2547 569 2684 628 meis
2707 571 3013 628 commodis
3043 570 3343 638 faciebam,
3374 569 3473 627 sed
3499 570 3629 642 quod
3655 580 3702 627 et

2121 664 2247 736 ipsi,
2277 673 2333 720 et
2362 665 2558 722 anima:
2581 679 2718 721 mea:
2758 665 3040 737 proderat,
3069 666 3127 721 in
3148 672 3453 736 cormpectu
3484 661 3616 734 regis
3634 663 3703 719 lo-

2120 756 2212 829 qui
2242 772 2350 812 non
2380 755 2762 815 confundebar
2788 757 2967 832 (Ρωι.
2990 772 3184 823 cmu,
3213 754 3333 828 ιϐ).

2193 846 2247 902 5.
2283 848 2482 905 Iterum
2519 847 2901 907 Valentiniano
2944 848 2963 888 τ
2994 859 3241 922 angusta:
3268 847 3551 904 memoria:
3575 846 3702 918 prin-

2122 940 2255 1012 cipi,
2300 940 2499 1014 legatio
2529 958 2557 997 a
2587 952 2780 999 senatu
2814 944 2981 1000 missa
3015 944 3154 998 intra
3188 941 3425 1008 Gallias,
3456 940 3587 997 nihil
3619 956 3701 996 ex-

2127 1041 2383 1107 torquere
2421 1035 2597 1107 potuit
2629 1052 2644 1090 :
2679 1046 2737 1092 et
2763 1046 2914 1093 certe
2943 1036 3188 1104 aberam,
3237 1050 3343 1091 nec
3368 1033 3571 1106 aliquid
3598 1046 3705 1090 tunc

2123 1127 2193 1185 ad
2220 1142 2345 1185 eum
2374 1131 2726 1201 scripseram.

2194 1220 2247 1275 6.
2275 1220 2382 1277 Sed
2412 1220 2504 1277 ubi
2530 1221 2822 1279 clementia
2869 1232 2961 1279 tua
3002 1224 3222 1296 imperii
3261 1225 3508 1297 suscepit
3536 1227 3708 1296 guber-

2126 1311 2341 1379 nacula,
2371 1323 2717 1385 compertum
2741 1324 2825 1370 est
2851 1325 3039 1388 postea
3061 1318 3263 1373 donata
3291 1318 3385 1374 illa
3406 1333 3531 1376 esse
3550 1328 3574 1367 ε
3591 1335 3707 1391 pra:-

2125 1402 2454 1460 cellentibus
2484 1404 2537 1461 in
2561 1406 2864 1478 republica,
2886 1409 2984 1464 sed
3008 1411 3234 1481 gentilis
3256 1410 3619 1467 observantiae
3643 1414 3709 1466 vi-

2127 1499 2239 1563 ris;
2271 1510 2326 1555 et
2352 1498 2590 1557 fortasse
2616 1500 2852 1569 dicatur,
2878 1502 3185 1575 imperator
3215 1514 3473 1577 auguste,
3500 1506 3588 1578 qui
3615 1506 3710 1577 ipse

2128 1608 2234 1649 non
2266 1593 2487 1664 templis
2525 1595 2860 1664 reddideris,
2889 1597 2985 1654 sed
3033 1600 3173 1655 bene
3201 1599 3422 1656 meritis
3448 1599 3519 1656 de
3548 1609 3600 1657 te
3632 1601 3710 1657 do-

2129 1689 2368 1746 naveris.
2393 1688 2596 1746 Verum
2626 1691 2771 1748 nosti
2801 1707 2898 1764 pro
2928 1692 3028 1750 Dei
3054 1694 3253 1750 timore
3295 1695 3572 1766 agendum
3609 1712 3712 1752 esse

2129 1792 2469 1851 constanter,
2509 1786 2656 1857 quod
2685 1787 2851 1843 etiam
2900 1805 2997 1860 pro
3040 1789 3295 1846 libertate
3334 1789 3643 1863 frequenter
3666 1793 3714 1848 tit

2140 1892 2246 1933 non
2264 1877 2442 1934 solum
2462 1893 2492 1934 a
2515 1880 2922 1949 sacerdotibus;
2949 1884 3043 1939 sed
3070 1884 3235 1940 etiam
3265 1885 3336 1943 ab
3358 1886 3445 1942 his
3469 1886 3559 1957 qui
3581 1886 3715 1943 vobis

2135 1971 2396 2039 militant,
2423 1981 2517 2029 aut
2545 1972 2598 2028 in
2626 1990 2859 2033 numero
2886 1977 3160 2035 habentur
3187 1980 3631 2052 provincialium.
3652 1981 3715 2038 'l‘e

2133 2066 2461 2135 imperante,
2478 2068 2753 2137 petierunt
2774 2070 2965 2142 legati,
2987 2081 3046 2126 ut
3073 2072 3295 2144 templis
3324 2073 3606 2142 redderes,
3626 2091 3715 2131 non

2134 2157 2312 2213 fecisti
2345 2177 2358 2213 :
2392 2160 2591 2216 iterum
2632 2163 2791 2219 alteri
2834 2164 3272 2235 postulaverunt,
3300 2168 3523 2224 renisus
3557 2183 3641 2235 es;
3673 2178 3716 2225 et

2136 2258 2324 2322 postea
2355 2251 2512 2325 ipsis,
2540 2254 2631 2326 qui
2663 2257 2958 2327 petierunt,
2986 2257 3303 2316 donandum
3332 2263 3564 2332 putasti.

2207 2344 2261 2398 7.
2293 2344 2410 2401 Etsi
2455 2346 2812 2418 imperatoria
2858 2358 3100 2422 potestas
3146 2368 3348 2425 magna
3390 2354 3471 2431 sit!
3497 2397 3512 2422 ,
3561 2364 3714 2411 tamen

2135 2437 2446 2506 considera,
2491 2439 2818 2513 Imperator,
2847 2457 3081 2517 quantus
3103 2447 3178 2503 sit
3208 2447 3355 2505 Deus
3387 2467 3401 2503 :
3435 2450 3600 2507 corda
3620 2465 3717 2506 ora-

2137 2533 2285 2589 nium
2319 2533 2487 2605 videt,
2510 2538 2905 2595 conscientiam
2937 2541 3258 2598 interiorem
3291 2543 3614 2617 interrogat,
3633 2559 3715 2600 no-

2137 2627 2215 2683 vit
2253 2631 2461 2697 omnia,
2509 2641 2799 2705 antequam
2848 2634 3000 2702 fiant,
3044 2637 3198 2691 novit
3242 2638 3466 2695 interna
3506 2640 3718 2711 pectoris

2139 2720 2215 2777 tui
2245 2720 2383 2795 (Act.
2414 2740 2451 2792 ι,
2481 2722 2584 2790 24;
2624 2723 2760 2781 Dan.
2785 2741 2905 2795 xm,
2933 2725 3050 2800 42).
3086 2726 3191 2799 Ipsi
3220 2729 3344 2786 falli
3373 2745 3473 2787 vos
3501 2748 3607 2788 non
3639 2747 3719 2805 pa-

2138 2818 2341 2885 timini,
2369 2830 2424 2875 et
2457 2820 2625 2875 Deum
2654 2817 2682 2855 ¹ι
2708 2821 2872 2877 vultis
2905 2821 3087 2878 celare
3125 2822 3467 2895 quidquam?
3491 2824 3602 2882 Hoc
3627 2840 3716 2881 non

2136 2913 2335 2971 cecidit
2365 2914 2419 2970 in
2448 2914 2691 2971 animum
2721 2923 2871 2971 tuum
2889 2915 2913 2970 ἲ
2934 2915 3199 2984 Quamvis
3222 2918 3377 2974 enim
3405 2918 3487 2974 illi
3513 2918 3717 2991 agebant

2137 3016 2247 3063 tam
2277 3016 2719 3080 perseveranter,
2745 3024 2926 3066 nonne
2948 3019 3100 3065 tuum
3128 3008 3252 3078 fuit,
3282 3009 3608 3082 Imperator,
3634 3027 3716 3083 pro

2140 3102 2235 3161 Dei
2266 3103 2464 3160 summi
2485 3112 2544 3160 et
2563 3103 2678 3159 veri
2697 3111 2755 3159 et
2780 3103 2887 3159 vivi
2913 3102 3271 3159 veneratione
3299 3104 3715 3175 perseverantius

2133 3195 2403 3252 obsistere
2428 3236 2443 3263 ,
2484 3202 2542 3251 et
2580 3210 2809 3267 negare,
2850 3194 2995 3266 quod
3044 3203 3164 3253 erat
3213 3196 3266 3251 in
3314 3197 3524 3268 injuria
3568 3212 3715 3255 sacra:

2141 3290 2316 3362 legis?

2206 3388 2263 3444 8.
2293 3387 2427 3457 Quis
2461 3386 2689 3455 invidet,
2722 3387 2979 3457 quoniam
3007 3402 3130 3459 qua:
3157 3386 3400 3453 voluisti,
3428 3388 3553 3444 aliis
3571 3387 3716 3444 dona-

2137 3481 2299 3539 visti?
2315 3481 2434 3539 Non
2456 3497 2644 3538 sumus
2662 3491 2996 3538 scrutatores
3018 3489 3217 3551 vestrae
3242 3481 3616 3549 liberalitatis,
3635 3496 3716 3538 nec

2136 3579 2364 3634 aliorum
2395 3577 2810 3634 commodorum
2841 3576 3041 3644 invidi;
3074 3576 3170 3633 sed
3191 3591 3385 3634 sumus
3414 3579 3716 3650 interpretes

2138 3672 2283 3730 lidei.
2301 3672 2590 3742 Quomodo
2611 3671 2810 3729 oﬂ'eres
2833 3672 2973 3729 dona
2999 3682 3088 3728 tua
3114 3672 3336 3729 Christo
3353 3677 3381 3728 ?
3406 3673 3571 3730 Pauci
3588 3674 3713 3730 asti-

2135 3764 2359 3821 mabunt
2380 3763 2506 3834 quid
2532 3762 2755 3830 ieceris;
2784 3778 2996 3831 omnes,
3023 3764 3151 3835 quid
3178 3763 3421 3820 volueris
3447 3763 3713 3837 :quidquid

2132 3858 2210 3913 illi
2240 3856 2491 3921 fecerint,
2511 3866 2660 3913 tuum
2688 3857 2827 3913 erit:
2850 3856 3117 3928 quidquid
3148 3872 3255 3912 non
3283 3856 3539 3926 fecerint,
3553 3873 3706 3914 suum.

2134 3949 2248 4006 Etsi
2291 3965 2352 4007 es
2382 3950 2701 4021 imperator,
2732 3949 2843 4005 Deo
2870 3949 3119 4005 subditus
3147 3950 3318 4022 magis
3370 3964 3497 4008 esse
3547 3951 3708 4008 debes.

2132 4045 2419 4115 Quomodo
2431 4044 2743 4103 sacerdotes
2755 4044 2957 4101 Christi
2973 4053 3060 4100 tua
3080 4035 3305 4100 munera
3318 4044 3711 4117 dispensabunt?

2203 4140 2259 4196 9.
2288 4140 2416 4196 Fuit
2451 4138 2761 4208 hujusmodi
2794 4139 3030 4210 qumstio
3065 4137 3409 4210 temporibus
3437 4135 3708 4211 superiori-

2138 4343 2301 4399 fuerit
2329 4343 2651 4413 approbata.

2214 4425 2237 4452 θ
2262 4414 2318 4470 Id
2345 4413 2609 4471 Baronius
2629 4413 2852 4484 conjicit
2872 4415 3123 4471 evenisse
3149 4430 3294 4471 anno
3314 4415 3446 4482 388,
3470 4431 3589 4472 cum
3609 4427 3708 4484 post

2064 4470 2116 4530 Ῑ)
2142 4487 2432 4542 Maximum
2474 4470 2753 4542 devictunl
2778 4485 2939 4543 rediit
2976 4470 3341 4543 Mediolanum
3366 4470 3705 4553 Theodosius,

2137 4559 2205 4613 ad
2233 4556 2574 4631 ethnicorum
2602 4558 3138 4631 postulatabenigne
3166 4559 3438 4616 audienda
3466 4571 3585 4631 post
3610 4572 3707 4615 tan-

2137 4638 2246 4685 tam
2278 4629 2583 4696 victoriam,
2627 4638 2686 4685 ut
2724 4631 2825 4701 ipsi
2852 4630 2954 4701 sibi
2984 4631 3414 4701 persuadebant,
3446 4629 3611 4704 magis
3634 4648 3708 4704 pa-

2138 4709 2307 4757 ratus.

2213 4772 2231 4812 ί
2260 4773 2570 4830 Theodosio
2600 4774 2652 4829 in
2689 4773 2973 4830 Orientem
3016 4782 3291 4845 regresso,
3323 4789 3497 4831 novos
3520 4775 3707 4832 libellos

2135 4844 2269 4900 circ.
2302 4860 2392 4901 an.
2422 4847 2529 4901 592
2557 4844 2952 4912 Valentiniano,
2977 4844 3136 4916 cujus
3156 4845 3583 4903 adolescentiam
3608 4856 3706 4902 tau-

2135 4917 2260 4973 dem
2292 4925 2696 4986 expugnaturos
2735 4931 2860 4973 sese
2886 4918 3207 4986 credebant,
3235 4919 3586 4985 obtulerunt;
3627 4917 3706 4973 sed

2133 5002 2293 5044 casso
2330 4998 2553 5054 conatu,
2598 4998 2656 5043 ut
2687 4987 2798 5055 hic,
2839 4998 2894 5043 et
2922 4989 2975 5043 in
3002 4990 3248 5059 ejusdem
3281 4990 3621 5060 imperatoris
3643 4990 3707 5044 iu-

2138 5060 2294 5132 nebri
2322 5060 2631 5132 laudatione
2663 5069 2893 5132 testatur
2919 5061 3262 5117 Ambrosius.
3319 5061 3387 5116 Et
3414 5063 3543 5119 hinc
3568 5076 3707 5132 agno-

2135 5131 2338 5187 scimus
2355 5130 2758 5188 diversissimos
2783 5130 2947 5187 hosce
2968 5132 3182 5189 libellos
3205 5148 3235 5189 a
3267 5132 3499 5190 Paulino
3519 5135 3571 5191 in
3594 5130 3707 5190 Ant-

2137 5201 2304 5258 brosii
2344 5203 2452 5258 vita
2488 5207 2631 5260 male
2660 5203 2942 5261 confundi.

2208 5285 2233 5321 κ
2257 5275 2500 5330 Flaviani
2525 5284 2693 5348 atque
2718 5274 3035 5348 Arhngastis
3074 5277 3335 5332 comitum
3368 5279 3621 5348 precibus
3644 5284 3709 5330 at-

2134 5362 2242 5420 que
2270 5347 2696 5420 auctoritatitab
2734 5346 2976 5417 Eugenio
3002 5362 3273 5404 concessa
3295 5346 3423 5406 esSe
3452 5349 3706 5420 privilegia

2136 5419 2224 5474 illa
2254 5418 2444 5473 scribit
2471 5418 2753 5477 Paulinus.

2206 5494 2236 5533 h
2277 5488 2408 5561 Reg.
2442 5491 2592 5557 cod.,
2630 5492 2785 5546 uultis
2809 5491 3013 5547 celare?
3045 5492 3167 5547 Non
3194 5493 3383 5548 cecidit
3413 5494 3468 5548 in
3503 5494 3706 5548 animum

2135 5570 2282 5616 tuum
2309 5563 2610 5634 quidquam.
2645 5563 2706 5619 Si
2743 5562 2824 5618 illi
2862 5563 3101 5634 agebant,
3141 5578 3249 5620 etc.
3282 5564 3392 5621 Sed
3425 5565 3528 5621 hoc
3565 5564 3705 5619 etiam

2136 5634 2297 5708 modo
2332 5633 2473 5689 idem
2506 5634 2591 5690 hic
2614 5635 2775 5708 locus
2804 5651 2832 5690 a
2876 5633 3103 5691 Paulino
3141 5635 3402 5704 refertur,
3430 5652 3463 5691 a
3490 5652 3596 5708 quo
3620 5635 3707 5708 alia

2134 5706 2387 5830 similitter
2418 5708 2673 5762 nonnulla
2706 5706 2773 5762 ad
2828 5708 3054 5762 verbum
3100 5723 3168 5763 ex
3210 5709 3312 5763 hac
3356 5706 3587 5779 epistula
3628 5706 3705 5762 da-

2134 5791 2280 5831 sertn
2310 5792 2337 5830 a
2362 5787 2507 5831 sunt.

2134 5791 2337 5847 scripta
2362 5791 2507 5832 sunt.
