3932 6296
149 311 285 369 1177

1356 311 1844 371 EPISTOLARUM
1883 313 2164 372 CLASSIS
2203 313 2245 371 1.

3305 315 3446 377 1178

145 429 277 493 bus;
304 437 358 484 ct
385 437 566 486 tamen
594 428 716 485 ﬁdei
748 439 958 500 patrum
990 431 1105 501 ipsa
1130 431 1298 486 cessit
1327 432 1660 499 persecutio,
1689 441 1745 488 et
1772 435 1823 494 Α
1849 431 2012 503 nique
2028 433 2341 504 reposcenti
2364 433 2596 498 litteras,
2622 449 2745 490 cum
2775 433 2890 506 ipse
2917 449 3024 490 non
3055 435 3444 502 rescriberem,

143 521 421 592 gentilitas
446 521 664 578 detulit.
697 522 829 576 Nam
862 521 928 594 (II
957 521 1132 576 Marh.
1169 539 1240 590 tv,
1278 524 1344 579 18
1374 533 1420 576 et
1457 522 1592 595 seq.)
1618 538 1740 578 cum

141 626 396 687 ageretur
427 625 454 653 ει
483 632 620 684 agon
662 616 1082 687 quinquennalis
1122 617 1177 672 in
1221 617 1448 674 civitate
1477 617 1646 690 Tyro,
1688 628 1744 674 et

143 708 212 764 ad
242 707 605 779 spectandum
639 711 882 766 venisset
923 710 1202 766 Antochite
1242 727 1333 766 rex
1380 711 1740 766 sceleratissi-

143 818 284 868 mus,
317 801 483 857 Jason
533 801 558 839 ι’
597 803 869 858 ordinavit
901 820 1182 860 sacrorum
1230 816 1640 876 procuratores,
1684 816 1741 862 ut

141 895 212 948 ab
261 895 654 967 Hierosolymis
700 897 1101 954 Antiochenses
1148 899 1357 955 ferrent
1407 900 1618 972 1012
1659 899 1741 954 di-

140 986 433 1041 drachmas
459 989 670 1059 argenti
696 998 988 1057 trecentas,
1015 999 1072 1047 et
1098 991 1215 1046 illas
1249 990 1445 1047 darent
1471 993 1537 1046 ad
1566 994 1736 1048 sacri-

142 1081 320 1136 licium
355 1082 640 1139 llerculis:
674 1100 863 1140 verum
893 1095 1078 1158 patres
1109 1101 1218 1141 non
1251 1087 1546 1157 gentilibus
1573 1087 1740 1144 dede-

142 1183 265 1227 runt
299 1173 574 1245 pecunias,
607 1175 703 1232 sed
742 1178 868 1233 viris
897 1178 1146 1234 ﬁdelibus
1175 1179 1379 1247 missis,
1417 1192 1438 1219 ο
1469 1192 1738 1253 protesta-

140 1275 269 1320 runt
315 1281 422 1321 non
454 1271 669 1340 erogari
701 1270 767 1324 ad
806 1271 1036 1327 deorum
1075 1274 1428 1341 sacrilicium,
1462 1275 1586 1344 quia
1628 1291 1734 1331 non

139 1360 492 1430 congruebat,
517 1363 612 1420 scd
637 1365 688 1419 in
715 1365 852 1422 alios
875 1376 1125 1436 sumptus
1152 1367 1288 1423 dari.
1323 1369 1392 1423 Et
1418 1371 1738 1440 pronuntia-

140 1465 254 1510 tum
296 1467 400 1523 est,
433 1458 556 1528 quia
597 1459 692 1516 ille
734 1460 802 1515 ad
839 1461 1167 1517 sacrificium
1212 1463 1459 1518 Herculis
1506 1465 1734 1519 missum

136 1547 350 1602 dixerat
373 1560 677 1620 argentum,
701 1552 907 1623 suscipi
929 1552 1149 1622 quidem
1174 1553 1380 1608 debere
1411 1555 1462 1608 in
1493 1555 1568 1620 id,
1590 1555 1734 1626 quod

134 1651 256 1695 erat
288 1643 512 1696 missum
546 1661 560 1698 :
593 1643 688 1698 sed
719 1646 845 1714 quia
879 1645 976 1711 illi,
1010 1645 1101 1716 qui
1144 1645 1476 1711 detulerant,
1512 1649 1734 1704 resiste-

138 1736 272 1791 bant
304 1752 404 1807 pro
427 1737 608 1793 studio
639 1747 695 1794 et
733 1741 879 1796 cultu
905 1755 1031 1807 suo;
1057 1750 1113 1796 ut
1146 1756 1252 1797 non
1277 1745 1544 1798 sacrificio
1573 1743 1734 1815 proﬁ-

133 1841 349 1898 cerent,
385 1832 480 1888 sed
523 1833 644 1889 aliis
685 1834 1124 1901 necessitatibus,
1170 1837 1386 1890 traditre
1414 1845 1544 1892 sunt
1574 1852 1737 1908 pecu-

133 1925 244 1978 nim
293 1924 364 1979 ad
402 1927 867 1982 constructionem
919 1930 1133 1984 navium
1171 1947 1182 1984 :
1217 1932 1316 1985 etsi
1360 1931 1537 1986 coacti
1574 1933 1733 1987 misc-

133 2029 282 2086 runt,
303 2019 330 2057 (ι
360 2037 470 2076 non
503 2031 682 2078 tamen
709 2022 774 2078 ad
804 2023 1154 2090 sacriﬁcium,
1181 2024 1275 2080 sed
1299 2025 1364 2078 ad
1390 2025 1526 2079 alios
1553 2040 1742 2096 sump.

133 2123 223 2168 tus
252 2115 589 2185 reipublicae.

205 2209 291 2264 10.
318 2207 567 2280 Denique
594 2221 616 2247 ι’
641 2212 730 2282 qui
757 2212 1079 2277 attulerant,
1109 2213 1294 2284 utique
1320 2217 1633 2284 potuissent
1658 2224 1736 2270 ta-

123 2317 256 2356 cere
283 2320 294 2356 :
327 2301 426 2357 sed
460 2302 729 2358 laedebant
760 2304 945 2372 ﬁdem,
983 2304 1107 2375 quia
1137 2305 1382 2361 sciebant
1415 2322 1523 2376 quo
1554 2306 1735 2362 deler-

125 2406 348 2461 rentur;
392 2405 448 2452 et
498 2395 623 2452 idco
651 2398 915 2453 miserunt
945 2399 1090 2453 viros
1123 2400 1377 2454 timentes
1413 2401 1610 2466 Deum,
1640 2403 1732 2471 qui

122 2499 378 2560 agerent,
411 2499 468 2544 ut
514 2506 620 2544 non
657 2492 883 2562 templo,
930 2492 1025 2546 sed
1073 2492 1137 2547 ad
1185 2493 1458 2564 impenSaS
1488 2497 1730 2563 navium,

122 2598 249 2652 quin
279 2583 441 2638 missa
486 2581 725 2650 fuerant,
759 2584 1176 2656 deputarentur.
1211 2587 1347 2656 Ipsis
1381 2588 1528 2642 enim
1556 2589 1732 2645 credi-

122 2677 330 2730 derunt
363 2677 647 2745 pecunias,
680 2679 770 2748 qui
809 2693 1006 2734 causas
1049 2689 1272 2749 agerent
1302 2691 1504 2736 sancta:
1549 2683 1680 2752 legis
1715 2700 1728 2736 :

118 2768 289 2840 jodex
324 2785 507 2825 rerum
540 2770 767 2828 effectus
791 2771 912 2837 fuit,
939 2771 1028 2843 qui
1053 2773 1283 2828 absolvit
1310 2775 1728 2831 conscientiam.

121 2863 177 2917 Si
207 2863 370 2933 positi
402 2864 456 2918 in
495 2864 675 2919 aliena
713 2874 1006 2936 potestate,
1043 2867 1122 2921 sic
1155 2868 1560 2937 praecavcbant,
1603 2870 1730 2941 quid

121 2965 173 3010 te
205 2956 519 3025 Oportu’erit
548 2955 756 3021 facere,
799 2974 830 3011 o
863 2957 1189 3026 Imperator,
1224 2959 1463 3015 dubitari
1497 2977 1602 3015 non
1638 2978 1733 3030 po-

122 3056 253 3103 test.
277 3047 356 3104 'I‘u
399 3049 586 3120 utique
611 3065 772 3120 quem
816 3065 977 3105 nemo
1008 3050 1260 3120 cogebat,
1290 3067 1452 3108 nemo
1497 3051 1733 3110 habebat

123 3143 177 3196 in
216 3151 508 3210 potestate,
543 3141 778 3197 debuisti
808 3143 875 3197 ab
901 3144 1190 3199 sacerdote
1220 3144 1531 3202 consulere.

1843 525 1955 582 dixi
1990 545 2004 583 :
2036 525 2162 582 Haec
2203 540 2366 582 causa
2399 535 2502 593 est,
2548 527 2694 599 quod
2726 527 3166 599 extorquendum
3214 528 3264 583 ei
3301 527 3448 585 arbi-

1846 629 1980 676 tror.
2605 684 2608 688 η

1916 712 2004 767 12.
2034 713 2240 769 Tamen
2269 713 2358 770 ubi
2401 727 2564 771 causa
2605 715 2829 771 emersit
2863 713 3028 771 ofﬁcii
3062 716 3192 781 mei,
3219 728 3318 786 pro
3351 714 3436 770 his

1840 805 1932 877 qui
1963 806 2384 863 sollicitudinem
2408 807 2490 862 sui
2520 808 2803 879 gerebant,
2830 816 2884 863 et
2911 808 3106 879 scripsi
3137 817 3192 863 et
3217 808 3441 880 rogavi;

1842 908 1902 954 ut
1931 898 2274 954 ostenderem
2319 901 2370 954 in
2403 900 2586 956 causis
2624 900 2720 956 Dei
2753 900 3006 967 timorem
3054 899 3188 955 mihi
3227 899 3438 970 justum

1842 992 2043 1057 inesse,
2073 1007 2174 1047 nec
2206 993 2374 1062 pluris
2397 1008 2486 1049 me
2509 992 2689 1049 facere
2717 993 3113 1058 adulationem,
3133 1009 3298 1065 quam
3322 993 3441 1048 ani-

1841 1098 1985 1138 mam
2013 1099 2192 1139 meam
2217 1101 2229 1137 :
2257 1085 2310 1139 in
2342 1083 2426 1140 his
2448 1100 2602 1149 vero,
2632 1086 2684 1140 in
2714 1086 2910 1156 quibus
2935 1101 3033 1141 vos
3059 1087 3236 1156 rogari
3260 1086 3440 1156 decet,

1841 1177 2004 1234 etiam
2024 1193 2109 1233 me
2131 1178 2396 1236 exhibere
2409 1179 2755 1236 sedulitatem
2782 1182 3035 1251 potestati
3057 1180 3322 1248 debitam,
3337 1182 3442 1236 sic-

1842 1279 1900 1324 ut
1927 1277 1981 1325 et
2010 1269 2270 1338 scriptum
2303 1281 2388 1326 est
2423 1289 2436 1326 :
2468 1271 2564 1326 Cui
2597 1271 2866 1340 honorem,
2889 1273 3138 1329 honorem
3169 1292 3187 1329 :
3223 1276 3308 1329 cui
3350 1276 3441 1329 tri-

1840 1363 2041 1426 butum,
2072 1362 2318 1416 tributum
2341 1363 2521 1434 (liam.
2549 1380 2662 1430 xm,
2689 1366 2764 1435 7).
2791 1364 2927 1421 Nam
2949 1382 3073 1422 cum
3101 1367 3320 1438 privato
3345 1367 3444 1422 dc-

1842 1456 2056 1510 tulerim
2085 1456 2255 1512 corde
2283 1456 2498 1525 intimo,
2529 1459 2804 1529 quomodo
2827 1476 2934 1514 non
2959 1459 3238 1517 deferrem
3271 1461 3442 1532 impe-

1843 1553 2041 1607 ratori?
2089 1551 2196 1607 Sed
2234 1553 2326 1624 qui
2383 1555 2536 1610 vobis
2585 1554 2787 1610 deferri
2837 1555 3027 1622 vultis,
3077 1556 3328 1628 patimini
3385 1566 3444 1612 ιιι

1839 1645 2149 1702 deferamus
2200 1648 2273 1710 ei,
2321 1663 2481 1718 quem
2531 1649 2744 1720 imperii
2775 1651 2940 1705 vestri
2970 1650 3137 1707 vultis
3163 1661 3444 1707 auctorem

1842 1742 2080 1813 probari.

2207 1841 2417 1912 1013
2449 1839 2466 1877 ί
2503 1839 2845 1897 EPISTOLA
2870 1840 3064 1910 LVIII.

1846 1930 2065 1988 Panum
2091 1943 2137 1988 et
2161 1933 2449 1989 Tneassm
2471 1945 2588 2004 post
2618 1935 2921 1991 distributas
2943 1937 3117 2008 egenis
3130 1953 3253 1992 suas
3274 1938 3442 2010 facul-

1911 2036 2043 2080 tates
2088 2043 2341 2082 secessum
2363 2038 2575 2094 narrat,
2608 2045 2700 2084 nec
2732 2045 2833 2083 non
2860 2033 3065 2100 futuras
3093 2029 3156 2084 ob
3183 2045 3295 2084 eam
3317 2046 3442 2084 cau-

1911 2135 2021 2172 sam
2059 2135 2383 2191 paganorum
2413 2120 2824 2187 criminationes,
2862 2139 3085 2192 quorum
3113 2124 3444 2194 superstitio-

1911 2228 2024 2266 nem
2072 2228 2132 2266 ac
2173 2214 2452 2267 crecitatcm
2493 2214 2653 2285 luget.
2700 2213 2835 2268 Tum
2885 2215 3015 2270 nihil
3055 2233 3150 2284 pro
3195 2215 3444 2286 religione

1909 2313 2058 2373 turpe
2095 2303 2393 2357 ducendum
2422 2305 2674 2376 exemplis
2703 2305 2945 2374 probans,
2980 2308 3308 2363 saltationem
3333 2306 3443 2361 Da-

1908 2395 2063 2459 vidis,
2101 2395 2330 2464 Elimque
2380 2396 2668 2452 nuditatem
2709 2399 2923 2468 mystice
2958 2398 3212 2467 explicat,
3258 2408 3309 2454 et
3352 2401 3441 2454 de-

1909 2488 2095 2556 fendit.

2194 2581 2500 2638 Annaosms
2546 2584 2744 2640 SABINO
2793 2585 3076 2657 episcopo.

1909 2674 1956 2726 l.
1980 2671 2266 2727 Paulinum
2293 2673 2586 2744 splendore
2608 2676 2827 2746 generis
2858 2677 2910 2732 in
2943 2676 3190 2748 partibus
3216 2689 3240 2725 ες
3268 2679 3440 2750 Aqui-

1835 2765 1997 2820 tania:
2022 2765 2152 2820 nulli
2180 2767 2504 2833 secundum,
2523 2769 2764 2824 venditis
2785 2769 3142 2826 facultatibus
3173 2781 3278 2826 tam
3304 2773 3436 2837 suis,

1833 2872 1992 2928 quam
2035 2858 2201 2913 etiam
2233 2859 2634 2930 conjugalibtts,
2683 2863 2736 2915 in
2772 2861 2870 2916 hos
2897 2877 3020 2918 sese
3054 2862 3298 2918 induisse
3326 2864 3440 2918 cul-

1835 2961 1921 3007 tus
1949 2951 2016 3007 ad
2058 2952 2220 3008 fidem
2252 2955 2535 3025 comperi;
2571 2967 2626 3010 ut
2657 2971 2718 3010 ea
2757 2957 2809 3011 in
2854 2973 3124 3028 pauperes
3164 2958 3437 3027 conferat,

1832 3059 1954 3117 qua:
1987 3044 2196 3116 redegit
2230 3046 2282 3101 in
2317 3049 2605 3116 pecuniam
2640 3066 2652 3102 :
2687 3060 2740 3104 et
2773 3051 2890 3120 ipse
2935 3066 3143 3122 pauper
3170 3066 3236 3106 ex
3266 3051 3439 3108 divite

1835 3139 2032 3207 factus,
2073 3149 2350 3209 tamquam
2401 3140 2732 3196 deoneratus
2762 3145 2912 3213 gravi
2959 3143 3194 3208 sarcina,
3229 3143 3436 3210 domui,

195 3237 288 3290 Il.
342 3237 452 3306 Ego
495 3247 646 3293 certe
676 3237 892 3308 quando
923 3249 1050 3294 tunc
1078 3240 1277 3306 restiti,
1319 3241 1421 3295 etsi
1463 3241 1614 3296 solus
1644 3257 1729 3298 re-
1757 3237 1803 3301 C
1837 3236 2049 3304 patriae,
2081 3235 2389 3304 cognationi
2421 3251 2642 3308 quoque
2671 3238 2958 3305 valedicat,
2996 3254 3104 3308 quo
3136 3239 3439 3309 impensius

124 3331 265 3398 stiti,
291 3341 471 3386 tamen
505 3346 612 3386 non
635 3331 785 3388 solus
808 3332 977 3397 volui,
1009 3348 1109 3388 nec
1135 3333 1286 3389 solus
1315 3333 1368 3388 id
1394 3336 1561 3389 suasi.
1583 3335 1729 3402 Quo-

125 3425 270 3480 niam
298 3425 462 3494 igitur
492 3426 627 3480 meis
655 3425 878 3480 vocibus
907 3436 962 3480 et
988 3426 1128 3496 apud
1161 3426 1327 3482 Deum
1358 3438 1412 3483 ct
1436 3427 1576 3498 apud
1607 3444 1727 3482 om-

125 3534 223 3573 nes
246 3516 496 3572 homines
524 3527 749 3582 teneor;
775 3518 920 3572 aliud
961 3518 1091 3573 mihi
1124 3535 1231 3573 non
1263 3519 1430 3576 licere
1461 3520 1727 3585 intellexi,

125 3609 274 3665 aliud
305 3626 410 3664 non
453 3619 734 3680 oportere,
767 3610 872 3665 nisi
907 3621 966 3666 ut
1005 3611 1352 3668 consulerem
1398 3611 1562 3679 mihi;
1606 3614 1729 3685 quia

127 3721 232 3759 non
261 3702 415 3774 potui
446 3703 541 3759 tibi
573 3702 799 3759 credere
824 3704 1270 3760 modeste.Certe
1293 3704 1384 3758 ditt
1411 3705 1608 3775 pressi,
1637 3705 1731 3760 diu

127 3797 235 3852 texi
291 3796 568 3860 dolorem,
602 3796 735 3851 nulli
768 3796 1062 3867 quidquam
1103 3796 1463 3852 intimandum
1507 3800 1728 3868 putavi;

126 3889 476 3943 diSsimulare
506 3889 637 3944 mihi
668 3904 810 3944 nunc
839 3905 943 3943 non
977 3890 1126 3956 licet,
1156 3901 1337 3946 tacere
1361 3891 1592 3945 liberum
1623 3907 1729 3946 non

127 3983 252 4038 fuit.
291 3983 417 4038 Ideo
458 3985 622 4038 etiam
667 3984 719 4038 io
763 3984 1078 4055 primordiis
1119 3985 1330 4056 imperii
1364 3987 1436 4040 tui
1471 3987 1732 4041 scribenti

127 4091 233 4132 non
269 4077 548 4148 rescripsi,
576 4078 703 4150 quia
748 4077 890 4134 istud
926 4079 1288 4149 praetideham
1333 4079 1594 4134 futurum.
1628 4080 1732 4135 De-

202 4251 226 4278 ει
256 4240 574 4312 Olympicos
614 4240 770 4295 Indos
811 4241 1050 4310 intellige
1087 4239 1215 4312 olim
1248 4239 1300 4294 in
1347 4239 1555 4312 Griecia
1585 4240 1729 4295 cele-

132 4311 426 4377 berrimos,
443 4313 532 4382 qui
553 4321 833 4382 protiterea
849 4311 1282 4382 quinquennales
1295 4311 1726 4380 appellabantur,

131 4385 277 4455 quod
311 4385 717 4439 celebrarentur
745 4385 935 4453 quinto
963 4398 1180 4455 quoque
1210 4399 1373 4437 anno.
1399 4383 1520 4442 ,IIos
1547 4394 1727 4436 autem

133 4453 238 4512 lion
273 4457 449 4511 solum
483 4457 532 4508 in
565 4455 736 4520 Elide,
763 4455 854 4510 sed
887 4455 1014 4509 alibi
1045 4453 1205 4508 etiam
1234 4455 1509 4510 institutos
1531 4473 1595 4509 ea
1624 4455 1729 4509 Ett-

132 4530 308 4589 siebio,
344 4527 625 4597 Xiphilino
654 4539 817 4597 atque
846 4527 964 4580 aliis
990 4526 1202 4580 discere
1237 4536 1338 4580 est.

201 4601 228 4638 ¹¹
263 4601 399 4669 Reg.
432 4600 581 4666 cod.,
614 4600 870 4652 ordinavit
897 4608 1206 4669 spectatores
1248 4598 1614 4661 Antiochenos,
1643 4601 1731 4663 qui

130 4673 194 4725 ab
219 4667 594 4741 Hierosolymis
615 4671 805 4740 ferrent
833 4669 1127 4724 drachmas.
1159 4667 1224 4722 Et
1250 4671 1338 4724 ille
1360 4671 1564 4740 quidem
1595 4671 1732 4724 misit

132 4746 202 4797 ad
228 4743 570 4811 sacri/icium,
603 4753 708 4798 etc.

209 4829 229 4850 ί·
261 4816 408 4878 Iden)
438 4813 588 4878 cod.,
618 4813 1009 4884 expostularnnt
1040 4827 1140 4884 non
1182 4813 1382 4882 erogari
1426 4812 1492 4866 ad
1523 4813 1730 4880 sacri/i-

133 4889 362 4941 cium....
398 4887 513 4940 licet
539 4888 629 4941 ille
655 4882 723 4939 ad
744 4884 1058 4954 sacriﬁcium
1089 4882 1328 4937 Herculis
1352 4885 1560 4938 missum
1587 4886 1732 4938 dixe-

134 4961 296 5014 rit...
330 4959 508 5013 debere
533 4957 674 5029 quod
706 4965 816 5010 erat
847 4956 1080 5029 missum.

205 5030 230 5067 ιι
259 5031 380 5085 Non
406 5025 575 5084 tamen
601 5030 670 5082 ad
697 5027 1032 5097 sacriﬁcium,
1057 5025 1213 5081 deest
1245 5025 1302 5097 in
1327 5026 1450 5080 cod.
1486 5025 1619 5096 Reg.

211 5114 232 5139 ο
259 5103 338 5156 Ita
360 5102 490 5156 edit.
525 5102 683 5157 Rom.
719 5095 844 5154 ms.’
867 5109 1049 5154 autem
1084 5097 1244 5166 Reg.,
1270 5095 1502 5166 Denique
1524 5095 1732 5152 et’ohti-

136 5185 379 5234 nuerunt,
406 5185 555 5244 utque
581 5183 852 5244 potuerant
881 5181 1069 5244 tacere,
1093 5179 1200 5224 etc.

215 5240 482 5313 'Sct'ipta'
505 5240 643 5300 circa
685 5260 885 5298 annum
928 5240 1052 5298 395.

210 5328 235 5362 κ
269 5312 550 5370 I’aolinum
600 5315 900 5384 Burdigalze
948 5315 999 5367 in
1048 5312 1330 5382 Aquitania
1363 5321 1544 5366 natum
1576 5314 1732 5382 pauci

137 5390 438 5457 ambigunt,
477 5402 576 5441 nec
606 5386 874 5441 Baronius
901 5385 1017 5455 ipse
1045 5385 1368 5457 refragatur.
1415 5384 1568 5457 Unde
1597 5384 1731 5438 nihil

137 5468 278 5520 erat.
301 5456 397 5513 cur
424 5460 586 5526 hujus
611 5459 710 5512 loci
736 5458 900 5510 verba
933 5471 1157 5524 magnus
1179 5456 1486 5510 Cardinalis
1508 5472 1536 5507 τι
1564 5456 1734 5525 scrip-

138 5533 349 5584 toribus
369 5530 690 5597 transposita
716 5527 882 5582 fuisse
906 5529 1294 5596 suspicaretur,
1312 5535 1472 5592 atque
1494 5526 1632 5581 adeo
1655 5530 1735 5582 sic

137 5601 438 5655 ordinanda
457 5619 468 5654 :
492 5599 1052 5670 Paulinumsplendore
1063 5601 1261 5668 generis
1278 5599 1410 5652 nulli
1426 5598 1730 5670 secundum,

139 5675 191 5727 in
224 5673 455 5744 partibus
484 5672 773 5744 Aquitania:
800 5669 1014 5744 venditis
1037 5670 1390 5740 facultatibus.
1419 5669 1526 5724 Sed
1559 5672 1736 5725 since-

141 5740 264 5798 rum
315 5759 436 5800 esse
485 5743 659 5797 locum
712 5758 817 5796 non
871 5740 1030 5794 modo
1077 5755 1374 5796 consensus
1405 5757 1534 5795 mss.
1571 5750 1733 5810 atque

143 5815 518 5882 edit.evincit,
548 5829 737 5882 verum
763 5811 924 5867 etiam
953 5812 1182 5878 ipsamet
1208 5812 1498 5867 verborum
1516 5823 1734 5868 senten-

143 5881 238 5941 tia.
285 5886 400 5941 Non
431 5887 575 5941 enim
603 5881 723 5940 istic
755 5891 978 5954 negatur
1003 5883 1252 5938 eumdem
1301 5883 1583 5938 Paulinum
1620 5887 1729 5939 tam

1838 3328 1949 3382 Deo
1988 3328 2213 3382 serviat.
2265 3327 2514 3398 Elegisse
2567 3341 2751 3385 autem
2805 3341 3081 3387 secretum
3134 3331 3441 3388 afﬁrmatur

1838 3418 2056 3475 Nolana:
2090 3419 2260 3486 urbis,
2294 3421 2384 3475 ubi
2417 3422 2706 3476 tmnultnm
2739 3422 2977 3494 fugitans
3029 3438 3205 3479 :evum
3233 3425 3434 3496 exigat.

1908 3514 1962 3568 2.
1995 3514 2237 3569 Matrona
2281 3530 2496 3586 quoque
2525 3517 2708 3571 virtuti
2737 3526 2792 3571 et
2832 3518 3015 3573 studio
3048 3519 3164 3588 ejus
3193 3519 3439 3589 proxime

1838 3609 2068 3674 accedit,
2114 3624 2291 3680 neque
2337 3625 2364 3663 a
2401 3609 2680 3681 proposito
2720 3611 2816 3666 viri
2860 3612 3150 3682 discrepat.
3197 3613 3440 3683 Denique

1840 3703 2182 3774 transcriptis
2207 3702 2262 3758 in
2287 3703 2515 3758 aliorum
2537 3704 2662 3774 jura
2690 3706 2802 3759 suis
2824 3705 3062 3776 praediis,
3080 3705 3249 3761 virum
3268 3706 3442 3776 sequi-

1840 3808 1946 3864 tur,
1990 3806 2046 3853 et
2069 3799 2268 3867 exiguo
2294 3797 2406 3852 illic
2432 3799 2678 3867 conjugis
2706 3810 2957 3855 contenta
2997 3801 3207 3870 cespite
3238 3797 3264 3836 h
3295 3800 3437 3856 sola-

1836 3890 1982 3945 bitur
2012 3905 2071 3945 se
2099 3890 2376 3960 religionis
2399 3899 2455 3946 et
2475 3891 2760 3947 charitatis
2788 3892 3013 3948 divitiis.
3050 3892 3061 3929 ί
3101 3893 3329 3949 Soboles
3357 3893 3440 3948 eis

1840 3985 2006 4050 nulla,
2035 3995 2090 4040 et
2120 3985 2241 4040 ideo
2281 3986 2598 4040 meritorum
2645 3988 2934 4056 posteritas
2961 3987 3289 4043 desiderata.

1910 4081 1965 4134 5.
1999 4079 2123 4133 Hice
2149 4080 2238 4134 tibi
2265 4079 2542 4135 audierint
2576 4084 2588 4130 ι
2631 4095 2884 4150 proceres
2916 4081 3037 4145 viri,
3063 4096 3182 4151 qua:
3212 4080 3439 4151 loquen-

1841 4247 2067 4307 paterno
2106 4253 2264 4307 quam
2309 4247 2559 4293 materno
2589 4254 2786 4309 genere
2815 4255 2881 4295 ex
2913 4239 3206 4306 majoribus
3236 4239 3437 4294 Roma-

1839 4311 1923 4365 nis
1961 4319 2142 4364 ortum
2175 4310 2415 4374 duxisse,
2459 4325 2580 4364 cum
2613 4313 2872 4365 senatorii
2917 4312 3125 4366 ordinis
3167 4313 3436 4381 utrimque

1838 4391 1984 4436 esset
2015 4399 2028 4435 :
2061 4381 2156 4436 sed
2187 4383 2236 4436 ei
2262 4383 2532 4451 propriam
2565 4383 2790 4451 patriam
2824 4385 3062 4452 assignat
3090 4382 3433 4438 Ambrosius.

1840 4455 1894 4509 Si
1939 4463 2116 4508 tamen
2160 4469 2229 4507 ex
2282 4464 2461 4509 mente
2503 4453 2718 4508 Baronii
2758 4455 3110 4524 exponendas
3153 4463 3298 4509 esset
3347 4455 3435 4508 hic

1760 4547 1812 4606 D
1839 4527 1980 4606 idem
2011 4525 2186 4590 locus,
2213 4525 2548 4606 hyperbaton
2581 4527 2725 4606 i_n_co
2745 4527 3178 4606 admitteremus,
3210 4526 3432 4597 figuram

1836 4597 2048 4653 sciliCct
2077 4599 2282 4651 auctori
2314 4609 2500 4651 nostro
2532 4598 2752 4651 minimc
2787 4599 3128 4653 insolentem.

1910 4667 2134 4742 thom.
2151 4667 2281 4724 edit.
2306 4683 2440 4742 cum
2457 4671 2644 4742 paucis
2673 4686 2832 4742 mss.,
2862 4671 3062 4724 solatur
3083 4686 3136 4724 se
3166 4669 3434 4742 religionis

1836 4753 1884 4793 et
1913 4741 2261 4811 simplicitatis
2297 4741 2530 4805 divitiis;
2572 4752 2680 4794 vet.
2723 4741 2856 4795 edit.
2892 4759 3014 4796 cum
3052 4740 3280 4811 reliquis
3308 4741 3430 4794 cod.

1838 4822 1894 4865 ιιι
1926 4813 1977 4866 in
2004 4821 2283 4872 contextu,
2305 4814 2403 4865 nisi
2438 4811 2577 4881 quod
2607 4827 2701 4879 pro
2732 4814 3020 4874 charitatis,
3042 4811 3212 4882 Long.
3245 4811 3431 4871 habet,

1837 4884 2109 4936 castitatis.
2149 4883 2250 4936 Per
2270 4884 2531 4952 cespitem
2562 4894 2740 4938 autem
2768 4885 2967 4939 indicat
2992 4896 3213 4938 sanctus
3238 4883 3435 4936 Doctor

1835 4955 2086 5024 exiguum
2137 4953 2357 5022 aliquod
2400 4954 2662 5022 praedium
2702 4955 2924 5011 Paulino
2969 4965 3024 5010 et
3069 4954 3285 5025 conjngi
3313 4952 3434 5024 ejus

1836 5025 2046 5080 alendis
2087 5025 2173 5078 vix
2206 5025 2483 5081 idoneum.

1915 5095 1930 5133 ί
1961 5096 2216 5150 Paulinus
2244 5107 2426 5150 natum
2455 5097 2556 5152 sibi
2587 5096 2639 5151 in
2663 5096 2917 5165 Hispania
2950 5098 3140 5158 lilium,
3164 5094 3258 5149 sed
3283 5110 3434 5150 cum-

1835 5167 1958 5222 dem
1983 5167 2071 5222 die
2092 5175 2284 5222 octavo
2305 5183 2336 5224 e
2359 5169 2492 5222 vivis
2513 5177 2747 5238 raptum,
2767 5170 3035 5238 Compluti
3062 5168 3112 5221 in
3137 5166 3432 5238 Martyrum

1838 5238 2060 5310 basilica
2089 5239 2360 5310 sepultum
2385 5255 2505 5294 esse
2532 5243 2582 5294 in
2615 5257 2791 5310 poem.
2818 5242 2888 5295 52
2916 5239 3252 5310 testificatur.

1913 5313 1925 5360 ι
1961 5309 2079 5364 Non
2105 5309 2238 5365 levis
2266 5327 2434 5380 augur
2459 5311 2562 5366 hoc
2591 5309 2712 5366 loco
2735 5315 2831 5366 luit
2857 5311 3195 5380 Ambrosius.
3225 5309 3435 5363 Paulini

1837 5397 2114 5438 secessum
2175 5378 2594 5436 invidiosissime
2666 5384 3016 5436 traduxerunt
3069 5378 3278 5449 profani
3338 5381 3434 5432 ho-

1838 5455 2034 5517 mines,
2066 5453 2524 5524 quemadmodum
2575 5454 2656 5506 vel
2701 5469 2764 5506 ex
2798 5451 3024 5506 Ausonii
3073 5451 3336 5524 epistolis
3367 5452 3431 5505 ad

1836 5521 2124 5580 Paulinum
2157 5525 2258 5578 hac
2286 5525 2353 5579 de
2384 5541 2442 5578 re
2471 5524 2706 5592 scriptis.
2741 5539 2840 5578 nec
2867 5540 2971 5578 ιιοιι
3002 5537 3066 5576 ex
3089 5521 3249 5589 hujus
3273 5521 3341 5576 ad
3375 5525 3435 5576 il—

1839 5599 1946 5651 lum
1979 5597 2252 5664 reSponsis
2289 5596 2658 5664 intelligimus.
2684 5593 2881 5648 Verum
2909 5611 2940 5649 e
2970 5594 3245 5647 contrario
3271 5609 3436 5664 gene-

1838 5683 2022 5723 rosum
2076 5667 2207 5722 illud
2256 5667 2482 5735 hujusce
2517 5666 2648 5719 tanti
2683 5667 2780 5719 viri
2824 5666 3159 5736 propositum
3207 5669 3435 5722 summis

1838 5739 2086 5794 laudibus
2136 5738 2459 5806 extulerunt
2504 5736 2845 5804 Ambrosius,
2900 5737 3284 5806 Hieronymus,
3329 5737 3436 5793 Au-

1835 5810 2085 5881 gustinus
2110 5820 2269 5877 atque
2289 5801 2402 5861 alii.
