3932 6296
178 334 317 393 1181

1401 320 1891 391 ιεριετοωιιυιι
1929 310 2211 390 (massis
2247 331 2290 388 1.

3342 326 3480 385 “8?.

173 448 450 517 but-roris,
477 459 529 505 et
557 450 701 523 quod
728 448 778 506 itt
803 444 1080 524 propheta:
1104 466 1333 524 corpore
1354 449 1769 516 aversabantur,
1800 455 1848 514 Α
1950 434 2036 505 16.
2087 434 2281 513 Figura
2314 458 2491 504 autem
2528 442 2642 516 illa,
2674 446 2798 518 quia
2832 445 2883 501 in
2932 438 3203 517 Aigyptiis
3254 438 3483 503 condidit

174 543 232 598 in
266 560 326 599 se
368 546 840 616 pertimescerent.
873 542 931 602 In
971 564 1078 617 quo
1107 540 1271 619 igitur
1310 538 1507 600 lto'rror
1553 538 1777 618 gravior

174 630 553 707 turpitudinis,
587 635 640 692 itt
681 654 911 710 corpore
944 638 1244 711 propheta),
1269 654 1335 692 an
1365 632 1415 692 itt
1448 632 1778 709 perﬁdorum

172 738 431 799 peccato,
473 729 615 800 quod
646 739 850 785 tantam
882 724 1092 787 meritis
1123 731 1234 787 suis
1262 738 1557 786 aerumnam
1590 724 1776 785 incidit

170 822 549 897 captivitatis?

252 912 343 974 12.
362 912 499 987 Quid
531 918 578 974 si
609 910 665 973 itt
690 908 1008 991 prophetico
1034 932 1265 990 corpore
1288 914 1420 974 nihil
1450 912 1780 991 opprobrii?

171 1006 273 1067 Ille
296 1011 438 1066 enim
482 1011 858 1079 corporalibus
888 1027 993 1069 non
1029 1011 1363 1079 intendebat,
1393 1010 1486 1068 sed
1519 998 1779 1083 spiritali-

174 1103 302 1159 bus.
331 1103 571 1177 Namque
604 1102 659 1159 in
704 1119 929 1161 excessu
964 1105 1161 1160 utentis
1198 1120 1304 1160 non
1345 1103 1477 1161 dicit
1506 1122 1520 1160 :
1552 1102 1777 1159 Audiam

174 1196 308 1267 quid
356 1196 578 1269 loquar;
613 1196 734 1265 sed,
767 1197 892 1264 quid
922 1192 1164 1271 loquatur
1193 1194 1246 1253 iu
1290 1215 1369 1253 me
1411 1190 1551 1252 Deus
1597 1192 1775 1270 (Psal.

177 1304 406 1356 Lxxxtv,
439 1284 515 1362 9).
546 1288 731 1361 Neque
761 1288 993 1345 attendit
1023 1299 1201 1345 utrum
1227 1282 1427 1357 nudus,
1451 1304 1517 1343 an
1550 1287 1778 1343 vestitus

173 1383 271 1437 sit.
309 1376 546 1453 Denique
565 1383 737 1439 Adam
761 1393 887 1439 ante
910 1391 1190 1456 peccatum
1211 1381 1387 1438 nudus
1400 1390 1518 1438 erat
1541 1378 1692 1455 (Gen.
1717 1395 1776 1447 tt,

172 1472 297 1543 25).
332 1466 425 1529 sed
459 1467 661 1530 ttudum
695 1489 753 1530 se
782 1474 1077 1542 nesciebat,
1107 1470 1232 1545 quia
1264 1484 1382 1529 erat
1421 1471 1642 1527 indutus
1671 1466 1780 1526 vir-

176 1563 386 1621 tutibus
416 1584 428 1619 :
464 1575 819 1637 posteaquam
865 1582 996 1621 vero
1046 1566 1327 1637 peccatum
1349 1563 1647 1630 commisit,
1682 1578 1781 1619 nu-

172 1655 308 1712 dum
336 1664 394 1713 se
421 1672 544 1714 esse
574 1652 732 1725 vidit,
758 1667 812 1713 et
851 1654 1003 1715 texit.
1038 1652 1154 1713 Noe
1195 1652 1430 1713 nudatus
1469 1664 1588 1713 erat
1623 1652 1776 1728 (Gen.

174 1767 258 1820 Ix,
290 1748 410 1823 21),
443 1745 537 1807 sed
587 1768 693 1807 non
734 1742 1114 1815 erubescebat,
1147 1750 1273 1823 quia
1305 1759 1425 1806 erat
1471 1751 1661 1821 plenus
1682 1738 1774 1821 lu-

1881 528 1973 610 qui
1996 526 2227 594 luxnriis
2253 526 2470 594 deditus
2508 545 2617 603 est,
2648 537 2985 607 mancipatus
3020 530 3279 593 lasciVim.
3312 532 3482 593 Nemo

1879 636 2060 688 autem
2109 648 2168 688 se
2213 624 2359 687 luxui
2411 629 2719 696 committit,
2745 620 2844 687 nisi
2890 622 2981 702 qui
3028 630 3235 687 recedit
3282 646 3309 685 a
3346 644 3485 702 prte-

1878 724 2052 797 ceptis
2082 724 2177 780 Dei
2226 726 2361 781 veri.
2398 722 2498 782 Ubi
2544 734 2725 780 autem
2756 730 2985 795 cmperit
3034 727 3156 794 quis
3196 716 3482 791 luxuriari,

1880 817 2071 890 incipit
2101 814 2322 875 deviare
2345 834 2374 873 a
2404 817 2509 875 tide
2537 835 2684 873 vera.
2704 810 2783 873 ita
2810 816 2917 872 duo
2939 816 3226 872 committit
3247 817 3478 872 maxima

1879 906 2129 975 crimina,
2158 906 2449 983 opprobria
2472 910 2674 976 carnis,
2702 920 2751 965 et
2782 910 2984 964 mentis
3008 898 3312 982 sacrilegia.
3342 905 3487 979 Ergo

1880 994 1973 1078 qui
2002 1006 2108 1062 non
2155 1000 2405 1077 sequitur
2432 1000 2719 1059 Dominum
2773 1002 2941 1059 Deum
2975 1012 3155 1070 suum,
3188 1001 3486 1073 ingurgitat

1881 1112 1941 1153 se
1984 1090 2211 1153 luxuria-
2244 1106 2307 1153 ac
2336 1092 2571 1164 libiditti,
2606 1094 2883 1168 pestiferis
2913 1088 3163 1166 corporis
3217 1092 3486 1167 passioni-

1882 1189 2002 1245 litis.
2038 1182 2141 1257 Qui
2173 1192 2353 1245 autem
2385 1194 2446 1245 se
2486 1188 2903 1260 iugurgitaverit
2948 1197 3114 1259 atque
3143 1185 3171 1225 δ
3201 1188 3485 1245 immerse-

1881 1285 1951 1340 rit
1983 1283 2291 1356 itujnsmodi
2318 1282 2645 1348 volutabris,
2679 1278 2923 1353 perfidim
2948 1281 3172 1353 laqueos
3205 1278 3437 1338 incurrit
3467 1298 3480 1337 τ

1884 1378 2028 1436 Sedit
2060 1380 2204 1435 enim
2230 1379 2455 1450 papulas
2475 1377 2793 1432 manducare
2820 1382 2868 1432 et
2885 1374 3057 1432 bibere
3089 1376 3285 1449 (Exod.
3313 1394 3480 1444 xxxu,

1882 1473 2046 1543 6),.et
2089 1473 2205 1528 ﬁeri
2235 1471 2345 1527 sibi
2372 1471 2506 1527 deos
2537 1471 2811 1544 poposcit.
2848 1470 3002 1526 Unde
3030 1471 3194 1527 ducet
3222 1471 3487 1525 Dominus

1881 1566 2142 1637 quoniam
2191 1565 2284 1635 qui
2312 1565 2530 1620 duobus
2562 1563 2685 1620 istis
2714 1563 3049 1634 ﬂagitiorum
3073 1563 3369 1634 generibus
3389 1563 3485 1618 dc-

1880 1658 2023 1714 derit
2046 1660 2283 1723 snimm
2328 1672 2504 1721 suam.
2536 1658 2754 1714 exuitur
2805 1657 3148 1723 indumento,
3181 1672 3289 1713 non
3319 1660 3485 1714 vestis

1881 1752 2078 1821 iuuere,
2120 1753 2216 1808 sed
2255 1752 2448 1807 vividae
2477 1751 2715 1817 virtutis;
2749 1750 2909 1822 cuius
2951 1753 3181 1807 amictus
3215 1767 3319 1807 non
3349 1761 3486 1807 tern—

173 1842 499 1912 cunditatis,
540 1854 596 1900 et
634 1838 895 1915 spiritalis
946 1836 1168 1898 laztitiat.
1219 1841 1461 1914 Denique
1508 1836 1597 1913 qui
1653 1850 1777 1898 eum
1810 1856 1857 1919 Β
1884 1845 2114 1918 paratis,
2140 1845 2236 1902 sed
2280 1854 2520 1901 ateruus
2560 1853 2669 1901 est.
2722 1844 2879 1913 Vale,
2905 1854 2963 1901 et
2993 1860 3095 1900 nos
3134 1845 3327 1916 dilige;
3357 1846 3482 1916 quia

174 1930 302 1992 risit
346 1945 405 1991 ut
446 1936 673 2004 nudum,
704 1940 819 2008 ipse
841 1938 1039 1991 mansit
1072 1945 1349 2008 perpetuae
1386 1929 1654 1991 obnoxius
1683 1942 1779 2006 op-

174 2023 402 2099 probrio
432 2028 797 2100 turpitudinis.
831 2022 898 2085 At
927 2045 1059 2085 vero
1086 2020 1287 2101 Ioseph
1319 2042 1386 2084 ne
1420 2016 1652 2101 turpiter
1683 2028 1776 2083 nti-

171 2118 421 2189 daretur,
442 2129 647 2177 vestem
671 2114 916 2193 reliquit,
934 2132 983 2177 et
1001 2122 1177 2177 nudus
1193 2112 1399 2192 aufugit
1416 2115 1572 2191 (Gen.
1589 2128 1775 2188 xxxtx,

171 2210 294 2283 12).
324 2206 453 2281 Quis
483 2210 650 2285 igitur
690 2212 886 2285 turpis,
916 2214 1008 2269 illa
1039 2230 1162 2287 qua:
1194 2216 1400 2270 vestem
1442 2214 1675 2270 alienam
1702 2220 1779 2269 tc-

169 2308 314 2374 nuit,
348 2324 414 2361 an
445 2306 493 2362 is
517 2309 609 2379 qui
633 2323 787 2362 suam
815 2296 1008 2363 exuit?

250 2391 336 2454 l3.
367 2394 473 2455 Sed
499 2406 554 2454 ιιι
583 2396 795 2470 plenius
839 2392 1045 2471 liqueat
1067 2396 1191 2473 quia
1233 2412 1340 2456 non
1384 2415 1467 2465 se,
1492 2409 1671 2473 neque
1711 2416 1774 2458 ca

166 2494 295 2564 quat
328 2490 481 2562 juxta
531 2488 697 2564 pedes
726 2496 875 2559 sunt,
908 2484 1185 2564 propheta-
1216 2486 1509 2565 aSpiciuttt,
1543 2488 1639 2550 sed
1665 2500 1773 2550 ctu-

170 2584 365 2654 lestia;
394 2574 736 2659 lapidabatur
760 2578 1092 2654 Stephanus,
1116 2586 1170 2645 et
1188 2579 1400 2644 videbat
1426 2590 1596 2646 ccelos
1617 2596 1775 2660 :tper‘

169 2688 279 2749 tos‘,
306 2686 359 2736 et
379 2672 565 2736 desum
590 2670 658 2735 ad
684 2672 964 2735 dexteram
986 2676 1078 2736 Dei
1097 2687 1331 2737 stantem
1359 2678 1494 2753 (Act.
1513 2692 1607 2748 vn,
1632 2678 1723 2751 55)
1755 2701 1768 2737 :

166 2778 227 2828 ct
268 2766 391 2829 lded
428 2760 666 2843 lapidum
710 2770 851 2828 ictus
897 2780 1002 2829 non
1045 2766 1337 2842 sentiebat,
1368 2775 1615 2846 corporis
1659 2788 1771 2832 non

166 2860 552 2923 considerabat
575 2864 826 2934 vulnera;
852 2867 950 2923 Sed
969 2866 1144 2923 oculis
1167 2872 1285 2924 erat
1311 2865 1530 2925 Christo
1553 2866 1769 2939 atﬂxus,

165 2952 249 3016 illi
280 2948 614 3017 adhaerebat.
641 2954 783 3034 Ergo
804 2964 859 3019 et
883 2956 1077 3018 Esaias
1104 2960 1307 3026 ttudutn
1328 2976 1388 3019 se
1419 2974 1526 3019 non
1551 2964 1773 3034 conspi-

165 3046 416 3121 cabatur,
444 3053 539 3110 sed
562 3046 762 3111 divinae
791 3052 942 3111 vocis
963 3066 1224 3127 organum
1248 3068 1308 3112 se
1327 3050 1769 3130 prtebeb‘at(Esa.

167 3164 262 3216 xx,
300 3146 392 3221 2};
422 3152 481 3203 ut
527 3154 803 3220 promeret
855 3149 999 3219 quod
1029 3148 1083 3203 in
1120 3164 1186 3203 eo
1234 3142 1559 3220 loquebatur
1603 3144 1766 3204 Deus.

1884 1954 1983 1995 nos
2013 1950 2064 1997 te
2090 1939 2384 2012 diligimus.

2402 2044 2423 2072 ο
2454 2031 2791 2090 EPISTOLA
2821 2031 2959 2087 LIX.

1884 2123 2145 2180 Nuntiato
2174 2124 2358 2180 Jacobi
2383 2126 2667 2198 presbyteri
2691 2141 2894 2180 secessu
2916 2141 2978 2178 ea:
3009 2122 3225 2179 Perside
3251 2126 3303 2179 in
3326 2123 3482 2179 Cam-

1952 2212 2185 2293 paniam,
2211 2214 2368 2283 huius
2409 2219 2578 2291 plaga:
2602 2211 3028 2289 tranquillitatem
3061 2211 3263 2286 laudat,
3289 2222 3484 2275 tumul--

1951 2325 2032 2368 tus
2053 2308 2195 2385 queis
2231 2306 2588 2369 Mediolanum
2615 2308 2933 2385 agitabatur,
2965 2310 3046 2368 illi
3084 2322 3367 2387 apponens.

2219 2407 2522 2464 Auanosws
2557 2408 2583 2443 εί
2608 2406 2825 2463 Sttveno
2855 2408 3137 2479 episcopo.

1952 2498 2003 2556 1.
2057 2491 2131 2555 Et:
2166 2490 2361 2555 ultitno
2407 2506 2429 2538 θ
2472 2492 2714 2557 Persidis
2764 2498 3044 2571 protenus
3095 2496 3215 2554 sinu
3245 2486 3487 2555 .iacobus

1877 2592 2046 2652 frater
2086 2582 2143 2653 et
2188 2597 2606 2670 compresbyter
2647 2604 2855 2663 noster,
2893 2584 3207 2668 Campaniae
3255 2597 3361 2652 sibi
3414 2594 3483 2653 ad

1876 2688 2332 2761 requiescendum
2367 2680 2573 2755 littora,
2599 2696 2654 2746 et
2683 2700 2895 2746 veStras
2924 2682 3089 2761 elegit
3113 2689 3478 2747 antmnitates.

1878 2774 2131 2841 Adver‘tis
2173 2786 2370 2858 quibus
2398 2785 2449 2840 itt
2481 2780 2618 2841 locis
2646 2778 2664 2821 τ
2700 2780 2857 2856 quasi
2886 2784 2955 2838 ab
2985 2780 3148 2856 hujus
3174 2783 3360 2839 mundi
3390 2802 3483 2840 va-

1874 2893 2031 2934 cuam
2064 2880 2478 2950 tempestatibus
2514 2885 2809 2953 suppetere
2840 2872 2945 2932 sibi
2994 2892 3153 2947 posse
3183 2892 3484 2948 praesump-

1875 2972 2009 3028 serit
2037 2973 2415 3040 securitatem,
2449 2972 2538 3026 ubi
2572 2979 2696 3042 post
2744 2968 3034 3025 diuturnos
3082 2968 3295 3023 labores
3346 2968 3480 3024 reli-

1875 3081 2040 3137 quum
2066 3065 2190 3120 vitae
2220 3066 2426 3136 exigat.

1946 3154 2002 3212 2.
2032 3156 2260 3213 Remota
2291 3158 2438 3213 enim
2480 3157 2645 3211 vestri
2700 3164 2797 3211 ora
2846 3154 3043 3209 littoris
3076 3164 3181 3208 non
3226 3153 3403 3209 solum
3451 3171 3480 3209 a

246 3241 459 3314 1016
497 3241 582 3296 M.
628 3242 735 3297 Sed
786 3249 906 3296 esto
946 3251 1003 3295 ut
1032 3252 1093 3295 se
1124 3230 1354 3307 videret,
1399 3246 1611 3311 poterat
1663 3250 1768 3296 noti

1884 3244 2156 3323 periculis,
2184 3249 2278 3305 sed
2301 3250 2462 3305 etiam
2499 3251 2567 3304 ab
2594 3251 2738 3304 omni
2768 3246 2998 3319 strepitu
3034 3248 3479 3317 tranquillitatem

166 3334 349 3390 (ποθι-(ξ
379 3336 520 3406 quod
537 3328 869 3405 jubebatur?
896 3328 1113 3391 Poterat
1144 3340 1300 3407 turpe
1322 3328 1598 3404 arbitrari,
1623 3339 1769 3406 qtlud

166 3426 473 3500 imperabat
498 3424 637 3484 Deus
658 3430 682 3483 ἲ
707 3422 839 3485 Sara
868 3429 989 3499 quia
1015 3424 1157 3496 risit,
1192 3422 1587 3486 incredulitatis
1616 3440 1769 3485 coar-

163 3536 289 3597 guta
321 3534 405 3580 est
435 3525 588 3598 (Gen.
616 3534 765 3594 x\lll,
797 3530 855 3600 9.)
882 3548 894 3583 :
919 3512 1196 3585 Abraltatn
1228 3524 1510 3597 laudatus;
1547 3531 1673 3602 quia
1714 3522 1777 3585 iir

163 3612 333 3673 verba
364 3618 453 3674 Dei
500 3637 603 3675 nou
635 3618 906 3676 haesitavit
940 3614 1280 3678 :eldnn‘atus
1324 3621 1768 3678 remuneratione

164 3713 425 3779 maxime,
474 3718 601 3786 quia
645 3716 873 3788 iube-tite
912 3718 1022 3772 Deo
1052 3717 1139 3787 pie
1167 3724 1332 3790 posse
1376 3716 1492 3772 ticri
1535 3717 1773 3773 credidit

161 3808 326 3861 etiam
362 3816 387 3843 η
419 3808 762 3878 parricidium
788 3807 941 3881 (Gen.
967 3808 1087 3881 xv).

239 3898 326 3956 l5.
361 3893 459 3956 llic
502 3894 666 3974 igitur
706 3888 837 3973 quid
886 3895 1226 3958 verecundia:
1277 3908 1424 3958 esset
1465 3898 1765 3973 prophetat,

163 3996 251 4049 ttbi
303 3996 453 4049 aliud
505 3997 829 4065 gerebatur,
873 4006 929 4052 et
991 3995 1135 4050 aliud
1189 3995 1563 4068 tigttrabatur?
1598 3996 1771 4054 ,ιυιιεει

168 4097 389 4160 propter
416 4087 617 4160 ﬂagitia
640 4100 737 4144 sua
762 4088 1011 4144 destituti
1034 4103 1066 4143 ει
1083 4090 1317 4146 Domino
1340 4093 1471 4155 tteo,
1489 4100 1771 4161 ceperant

168 4181 310 4237 vinci
359 4182 429 4237 ab
458 4182 784 4237 adversariis
836 4178 972 4250 Suis,
1013 4178 1266 4239 conferre
1312 4198 1370 4240 se
1399 4184 1652 4241 volebant
1700 4183 1767 4241 ad

168 4271 483 4350 ngyptios;
510 4287 568 4335 ut
616 4278 723 4335 sibi
752 4287 939 4336 essent
985 4279 1244 4350 praesidio
1279 4279 1567 4335 adversum
1597 4284 1769 4353 Assy-

172 4375 303 4441 rius,
326 4376 417 4445 qni
446 4376 629 4431 redire
654 4374 824 4447 magis
855 4374 925 4430 ad
946 4374 1132 4443 tidem,
1165 4375 1209 4430 si
1235 4374 1363 4431 boni
1390 4376 1765 4444 consulerent,-

1872 3338 2108 3403 infundit
2135 3332 2406 3411 sensibus,
2438 3354 2492 3401 et
2523 3342 2753 3400 traducit
2796 3342 3008 3399 animos
3055 3358 3083 3397 a
3115 3340 3478 3409 terribilibus,

1870 3454 1923 3499 et
1952 3436 2113 3497 saevis
2154 3456 2408 3497 curarum
2438 3440 2664 3493 a~stilttts
2712 3438 2778 3492 ad
2811 3434 3098 3491 huncStaut
3132 3437 3390 3506 quietem;
3425 3445 3483 3491 ut

1871 3538 2001 3594 illud
2034 3552 2326 3594 Commune
2376 3535 2620 3590 omnium
2668 3532 2978 3604 specialiter
3026 3530 3183 3585 vobis
3232 3524 3483 3583 videatur

1870 3640 2177 3701 congruere
2218 3628 2274 3685 et
2319 3624 2638 3692 convenire,
2666 3626 2811 3697 quod
2859 3625 2928 3679 ait
2965 3618 3137 3680 David
3182 3624 3251 3680 de
3291 3633 3478 3679 sancta

1874 3723 2119 3780 Ecclesia
2172 3741 2187 3778 :
2234 3720 2363 3790 Ipse
2408 3720 2619 3795 1017
2649 3734 2804 3788 super
2843 3718 3011 3771 maria
3054 3717 3295 3785 fundarit
3332 3728 3475 3782 eam,

1872 3828 1919 3872 et
1961 3833 2113 3887 super
2128 3812 2352 3887 ﬂumina
2381 3811 2697 3886 prosperari!
2724 3822 2833 3863 eam
2868 3807 3039 3882 (Psat.
3072 3822 3226 3874 χχιιι,
3277 3807 3357 3878 2).
3386 3806 3477 3862 Et-

1872 3910 1983 3965 nim
2017 3908 2156 3964 liber
2181 3908 2398 3964 animus
2429 3925 2455 3959 :t
2485 3905 2839 3960 barbarormn
2875 3900 3207 3965 incursibus,
3238 3908 3295 3955 et
3339 3916 3479 3968 prae-

1872 3988 2069 4058 liorum
2092 3999 2511 4064 acerbitatibus,
2526 4005 2681 4052 vacat
2701 3994 3067 4060 orationibus,
3095 3992 3320 4047 inservit
3344 3991 3478 4057 Deo,

1871 4103 2028 4154 curat
2046 4108 2110 4153 ea
2136 4104 2261 4169 qua!
2284 4104 2411 4150 sunt
2456 4093 2699 4160 Domini,
2727 4090 2873 4146 fovet
2900 4090 2988 4145 illa
3020 4096 3145 4159 qua!
3173 4089 3323 4158 meis
3353 4096 3481 4143 sunt

1871 4199 1928 4247 et
1969 4182 2403 4262 tranquillitatis.

1940 4284 1994 4340 ὅ.
2024 4282 2139 4340 Nec
2161 4292 2345 4339 autem
2373 4281 2576 4352 objecti
2602 4290 2628 4326 κ
2659 4277 2969 4335 barbaricis
2994 4276 3256 4342 motibus),
3287 4285 3341 4331 et
3363 4275 3479 4330 bel-

1866 4374 2049 4432 lorum
2073 4374 2352 4447 praeditis,
2383 4375 2437 4428 ἰτι
2462 4372 2649 4428 medio
2685 4381 2975 4425 versamur
2995 4368 3240 4425 omnium
3276 4367 3479 4422 moles-

170 4462 502 4522 dcbuissent.
562 4466 733 4523 Iratus
782 4459 1040 4522 Dominus
1092 4465 1362 4540 signiﬁcat
1405 4478 1594 4523 vanam
1643 4458 1767 4525 illos
1872 4473 2067 4527 tiarum‘
2102 4469 2267 4537 freto,
2304 4464 2361 4526 et
2389 4482 2487 4540 pro
2524 4468 2609 4523 bis
2660 4466 2940 4525 laboribus
2973 4474 3028 4522 et
3060 4450 3323 4538 periculis
3352 4474 3481 4536 gra.

170 4574 316 4629 spem
356 4574 576 4630 gerere,
603 4561 693 4632 qui
718 4557 981 4616 cliensam
1016 4561 1230 4616 Domini
1261 4571 1527 4631 putarunt
1563 4556 1767 4633 maiore
1871 4567 2019 4623 viora
2049 4566 2359 4637 colligimus
2406 4564 2598 4619 totum
2630 4564 2759 4619 vitae
2796 4563 3067 4634 pericula.
3102 4555 3261 4618 Unde
3286 4560 3354 4614 de
3385 4576 3484 4613 un-

165 4656 389 4721 peccato
415 4650 697 4707 levandam
722 4669 737 4718 ;
762 4668 885 4707 cmn
929 4653 1010 4708 illi
1035 4652 1141 4723 ipsi
1186 4654 1437 4709 vincendi
1480 4654 1683 4723 forent,
1711 4655 1767 4711 in
1790 4659 1844 4719 D
1870 4660 1954 4717 bis
1983 4661 2361 4732 propheticum
2388 4654 2519 4713 illud
2564 4659 2861 4713 conciuere
2898 4656 3115 4712 videtur
3145 4673 3157 4710 :
3192 4654 3301 4708 Pro
3328 4655 3474 4708 tabo-

165 4756 395 4816 quorum
436 4744 655 4803 auxiliis
685 4746 917 4819 pupulas
946 4742 1263 4803 Iudaeorum
1291 4746 1589 4803 conﬁderet
1619 4748 1756 4803 :hoc

167 4838 463 4895 secundum
489 4836 796 4897 ltistoriam.

234 5040 259 5068 ιι
295 5030 352 5086 id
384 5041 498 5087 est.
544 5037 599 5085 ut
621 5027 865 5085 Nannius
893 5026 1168 5091 observat,
1207 5026 1307 5081 lilii
1336 5026 1754 5093 mactatitinem';

100 5116 105 5119 '
167 5104 338 5159 omnis
369 5106 513 5157 enim
543 5104 719 5157 czedes
748 5101 800 5156 itt
832 5108 1092 5170 cognatus
1141 5097 1487 5168 parricidium
1535 5094 1757 5167 dicitur,

168 5187 216 5230 et
244 5177 296 5229 in
317 5189 412 5229 eus
440 5175 530 5245 qui
555 5176 768 5229 titulum
790 5173 958 5242 patris
977 5171 1165 5245 patria;
1190 5174 1558 5245 emeruerunt.
1631 5238 1641 5245 Δ
1694 5238 1699 5245 ε

234 5247 261 5284 θ’
298 5246 424 5301 Mss.
458 5238 702 5313 ‘aliquot,
735 5238 1040 5299 inuitauerit
1081 5240 1385 5306 volutabris;
1414 5250 1551 5297 unus
1570 5238 1754 5311 etiam,

167 5318 464 5372 immerserit
492 5315 855 5383 voluptatibus.

238 5401 259 5427 ο
310 5388 523 5458 Scripta
557 5389 701 5458 circa
731 5398 932 5458 annum
963 5384 1086 5441 393.

232 5459 259 5529 (ξ
298 5456 487 5517 Severi
532 5456 879 5529 Neapolitani
914 5457 1152 5529 episcopi
1195 5463 1761 5529 nomeuisanetoruur

167 5525 287 5587 alito
313 5530 625 5585 inscribitur
650 5525 830 5597 pridie
867 5528 973 5582 kal.
1009 5527 1152 5594 Maii,
1174 5525 1328 5597 cujus
1353 5528 1517 5582 etiam
1558 5539 1758 5598 pertio-

170 5603 383 5659 noritica
413 5603 619 5657 mentio
663 5600 716 5655 ιιι
742 5599 881 5661 apud
905 5598 1291 5669 Symmachum
1309 5600 1559 5668 quamvis
1580 5599 1759 5655 ethni-

168 5690 304 5741 rum,
335 5675 431 5728 lib.
466 5674 541 5737 vi,
574 5674 731 5741 epist.
766 5671 856 5725 5i.
888 5670 1037 5724 llunc
1072 5678 1279 5741 autem
1310 5671 1487 5740 ipsum
1519 5685 1641 5726 esse
1686 5673 1760 5728 ad

168 5738 322 5816 quem
367 5738 721 5816 At‘ubrusiaug
754 5744 870 5816 lucc
893 5741 1123 5808 epistula
1142 5738 1468 5816 ﬁstinatur,
1500 5747 1621 5811 post
1651 5743 1751 5799 lla-

1857 5748 2148 5803 adt/cntutu
2191 5747 2242 5803 in

1861 4746 2004 4808 ribus
2033 4753 2138 4807 uidi
2163 4748 2493 4808 tabernacula
2521 4749 2838 4822 {Ethiopum
2867 4746 3094 4822 (Habac.
3131 4764 3210 4815 ιιι,
3246 4748 3323 4819 7).

1932 4846 1988 4903 4.
2015 4847 2231 4904 Etenim
2336 4847 2495 4903 istius
2536 4845 2721 4902 mundi
2752 4846 3017 4915 tenebris,
3049 4844 3247 4916 quibus
3281 4840 3474 4896 obum-

1861 5030 2105 5102 episcnpi
2134 5028 2298 5088 vitam
2331 5030 2571 5092 edidere.
2816 5044 2825 5052 ‘

1937 5112 1960 5139 θ
2002 5098 2196 5160 Utrum
2226 5105 2341 5160 haec
2390 5107 2552 5160 verba
2603 5105 2671 5160 de
2721 5105 2956 5160 quadam
2990 5105 3273 5160 iusiusmet
3318 5102 3360 5155 si

2264 5119 2341 5160 :ec
2390 5116 2552 5160 verba
2603 5116 2671 5160 de
2721 5116 2956 5160 quadam
2990 5116 3273 5160 iustusmet
3318 5116 3452 5155 sum!

1937 5112 1960 5139 °
2002 5105 2196 5160 Utrum
2226 5105 2341 5162 haec
2390 5107 2552 5161 verba
2603 5105 2671 5162 de
2721 5105 2956 5177 quadam
2990 5105 3273 5175 ipsiusmet
3318 5105 3469 5155 sinus

1860 5173 2067 5231 Persici
2096 5190 2212 5243 ora,
2239 5188 2305 5233 an
2339 5178 2405 5232 de
2434 5180 2725 5234 remotiore
2756 5176 2993 5234 Persidis
3023 5176 3244 5244 regione
3273 5173 3471 5228 intelli~

1856 5246 2030 5321 gentia
2054 5248 2189 5321 sint,
2226 5264 2331 5304 non
2366 5248 2551 5321 liquet.

1940 5317 1958 5357 ί
2003 5317 2253 5392 fierique
2281 5312 2438 5387 mss.,
2467 5324 2614 5392 quasi
2642 5322 2710 5375 ad
2727 5322 2881 5391 hujus
2910 5312 3354 5392 muttdi‘varuum.

1933 5400 1958 5435 κ
2003 5386 2288 5460 Barouins,
2316 5386 2488 5465 quem
2510 5394 2573 5465 in
2605 5394 2706 5465 hoc
2754 5386 3010 5465 Ugltcllus
3040 5389 3241 5461 aliique
3275 5404 3466 5465 recens

1867 5464 2056 5525 tiores,
2090 5480 2188 5517 uec
2216 5462 2522 5521 unn'etiam
2554 5462 2799 5519 Bollandi
2850 5462 3256 5514 continuatures
3297 5463 3469 5516 secuti

1862 5543 2013 5601 sunt,
2049 5533 2191 5590 hunc
2218 5536 2393 5591 locum
2435 5534 2503 5589 ad
2548 5534 2767 5588 Maximi
2802 5533 3015 5604 tyranni
3067 5531 3265 5585 bellum
3299 5535 3465 5599 perti-

1862 5620 1994 5660 nere
2042 5609 2349 5671 contendit,
2384 5615 2570 5660 cmttra
2601 5618 2731 5659 vero
2779 5614 2968 5656 auctor
3019 5605 3144 5656 vitm
3197 5604 3468 5660 Ambroin

1860 5678 2153 5732 vernacula
2213 5670 2391 5745 lingua
2445 5677 2628 5739 editte;
2667 5678 2861 5730 eadem
2902 5675 3067 5745 verba
3121 5672 3191 5728 ad
3243 5670 3471 5745 Eugeuii

2325 5748 2504 5802 talium
2538 5745 2829 5801 referenda
2855 5741 3117 5800 defendit.
3152 5748 3272 5813 ραι
3314 5741 3382 5801 de
3410 5765 3467 5805 re

170 5810 387 5889 rouiumf
413 5816 637 5889 tradidit
679 5810 941 5887 Ugbeilus
983 5822 1112 5889 tum.
1142 5810 1239 5889 ΥΙΔ
1266 5810 1663 5889 “meacula,
1688 5824 1761 5873 ac‘
1858 5821 1991 5875 satis
2019 5816 2257 5889 diximus
2305 5822 2357 5876 in
2384 5818 2793 5887 Admonitione.

171 5888 509 5953 Bollandisue
529 5888 594 5942 ad
623 5884 974 5953 memoratam
997 5886 1162 5951 diem;
1188 5884 1285 5942 ubi
1305 5885 1553 5958 ejusdem
1576 5889 1753 5953 sancti
