3932 6296
409 226 551 293 "83

1777 219 2025 282 SANCTI
2066 220 2391 282 AMBROSII

3586 211 3699 275 illi

406 345 597 404 bratur
618 345 820 403 veritas
851 345 1050 402 futurae
1075 341 1458 417 perfectionis;
1486 350 1511 379 ³
1533 355 1657 398 cum
1687 355 1887 398 annum
1913 349 2020 396 lter-
2048 339 2104 401 Α
2127 336 2426 409 perspiciat
2454 336 2659 405 animo,
2688 342 2913 392 revocat
2968 346 3217 390 manum.
3277 327 3433 401 Ergo,
3464 327 3618 384 etiam
3658 340 3700 387 tu

406 441 543 495 tium
573 447 628 496 et
652 436 1162 510 quinquagesimum
1179 435 1293 506 iam
1317 432 1667 505 perduxerim
1698 434 1751 488 in
1777 432 1880 489 hoc
1896 446 2019 487 cor-

410 544 547 603 pore
576 530 739 597 situs,
769 528 824 586 in
849 543 959 601 quo
990 538 1098 583 tam
1128 540 1322 598 graves
1343 523 1659 595 jamdudum
1688 523 2019 580 sustinemus

410 623 956 698 gemitus,quomodo
979 638 1088 678 non
1111 619 1166 676 in
1191 618 1554 675 tabernaculis
1567 616 1881 689 Ethiopum
1899 623 2022 673 ten-

412 718 625 787 dimus,
677 730 732 775 et
775 718 1086 775 habitamus
1115 713 1144 754 δ
1174 729 1295 771 cum
1344 711 1714 769 habitantibus
1769 710 2021 767 Madiani

414 809 520 879 Qui
546 819 772 881 propter
794 807 1069 867 tenebrosi
1093 807 1276 877 operis
1313 803 1698 861 conscientiam
1733 801 2020 873 diiudicari

413 903 579 960 etiam
601 903 672 960 ab
693 901 915 958 homine
943 899 1160 957 mortali
1183 897 1542 954 reformidant
1564 894 1737 967 (Psal.
1766 892 2017 967 cstx,5):

416 998 693 1071 Spiritalis
721 997 881 1052 enim-
908 994 1165 1063 diiudicat
1193 994 1388 1060 omnia,
1420 992 1533 1062 ipse
1557 1001 1728 1047 autem
1764 1006 1798 1045 a
1824 989 2023 1044 nemine

416 1090 739 1165 dijudieatur
762 1089 808 1161 (l
831 1088 954 1145 Cor.
987 1105 1050 1157 ll,
1084 1087 1199 1158 15).
1232 1087 1384 1154 Vale,
1409 1086 1602 1151 frater,
1630 1093 1687 1142 et
1708 1099 1807 1140 nos
1833 1081 2019 1153 dilige,

417 1192 471 1238 ttt
504 1181 670 1248 facis;
702 1180 830 1253 quia
861 1195 962 1237 nos
989 1189 1043 1237 te
1059 1179 1358 1251 diligimus.

949 1306 971 1335 ο
1011 1293 1345 1352 EPISTOLA
1385 1292 1500 1349 LX.

421 1413 715 1469 ΡΑτειιηωι
744 1412 856 1483 ﬁlio
881 1421 1086 1483 neptem
1134 1426 1198 1466 ea:
1237 1409 1352 1481 [ilia
1377 1424 1591 1465 uxorem
1634 1408 1837 1463 tradere
1884 1409 2028 1481 cogi-

492 1516 686 1561 tantem
707 1524 740 1561 a
767 1506 1037 1577 proposito
1065 1504 1180 1577 ipsa
1202 1504 1473 1558 nominum
1499 1500 1910 1557 consideratione
1937 1500 2029 1554 de-

491 1607 671 1654 terret.
706 1596 776 1652 Id
793 1597 893 1669 legi
921 1597 1113 1652 divina:
1152 1611 1440 1667 congruum
1465 1603 1638 1665 negat,
1669 1592 1889 1663 itmtque
1914 1593 2026 1664 pie-

491 1694 589 1747 tati
640 1709 703 1747 ac
726 1689 978 1748 Caesareis
1012 1689 1459 1746 constitutionibus
1490 1705 1510 1743 :
1543 1697 1657 1741 tum
1681 1687 1868 1741 solutis
1911 1686 2031 1755 qui-

489 1786 712 1840 busdam
731 1784 1152 1859 objectiunculis,
1184 1783 1393 1839 easdem
1412 1782 1625 1853 nuptias
1653 1796 1756 1836 non
1786 1780 2030 1852 expedire

492 1882 788 1952 conﬁrmat.

908 1997 1213 2053 Ausaosms
1252 1996 1525 2053 Parnaso.

498 2114 550 2169 i.
578 2113 800 2170 Paterni
823 2112 1043 2186 quidem
1073 2113 1316 2169 unanimi
1343 2113 1451 2169 mei
1471 2111 1855 2169 salutationem
1894 2110 2026 2183 legi,

424 2204 450 2245 ἀ
471 2207 565 2264 sed
580 2207 1034 2264 consultationem
1053 2205 1471 2277 haudquaquam
1488 2213 1800 2277 paternam;
1821 2214 1879 2260 ut
1892 2204 2030 2260 velis

425 2302 538 2357 lilio
579 2311 797 2373 neptem
826 2300 1086 2372 copulare
1131 2316 1198 2357 ex
1230 2299 1336 2355 ﬁlia
1374 2317 1387 2353 :
1418 2298 1515 2356 sed
1547 2313 1649 2355 nec
1690 2313 1794 2353 avo
1826 2308 1900 2367 te,
1928 2314 2029 2355 nec

426 2405 578 2467 patre
613 2395 856 2466 dignam.
892 2395 1080 2466 Itaque
1119 2393 1248 2466 quid
1303 2392 1669 2459 consulueris,
1707 2392 2029 2455 considera;

425 2503 588 2545 omne
617 2489 762 2544 enim
808 2487 956 2560 quod
999 2502 1165 2559 agere
1195 2486 1469 2555 volumus,
1502 2486 1654 2556 prius
1682 2500 1881 2543 nomen
1904 2484 2032 2543 facti

424 2583 544 2653 ejus
570 2582 990 2655 interrogemus,
1013 2590 1069 2639 et
1096 2592 1222 2638 tunc
1259 2591 1440 2637 utrum
1469 2580 1631 2638 laude
1658 2596 1725 2637 an
1757 2580 2033 2653 vitupera-

424 2674 574 2731 tione
599 2675 825 2747 dignum
876 2676 969 2743 sit,
1001 2673 1420 2730 aestimabimus.
1455 2672 1621 2731 Verbi
1671 2676 1869 2747 gratia,
1903 2675 2032 2729 mis-

421 2769 535 2824 ceri
583 2768 797 2824 mulieri
843 2766 1167 2840 quihusdam
1200 2767 1462 2847 voluptas
1492 2778 1608 2829 cst,
1644 2777 1668 2805 ι’
1698 2766 2031 2823 medicorum

420 2858 586 2915 etiam
612 2859 763 2928 pueri
795 2860 1122 2932 corporibus
1148 2859 1281 2915 utile
1311 2860 1496 2916 ferunt
1523 2875 1536 2915 :
1568 2859 1662 2915 sed
1685 2859 2026 2916 consideran-

424 2952 553 3008 dum
585 2962 765 3008 utrum
794 2952 1037 3024 coniugi,
1067 2967 1135 3007 an
1166 2963 1468 3019 extranea};
1496 2952 1693 3008 deinde
1723 2963 1929 3023 nuptm,
1962 2969 2031 3009 an

423 3046 682 3119 innuptis.
713 3047 773 3103 Si
810 3047 936 3119 quis
965 3047 1181 3119 1018
1203 3045 1539 3117 desponsata
1589 3047 1692 3102 sibi
1738 3057 1795 3102 et
1837 3046 2034 3103 tradita

2118 432 2248 506 quid
2274 431 2556 499 consulas,
2587 445 2774 504 quaeso
2806 438 2984 486 tecum
3014 437 3306 486 retractes.

2190 524 2247 580 2.
2272 524 2597 597 Coniugium
2623 524 2706 580 vis
2735 524 2882 580 inter
2920 521 3064 577 ﬁlios
3114 532 3338 579 nostros
3381 535 3700 593 componere.

2120 617 2319 687 Quaero
2344 627 2523 674 utrum
2552 631 2710 688 pares
2727 615 3049 687 copulandi,
3082 629 3150 669 an
3176 615 3416 684 impares
3439 614 3580 669 sint?
3596 613 3702 676 Sed.

2122 710 2225 766 nisi
2257 708 2440 775 fallor,
2455 724 2743 780 compares
2774 706 3039 779 appellari
3070 705 3272 761 solent.
3297 706 3477 761 Boves
3498 704 3583 777 qui
3604 704 3705 774 inn.

2122 805 2204 876 git
2227 804 2295 859 ad
2326 813 2594 867 aratrum,
2624 815 2798 873 equos
2825 799 2892 855 ad
2924 814 3173 865 currum,
3204 813 3369 868 pares
3390 797 3562 868 eligit,
3589 807 3639 853 et
3659 807 3705 852 ut

2123 907 2255 952 tetas
2282 896 2573 952 conveniat
2600 904 2656 950 et
2679 893 2880 959 forma,
2912 906 3015 947 nec
3044 900 3239 947 natura
3260 890 3285 927 ίι
3318 890 3608 960 discrepet,
3630 904 3706 946 nec

2123 988 2402 1047 decolorat
2426 987 2742 1044 diversitas.
2764 985 2845 1040 Tu
2874 982 3141 1055 copulare
3163 997 3331 1054 paras
3362 982 3533 1037 ﬁlium
3564 991 3706 1044 tuum,

2123 1093 2179 1141 et
2224 1092 2442 1154 neptem
2479 1096 2553 1137 ex
2584 1079 2715 1146 filia,
2746 1078 2849 1134 hoc
2885 1087 2993 1143 est,
3028 1085 3087 1131 ut
3120 1074 3357 1146 accipiat
3389 1076 3594 1130 sororis
3618 1088 3709 1128 suae

2125 1180 2315 1246 filiam,
2345 1178 2556 1233 diversa
2590 1175 2721 1231 licet
2746 1183 2918 1229 matre
2965 1186 3129 1243 quam
3183 1184 3381 1225 socrus
3422 1168 3615 1225 editus.
3642 1166 3711 1222 ls-

2125 1282 2342 1343 terroga
2366 1270 2647 1327 nominum
2673 1267 2996 1338 religionem
3025 1282 3039 1319 :
3071 1278 3271 1334 nempe
3301 1261 3602 1317 avunculus
3629 1260 3711 1315 iste

2125 1365 2291 1433 illius,
2325 1363 2421 1419 illa
2452 1362 2616 1432 hujus
2647 1360 2662 1398 ί
2701 1359 2879 1432 neptis
2923 1366 3171 1415 vocatur.
3204 1355 3317 1413 Nec
3345 1356 3468 1427 ipse
3497 1362 3551 1409 te
3574 1368 3709 1409 revo-

2126 1467 2214 1514 cat
2242 1471 2411 1513 sonus
2444 1456 2754 1520 nominum;
2780 1469 2904 1509 cum
2931 1451 3020 1507 hic
3041 1466 3203 1506 avum
3233 1457 3485 1515 resonet,
3514 1447 3603 1503 illa
3627 1446 3710 1503 hoc

2126 1564 2327 1607 nomen
2349 1549 2415 1604 ad
2435 1546 2783 1609 avunculum,
2809 1544 2963 1618 quod
2985 1544 3053 1599 ad
3071 1560 3233 1599 avum
3258 1540 3506 1599 referat?
3528 1542 3711 1610 Quanta

2127 1643 2328 1701 deinde
2387 1644 2550 1700 etiam
2605 1642 2939 1713 reliquorum
2990 1638 3242 1694 confusio
3296 1636 3714 1693 vocabulorum?

2057 1740 2104 1802 B
2133 1739 2279 1795 ldem
2304 1752 2442 1792 avus
2470 1745 2526 1792 et
2563 1750 2722 1792 socer
2753 1733 3047 1801 vocabere,
3079 1746 3142 1787 ea
3184 1745 3407 1802 quoque
3438 1728 3537 1785 tibi
3563 1731 3715 1798 neptis

2129 1841 2186 1888 et
2213 1846 2382 1886 nurus
2434 1828 2655 1885 diverso
2686 1827 2906 1883 nomine
2934 1822 3368 1895 nuncupabitur.
3410 1822 3713 1877 Ilutuahun-

2131 1937 2219 1983 tur
2248 1928 2413 1983 etiam
2465 1924 2667 1981 fratres
2716 1923 2931 1980 diversa
2976 1920 3267 1986 vocabula,
3305 1929 3368 1975 ut
3416 1919 3510 1974 illa
3554 1934 3714 1975 socrus

2131 2020 2320 2076 fratris
2348 2018 2441 2085 sit,
2465 2018 2568 2074 iste
2607 2031 2776 2089 gener
2819 2013 3046 2071 sororis.
3102 2011 3285 2069 Nubat
3331 2013 3599 2068 avunculo
3635 2026 3713 2067 suo

2131 2113 2332 2184 neptis,
2361 2119 2417 2167 et
2460 2111 2934 2167 imntaculatorum
2965 2108 3255 2179 pignorum
3282 2104 3532 2161 charitas
3558 2103 3712 2161 illece-

2131 2206 2296 2263 broso
2329 2218 2515 2260 amore
2550 2213 2811 2259 mutetur.

2202 2298 2257 2353 5.
2284 2297 2461 2368 Super
2488 2296 2591 2353 hoc
2634 2296 2803 2370 igitur
2848 2311 3023 2353 meam
3056 2309 3084 2349 a
3114 2304 3307 2351 sancto
3334 2294 3459 2351 viro
3482 2293 3712 2365 episeopo

2131 2405 2312 2449 vestro
2338 2394 2352 2445 i
2388 2392 2691 2465 exspectari
2714 2388 3042 2447 sententiam
3072 2389 3230 2447 dicis.
3255 2388 3376 2445 Non
3405 2388 3613 2461 opinor,
3641 2400 3714 2441 ne-

2131 2503 2240 2561 que
2263 2489 2522 2545 arbitror.
2548 2486 2681 2544 Nam
2725 2487 2772 2543 si
2814 2487 2887 2542 ita
2937 2494 3104 2554 esset,
3134 2494 3193 2542 et
3231 2487 3352 2557 ipse
3393 2482 3711 2541 scribendum

2134 2591 2377 2654 putasset
2403 2601 2417 2637 :
2448 2597 2554 2638 non
2586 2580 2880 2638 scribendo
2910 2590 3090 2635 autem
3118 2580 3455 2651 significavit
3478 2578 3618 2652 quod
3638 2594 3713 2634 ne-

2134 2693 2405 2751 quaquam
2439 2678 2565 2733 binc
2601 2675 2959 2734 dubitandum
3005 2674 3391 2732 arbitraretur.
3413 2674 3555 2745 Quid
3593 2672 3711 2730 enim

2135 2780 2239 2836 est,
2293 2770 2439 2843 quod
2487 2769 2725 2826 dubitari
2779 2778 2981 2840 queat;
3033 2782 3157 2824 cum
3208 2767 3297 2823 lex
3341 2768 3529 2823 divina
3576 2771 3711 2825 etiam

2140 2867 2162 2906 ιι
2192 2868 2462 2939 patrueles
2488 2867 2679 2922 fratres
2698 2864 2984 2938 prohibeat
3012 2864 3313 2921 convenire
3327 2864 3384 2919 in
3406 2865 3710 2936 coniugalem

2136 2963 2410 3033 copulam,
2434 2960 2526 3033 qui
2575 2960 2675 3017 sibi
2706 2966 2900 3030 quarto
2943 2957 3222 3013 sociantur
3274 2956 3495 3028 gradu?
3522 2956 3609 3011 llic
3628 2972 3710 3009 au-

2139 3062 2247 3109 tem
2277 3053 2477 3125 gradus
2521 3053 2715 3108 tertius
2742 3060 2849 3116 est,
2879 3049 2971 3123 qui
3003 3049 3170 3106 etiam
3196 3048 3345 3105 civili
3401 3048 3526 3121 jurc
3547 3065 3576 3104 a
3601 3063 3710 3104 con-

426 3148 628 3206 utatur,
659 3136 680 3175 ί
710 3138 1023 3212 coniugium
1051 3146 1212 3195 vocat
1241 3160 1255 3195 :
1279 3140 1372 3211 qui
1402 3138 1597 3195 alienae
1625 3149 1903 3211 expugnat
1933 3156 2031 3212 pu-
2058 3137 2103 3200 C
2135 3145 2308 3201 sortio
2329 3143 2566 3215 coniugii
2593 3155 2856 3214 exceptus
2878 3142 3114 3199 videtur.

422 3232 635 3297 dorem,
661 3230 990 3288 adulterium
1020 3229 1180 3298 facit,
1207 3230 1361 3302 cuius
1388 3232 1472 3287 vel
1516 3232 1634 3288 solo
1679 3233 1899 3289 nomine
1938 3248 2020 3290 rc-

425 3324 677 3395 primitur
726 3324 1046 3396 plerumque
1098 3322 1341 3379 tentandi
1380 3322 1606 3380 audacia
1654 3323 1768 3399 (27,
1798 3342 1850 3395 q.
1886 3325 1940 3391 2;
1976 3343 2023 3380 ε.

429 3419 555 3486 Quis
605 3418 958 3493 desponsata).
992 3418 1215 3475 Hostem
1247 3417 1411 3475 ferire
1456 3419 1682 3474 victoria
1734 3427 1839 3486 est,
1873 3435 2024 3475 reum

426 3514 694 3586 aequitas,
744 3514 1091 3570 innocentem
1140 3512 1492 3570 homicidium
1526 3530 1539 3569 :
1571 3512 1716 3586 quod
1759 3515 1805 3569 si
1848 3516 1968 3587 quis
2001 3526 2025 3562 δ’

502 3666 527 3693 α
558 3654 991 3728 Nonnulli_mss.,
1006 3670 1123 3709 cum
1147 3654 1216 3728 ad
1227 3670 1519 3728 annum.”
1532 3658 1649 3728 jam
1670 3655 2024 3725 produxerim.

501 3730 530 3769 ιι
571 3727 732 3781 Rom.
764 3726 923 3790 edit.,
954 3743 1074 3782 cum
1100 3727 1450 3781 tabernaculis
1478 3723 1665 3782 Cédar.

503 3814 526 3842 c
566 3797 781 3867 Scripta
802 3799 946 3853 circa
972 3813 1171 3853 annum
1196 3796 1322 3855 Z95.

501 3875 530 3917 σι
570 3868 684 3924 Νοη
711 3870 864 3940 pauci
893 3885 1051 3937 mss.,
1075 3870 1498 3937 consolationem,
1529 3868 1668 3925 haud
1695 3868 1830 3925 satis
1853 3880 2023 3927 recte.

429 3943 601 4011 liuius
620 3950 802 3997 autem
848 3941 1094 4010 cpistola:
1125 3941 1462 4012 propositum
1514 3940 1760 3997 Nannius
1802 3943 2026 4012 exponit

430 4016 483 4070 in
516 4014 660 4070 hunc
709 4012 931 4069 modum
960 4030 975 4072 :
1013 4032 1032 4066 ι
1060 4013 1199 4069 Olim
1230 4012 1428 4069 licebat
1473 4024 1728 4085 patruum
1761 4012 1924 4085 ﬁliam
1955 4031 2022 4070 ex

429 4086 596 4143 fratre
625 4086 681 4141 in
702 4100 925 4141 uxorem
953 4085 1174 4152 ducere,
1204 4096 1263 4139 ttt
1305 4093 1453 4155 patet
1480 4084 1546 4140 ex
1578 4084 1891 4154 fragmentis
1931 4085 2025 4142 Ul-

432 4159 601 4228 piani,
632 4157 787 4227 cuius
811 4156 978 4230 verba
1004 4156 1120 4230 hrcc
1166 4154 1343 4230 sunt;
1371 4154 1519 4211 Inter
1567 4164 1811 4230 cognatos
1854 4166 2025 4212 autem

432 4246 496 4284 ea:
523 4240 814 4310 transverso
837 4229 1004 4310 gradu
1048 4229 1173 4283 olim
1219 4228 1431 4310 quidam
1467 4228 1641 4295 usque
1783 4240 2025 4299 quartum

432 4299 653 4371 gradum
696 4299 1026 4355 matrimonia
1069 4300 1308 4355 contrahi
1334 4316 1435 4355 non
1462 4308 1733 4370 poterant,
1767 4314 1903 4355 nunc
1930 4318 2021 4355 au-

432 4383 531 4426 tent
555 4387 618 4444 ea:
641 4372 789 4425 tertio
832 4371 998 4444 gradu
1020 4371 1140 4427 licet
1164 4387 1376 4444 uxorem
1402 4372 1621 4435 ducere:
1641 4372 1685 4444 si
1717 4380 1887 4426 tamen
1921 4376 2028 4442 [ra-

434 4444 524 4497 tris
547 4442 679 4512 ﬁlia,
720 4441 1228 4536 nonetiamlsororis
1242 4441 1385 4536 filia,
1420 4451 1510 4536 atlt't
1547 4442 1742 4509 amita,
1772 4453 1862 4497 aut
1918 4461 2027 4499 ma-
2059 4475 2111 4536 Β

434 4511 645 4579 tertera,
676 4514 910 4587 quamvis
923 4514 1114 4587 eodem
1135 4515 1302 4587 gradu
1328 4515 1413 4570 sit.
1452 4511 1591 4587 Hoc;
1611 4529 1795 4587 genere
1838 4531 2034 4570 connu-

435 4586 505 4640 bii
522 4582 728 4659 primus
750 4585 884 4659 inter
912 4582 1173 4642 Romanos
1199 4602 1324 4640 usus
1343 4594 1417 4659 est
1441 4582 1526 4642 Cl.
1551 4582 1727 4641 Ctésar
1749 4586 2037 4659 Agrippina

433 4656 614 4728 fratris
651 4656 763 4724 ﬁlia
796 4657 850 4710 in
894 4673 1105 4712 uxorem
1128 4658 1305 4713 ducta.
1348 4656 1503 4713 Nunc
1536 4669 1717 4713 autem
1770 4656 2036 4715 Falernus

435 4729 490 4801 in
522 4729 637 4799 pari
683 4728 853 4798 gradu
899 4728 1041 4785 idem
1087 4729 1177 4800 ius
1226 4730 1457 4801 putavit,
1489 4728 1846 4800 quaesivitque
1889 4734 2033 4801 quod

435 4796 645 4857 licitum
669 4796 787 4855 erat
818 4809 1029 4867 patruo,
1061 4796 1190 4856 n'um
1233 4800 1375 4856 idem
1409 4796 1601 4856 liceret
1651 4796 1922 4857 avunculo
1947 4820 1960 4856 :
1990 4804 2034 4857 si

436 4872 659 4928 incesta:
685 4874 887 4942 nuptiae
916 4888 1022 4928 non
1073 4882 1229 4929 erant
1264 4887 1389 4927 cum
1441 4871 1625 4928 fratris
1658 4873 1789 4937 lilia,
1820 4888 1925 4929 non
1956 4874 2037 4928 vi-

435 4945 552 4999 deri
581 4945 743 5000 etiam
775 4947 1013 5000 incestas
1049 4961 1172 5001 cum
1219 4944 1425 4999 sororis
1453 4943 1588 5000 ﬁlia.

436 5016 651 5071 hr0sius
698 5018 800 5072 hac
854 5016 1080 5087 epistola
1112 5016 1364 5072 refellit.»
1400 5015 1526 5071 Haec
1576 5015 1691 5071 ille.
1748 5014 1854 5073 Sed
1901 5017 2033 5071 nihil

435 5098 519 5141 est
566 5090 759 5159 intota
791 5088 1040 5159 cpiswla.
1071 5089 1214 5144 unde
1243 5088 1500 5156 colligere
1549 5088 1706 5143 liceat
1730 5088 1886 5144 istam
1938 5089 2038 5144 Pa-

438 5170 592 5213 terno
623 5158 789 5214 fuisse
819 5158 1178 5216 dubitationis
1202 5175 1425 5215 causam
1456 5178 1470 5212 :
1513 5167 1705 5214 contra
1736 5176 1863 5215 vero
1919 5175 2037 5216 om-

441 5230 524 5284 nis
553 5232 726 5287 series
747 5232 945 5287 clamat
979 5233 1264 5287 Doctoretu
1299 5240 1542 5286 nostrum
1570 5229 1711 5286 haud
1768 5232 1943 5287 minus
1974 5233 2037 5286 il-

439 5299 614 5357 licitas
638 5303 893 5359 habuisse
920 5305 1135 5373 nuptias
1159 5305 1333 5374 patrui
1364 5318 1486 5358 cutn
1514 5301 1694 5358 fratris
1722 5302 1849 5368 ﬁlia,
1874 5320 2035 5374 quam

440 5374 691 5429 avunculi
718 5388 841 5430 cum
862 5378 1090 5432 sororis.

517 5454 539 5481 ι’
582 5444 958 5518 Edit._aliquut
991 5447 1192 5513 Paris.,
1218 5447 1535 5518 medicorum
1555 5445 1709 5518 etiam
1729 5445 1900 5517 periti,
1930 5462 2036 5518 non

444 5513 966 5589 bene;medicoi-um
1009 5519 1157 5575 enim
1189 5520 1341 5589 pueri
1389 5533 1420 5573 a
1459 5516 1662 5574 Graecis
1702 5513 1803 5587 ipsi
1841 5517 2037 5574 medici

444 5587 820 5659 appellantur;
856 5600 913 5644 ut
944 5590 1057 5659 iam
1087 5587 1287 5646 alicubi
1315 5588 1748 5645 observavimus.

524 5654 541 5692 ε
582 5656 742 5712 Rom.
796 5654 1110 5729 cditfsola,
1142 5662 1384 5732 conjugio
1411 5670 1556 5716 vacat
1600 5676 1619 5715 :
1648 5676 1831 5732 verum
1888 5661 2037 5717 nulla

447 5738 605 5778 causa
634 5736 740 5790 est,
769 5743 868 5784 cur
894 5731 961 5786 ab
981 5731 1105 5787 aliis
1125 5747 1187 5787 ac
1215 5731 1346 5787 mss.
1373 5732 1627 5788 omnibus
1654 5731 1961 5788 recedatur.

524 5804 548 5842 tt
590 5793 733 5849 Edit.
753 5810 835 5852 ac.
878 5815 1009 5856 mss.
1043 5801 1315 5871 nonnulli,
1338 5804 1587 5875 percipiat
1613 5804 1828 5869 animo;
1859 5803 2032 5871 Belv.,

1634 4943 1788 5012 Quod
1815 4946 1873 5001 S.
1903 4948 2052 5000 Αηιι·

2206 3237 2261 3292 4.
2304 3235 2414 3293 Sed
2448 3236 2600 3307 prius
2628 3250 2799 3292 sacrae
2822 3235 2956 3307 legis
2977 3236 3117 3291 scita
3138 3235 3577 3305 interrogemus;
3605 3249 3712 3305 pre-

2135 3328 2312 3385 lendis
2335 3329 2480 3386 enim
2533 3330 2587 3384 in
2616 3329 2723 3385 tuis
2752 3328 2969 3394 litteris,
3000 3326 3145 3399 quod
3176 3328 3509 3398 permissum
3534 3329 3627 3383 hoc
3647 3327 3710 3381 di-

2135 3423 2261 3478 vino
2283 3422 2407 3494 iure
2432 3422 2761 3478 counubium
2785 3419 3092 3492 huiusmodi
3124 3419 3452 3491 pignoribus
3471 3422 3713 3477 existime-

2136 3526 2244 3584 tur,
2276 3532 2342 3574 eo
2359 3516 2503 3588 quod
2525 3532 2634 3573 non
2666 3515 2739 3572 sit
2760 3514 3111 3588 prohibitum.
3140 3514 3253 3586 Ego
3275 3524 3463 3571 autem
3486 3525 3543 3571 ct
3566 3513 3713 3586 probi.

2130 3656 2397 3730 praecipiat
2440 3657 2617 3711 animo
2642 3671 2661 3711 :
2686 3653 2871 3721 Colb.,
2913 3652 3184 3725 praecipiat
3226 3653 3498 3721 amicum;
3530 3654 3710 3725 reliqui,

2132 3738 2190 3784 ut
2219 3731 2270 3784 in
2303 3738 2472 3785 textu.

2204 3798 2232 3838 ιι
2273 3800 2401 3857 Mss.
2425 3800 2655 3870 aliquot,
2679 3797 2987 3869 discopulet,
3020 3814 3121 3870 nec
3145 3797 3453 3853 discoloret.
3497 3797 3610 3855 Non
3643 3797 3715 3870 ab

2129 3873 2297 3928 surde
2323 3884 2501 3928 autem
2521 3868 2711 3927 monet
2737 3868 2981 3926 Nannius
3003 3872 3041 3927 .Α
3055 3869 3359 3925 mbrosium
3393 3870 3636 3925 allusissc
3659 3868 3710 3923 ad

2132 3944 2262 4000 illttd
2302 3944 2477 3999 Ovidii
2511 3962 2526 3999 :

2224 4023 2380 4087 Quam
2403 4023 2531 4074 male
2556 4022 2824 4086 inaequales
2845 4023 3053 4087 veniunt
3075 4021 3134 4071 ad
3157 4030 3322 4073 aratra
3342 4022 3547 4084 iuvenci
3566 4065 3579 4087 ,

2225 4086 2345 4136 'l‘am
2372 4088 2612 4150 premitur
2636 4084 2811 4148 magno
2832 4084 3045 4148 coniuge
3069 4092 3220 4148 nupta
3246 4086 3431 4139 minor.

2212 4157 2227 4195 ί
2271 4158 2612 4213 υΙ)έετνειὶ›ηι
2649 4155 3005 4211 Casaubonus
3048 4156 3102 4228 in
3155 4155 3503 4227 Spurtianum
3534 4171 3645 4228 pag.
3672 4155 3714 4214 li.

2134 4245 2287 4285 num.
2315 4230 2405 4295 l2,
2445 4243 2633 4283 vocem
2660 4228 2825 4299 neptis
2848 4228 2917 4282 ab
2943 4227 3237 4283 Ambrosio
3281 4229 3337 4283 in
3371 4227 3479 4284 hac
3517 4227 3717 4299 epistola

2137 4303 2366 4370 positam
2394 4310 2450 4357 et
2481 4316 2577 4370 pro
2600 4298 2695 4354 ﬁlii
2728 4298 2835 4353 ﬁlia
2871 4300 3043 4356 veteri
3074 4298 3410 4370 signiﬁcato,
3442 4310 3498 4356 et
3521 4298 3615 4370 pro
3632 4298 3716 4353 lilia

2134 4372 2319 4429 fratris
2341 4373 2544 4429 recenti
2566 4371 2935 4442 usurpatione,
2964 4386 3087 4442 quae
3118 4370 3341 4426 tandem
3372 4374 3495 4427 sola
3525 4371 3717 4427 invaluit

2136 4444 2279 4515 apud
2308 4445 2473 4501 [talos
2499 4454 2555 4499 et
2580 4441 2785 4499 Gallos.
2814 4441 3081 4515 Addimus
3120 4458 3251 4498 vero
3272 4442 3574 4499 Prmsulem
3613 4456 3714 4496 nos-

2142 4513 2311 4585 trum,
2332 4516 2461 4572 dum
2487 4516 2765 4569 nominum
2787 4513 3229 4570 consideratione
3257 4516 3598 4585 propositum
3614 4528 3715 4569 con

2135 4587 2345 4658 jugium
2390 4586 2709 4652 dissuadet,
2758 4585 3023 4659 imitatum
3088 4585 3263 4659 videri
3318 4586 3613 4659 Sophoclis
3666 4598 3716 4638 ac

2140 4655 2367 4716 senem
2420 4660 2741 4729 tragmdias,
2790 4657 2844 4712 in
2882 4658 3083 4729 quibus
3128 4655 3329 4729 (Edipi
3363 4655 3491 4714 cum
3527 4657 3717 4729 locasta

2141 4742 2317 4787 matre
2357 4727 2704 4802 coniugium,
2750 4727 3046 4802 propositis
3097 4728 3440 4802 afﬁnitatmn
3485 4745 3605 4799 qua)
3648 4727 3716 4781 hic

2139 4800 2637 4865 confundebantur,
2665 4800 2961 4867 vocabulis,
2996 4802 3380 4872 exsecratione
3410 4800 3628 4872 dignum
3646 4814 3715 4853 os-

2140 4875 2400 4929 tenditur.
2458 4873 2699 4929 Priorem
2751 4872 2980 4944 consule
3033 4871 3227 4944 (Edipi
3258 4871 3498 4944 Tyranni
3551 4872 3713 4926 ultimo

2138 4955 2281 5011 actu,
2331 4947 2687 5015 posteriorem
2719 4955 2899 4998 autem
2928 4942 3222 4999 Thebaidis
3251 4942 3449 5010 primo.

2215 5019 2229 5068 t'
2279 5014 2483 5073 omnes
2526 5015 2685 5081 edit.,
2713 5016 3004 5097 exspectari
3048 5016 3360 5097 sententiam
3387 5033 3491 5071 non
3534 5014 3711 5084 opinor;

2139 5104 2332 5146 omnes
2358 5103 2491 5144 mss.
2530 5103 2561 5143 e
2585 5096 2890 5150 eontrarto,
2922 5096 2982 5140 ιιι
3006 5101 3105 5140 nos
3126 5096 3179 5140 lll
3212 5097 3383 5141 ιθιιυ.

2212 5160 2239 5199 ιι
2280 5161 2379 5230 Qui
2411 5175 2478 5215 ex
2506 5158 2720 5213 duobus
2751 5158 3008 5214 fratribus
3052 5169 3373 5225 nascuntur,
3418 5158 3607 5230 intres
3636 5170 3710 5226 pa-

2141 5227 2346 5289 trueles
2366 5274 2383 5296 ,
2413 5245 2743 5301 sororesque
2765 5230 3039 5301 patrueles
3062 5229 3432 5298 appellantur.
3475 5227 3664 5301 Cicero
3680 5240 3708 5279 ll

2140 5304 2340 5375 Philip.
2369 5302 2478 5360 Sed
2504 5296 2726 5375 enim'si
2751 5296 2889 5375 alter
2916 5296 3304 5375 sithmaSCulus
3321 5343 3339 5369 ,
3365 5302 3535 5375 altera
3552 5302 3626 5375 ‘Sit
3644 5296 3706 5351 fc-

2141 5370 2308 5442 mina,
2341 5375 2433 5447 qui
2487 5390 2553 5429 ex
2605 5373 2816 5429 duobus
2862 5371 3140 5435 fratribus,
3179 5371 3294 5447 sive
3347 5374 3517 5427 altero
3546 5370 3703 5447 fratre,

2141 5449 2257 5504 sive
2285 5441 2462 5502 altera
2493 5461 2684 5500 sorore
2705 5456 3024 5505 nascuntur,
3051 5459 3206 5514 teque
3234 5445 3431 5500 fratres
3471 5441 3707 5513 patrueles

2140 5530 2429 5583 vocantur,
2458 5533 2488 5573 a
2532 5516 2780 5588 digniorc
2826 5524 3190 5585 transsumpta
3237 5515 3707 5588 significatione;et

2141 5593 2224 5648 sic
2271 5582 2433 5647 etiam
2496 5582 2724 5645 maritos
2768 5601 3052 5651 vocamus,
3086 5582 3205 5641 cum
3265 5582 3321 5642 et
3368 5600 3600 5644 uxorem.
3638 5582 3704 5636 vi-

2141 5677 2384 5734 rumque,
2400 5662 2518 5734 eius
2545 5660 2922 5734 intelligimus.
2943 5657 3019 5734 ita
3048 5656 3319 5734 Nannius.
3329 5657 3583 5734 Caeterum
3604 5668 3702 5724 qua

2141 5735 2225 5792 lex
2281 5728 2463 5790 divina
2518 5733 2610 5790 hic
2653 5728 2923 5788 indicetur
2969 5730 3040 5787 ab
3070 5730 3383 5801 Ambrosio,
3421 5728 3572 5786 nobis
3612 5740 3701 5781 nos

2142 5807 2430 5862 succurrit.
