3932 6296
164 302 304 364 “85

1384 299 1873 360 EPISTOLMlUM
1913 298 2194 359 CLASSIS
2236 301 2274 357 I.

3332 305 3471 363 uso

165 424 334 479 bitum
383 437 598 490 assero;
635 424 756 492 quia
787 439 908 480 cum
960 424 1165 481 leviora
1213 423 1502 481 interdicta
1535 425 1644 479 sint
1703 424 1757 481 de

1949 421 2002 475 9.
2028 419 2134 476 Sed
2175 418 2312 473 dicis
2347 431 2366 456 υ
2403 417 2562 473 alicui
2604 417 2927 474 relaxatum.
2969 419 3166 473 Verum
3213 418 3316 476 hoc
3368 421 3474 490 legi

162 514 498 584 patruelibus
521 515 773 571 fratribus
800 558 814 583 ,
847 517 1058 590 1019
1083 517 1252 571 multo
1279 515 1453 586 magis
1497 516 1601 571 hoc
1621 515 1763 586 quod

157 609 411 663 arctioris
438 619 524 664 est
568 608 787 679 plenum
836 609 1275 672 necessitudinis.
1305 608 1649 665 interdictum
1676 623 1765 664 ar-

158 700 350 755 bitror.
378 700 482 768 Qui
512 700 654 755 enim
699 701 901 758 leviora
929 701 1200 773 astringit,
1233 702 1485 772 graviora
1515 716 1623 757 non
1653 701 1764 758 sol-

155 793 254 858 vit,
289 793 383 848 sed
407 791 612 864 alligat.

226 885 280 939 5.
309 885 463 954 Quod
492 887 538 940 si
566 885 688 942 ideo
702 886 1030 957 permissum
1063 894 1223 958 putas
1246 928 1261 952 ,
1286 887 1412 958 quia
1447 885 1763 958 specialiter

155 995 264 1035 non
304 989 389 1035 est
425 978 794 1050 prohibitum;
830 995 930 1037 nec
956 980 1088 1036 illud
1135 979 1465 1052 prohibitum
1505 994 1762 1036 sermone

154 1075 316 1150 Legis
341 1075 605 1147 reperies,
625 1090 694 1130 ne
719 1084 872 1146 pater
893 1075 1058 1131 tiliam
1082 1091 1236 1131 suam
1260 1076 1755 1146 aceipiatuxorem.

153 1169 422 1242 Numquid
469 1169 593 1226 ideo
629 1171 790 1237 licet,
820 1171 946 1243 quia
977 1187 1084 1226 non
1116 1181 1204 1228 est
1243 1171 1578 1244 prohibitum
1607 1173 1632 1226 ‘l
1662 1170 1760 1226 Mi-

155 1264 336 1329 nime;
376 1262 726 1319 interdictum
769 1272 854 1319 est
893 1267 1038 1320 enim
1078 1273 1285 1321 natura:
1308 1266 1466 1336 jure,
1498 1265 1760 1323 interdic-

153 1367 267 1412 tum
289 1367 373 1414 est
398 1357 542 1428 lege,
573 1373 695 1429 qua:
726 1358 884 1415 estin
915 1359 1172 1415 cordibus
1189 1360 1564 1431 singulorum:
1592 1361 1758 1416 inter-

152 1451 359 1508 dictum
390 1462 472 1508 est
501 1452 800 1509 inviolabili
846 1454 1262 1525 praescriptione
1302 1455 1520 1524 pietatis
1542 1497 1556 1520 ,
1603 1454 1758 1510 titulo

153 1547 607 1604 necessitudinis.
636 1547 848 1617 Quanta
881 1547 1190 1618 huiusmodi
1221 1549 1466 1604 invenies
1496 1564 1602 1603 non
1634 1562 1759 1604 esse

152 1641 442 1697 interdicta
473 1642 595 1712 lege
619 1656 717 1712 per
740 1641 963 1714 Moysen
991 1642 1167 1709 edita,
1196 1650 1443 1698 ettamen
1469 1640 1756 1697 interdicta

151 1742 282 1789 sunt
302 1733 538 1804 quadam
578 1749 713 1790 voce
742 1737 983 1789 naturae!

1871 526 1977 566 non
2011 511 2350 583 praeiudicat;
2383 510 2526 582 quod
2561 510 2707 565 enim
2733 507 2758 546 ιι
2793 509 2844 564 in
2876 525 3166 568 commune
3191 512 3470 576 statuitur,

1867 603 1918 661 ei
1943 614 2152 660 tantum
2183 603 2433 676 prolicit,
2465 604 2550 660 cui
2584 604 2887 660 relaxatum
2927 603 3164 669 videtur,
3200 604 3363 675 longe
3390 604 3474 660 di-

1867 712 2025 754 versa
2059 697 2282 754 invidia.
2311 696 2451 754 lllud
2481 706 2665 754 tamen
2688 696 2814 753 licet
2843 698 2896 752 in
2920 697 3092 753 veteri
3119 696 3474 753 Testamento

1866 791 2101 864 legimus
2126 837 2140 861 ,
2188 801 2248 848 ut
2271 793 2469 864 aliquis
2491 807 2720 849 uxorem
2741 807 2896 848 suam
2928 807 3175 849 sororem
3208 791 3421 850 diceret
3455 811 3470 861 ;

1865 883 2011 940 istud
2039 884 2377 954 inauditum,
2417 894 2475 940 ut
2498 886 2788 956 quisquam
2821 894 3039 957 neptem
3068 902 3221 943 suam
3251 887 3304 942 in
3339 904 3474 945 uxo-

1864 992 1980 1033 rem
2011 979 2280 1049 accipiat,
2313 988 2370 1035 et
2396 979 2686 1051 coniugem
2705 980 2875 1036 dicat.

1942 1069 2156 1142 1020
2182 1070 2274 1129 10.
2299 1070 2419 1127 .lam
2455 1071 2588 1128 illud
2608 1072 3066 1144 pulcherrimum,
3089 1075 3236 1147 quod
3261 1079 3470 1148 negasti

1862 1170 2082 1234 neptem
2108 1171 2255 1219 tuam
2276 1165 2552 1220 avunculo
2579 1179 2682 1221 suo
2713 1176 2807 1221 tuo
2837 1165 2954 1222 lilio
2988 1177 3011 1204 ο
3043 1169 3355 1240 propinquo
3383 1183 3471 1226 se-

1861 1254 1997 1310 mini
2047 1256 2384 1324 convenire;
2417 1257 2543 1326 quia
2579 1272 2689 1313 non
2717 1259 3028 1329 agnationis
3051 1262 3340 1331 copuletur
3370 1279 3471 1321 ne-

1859 1348 2214 1405 cessitudine.
2239 1350 2404 1418 Quasi
2438 1364 2570 1406 vero
2599 1359 2656 1406 et
2692 1351 2891 1408 uterini
2919 1351 3150 1422 fratres,
3177 1353 3231 1410 id
3259 1363 3364 1424 est,
3389 1355 3472 1413 di-

1860 1456 2021 1497 verso
2051 1450 2226 1512 patre,
2256 1443 2354 1499 sed
2387 1443 2578 1499 eadem
2603 1453 2778 1500 matre
2805 1446 3236 1518 geniti,possint
3254 1447 3474 1506 diverso

1860 1551 1992 1593 sexu
2035 1539 2178 1595 inter
2207 1553 2267 1595 se
2307 1540 2360 1595 in
2392 1539 2708 1611 coniugium
2739 1542 3076 1610 convenire;
3109 1557 3233 1600 cum
3267 1551 3325 1600 et
3372 1543 3476 1615 ipsi

1859 1630 2165 1700 agnationis
2206 1630 2298 1702 jus
2334 1631 2537 1688 habere
2568 1646 2675 1688 non
2705 1641 2946 1704 queant,
3001 1633 3099 1692 sed
3127 1637 3472 1708 cognationis

1860 1729 2071 1776 tantum
2096 1722 2202 1778 sibi
2233 1723 2393 1779 titulo
2421 1725 2658 1781 connexi
2681 1725 2814 1780 sint.

225 1829 280 1882 6,
311 1827 585 1898 Multaque
611 1838 735 1884 sum
755 1870 769 1892 ,
798 1843 921 1898 ηοω
945 1828 1075 1884 licet
1104 1827 1302 1894 facere,
1336 1830 1430 1885 sed
1460 1845 1567 1885 ηοη
1590 1845 1757 1901 expc-
1787 1817 1837 1878 B
1928 1819 2015 1873 11.
2047 1818 2205 1876 Unde
2231 1821 2450 1892 oportet
2479 1821 2548 1878 ab
2573 1837 2636 1878 ea
2667 1821 2921 1880 discedas
2963 1823 3266 1882 intentione
3288 1869 3302 1893 ,
3353 1842 3475 1900 qua:

153 1922 273 1989 dit;
320 1923 503 1978 omnia
545 1922 688 1978 enim
725 1921 924 1991 licent,
960 1921 1056 1978 sed
1084 1939 1192 1979 non
1224 1924 1521 1995 expediunt
1555 1924 1609 1996 (Ι
1635 1923 1756 1979 Cor.

153 2030 207 2069 vi
233 2057 247 2081 ,
287 2014 409 2086 12):
455 2015 635 2071 omnia
673 2015 874 2083 licent,
909 2017 1004 2072 sed
1040 2031 1148 2072 non
1196 2017 1487 2074 :edilicant.
1524 2018 1580 2074 Si
1627 2033 1759 2091 ergo

147 2108 317 2162 etiam
343 2109 413 2163 ab
438 2109 504 2164 iis
529 2123 628 2164 nos
657 2117 890 2164 revocat
921 2110 1221 2179 Apostolus
1249 2153 1263 2176 ,
1293 2127 1414 2181 qua:
1449 2127 1558 2166 non
1589 2111 1760 2167 :edili-

150 2210 317 2266 cant;
347 2200 624 2272 quomodo
655 2200 964 2257 faciendum
992 2211 1266 2274 putamus,
1296 2204 1443 2275 quod
1471 2217 1526 2262 et
1553 2220 1660 2261 non
1689 2206 1758 2262 li-

150 2301 242 2349 cet
273 2293 431 2364 Legis
459 2294 709 2360 oraculo,
741 2304 796 2350 et
827 2309 936 2349 non
966 2294 1236 2363 aediﬁcat,
1267 2296 1615 2369 discrepante
1647 2301 1758 2370 pie-

159 2384 289 2440 tatis
321 2383 552 2440 ordinc?
578 2383 648 2439 Et
677 2393 857 2440 tamen
884 2385 972 2440 illa
1017 2387 1133 2456 ipsa
1156 2396 1368 2457 vetera,
1393 2406 1513 2461 quae
1541 2389 1759 2447 fuerant

155 2478 402 2544 duriora,
455 2486 768 2547 temperata
813 2487 942 2534 sunt
988 2494 1084 2550 per
1135 2479 1496 2553 Evangelium
1546 2483 1758 2539 Domini

152 2570 281 2628 Jesu
317 2570 700 2628 :Transierunt
731 2581 1056 2638 vetera,ecce
1084 2574 1225 2644 facta
1251 2583 1372 2630 sunt
1400 2574 1612 2646 nova(ll
1631 2573 1753 2631 Cor.

155 2681 212 2733 v,
244 2665 359 2738 l7).

234 2761 288 2814 7.
317 2760 457 2828 Quid
492 2769 599 2818 tam
630 2763 875 2820 solemne
894 2778 1055 2834 quam
1087 2772 1110 2800 ἰ
1144 2765 1390 2820 osculum
1421 2765 1565 2822 inter
1589 2782 1759 2822 avun-

154 2853 338 2909 culum
367 2864 424 2911 et
451 2865 672 2926 neptem
698 2899 713 2923 ,
745 2856 890 2928 quod
917 2857 1019 2912 iste
1046 2857 1201 2926 quasi
1239 2857 1362 2913 lilia:
1402 2859 1602 2925 debet,
1639 2860 1758 2917 lucc

153 2946 308 3016 quasi
340 2947 594 3017 parenti?
623 2948 736 3004 lloc
763 2947 931 3019 igitur
954 2947 1236 3005 inoffensae
1265 2951 1485 3020 pietatis
1513 2952 1756 3008 osculum

153 3049 469 3111 suSpectum
492 3041 661 3098 facies
689 3043 759 3099 de
785 3043 983 3100 talibus
1010 3043 1306 3116 cogitando
1335 3046 1561 3115 nuptiis,
1596 3055 1650 3103 et
1673 3063 1758 3104 re-

155 3133 564 3205 ligiosissimum
586 3144 988 3192 sacramentum
1013 3137 1155 3192 caris
1184 3138 1506 3208 pignoribus
1532 3140 1750 3210 eripies.

1863 1910 2085 1967 etiamsi
2119 1912 2310 1970 liceret
2337 1955 2352 1978 ,
2383 1923 2564 1969 tamen
2590 1924 2738 1970 tuam
2786 1914 3049 1971 familiam
3080 1933 3190 1973 non
3209 1925 3476 1991 prepaga-

1866 2011 1978 2059 ret:
2017 2004 2181 2062 debet
2213 2007 2362 2063 enim
2396 2005 2414 2045 ί
2456 2006 2555 2064 tibi
2599 2007 2746 2064 filius
2785 2020 2974 2066 noster
3019 2022 3270 2082 nepotes,
3313 2013 3477 2072 debet

1863 2099 2030 2154 etiam
2071 2101 2251 2172 neptis
2293 2101 2615 2158 charissima
2649 2116 3004 2178 pronepotes.
3036 2106 3169 2164 Vale
3202 2124 3328 2165 cum
3366 2109 3473 2167 tuis

1863 2194 2139 2252 omnibus.

2367 2323 2392 2359 8
2423 2312 2758 2370 EPISTOLA
2798 2313 2938 2370 LXI.
2981 2367 2983 2369 ,

1864 2445 1968 2499 Cur
1991 2444 2294 2502 Mediolano
2315 2451 2600 2515 secesserit,
2627 2467 2688 2504 ac
2710 2433 2913 2506 mature
2925 2452 3103 2508 eodem
3125 2455 3354 2524 redierit,
3383 2455 3473 2511 de-

1935 2539 2134 2596 clarato
2157 2582 2172 2606 ,
2239 2543 2520 2614 gratiisque
2567 2542 2680 2600 Deo
2724 2553 2937 2617 propter
2973 2564 3120 2617 opem
3161 2546 3473 2606 TBEODOSIO

1933 2634 2220 2702 praestitum
2246 2634 2399 2700 actis,
2423 2636 2677 2690 uoluntati
2708 2637 2944 2708 ejusdem
2967 2639 3224 2712 principis
3257 2641 3470 2697 obseru-

1865 2755 1876 2762 —
1935 2735 2110 2782 turum
2135 2745 2191 2784 se
2217 2728 2512 2800 pollicetur.
2539 2727 2705 2804 Cujus
2719 2732 2963 2802 pietatem
2991 2750 3191 2792 summe
3211 2751 3470 2793 commen-

1933 2818 2090 2889 dans,
2122 2830 2176 2876 ut
2199 2821 2469 2877 clementia
2497 2830 2677 2877 utatur
2698 2825 2846 2894 petit.

2130 2995 2154 3034 ¹ι
2190 2999 2500 3056 Alanosws
2539 3000 2847 3059 Tusooosno
2872 3003 3214 3076 imperatori.

1935 3139 1986 3193 l.
2014 3139 2324 3195 Arbitratus
2342 3141 2752 3208 es,beatissime
2777 3145 3096 3216 imperator,
3123 3156 3383 3218 quantum
3399 3165 3466 3206 ex

228 3224 282 3279 8.
306 3225 472 3281 Sedsi
495 3225 674 3282 divina
697 3237 748 3282 te
771 3235 1125 3298 praetereunt,
1152 3227 1341 3283 saltem
1370 3228 1759 3298 imperatorum
1787 3227 1834 3291 C
1867 3231 2328 3302 augustislitteris
2375 3233 2484 3288 tuis
2525 3236 2770 3304 comperi
2799 3278 2813 3304 ,
2850 3253 2938 3294 me
2966 3239 3128 3310 longe
3175 3239 3370 3298 abesse
3397 3241 3467 3298 ab

155 3327 429 3390 praecepta
451 3361 467 3386 ,
499 3334 530 3374 a
561 3319 761 3390 quibus
787 3318 816 3358 ι’
845 3319 1242 3390 amplissimum
1283 3321 1542 3391 accepisti
1584 3321 1758 3377 hono-

153 3426 296 3477 rem,
350 3411 771 3484 haudquaquam
820 3413 1104 3485 praeterire
1149 3423 1201 3469 te
1244 3413 1573 3470 debuerunt.
1617 3413 1753 3470 Nam

153 3505 501 3563 Theodosius
529 3506 824 3578 imperator
845 3507 1005 3563 etiam
1032 3507 1306 3578 patrueles
1330 3507 1528 3564 fratres
1545 3517 1601 3565 et
1618 3523 1722 3564 con
1736 3540 1756 3552 ο

152 3598 410 3656 sobrinos
443 3599 610 3656 vetuit
639 3600 786 3655 inter
809 3615 869 3655 se
899 3598 1135 3670 conjugii
1173 3599 1467 3656 convenire
1493 3601 1714 3658 nomine
1739 3643 1753 3668 ,

151 3700 212 3749 et
239 3693 640 3749 sevcrissimam
661 3707 880 3764 pinnam
903 3695 1116 3761 statuit,
1148 3692 1195 3746 si
1221 3693 1342 3763 quis
1371 3702 1638 3750 temerare
1662 3710 1756 3750 aut

152 3802 251 3844 sus
280 3797 427 3844 esset
452 3786 680 3844 fratrum
711 3788 795 3859 pia
828 3788 1060 3860 pignora
1087 3804 1100 3852 ;
1132 3797 1184 3843 et
1211 3797 1391 3844 tamen
1424 3789 1500 3844 illi
1526 3789 1756 3846 invicem

149 3881 259 3938 sibi
301 3883 540 3954 mquales
563 3891 692 3938 sunt
721 3900 735 3936 :
771 3882 1154 3938 tantummodo
1181 3883 1306 3954 quia
1334 3884 1758 3954 prOpinquitalis

152 3975 560 4031 necessitudine
592 3984 648 4032 et
695 3977 949 4032 fraternae
972 3976 1504 4047 societatisligantur
1521 3977 1757 4045 vinculo,

149 4071 340 4143 pietati
364 4088 458 4130 eos
489 4073 667 4129 voluit
690 4073 920 4140 debere,
948 4073 1095 4145 quod
1125 4075 1236 4130 uati
1266 4083 1412 4130 sunt.

229 4221 254 4248 ο
295 4212 556 4283 Romanis
577 4211 704 4267 olim
733 4211 901 4267 moris
926 4211 1122 4277 fuisse,
1151 4220 1208 4267 ut
1237 4211 1454 4283 cognati
1501 4220 1759 4282 cognatas

152 4298 308 4349 suas,
333 4285 441 4339 nisi
469 4286 514 4340 si
537 4281 658 4355 qua:
683 4284 903 4338 famosa:
935 4293 1113 4347 erant,
1137 4281 1328 4339 osculo
1347 4281 1666 4348 salutarent,
1691 4299 1760 4338 ex

151 4356 422 4412 Cicerone
476 4356 734 4412 observat
778 4356 1050 4412 Adrianus
1093 4355 1384 4413 Turnebus
1449 4355 1548 4411 lib.
1625 4371 1756 4410 xxix

158 4426 457 4484 Adversar.
490 4443 609 4498 cap.
635 4428 727 4482 27.

229 4499 256 4538 ι)
308 4500 604 4555 Paternum
657 4499 802 4556 hunc
842 4500 1052 4571 magnis
1092 4499 1450 4571 dignitatibus
1504 4509 1756 4555 ornatum

152 4572 322 4628 fuisse
350 4571 540 4627 istlimc
572 4572 847 4627 Ambrosii
888 4572 1052 4628 verba
1081 4571 1386 4628 declarant.
1413 4573 1756 4642 Quapropter

153 4659 268 4699 non
311 4644 546 4699 absurde
577 4643 890 4714 conjectant
929 4644 1002 4708 ii,
1034 4643 1127 4712 qui
1157 4630 1603 4700 eumdemwhunc
1629 4630 1752 4700 esse
1781 4630 1835 4690 D

155 4724 352 4784 putant
383 4755 399 4781 ,
445 4716 510 4770 ad
553 4731 715 4782 quem
744 4731 872 4772 cum
917 4716 1075 4770 titulo
1110 4717 1326 4770 comitis
1357 4716 1511 4773 Sacr.
1546 4716 1755 4786 Largit.

150 4787 424 4843 destinata
455 4797 540 4842 est
565 4787 654 4842 lex
685 4787 754 4841 14
779 4786 1076 4842 Theodosii
1106 4787 1169 4839 de
1195 4786 1428 4842 Metellis
1466 4829 1479 4851 ,
1539 4801 1754 4842 necnon

151 4859 406 4929 epistolae
437 4861 677 4930 quinque
721 4857 1040 4930 Symmachi
1070 4857 1131 4930 in,
1151 4857 1268 4927 ejus
1309 4859 1523 4930 libroiv
1566 4858 1756 4913 inseri-

153 4928 384 4986 buntur.
419 4928 635 4986 Excidit
661 4928 826 5000 porro
857 4945 980 5000 quae
1004 4928 1096 4984 hic
1120 4929 1426 4999 indicatur,
1460 4929 1756 4985 Theodosii

151 5001 478 5058 conStitutio
512 5021 526 5056 :
557 5003 655 5057 sed
699 5002 818 5072 ejus
851 5001 1056 5056 mentio
1084 5000 1143 5055 lit
1195 5002 1247 5055 in
1277 5000 1488 5056 duabus
1518 5001 1753 5056 filiorum

150 5074 276 5144 ejus
315 5074 556 5145 legibus,
580 5089 812 5144 quarum
847 5075 1017 5128 altera
1061 5089 1183 5144 quae
1233 5081 1319 5128 est
1365 5073 1401 5128 3
1427 5072 1496 5128 de
1533 5073 1758 5128 incestis

153 5147 362 5217 nuptiis
389 5189 404 5213 ,
455 5146 522 5201 ab
553 5145 789 5202 Arcadio
819 5147 925 5202 lata
957 5153 1042 5202 est
1066 5186 1080 5208 ,
1113 5145 1281 5200 altera
1308 5187 1322 5217 ,
1359 5145 1419 5200 Si
1449 5145 1656 5217 nuptiae
1692 5161 1756 5198 ex

152 5216 408 5288 rescripto
437 5219 779 5289 petantur,ab
793 5218 1052 5274 Honorio.
1070 5217 1178 5274 Sed
1207 5216 1367 5271 etalii
1385 5232 1598 5289 quoque
1611 5216 1756 5289 ejus-

158 5289 290 5345 dem
324 5287 713 5360 prohibitionis
755 5291 1119 5345 meminerunt
1153 5306 1165 5343 :
1197 5289 1455 5343 nimirum
1504 5287 1759 5360 Libanius

157 5369 307 5433 orat.
329 5359 407 5433 de
434 5359 688 5433 Angariis
713 5361 858 5417 edita
889 5377 916 5414 a
967 5360 1276 5433 Godefredo
1304 5402 1324 5433 ί.
1347 5361 1601 5433 Ἀιιςζιιει.
1658 5359 1752 5433 l_i_l_i.

157 5447 237 5488 xv
263 5432 333 5488 de
356 5432 476 5488 Civ.
503 5429 594 5488 [iei
624 5448 744 5503 cap.
777 5433 861 5494 16,
892 5433 1092 5487 Paulus
1126 5432 1273 5487 Diae.
1302 5431 1398 5487 lib.
1425 5447 1537 5490 xm.
1565 5440 1618 5485 ct
1639 5429 1752 5503 alii.

236 5515 258 5542 ο
294 5504 409 5560 Hoc
435 5504 644 5560 scilicet
685 5500 1046 5574 objiciebatur
1075 5518 1106 5559 e
1136 5505 1297 5558 citata
1329 5504 1448 5574 lege
1489 5500 1714 5574 Honorii
1741 5543 1755 5567 ,

153 5575 318 5646 cujus
351 5577 517 5632 verba
554 5585 716 5643 sunt,
751 5573 976 5646 exceptis
1018 5575 1127 5639 his,
1159 5573 1402 5644 quos.....
1455 5573 1754 5646 supplicare

155 5644 266 5704 non
293 5649 475 5703 vetuit.
513 5646 684 5716 Hujus
718 5644 1240 5703 certe'relaxationis
1257 5644 1564 5718 exemplum
1586 5644 1756 5718 habes

153 5721 303 5790 apud
331 5717 848 5791 Symmachumlib.
874 5735 938 5782 χ,
975 5717 1136 5791 epist.
1197 5718 1396 5791 lirseu
1421 5716 1431 5718 ἡ
1459 5716 1755 5791 M,__Jureti

156 5789 467 5848 Auctttarii.
518 5789 653 5846 Vide
701 5789 952 5845 similiter
985 5789 1231 5845 Cassiod.
1274 5789 1371 5846 lib.
1412 5805 1482 5844 vn
1539 5789 1752 5845 Variar.

157 5863 203 5926 F
206 5879 353 5922 orm.
384 5860 477 5920 46.

1853 3324 1990 3380 urbe
2010 3323 2533 3393 Mediolanensium;
2562 3327 2578 3364 ί
2602 3329 2729 3398 quia
2747 3345 2832 3385 res
2858 3339 2976 3385 tuas
2997 3332 3284 3389 crederem
3306 3348 3336 3388 a
3353 3334 3467 3391 Deo

1855 3417 2101 3476 destitui.
2120 3419 2230 3476 Sed
2252 3435 2359 3476 non
2377 3436 2480 3492 ego
2494 3423 2565 3477 ita
2590 3421 2929 3494 imprudens,
2946 3434 3038 3480 aut
3051 3425 3270 3482 virtutis
3286 3435 3341 3483 et
3353 3411 3468 3486 me-

1856 3515 2087 3572 riturum
2119 3525 2340 3572 tuorum
2367 3519 2655 3574 immemor
2675 3519 2844 3586 ablui,
2869 3530 3048 3578 utnon
3076 3538 3466 3594 praesumerem

1858 3609 2083 3666 cmleste
2124 3611 2383 3666 auxilium
2415 3611 2604 3683 pietati
2637 3623 2742 3668 tuae
2769 3613 2959 3670 adfore
2981 3658 2997 3684 ,
3021 3631 3130 3688 quo
3161 3617 3467 3675 Romanum

1857 3702 2152 3774 imperium
2181 3719 2212 3759 a
2245 3703 2462 3762 barbari
2493 3705 2725 3762 latronis
2748 3708 3087 3766 immanitate
3143 3721 3196 3767 et
3217 3711 3284 3768 ab
3306 3727 3467 3770 usur-

1865 3797 2070 3865 patoris
2094 3795 2301 3868 indigni
2329 3797 2471 3854 solio
2496 3797 2824 3856 vindicarcs.

1932 3889 1987 3945 Ξ.
2022 3890 2036 3941 i
2073 3889 2349 3946 Festinavi
2379 3892 2544 3963 igitur
2571 3892 2717 3949 illico
2749 3895 2950 3951 reverti
2977 3937 2992 3961 ,
3022 3905 3372 3969 posteaquam
3397 3899 3466 3954 il-

1861 3983 1996 4050 lum,
2031 3999 2190 4054 quem
2210 3983 2336 4053 jure
2361 3984 2748 4041 declinandum
2778 3994 3114 4057 putaveram,
3139 3989 3251 4060 jam
3274 3991 3468 4048 abesse

1861 4077 2131 4148 cognovi;
2183 4092 2290 4132 non
2330 4078 2474 4134 enim
2523 4094 2622 4151 ego
2671 4079 2974 4136 Ecclesiam
3004 4081 3466 4140 Mediolanensem

1937 4207 1963 4245 ἀ
1995 4209 2171 4282 Paris.
2215 4210 2465 4282 qumdam
2494 4211 2657 4280 edit.,
2699 4213 2754 4268 in
2782 4215 3190 4282 communione;
3245 4215 3367 4273 aliae
3411 4227 3467 4273 ct

1864 4280 2048 4338 cuncti
2089 4280 2247 4348 mss.,
2295 4284 2350 4337 in
2376 4299 2669 4339 commune.
2706 4284 2903 4341 Verum
2953 4296 3143 4343 neutra
3172 4280 3287 4343 vox
3329 4288 3468 4346 satis

1861 4354 2143 4426 probatur,
2179 4354 2484 4431 nis_i_verbo
2511 4359 2756 4431 statuitur
2783 4359 3091 4431 prtetigatur
3107 4361 3342 4431 negatio.
3364 4359 3468 4418 lte-

1861 4442 1983 4502 rum
2005 4435 2187 4482 autem
2221 4427 2312 4483 ubi
2330 4441 2539 4502 omnes
2563 4428 2718 4502 edit.,
2764 4427 2967 4487 diversa
2997 4427 3218 4502 injuria;
3246 4448 3316 4490 ει
3341 4447 3463 4490 om-

1862 4499 2018 4555 nibus
2045 4515 2180 4554 mss.
2206 4499 2572 4566 restituimus,
2603 4501 2809 4556 diversa
2837 4499 3056 4558 invidia.

1935 4582 1958 4608 θ
1985 4571 2190 4649 Omnes
2213 4571 2346 4649 edit.
2371 4572 2895 4649 propinquo‘semine
2922 4592 2951 4649 :7
2972 4589 3105 4631 mss.
3154 4592 3286 4634 vero
3341 4594 3466 4649 par-

1862 4643 1980 4719 tim,
2014 4643 2520 4719 propinquisetnim',
2547 4645 2768 4719 partim,
2803 4648 3082 4719 propinqui
3109 4650 3303 4705 semine
3322 4643 3462 4716 {alii

1858 4714 2075 4769 demum
2127 4716 2475 4787 complures,
2506 4714 2812 4787 propinqua
2846 4714 3050 4774 semini.
3096 4719 3168 4774 At
3205 4714 3464 4777 continuo

1859 4793 1984 4865 post
2007 4801 2130 4865 cum
2160 4786 2432 4865 legeretur
2457 4786 2672 4865 incdit.
2717 4788 2956 4865 Eras._et
2987 4806 3130 4865 seq._.
3165 4795 3459 4865 agnationis

1860 4859 1906 4933 ei
1959 4858 2185 4933 legitimo
2231 4859 2538 4933 jure,»_sed
2590 4861 2913 4933 cognationis
2966 4858 3238 4933 capuletu'r
3267 4904 3283 4931 ,
3325 4873 3458 4931 etc.,

1860 4929 2086 4984 Amerb.
2119 4944 2243 4985 cum
2283 4929 2539 4986 omnibus
2589 4929 2722 4987 mss.
2757 4929 3040 4999 efferunt,
3077 4945 3134 4988 ιιι
3173 4935 3226 4989 in
3271 4929 3454 4992 textu.

1939 4999 1958 5038 ί
1990 4999 2116 5072 Mss.
2152 5000 2382 5070 aliquot,
2407 5000 2498 5056 tibi
2523 5002 2634 5070 ﬁlia
2662 5013 2710 5056 et
2735 5004 2879 5072 ﬁlius
2909 5016 3105 5071 noster,
3136 5015 3243 5061 etc.

1935 5082 1959 5142 ts
1990 5069 2206 5142 Scripta
2238 5069 2376 5126 circa
2403 5069 2603 5128 annum
2630 5069 2759 5130 594'.

1933 5141 1956 5179 ¹ι
1996 5144 2069 5219 lta
2095 5141 2267 5199 codex
2311 5143 2478 5219 Begu
2505 5145 2640 5219 edit.
2681 5155 2864 5203 autem
2916 5146 3076 5202 Rom.
3109 5186 3126 5212 ,
3181 5149 3458 5219 Augustis-

1857 5215 1989 5289 sinto
2001 5216 2320 5289 _imperatori
2343 5214 2637 5272 Theodosio
2666 5219 2971 5274 Ambrosius
3001 5214 3295 5289 episcopus.

1941 5285 1954 5322 ί
1985 5286 2120 5352 Quia
2161 5303 2243 5341 res
2278 5297 2392 5342 tuas
2421 5289 2665 5356 destitui,
2726 5292 2828 5345 hoc
2864 5285 3212 5345 desideratur
3249 5293 3300 5346 in
3333 5292 3455 5348 cod.

1859 5357 2020 5427 Reg,
2045 5357 2142 5414 sed
2173 5374 2296 5415 cum
2325 5359 2578 5416 videatur
2613 5361 2906 5416 sententiae
2945 5361 3241 5430 integritati
3274 5378 3463 5420 neces-

1858 5431 2062 5502 sarium
2091 5471 2106 5494 ,
2135 5441 2187 5486 et
2209 5432 2342 5486 satis
2369 5431 2684 5502 frequenter
2712 5433 2762 5486 in
2807 5431 3113 5502 omittendo
3138 5447 3365 5502 peccent
3397 5435 3463 5489 li-

1860 5501 2053 5566 brarii,
2085 5505 2204 5558 loco
2235 5501 2564 5560 movendum
2585 5504 2900 5570 neutiquam
2927 5501 3208 5559 duximus.
3233 5507 3303 5560 At
3327 5521 3462 5563 vero

1860 5573 2112 5640 sei'juenti
2139 5590 2298 5631 versu
2331 5590 2428 5644 pro
2453 5575 2527 5628 ita
2556 5573 2860 5644 impudens,
2891 5574 3072 5644 aptius
3102 5592 3134 5632 e
3161 5591 3265 5632 ms.
3297 5578 3462 5634 resti-

1865 5644 2058 5712 tuitur,
2085 5646 2158 5700 ita
2181 5646 2504 5714 imprudens.

1940 5715 1953 5765 i
1996 5717 2129 5786 Reg.
2180 5713 2387 5780 codex,
2432 5713 2702 5770 Festinavi
2748 5718 3047 5772 reuerti.....
3099 5720 3465 5782 declinandum

1865 5798 2191 5859 putaveram,
2226 5787 2526 5842 Mediolano
2554 5786 2724 5842 abisse
2752 5805 3114 5862 cognoveram.
