3932 6296
1874 255 2118 316 SANCTI
2154 257 2477 318 AMBROSII

3664 260 3765 319 μω

495 378 626 436 sedit
664 375 829 451 (Dan.
881 392 977 444 vn,
1009 374 1091 447 9).
1124 374 1183 432 In
1223 372 1560 445 octogesimo
1599 378 1782 428 autem
1822 380 1880 427 ct
1921 371 2099 441 primo
2124 374 2178 438 Α
2208 376 2419 449 ιωε
2444 374 2803 447 integritatis,
2851 381 2907 431 et
2933 387 3044 431 non
3084 373 3445 447 ingemiscat;
3490 372 3627 429 absit
3655 376 3767 429 enim

498 470 710 542 psalmo
756 469 1021 540 scriptum
1070 474 1193 524 est:
1246 465 1387 522 Deus
1433 465 1570 521 stetit
1608 464 1663 519 in
1706 463 2098 536 congregatione

501 562 750 619 deorum:
778 563 833 618 in
860 562 1029 619 medio
1055 570 1226 617 autem
1253 560 1378 616 deos
1421 557 1678 631 diiudicat
1706 556 1880 630 (Psal.
1914 572 2099 624 LXXXI,

505 654 592 728 l).
617 654 827 713 Sedens
855 654 1017 728 igitur
1040 652 1279 725 iudicat,
1311 661 1463 709 stans
1487 650 1778 723 diiudicat;
1820 658 1875 706 et
1894 649 2103 721 iudicat

502 746 573 805 de
624 747 986 820 imperfectis,
1033 748 1174 803 inter
1221 745 1354 802 deos
1402 754 1587 801 autem
1651 742 1931 815 diiudicat.
1981 741 2104 799 Stet

503 840 661 896 vobis
686 849 745 896 ut
772 839 1058 907 defensor,
1091 846 1149 894 ut
1178 837 1355 894 bonus
1383 846 1605 909 pastor;
1639 850 1708 892 ne
1734 849 1833 893 vos
1871 833 1986 905 lupi
2013 832 2095 889 in-

506 942 731 990 cursent
749 946 962 1005 graves.

579 1025 633 1081 7.
673 1024 793 1094 Quo
839 1040 951 1082 non
1001 1024 1178 1082 otiose
1231 1034 1418 1081 nostra
1472 1021 1773 1080 admonitio
1824 1019 2102 1088 deﬂectit;

504 1117 669 1175 audio
699 1117 845 1175 enim
872 1118 1091 1175 venisse
1117 1117 1185 1174 ad
1212 1131 1310 1173 vos
1335 1125 1361 1154 ι
1392 1114 1796 1172 Sarmationem
1823 1120 1880 1171 et
1903 1112 2105 1168 Barba-

509 1215 713 1271 tianum
744 1212 1063 1286 vaniloquos
1094 1211 1377 1282 homines,
1411 1211 1505 1283 qui
1533 1210 1720 1268 dicant
1746 1208 1956 1266 nullum
1985 1221 2107 1264 esse

506 1307 849 1364 abstinentia:
902 1306 1191 1377 meritum,
1240 1306 1451 1363 nullam
1497 1304 1853 1378 frugalitatis,
1901 1302 2105 1360 nullam

504 1399 833 1471 virginitatis
864 1400 1094 1473 gratiam
1119 1442 1136 1470 ,
1188 1401 1305 1473 pari
1334 1414 1530 1457 omnes
1577 1397 1839 1455 aestimari
1883 1390 2063 1468 pretio
2087 1438 2104 1465 ,

503 1494 741 1553 delirare
770 1511 865 1553 eos
895 1495 988 1567 qui
1012 1496 1237 1569 ieiuniis
1274 1497 1546 1569 castigent
1569 1510 1793 1552 carnem
1823 1509 1978 1550 suam
2002 1535 2017 1559 ,
2051 1502 2111 1548 ut

505 1589 677 1647 menti
724 1590 999 1647 subditam
1042 1590 1263 1647 faciant.
1298 1589 1456 1660 Quod
1500 1605 1792 1663 numquam
1849 1586 2105 1657 iecisset,

506 1699 803 1755 numquam
849 1684 1164 1757 scripsisset
1205 1685 1273 1741 ad
1303 1684 1697 1742 instituendum
1731 1685 1874 1740 alios
1906 1682 2108 1740 Paulus

2204 475 2264 522 ut
2285 466 2445 524 facile
2471 466 2693 534 credat,
2723 475 2874 524 certe
2908 477 2969 524 ut
2995 482 3108 524 non
3140 467 3326 523 studia
3354 466 3619 537 deponat,
3646 468 3799 523 θύη-³
3892 462 3893 501 l

2206 559 2502 616 tentionem
2542 574 2659 616 suae
2702 558 2902 616 mentis
2933 559 3225 616 inﬂectat?
3253 559 3391 627 Quae
3419 557 3580 615 vidua
3616 569 3637 596 ε
3678 574 3771 615 cm
3888 557 3894 627 i‘

2204 654 2533 725 compererit
2577 655 2785 711 nullum
2829 670 2957 713 esse
2996 654 3240 712 fructum
3270 652 3586 719 viduitatis,
3627 652 3775 709 mallet

2204 762 2429 806 servare
2456 747 2616 806 tidem
2640 748 2919 821 coniugii,
2944 758 3003 806 et
3022 748 3081 805 in
3109 747 3367 806 tristibus
3390 748 3592 818 degere
3607 789 3623 813 ,
3646 762 3773 818 quan

2205 855 2266 898 se
2304 841 2529 898 credere
2569 841 2871 900 laetioribus
2893 844 2918 898 ‘i
2944 843 3080 911 Quae
3111 842 3360 915 coniugii
3404 841 3649 898 districta
3681 843 3775 897 via-
3888 836 3889 839 “

2207 933 2333 990 culo
2350 975 2368 1001 ,
2400 934 2449 990 si
2471 934 2661 992 audiat
2688 936 2833 1008 quod
2859 936 3043 993 nullus
3069 937 3249 993 bonos
3278 936 3551 992 castitatis
3577 935 3671 999 sit,
3696 950 3775 991 non

2208 1028 2383 1099 possit
2420 1028 2696 1086 incuriosa
2741 1032 2937 1087 tentari
2983 1030 3237 1104 corporis
3283 1038 3380 1086 aut
3407 1030 3612 1088 mentis
3647 1028 3777 1085 facili.
3888 1028 3894 1104 |

2210 1108 2366 1178 tate?
2395 1121 2465 1177 Et
2492 1120 2615 1178 ideo
2642 1122 2885 1181 Ecclesia
2905 1123 3152 1195 quotidie
3181 1124 3239 1180 in
3260 1123 3595 1181 lectionibus
3622 1123 3774 1189 sacris,

2210 1212 2264 1267 in
2291 1214 2637 1271 sacerdotum
2666 1215 2985 1273 tractatibus
3012 1215 3233 1274 laudem
3258 1215 3565 1288 pudicitia,
3590 1214 3777 1287 gloriam

2210 1306 2544 1380 integritatis
2572 1318 2853 1380 personat.

2288 1400 2376 1457 ll.
2417 1400 2642 1457 Frustra
2673 1401 2957 1476 ergo;dicit
2983 1402 3289 1474 Apostolus
3315 1420 3330 1457 :
3362 1402 3575 1475 Scripsi
3606 1402 3779 1456 subitis

2211 1493 2461 1565 epistola,
2493 1511 2559 1551 ne
2583 1495 3015 1551 commisceamini
3056 1495 3361 1566 {ornicariis
3391 1493 3456 1568 (Ι
3497 1492 3622 1550 Cor.
3648 1510 3695 1559 τ,
3714 1494 3777 1561 9).

2212 1585 2281 1641 Et
2328 1601 2397 1643 ne
2428 1587 2568 1645 forte
2592 1587 2622 1625 ά
2658 1586 2888 1645 dicant:
2920 1587 3041 1645 Non
3080 1588 3154 1645 de
3192 1587 3462 1645 omnibus
3495 1587 3684 1643 mundi
3709 1602 3781 1642 nos

2211 1679 2447 1738 dicimus
2474 1681 2815 1751 loroicariis,
2860 1682 2956 1739 sed
2983 1681 3223 1739 dicimus
3246 1681 3396 1754 quod
3433 1682 3530 1753 qui
3575 1679 3781 1737 fueritis

505 1775 824 1848 apostolus,
856 1777 903 1834 si
934 1776 1353 1835 deliramentum
1385 1786 1652 1850 putasset.
1697 1776 1972 1835 Gloriatur
1999 1776 2102 1831 ita-
2136 1784 2187 1846 Β
2211 1773 2432 1831 Christo
2461 1774 2792 1848 baptizatus,
2821 1774 3008 1832 haberi
3032 1776 3147 1845 iam
3190 1790 3301 1830 non
3338 1773 3550 1830 debeat
3590 1772 3775 1828 fornica-

504 1887 612 1943 que
638 1870 868 1929 dicens:
902 1871 1011 1929 Sed
1040 1874 1239 1947 castigo
1260 1889 1454 1945 corpus
1486 1889 1678 1940 meum,
1705 1883 1753 1927 et
1774 1871 2006 1928 servituti
2026 1887 2110 1927 re-

504 1963 659 2035 digo;
686 1980 751 2019 ne
762 1962 881 2019 aliis
912 1963 1224 2035 praedicans,
1246 1965 1360 2037 ipse
1387 1964 1638 2036 reprobus
1666 1964 1899 2019 inveniar
1927 1962 1972 2036 (Ι
1983 1959 2106 2018 Cor.

507 2070 581 2126 ta,
613 2056 732 2129 27).
780 2055 926 2130 Ergo
956 2057 1051 2129 qui
1101 2072 1209 2113 non
1259 2057 1532 2137 castigant
1578 2072 1781 2131 corpus
1823 2071 2024 2124 suum,
2052 2063 2110 2112 et

505 2148 698 2206 volunt
724 2148 1025 2222 praedicare
1054 2149 1176 2206 aliis
1199 2191 1214 2218 ,
1246 2148 1349 2222 ipsi
1384 2147 1607 2221 reprobi
1637 2147 1927 2206 habentur.

483 2282 491 2291 .
577 2242 635 2298 8.
674 2244 758 2299 An
789 2242 1083 2315 quidquam
1135 2254 1243 2300 tam
1291 2243 1617 2314 reprobum,
1658 2257 1822 2315 quam
1851 2241 1996 2314 quod
2042 2241 2110 2298 ad

507 2334 808 2403 luxuriam,
855 2335 923 2391 ad
953 2341 1359 2406 corruptelam,
1391 2334 1460 2392 ad
1496 2335 1774 2392 lasciviam
1822 2342 2107 2406 provocat;

506 2443 674 2501 quam
715 2428 1123 2486 incitamentum
1173 2427 1449 2494 libidinis,
1479 2427 1743 2485 illecebra
1775 2425 2069 2498 voluptatis
2090 2467 2107 2495 ,

510 2521 917 2579 incontinentiae
962 2521 1167 2588 fomes,
1217 2521 1531 2578 incendium
1575 2520 1935 2594 cupiditatis?
1977 2520 2111 2588 Qua:

511 2614 644 2671 istos
670 2614 975 2686 Epicureos
1004 2630 1143 2671 nova
1173 2614 1361 2671 schola
1397 2614 1583 2672 misit?
1611 2613 1729 2671 Non
1756 2613 2111 2686 philosopho-

510 2722 666 2774 rum,
700 2716 758 2763 ut
791 2706 897 2779 ipsi
920 2708 1074 2764 aiunt
1099 2750 1115 2776 ,
1143 2707 1239 2765 sed
1271 2707 1658 2780 imperitorum
1683 2749 1701 2777 ,
1731 2707 1826 2780 qui
1864 2708 2112 2772 volupta-

511 2808 620 2857 tem
646 2799 946 2872 praedicent
962 2843 978 2870 ,
1000 2800 1231 2859 delicias
1257 2801 1553 2869 suadeant,
1575 2801 1956 2859 castimoniam
1975 2801 2109 2858 nulli

509 2893 632 2950 usui
674 2908 799 2951 esse
844 2893 1067 2952 ducant.
1101 2893 1348 2952 Fuerunt
1389 2896 1708 2966 nobiscum,
1733 2896 1830 2954 sed
1858 2912 1967 2954 non
1994 2898 2109 2956 lue-

510 2994 641 3043 runt
677 3001 745 3043 ex
790 2987 950 3044 nobis
991 2988 1051 3061 (l
1074 2986 1236 3045 Joan.
1264 3004 1326 3059 tt,
1354 2988 1505 3063 20);
1535 3005 1713 3062 neque
1754 2990 1901 3048 enim
1930 2990 2114 3063 fpudet

512 3084 725 3153 dicere,
754 3082 898 3156 quod
928 3082 1062 3140 dicit
1088 3084 1421 3157 evangelista
1445 3084 1709 3144 Joannes.
1756 3085 1864 3143 Sed
1892 3085 1982 3143 hic
2014 3101 2113 3158 po-

2212 1866 2357 1935 rius;
2391 1867 2487 1926 sed
2519 1868 2930 1940 qualiscumque
2952 1869 3065 1925 vita
3095 1869 3218 1937 ejus
3245 1880 3482 1939 accepta
3508 1869 3585 1924 sit
3614 1867 3730 1931 Deo;
3746 1877 3783 1921 et

2211 1961 2334 2018 ideo
2362 1961 2574 2019 addidit
2597 1962 2928 2035 Apostolus:
2962 1961 3082 2019 Non
3111 1963 3290 2032 utique
3329 1961 3638 2035 fornicariis
3664 1961 3782 2030 his:

2213 2053 2429 2122 mundi;
2451 2063 2508 2111 et
2537 2053 2715 2111 infra:
2749 2064 2773 2092 θ
2803 2055 2866 2111 Si
2891 2056 3010 2127 quis
3048 2057 3218 2127 frater
3262 2056 3575 2110 nominatur
3603 2054 3785 2125 fornica-

2212 2157 2325 2216 tor,
2356 2158 2447 2204 aut
2492 2161 2714 2217 auarus,
2745 2159 2839 2204 aut
2867 2150 3025 2206 idolis
3067 2150 3328 2216 scindens,
3362 2159 3457 2204 aut
3500 2148 3783 2212 maledicas,

2210 2253 2303 2298 aut
2332 2244 2595 2312 ebriosus,
2623 2255 2712 2300 aut
2735 2260 2936 2315 rapax;
2962 2261 3079 2298 cum
3106 2243 3370 2318 ejusmodi
3398 2260 3496 2299 nec
3522 2242 3785 2310 cibumqu-

2212 2338 2328 2393 dem
2378 2355 2602 2395 sumere.
2639 2338 2781 2407 Quid
2802 2340 2957 2409 {enim
2982 2339 3116 2393 mihi
3154 2338 3221 2395 de
3245 2339 3348 2405 iis,
3389 2337 3486 2409 qui
3513 2336 3644 2407 [oris
3681 2346 3783 2397 sunt.

2204 2430 2450 2503 judicare
2479 2430 2673 2505 (lbid.,
2705 2431 2940 2503 10-12)?
2966 2431 3036 2488 Et
3064 2431 3133 2487 ad
3180 2430 3498 2501 Ephesios:
3526 2428 3787 2484 Fornicstio

2214 2533 2406 2587 autem,
2440 2532 2487 2578 et
2509 2523 2677 2579 omnis
2705 2523 3055 2591 immunditia,
3077 2532 3128 2579 et
3157 2522 3383 2578 avaritia
3412 2538 3513 2577 nec
3536 2520 3786 2575 minetur

2209 2616 2265 2671 in
2295 2616 2471 2685 vobis,
2501 2617 2635 2672 sicut
2664 2615 2809 2673 decet
2837 2626 3044 2672 sanctos
3075 2615 3300 2689 (Ephes.
3339 2631 3397 2682 v,
3429 2614 3514 2686 ὅ).
3544 2614 3614 2670 Et
3639 2612 3784 2670 statim

2212 2709 2520 2767 subinlert:
2556 2708 2673 2765 Hoc
2715 2710 2851 2764 enim
2889 2710 3071 2766 scitote
3115 2709 3255 2781 quod
3277 2708 3458 2764 omnis
3483 2706 3784 2779 impudicus,

2213 2812 2301 2858 aut
2328 2802 2643 2869 immundus,
2683 2800 2701 2840 ί
2731 2812 2823 2857 aut
2848 2818 3033 2857 auarus
3053 2843 3069 2868 ,
3106 2801 3245 2874 quod
3273 2812 3352 2857 est
3382 2800 3785 2863 idololatriqm

2213 2893 2365 2950 habet
2384 2894 2743 2951 hereditatem
2769 2894 2825 2949 in
2850 2910 3012 2968 regno
3031 2892 3226 2950 Christi
3250 2904 3299 2950 et
3344 2891 3449 2948 Dei
3494 2891 3732 2965 (Ibid.,5
3752 2886 3785 2959 ).

2214 2987 2292 3045 De
2333 2987 2623 3059 baptizatis
2651 2986 2841 3059 utique
2864 2986 3068 3044 dictum
3116 2987 3329 3059 liquet;
3362 2986 3476 3059 ipsi
3506 2988 3642 3043 enim
3664 2985 3783 3041 auio

2214 3080 2368 3152 piunt
2395 3079 2798 3148 luereditatem,
2819 3080 2914 3152 qui
2933 3079 3282 3151 baptizantur
3304 3079 3362 3135 in
3391 3088 3577 3135 morte
3590 3076 3784 3141 ChriSti,

513 3177 604 3235 siti
634 3178 810 3251 primo
851 3177 1199 3250 ieiunabant,
1228 3178 1384 3245 intra
1430 3179 1824 3236 monasterium
1868 3179 2114 3237 contine-
2140 3183 2186 3247 C
2218 3184 2275 3231 et
2301 3174 2748 3244 consepeliuntur
2775 3189 2900 3230 cum
2929 3174 3079 3243 ipso,
3120 3182 3181 3228 ut
3204 3188 3331 3229 cum
3376 3172 3506 3244 ipso
3545 3178 3785 3243 resurgant

512 3271 748 3328 bantur:
780 3270 962 3327 nullus
989 3280 1109 3327 crat
1150 3272 1384 3328 luxuria:
1428 3272 1581 3331 locus
1608 3316 1624 3343 ,
1654 3273 1944 3331 interdicta
1975 3272 2115 3331 ludi-

516 3361 717 3420 briosa:
745 3362 1100 3434 disputationi
1124 3362 1367 3420 licentia.

586 3455 642 3510 9.
685 3453 800 3512 Hoc
841 3453 1066 3511 delicati
1120 3470 1230 3512 non
1284 3464 1581 3527 potuerunt
1625 3456 1791 3515 ferre.
1850 3458 2116 3515 Abierunt

517 3549 663 3607 foras
710 3568 725 3604 :
772 3549 972 3607 deinde
995 3551 1247 3608 volentes
1285 3551 1505 3620 redire,
1538 3568 1648 3611 non
1697 3562 1831 3611 sunt
1869 3556 2111 3627 recepti;

522 3642 550 3684 ι»
574 3644 832 3717 pleraque
876 3645 1021 3701 enim
1068 3644 1386 3712 audieram,
1437 3662 1558 3717 qua:
1598 3646 1855 3705 deberem
1878 3663 2114 3706 cavere:

520 3750 836 3793 monueram
863 3777 880 3805 ,
912 3735 1048 3793 nihil
1068 3736 1436 3808 profeceram.
1470 3738 1905 3798 Eﬂ'ervescentcs
1932 3741 2115 3814 itaque

517 3832 877 3891 disseminare
904 3832 1030 3889 talia
1049 3841 1353 3905 cmperunt,
1376 3833 1575 3906 quibus
1601 3837 1913 3893 incentores
1930 3849 2117 3894 essent

518 3927 772 3984 vitiorum
817 3926 1059 3984 omnium
1106 3927 1471 3985 miserabiles.
1520 3928 1885 3988 Perdiderunt
1933 3932 2117 4003 utique

517 4020 662 4096 quod
688 4020 1073 4093 ieiunaverunt
1099 4037 1114 4076 :
1151 4019 1504 4093 perdiderunt
1534 4022 1679 4095 quod
1700 4038 1762 4080 se
1790 4023 1972 4096 aliquo
1995 4038 2119 4080 con-

518 4115 799 4172 tinuerunt
843 4123 1112 4187 tempore.
1175 4112 1334 4171 Nunc
1387 4114 1572 4187 itaque
1621 4115 1891 4174 diabolico
1938 4116 2117 4173 studio

517 4206 768 4266 invident
792 4207 1022 4266 aliorum
1055 4207 1316 4281 operibus
1342 4206 1530 4277 bonis,
1562 4224 1791 4281 quorum
1823 4208 2116 4282 ipsifructu

522 4300 867 4360 exciderunt.

596 4396 682 4455 10.
743 4395 877 4465 Quae
926 4397 1080 4470 virgo
1146 4398 1337 4456 audiat
1395 4399 1605 4456 nullum
1660 4400 1944 4471 praemium
1996 4415 2121 4457 esse

2217 3266 2399 3340 (Rom.
2426 3282 2505 3334 vr,
2536 3266 2618 3341 5).
2647 3266 2776 3325 Ideo
2811 3266 3063 3325 heredes
3091 3266 3228 3335 Dei,
3269 3267 3600 3325 coheredes
3624 3263 3782 3322 Chriin
3892 3263 3893 3335 1

2216 3370 2379 3417 sunt:
2405 3340 2655 3417 hmredes
2689 3360 2819 3427 Dei;
2851 3370 2878 3409 ε
2906 3360 3032 3432 quia
3079 3359 3477 3416 transcribitur
3506 3360 3562 3415 in
3603 3372 3691 3416 eos
3712 3355 3782 3411 Dei
3892 3340 3893 3419 ἶ

2215 3455 2388 3527 gratia
2412 3472 2426 3509 :
2455 3455 2774 3513 cobmredes
2794 3454 2999 3512 Christi
3019 3455 3187 3531 ;.quia
3210 3465 3559 3512 renovantur
3582 3455 3635 3511 in
3656 3453 3779 3509 rita-
3892 3436 3893 3449 “

2217 3548 2425 3620 ipsius:
2462 3548 2709 3606 bteredes
2734 3563 2953 3621 quoque
2979 3546 3217 3615 Christi;
3244 3547 3379 3619 quia
3408 3548 3575 3605 datur
3601 3546 3781 3616 illispct

2217 3654 2449 3699 mortem
2478 3632 2652 3714 ipsius
2681 3651 2956 3714 tamquam
2987 3642 3269 3700 testatoris
3298 3642 3620 3699 limreditas.

2294 3735 2382 3791 12.
2426 3734 2519 3791 Isti
2564 3735 2728 3806 igitur
2768 3737 2942 3808 magis
2982 3734 3086 3791 sibi
3128 3735 3336 3792 debent
3363 3736 3680 3803 attendere,
3716 3730 3782 3803 qui

2219 3830 2423 3888 habent
2447 3830 2827 3903 quodipossint
2849 3830 3098 3887 amittere
3113 3872 3131 3899 ,
3157 3846 3323 3903 quam
3346 3831 3445 3903 qui
3468 3847 3583 3887 non
3600 3829 3783 3886 habent.

2220 3920 2246 3960 ¹ι
2290 3923 2387 3981 Isti
2425 3924 2635 3995 maiore
2675 3940 2840 3997 agere
2866 3923 3153 3991 custodia,
3194 3925 3282 3980 isti
3331 3939 3539 3982 carere
3573 3924 3784 3979 vitiorum

2218 4019 2529 4089 illecebras,
2554 4020 2764 4078 erroris
2789 4020 3144 4093 incitamenta
3173 4019 3412 4089 debent,
3438 4036 3568 4092 qua:
3590 4020 3781 4075 maxime

2219 4130 2288 4173 ex
2332 4114 2458 4171 cibo
2502 4124 2745 4187 potaque
2795 4113 3069 4171 oriuntur.
3118 4113 3371 4186 Denique
3422 4115 3562 4169 sedit
3600 4110 3779 4184 populi:

2220 4210 2535 4267 manducare
2565 4219 2613 4265 et
2654 4209 2857 4277 bibere,
2906 4222 2953 4265 et
3004 4219 3343 4266 surrexerunt
3391 4209 3576 4265 ludere
3604 4205 3775 4281 (Exod.

2220 4320 2391 4372 χχιιι,
2421 4301 2501 4372 6).

2297 4400 2384 4456 15.
2426 4398 2547 4471 Ipse
2576 4413 2792 4472 quoque
2840 4398 3076 4471 Epicuro
3138 4399 3330 4473 [quem
3382 4400 3474 4458 isti
3517 4400 3615 4457 sibi
3645 4395 3777 4468 magis

597 4617 623 4646 ει
662 4607 806 4685 Duos
832 4606 1306 4685 hosce_apo_statas
1333 4606 1636 4685 monachos
1656 4608 1769 4679 iam
1801 4609 2120 4685 perstrinxit
2146 4614 2199 4675 D
2224 4624 2356 4685 mss.
2387 4609 2722 4685 elegantius,
2747 4627 2864 4666 rum
2884 4612 3206 4685 compererit.
3242 4611 3311 4668 Et
3338 4611 3485 4668 infra
3508 4610 3627 4667 cod.
3654 4608 3777 4677 Reg.

522 4680 1090 4753 sanctusAmbrosius
1116 4680 1314 4737 Enarr.
1348 4679 1404 4736 in
1433 4680 1573 4753 psal.
1594 4696 1791 4753 xxxvi,
1822 4697 1977 4736 num.
2011 4683 2082 4738 49
2102 4722 2117 4748 ,

522 4750 614 4824 ubi
660 4751 826 4808 tacito
852 4750 1520 4824 eorumnomine,quarn
1559 4752 1837 4809 simillima
1865 4753 1969 4820 iis,
1997 4769 2119 4824 qua:

521 4823 612 4881 hic
634 4824 888 4881 dicuntur
907 4865 924 4892 ,
952 4825 1007 4880 in
1032 4823 1156 4880 illos
1182 4823 1390 4881 scribit.
1437 4823 1641 4880 Eorum
1671 4834 1852 4881 autem
1893 4823 2119 4882 haeresis

522 4911 591 4953 ex
621 4903 758 4953 tetro
781 4894 1048 4953 Joviniani
1074 4894 1229 4968 fonte
1247 4904 1431 4968 ortum
1461 4895 1730 4965 ducebat,
1757 4896 1827 4953 de
1854 4896 2011 4968 cuius
2033 4912 2122 4954 er-

523 4968 740 5040 roribus
765 4968 1160 5040 agitur,epist.
1200 4965 1273 5022 42
1295 4967 1363 5024 ad
1392 4966 1683 5040 Syricium.

596 5038 625 5078 δ
663 5039 740 5095 Ita
769 5038 881 5097 vet.
922 5038 1057 5096 edit.
1097 5049 1155 5094 et
1180 5053 1312 5095 mss.
1350 5038 1455 5095 nisi
1484 5041 1627 5110 quod
1652 5040 1846 5097 borum
1875 5040 2123 5097 nonnulli

524 5109 731 5184 habent
755 5111 1053 5184 plerumque
1080 5126 1182 5182 pro
1207 5113 1267 5168 τὸ
1296 5109 1544 5184 pleraque
1567 5129 1586 5167 :
1615 5113 1722 5168 illa:
1745 5128 1880 5169 vero
1905 5128 2007 5184 pro
2032 5112 2121 5167 de-

524 5182 695 5239 berem
726 5182 933 5256 ponunt
960 5182 1404 5256 deberent;»sicu‘t
1448 5182 1610 5240 etiam
1642 5185 1801 5241 llom.
1833 5182 1965 5239 edit.
1995 5198 2121 5256 qum

563 5252 790 5312 raaterea
835 5254 1027 5325 ell‘ert,
1092 5254 1282 5327 caueri.
1331 5252 1674 5327 Monueram,
1718 5256 1851 5310 nihil
1901 5252 2118 5327 profeci.

551 5326 846 5400 ntelligitur
871 5324 1053 5400 autem
1078 5341 1149 5385 ex
1178 5324 1297 5382 istis
1326 5325 1509 5400 verbis
1538 5328 1884 5400 Ambrosium
1902 5324 1911 5327 ’
1931 5324 2026 5400 pej-
2055 5343 2117 5384 se

521 5397 687 5470 huius
711 5397 1029 5456 monasterii
1049 5441 1064 5467 ,
1095 5400 1148 5455 in
1167 5413 1275 5470 quo
1293 5397 1542 5454 vixerant
1565 5399 1873 5470 Sarmation
1895 5413 1959 5455 ac
1982 5398 2117 5455 Bar-

522 5467 811 5543 batianus,
840 5486 1024 5529 curam
1046 5467 1268 5543 gerere,
1301 5470 1516 5543 tametsi
1544 5471 1594 5526 ei
1623 5469 1964 5543 sacerdotem
1992 5487 2119 5543 qno-

522 5556 628 5614 que
660 5542 1022 5614 praefecisset,
1052 5540 1115 5599 ut
1159 5551 1390 5614 testatur
1419 5540 1754 5614 Augustinus
1771 5542 1876 5614 lib.
1908 5542 1978 5598 de
2005 5542 2121 5599 Mo-

521 5612 674 5686 tjbus
703 5614 851 5671 Eccl.
880 5615 1045 5672 Catb.
1075 5629 1199 5686 cap.
1226 5613 1319 5680 55,
1341 5612 1710 5686 quocu‘mqua:
1727 5612 1872 5669 idem
1902 5614 2000 5670 lib.
2025 5630 2119 5670 vm

521 5678 769 5807 93:22“.
898 5686 933 5743 6
959 5686 1029 5743 de
1056 5678 1252 5743 eodem
1297 5678 1568 5743 asceterio
1598 5678 1899 5755 memorat,
1927 5686 2118 5744 conle-

714 5769 816 5807 81111
847 5797 861 5807 .

522 5764 692 5809 renda
714 5767 861 5811 sunt.

596 5834 619 5864 ο
660 5823 806 5882 Edit.
836 5841 1060 5898 omnes,
1080 5843 1146 5886 ac
1173 5829 1332 5900 pauci
1353 5845 1512 5903 mss.,
1537 5848 1652 5888 cum
1672 5831 1999 5905 conceperit:
2025 5830 2122 5888 alii

2222 4681 2394 4756 ﬁderit
2409 4681 2714 4756 conjugi....
2745 4692 2833 4756 aut
2859 4681 3043 4739 mentis
3070 4685 3380 4756 fragilitate.

2297 4750 2322 4790 ά
2364 4750 2522 4809 Βοηί.
2566 4750 2726 4820 edit.,
2758 4754 2932 4809 dicant
2971 4750 3081 4811 non'
3114 4750 3465 4812 deomnibus
3508 4754 3679 4811 mundi
3712 4766 3780 4804 sas

2223 4825 2393 4901 dicere
2437 4826 2764 4901 fornicariis,
2809 4826 2899 4882 sed
2943 4827 3078 4896 quod
3102 4828 3190 4898 qui
3223 4829 3480 4901 [κει-ειη..
3516 4824 3783 4901 madebat

2223 4897 2557 4968 fornicarius,
2589 4897 2999 4969 qualiscumque,
3023 4897 3167 4966 etc.;
3199 4897 3397 4957 omnes
3421 4916 3554 4957 vero
3580 4897 3720 4969 alia.
3736 4906 3782 4946 π

2223 4967 2355 5044 mss.
2387 4978 2443 5025 ut
2474 4971 2526 5025 in
2554 4967 2838 5044 contextu.
2869 4970 2971 5026 Hic
2995 4978 3177 5027 autem
3207 4987 3366 5027 error
3385 5015 3400 5039 ,
3437 4987 3547 5044 quo
3572 4970 3656 5041 qui
3682 4967 3781 5044 bap-

2225 5042 2419 5116 tizatus
2439 5041 2623 5116 semel
2633 5040 2841 5116 fuisset,
2869 5044 3166 5114 negabatur
3190 5038 3422 5116 peccare
3443 5038 3603 5114 posse
3618 5084 3633 5106 ,
3653 5038 3779 5116 etint-

2223 5125 2252 5166 a
2281 5111 2572 5187 Joviniano
2592 5111 3023 5187 defendebatur,
3049 5111 3514 5187 quemadmodum
3536 5111 3778 5184 cognosc!-

2223 5199 2343 5239 mus
2365 5200 2436 5258 ex
2453 5184 2682 5258 August.
2716 5184 2813 5258 lib.
2846 5185 2915 5242 de
2947 5184 3147 5243 Hmres.
3179 5202 3303 5258 cap.
3332 5187 3424 5244 82.

2298 5265 2321 5294 θ
2364 5255 2522 5312 Rom.
2543 5252 2715 5324 edin,
2752 5257 2799 5313 si
2837 5258 2925 5328 qui
2964 5261 3126 5329 frater
3164 5252 3506 5330 nominatur,
3543 5269 3617 5315 est
3652 5252 3779 5325 Ῑοτιί·

2224 5336 2387 5382 calor.

2299 5398 2319 5438 τ
2360 5399 2564 5476 omnes
2593 5400 2727 5457 edit.
2756 5415 2820 5457 ac
2849 5416 2983 5458 mss.
3014 5402 3302 5470 nonnulli,
3328 5404 3472 5476 quod
3492 5412 3567 5476 est
3598 5396 3777 5476 idolola-

2223 5481 2339 5537 tra;
2362 5472 2562 5547 reliqui
2595 5487 2793 5547 magno
2824 5489 3056 5547 numero
3074 5516 3089 5541 ,
3119 5475 3258 5547 quod
3285 5472 3361 5531 est
3386 5475 3697 5531 idololatria.

2258 5598 2261 5601 .
2296 5554 2321 5592 ις
2362 5543 2523 5632 Rom.
2555 5542 2716 5611 edit.,
2747 5544 2868 5628 quia
2914 5542 3320 5632 transmittitur;
3358 5546 3485 5603 aliae
3527 5561 3647 5604 cum
3672 5553 3773 5597 mss.

2225 5630 2395 5688 prope
2420 5615 2489 5672 ad
2518 5631 2724 5699 unum,
2755 5615 2878 5687 quia
2904 5619 3288 5703 transcribitur.
3548 5690 3563 5701 .

2267 5685 2344 5769 Al:
2364 5685 2440 5744 lta
2469 5696 2582 5744 vet.
2611 5685 2748 5769 edit.
2769 5702 2894 5746 cum
2926 5704 3057 5769 mss.
3089 5690 3338 5762 pluribus
3365 5689 3771 5769 potioribusque:

2225 5767 2283 5815 at
2306 5758 2465 5816 Rom.
2505 5774 2628 5815 cum
2651 5758 2774 5816 aliis
2803 5758 3116 5833 nonnullis,
3145 5779 3293 5835 egere
3312 5758 3569 5819 custodia.
