3932 6296
501 280 645 342 H90
1848 274 2089 334 SANC'I'I
2129 274 2455 336 AMBROSII
2533 299 2541 307 υ
3653 276 3759 341 i206

504 405 627 452 rent
654 376 901 465 aspero;
934 395 1190 466 quoniam
1240 404 1297 452 et
1342 395 1460 465 ipso
1508 400 1729 463 aspectu
1777 389 2104 463 virginitatis
2131 406 2182 466 Α
2208 401 2345 448 strat
2365 390 2669 448 remedium
2698 391 2837 459 :Qtti
2860 391 3105 462 inﬁrmas
3126 399 3222 455 est,
3248 389 3461 463 1032
3487 389 3620 444 olera
3647 406 3758 444 mas-

502 487 741 541 violatur
769 487 1054 544 sanctitas.
2206 487 2358 542 ducet
2387 485 2581 559 (Rom.
2610 500 2721 554 xtv,
2747 484 2836 556 2),
2868 484 3102 555 accipiat
3141 499 3366 539 uxorem
3397 502 3411 537 :
3441 483 3535 554 qui
3573 483 3759 559 validior

569 581 659 637 55.
707 578 950 653 Denique
1001 595 1109 651 qua
1152 579 1457 636 reverentia
1498 575 1822 648 virginitatis
1888 574 2101 629 locutus
2204 590 2308 649 est,
2339 579 2623 635 fortiorem
2657 590 2678 617 ε
2711 578 2931 634 virtutis
2969 577 3150 634 cibum
3199 586 3444 649 expetat.
3498 576 3760 649 Meritoque

504 681 592 731 est
619 684 841 731 sanctus
862 673 1155 744 Apostolus
1188 690 1202 727 :
1236 672 1314 727 De
1336 670 1621 744 virginibus
1657 678 1975 741 praeoptarit
1999 667 2105 723 Do—
2203 673 2457 745 adjunxit
2483 690 2502 727 .'
2534 671 2676 727 Nam
2715 673 2803 743 qui
2831 674 3013 728 statuit
3055 673 3109 726 in
3137 671 3295 727 corde
3322 687 3419 726 suo
3449 671 3646 740 ﬁrmus,
3685 688 3762 726 non

504 766 633 821 mini
652 782 756 821 non
776 765 960 833 habeo,
992 764 1267 822 consilium
1289 773 1462 820 autem
1484 763 1575 831 do,
1606 773 1865 832 tamquam
1894 761 2101 816 miseri-
2205 766 2394 822 habens
2445 767 2821 833 necessitatem,
2871 773 3174 837 potestatem
3226 774 3400 819 autem
3456 762 3643 818 habens
3683 781 3763 819 sae

502 860 735 918 cordiam
764 869 1067 916 consecutus
1095 875 1127 912 a
1170 857 1396 914 Domino
1421 858 1479 928 (l
1507 855 1630 913 Cor.
1675 872 1770 923 vn,
1798 855 1932 927 25).
1959 855 2106 911 Praa-
2204 861 2519 926 uoluntatis;
2553 858 2719 915 ethoc
2748 859 2997 928 indicauit
3021 860 3077 913 in
3108 858 3265 913 corde
3288 873 3386 913 suo
3415 874 3614 912 seruare
3638 858 3760 930 virgi-

504 963 721 1026 ceptum
772 967 881 1008 non
931 950 1117 1017 habet,
1180 948 1468 1006 consilium
1540 948 1738 1011 habet;
1792 960 1901 1000 non
1956 945 2101 1000 enim
2205 969 2319 1008 nam
2341 970 2513 1020 suam,
2547 953 2671 1008 bene
2697 953 2845 1025 facit.
2879 951 3052 1024 Igitur
3069 964 3120 1008 et
3158 952 3248 1022 qui
3277 951 3766 1023 nratrimoniojugit

504 1046 844 1117 praecipitur,
885 1043 1031 1117 quod
1057 1057 1219 1113 supra
1252 1042 1430 1113 legem
1472 1051 1558 1098 est
1594 1038 1731 1096 :sed
1776 1038 1953 1109 magis
1978 1037 2057 1094 dat

2211 1048 2454 1120 uirginem
2493 1062 2662 1112 suam,
2694 1045 2818 1101 bene
2859 1045 3029 1117 facit:
3067 1054 3114 1099 et
3142 1044 3230 1115 qui
3256 1061 3362 1098 non
3382 1044 3585 1117 jungit,
3622 1044 3764 1100 melius

501 1140 762 1197 suadetur
790 1138 1047 1194 consilio.
1078 1136 1189 1194 Nec
1235 1136 1537 1193 auctoritas
1585 1132 1959 1205 praesumitur,
2009 1129 2108 1187 sed
2207 1139 2349 1209 facit.
2383 1137 2577 1193 Mulier
2604 1138 2774 1192 vincta
2800 1148 2875 1193 est
2922 1137 3041 1209 tegi,
3073 1145 3267 1207 quanto
3316 1147 3550 1208 tempore
3588 1138 3659 1190 air
3681 1141 3767 1209 cjss

501 1234 907 1290 demonstratur
930 1232 1106 1303 gratia
1140 1248 1152 1283 :
1180 1244 1282 1286 nec
1309 1244 1338 1285 a
1387 1242 1733 1299 quocumque
1759 1225 2108 1282 demonstra-
2206 1232 2345 1286 virit.
2371 1230 2523 1298 Quod
2551 1231 2597 1284 si
2621 1230 2886 1285 dormierit
2914 1229 2992 1284 uir
3015 1234 3149 1303 ejus,
3181 1230 3403 1287 liberata
3430 1238 3505 1284 est
3531 1246 3550 1283 :
3579 1230 3656 1282 cui
3689 1232 3765 1283 rei:

500 1339 611 1396 tur,
652 1327 749 1384 sed
794 1326 863 1382 ab
909 1340 978 1381 eo
1016 1325 1113 1395 qui
1144 1321 1581 1379 misericordiam
1624 1318 1842 1375 Domini
1882 1318 2099 1373 meruit.
2208 1324 2386 1389 imbui,
2419 1333 2624 1379 tantum
2652 1324 2708 1377 in
2737 1321 2986 1380 Domino,
3029 1322 3243 1378 Bearior
3279 1333 3458 1378 αιιωι
3494 1325 3614 1389 erit,
3653 1325 3690 1377 εί
3715 1324 3767 1379 εἰς

495 1420 703 1477 Horum
754 1432 885 1489 ergo
934 1416 1161 1471 meliora
1203 1428 1364 1486 quam
1416 1412 1791 1484 apostolorum
1830 1408 2103 1465 consilia?
2208 1418 2565 1488 ρεηηαηεετξι,
2604 1416 2893 1472 secundum
2935 1432 3103 1471 meum
3146 1415 3463 1482 comitium;
3492 1424 3617 1487 ρκιο
3643 1418 3765 1483 aia,

495 1513 789 1588 Apostolus
831 1520 858 1550 ⁸
890 1510 1025 1568 dicit
1055 1527 1068 1563 :
1097 1507 1387 1566 Consilium
1422 1507 1524 1573 do;
1556 1505 1643 1561 ἱειί
1675 1502 2101 1560 dissuadendum
2205 1520 2253 1564 et
2279 1526 2372 1584 ego
2412 1508 2671 1580 Spiritum
2700 1507 2797 1562 Dei
2826 1507 2987 1563 habeo
3016 1506 3074 1580 (l
3108 1504 3231 1588 Cor.
3278 1522 3375 1573 vn,
3421 1507 3492 1563 38
3538 1515 3585 1561 et
3622 1523 3711 1577 seq.
3735 1506 3764 1575 ).

499 1586 715 1679 putant,
746 1620 817 1661 ne
837 1618 943 1676 qua
986 1601 1202 1659 studeat
1226 1600 1548 1672 virginitati.
2209 1603 2322 1660 lloc
2350 1613 2434 1660 est
2460 1602 2748 1658 consilium
2778 1601 2874 1658 Dei
2923 1602 3147 1668 habere,
3179 1586 3474 1673 explorare
3519 1602 3765 1672 diligenter

571 1697 666 1755 '56.
702 1696 873 1769 Cujus
916 1703 1175 1766 quantam
1225 1691 1442 1748 laudem
1470 1691 1622 1747 brevi
1671 1688 1947 1746 versiculo
1978 1703 2103 1758 pro-
2207 1697 2408 1764 omnia,
2439 1706 2495 1753 ει
2530 1711 2652 1769 (λειω
2689 1696 2916 1753 meliora
2946 1703 3092 1764 sunt,
3123 1694 3397 1762 suadere;
3431 1711 3557 1767 qua
3586 1696 3765 1763 tutiora,

499 1793 666 1862 pheta
701 1790 1056 1862 expresserit,
1101 1786 1189 1842 vel
1230 1784 1412 1857 potius
1441 1784 1690 1841 Christus
1721 1784 1772 1837 in
1806 1781 2094 1854 propheta,
2128 1789 2176 1850 Β
2202 1794 2607 1851 demum-an,

497 1884 763 1941 debemus
775 1894 1129 1953 cognoscere.
1150 1876 1369 1945 Hortus,
1384 1875 1584 1947 inquit,
1598 1874 1806 1930 clausus
1824 1888 1972 1928 soror
1990 1888 2050 1928 nn

2273 1887 2366 1942 40.
2409 1884 2674 1942 Providus
2702 1884 2894 1941 ductor
2926 1884 3123 1939 multas
3162 1882 3408 1939 ostendit
3434 1883 3577 1949 vias,
3609 1891 3663 1939 ut
3690 1898 3767 1955 qua

499 1978 729 2051 Sponsa,
755 1976 938 2031 hortus
963 1973 1198 2038 clausus,
1227 1974 1345 2042 fons
1374 1970 1611 2043 signatus
1633 1966 1820 2041 (Cant.
1863 1982 1938 2035 tv,
1971 1965 2040 2020 12

2214 1978 2327 2034 vult
2354 1977 2749 2049 unusquisque,
2777 1993 2940 2048 quam
2981 1975 3087 2031 sibi
3116 1975 3538 2032 accommodam
3573 1977 3767 2032 arbitra-

496 2068 747 2125 Christus
774 2067 879 2122 hoc
907 2064 1037 2121 dicit
1070 2063 1137 2118 ad
1165 2061 1485 2127 Ecclesiam,
1515 2074 1681 2131 quam
1704 2058 1821 2113 vult
1841 2071 1970 2113 esse
1998 2056 2102 2112 vir-
2204 2080 2314 2139 ιω,
2343 2070 2589 2136 ίιιοεάαις
2615 2069 2913 2125 dummodo
2940 2078 3217 2135 eccm-ai.
3261 2085 3375 2140 quo
3418 2071 3594 2141 possit
3630 2070 3679 2125 in
3703 2085 3770 2126 ea.

494 2160 700 2233 ginem,
732 2157 855 2215 sine
883 2155 1118 2220 macula,
1148 2154 1269 2210 sine
1295 2166 1453 2224 ruga.
1484 2151 1668 2206 Bonus
1711 2149 1909 2205 hortus
1938 2148 2047 2219 virg

2216 2165 2331 2221 stris
2361 2162 2724 2236 pratendere.
2753 2163 2901 2218 Bona
2928 2162 3258 2233 virginitatis
3287 2165 3395 2228 via,
3431 2163 3530 2220 sed
3556 2162 3769 2219 sublimis

498 2254 662 2320 nitas,
708 2266 830 2324 quae
861 2250 1130 2322 plurimos
1159 2247 1288 2304 boni
1312 2245 1450 2303 ierat
1478 2243 1690 2300 fructus
1716 2243 1925 2300 odoris.
1962 2240 2051 2297 Ho

2214 2266 2259 2312 et
2285 2256 2454 2312 ardua
2487 2254 2780 2311 validiores
2809 2253 3059 2325 requirit.
3107 2255 3260 2311 Bona
3304 2256 3475 2313 etiam
3504 2257 3767 2319 viduitatis,

501 2357 586 2404 ttts
611 2347 851 2414 clausus;
874 2345 997 2415 quia
1030 2341 1268 2412 undique
1297 2340 1498 2395 vallata
1519 2347 1606 2394 est
1632 2353 1788 2394 muro
1810 2336 2054 2393 castitati:

2217 2365 2313 2405 non
2360 2361 2466 2403 tam
2518 2347 2781 2415 difﬁcilis,
2815 2358 2874 2404 ut
2919 2348 3172 2420 superior
3201 2368 3218 2405 :
3247 2350 3349 2407 sed
3397 2351 3707 2423 confragosa
3731 2361 3770 2406 ct

502 2439 648 2497 Fons
687 2440 956 2511 signatus;
990 2452 1059 2493 eo
1095 2435 1242 2507 quod
1270 2433 1553 2505 virginitas
1593 2433 1665 2489 sit
1700 2432 1822 2489 fons
1849 2440 1906 2488 et
1949 2431 2055 2503 orig

2214 2459 2398 2516 aspera
2451 2444 2723 2500 cautiores
2770 2444 2958 2516 exigit.
3019 2444 3172 2500 Bona
3220 2446 3391 2501 etiam
3452 2445 3767 2511 matrimonii,

503 2533 801 2605 pudicitiae,
822 2545 944 2603 quae
972 2528 1231 2585 inviolata
1260 2525 1533 2583 custodiat
1568 2525 1902 2597 integritatis
1923 2524 2056 2595 sign:

2219 2536 2362 2603 plana
2393 2544 2449 2592 et
2476 2536 2681 2593 directa
2724 2535 2971 2608 longiore
3008 2537 3243 2593 circuitu
3270 2538 3343 2594 ad
3372 2549 3559 2595 castra
3586 2548 3772 2596 sancto—

502 2628 629 2684 cula
659 2644 672 2681 :
700 2627 756 2681 in
781 2638 891 2697 quo
914 2622 1065 2679 fonte
1092 2622 1271 2692 imago
1295 2619 1394 2676 Dei
1419 2620 1625 2685 Ιυεθδῑς
1652 2619 1776 2691 quia
1799 2634 1921 2674 cum
1945 2634 2103 2674 mun-
2204 2646 2324 2686 rum
2353 2630 2625 2702 pervenit,
2652 2644 2715 2685 ea
2745 2629 3011 2700 plurimos
3036 2632 3256 2703 recipit.
3288 2632 3435 2689 Sunt
3462 2649 3595 2706 ergo
3639 2634 3774 2704 virgi—

499 2720 633 2791 ditia
663 2718 915 2791 corporis
935 2714 1187 2788 congruit
1217 2712 1382 2770 etiam
1414 2712 1625 2783 puritas
1671 2712 2052 2783 simplicitatis.

2219 2724 2387 2780 titatis
2405 2724 2648 2794 praemia,
2676 2735 2804 2780 sunt
2825 2725 3016 2781 merita
3044 2725 3350 2794 viduitatis,
3380 2738 3470 2784 est
3488 2730 3650 2785 etiam
3668 2744 3772 2787 con-

573 2810 664 2869 ‘57.
704 2810 816 2867 Nec
846 2816 1026 2881 potest
1055 2806 1316 2863 dubitare
1346 2806 1634 2877 quisquam
1678 2805 1824 2875 quod
1852 2804 2105 2863 Ecclesia

2214 2818 2364 2888 iugali
2393 2817 2666 2888 pudicitia:
2711 2818 2884 2874 locus.
2926 2817 3141 2877 Gradus
3168 2821 3516 2893 singularum
3567 2832 3688 2879 sunt
3726 2832 3767 2879 et

502 2908 652 2978 virgo
679 2905 787 2969 sit,
836 2917 998 2974 quam
1040 2902 1205 2958 etiam
1240 2900 1294 2956 in
1322 2899 1621 2957 Corinthiis
1650 2898 1944 2971 despondit
1972 2915 2103 2972 apo-
2201 2912 2540 2968 incremema
2563 2913 2843 2969 vii-imum,

501 3001 676 3057 stolus
708 2998 912 3055 Paulus
942 2995 997 3070 (Ι
1018 2994 1142 3053 Cor.
1171 3011 1270 3063 vn,
1301 2993 1429 3066 26),
1460 2994 1729 3065 virginem
1760 3003 1968 3050 castam
2012 3009 2097 3051 as.
2271 3004 2361 3060 41.
2400 3004 2556 3061 State
2583 3004 2746 3077 igitur
2777 3006 2829 3061 in
2852 3006 3021 3064 corde
3051 3017 3260 3076 vestro,
3293 3024 3367 3065 ne
3396 3010 3525 3083 quis
3546 3025 3639 3067 vos
3659 3011 3766 3067 sub-

499 3098 719 3168 signare
737 3094 976 3152 Christo.
1006 3092 1064 3148 In
1088 3091 1374 3163 superiore
1399 3089 1564 3162 igitur
1589 3090 1823 3161 epistola
1848 3089 1943 3146 dat
1968 3103 2100 3145 con-
2147 3173 2162 3175 _
2204 3106 2359 3165 ruat,
2404 3113 2473 3154 ne
2511 3098 2632 3169 quis
2674 3099 2850 3169 possit
2885 3098 3231 3158 subvertere.
3276 3102 3475 3158 Docuit
3516 3119 3617 3160 nos
3647 3104 3769 3175 Apo-

499 3190 704 3257 silium,
737 3197 792 3245 et
819 3186 1099 3244 existimat
1128 3186 1331 3242 bonum
1366 3199 1492 3241 esse
1515 3199 1716 3241 munus
1745 3183 2100 3256 virginitatis;
2129 3173 2175 3236 C
2207 3190 2379 3247 stolas
2405 3191 2537 3263 quid
2564 3192 2636 3247 είι
2662 3201 2832 3260 stare,
2882 3192 2988 3251 hoc
3028 3208 3138 3262 εει,
3184 3196 3333 3267 quod
3368 3197 3547 3271 Moysi
3594 3173 3773 3254 δίείυω

504 3293 565 3339 ut
594 3281 759 3339 nullis
806 3280 1059 3338 instantis
1108 3279 1297 3336 saeculi
1347 3278 1597 3335 turbetur
1658 3278 2099 3348 necessitatibus,
2205 3292 2291 3340 est
2333 3301 2347 3338 :
2389 3283 2558 3341 Locus
2606 3286 2753 3341 enim
2800 3288 2854 3340 in
2883 3299 2986 3359 quo
3031 3296 3088 3343 tu
3138 3299 3267 3357 stas,
3319 3301 3461 3359 terra
3504 3302 3678 3347 sancta
3714 3302 3773 3347 est

506 3377 655 3434 nulla
682 3374 874 3432 illuvie
897 3372 1315 3445 coinquinetur,
1337 3371 1503 3428 nullis
1532 3372 1838 3444 exagitetur
1885 3371 2131 3443 procel-'
2205 3376 2421 3448 (Exod.
2457 3393 2539 3447 Ill,
2569 3379 2667 3451 5);
2711 3395 2872 3437 nemo
2901 3383 3048 3439 enim
3093 3392 3221 3451 stat,
3267 3386 3372 3441 nisi
3394 3387 3491 3458 qui
3540 3388 3646 3444 ﬁde
3668 3396 3769 3453 stat,

503 3472 571 3528 lis
601 3489 614 3527 :
656 3472 711 3527 in
741 3469 1048 3543 posteriore
1074 3481 1311 3538 sponsor
1340 3474 1425 3523 est
1454 3465 1697 3534 Christo,
1746 3466 1892 3537 quod
1936 3465 2101 3537 virgi-
2207 3468 2309 3525 nisi
2337 3470 2430 3540 qui
2454 3469 2592 3527 lixus
2622 3479 2731 3527 stat
2760 3473 2849 3529 sui
2879 3474 3062 3531 cordis
3088 3477 3387 3533 sententia.
3415 3478 3563 3535 Alibi
3590 3492 3773 3551 quoque

505 3566 729 3622 nitatem
775 3561 1038 3619 Ecclesia:
1085 3560 1140 3616 in
1176 3560 1323 3616 illius
1351 3559 1527 3630 plebis
1575 3561 1899 3632 consignare
1934 3560 2105 3632 possit
2205 3561 2437 3635 legimus
2474 3581 2489 3620 :
2530 3566 2610 3621 Ta
2638 3576 2811 3623 autem
2856 3568 2941 3626 hic
2983 3579 3063 3625 sta
3109 3587 3328 3627 mecum.
3380 3572 3679 3645 Utrumque
3720 3573 3773 3627 ad

478 3657 824 3729 _integritate
848 3652 927 3726 (ll
950 3652 1070 3711 Cor.
1104 3668 1194 3719 xt,
1224 3652 1314 3717 2).

2219 3657 2428 3729 Moysen
2452 3674 2482 3714 a
2504 3659 2741 3719 Domino
2781 3661 2985 3720 dictum
3010 3674 3115 3732 est,
3148 3674 3204 3722 et
3229 3686 3243 3722 :
3274 3666 3378 3723 Ubi
3399 3678 3460 3723 tu
3485 3678 3622 3735 stas,
3660 3681 3772 3723 tem

575 3749 667 3807 38.
708 3746 1002 3819 Responde
1062 3745 1198 3801 mihi
1262 3760 1425 3811 nunc.
1486 3747 1675 3814 Paule,
1731 3762 1837 3818 qua
1886 3746 2101 3804 ratione
2204 3760 2383 3805 sancta
2419 3760 2496 3807 est
2524 3751 2718 3825 (Deut.
2751 3771 2817 3825 v,
2850 3757 2990 3828 5t);
3024 3768 3080 3815 et
3111 3776 3125 3812 :
3156 3757 3264 3814 Hic
3289 3770 3374 3816 sta
3426 3779 3661 3831 meum,
3688 3762 3773 3818 hoc

508 3852 736 3914 propter
808 3840 1102 3896 instantem
1191 3838 1571 3895 necessitatem
1637 3838 1735 3895 des
1809 3839 2100 3896 consilium
2204 3852 2310 3912 est,
2334 3859 2548 3901 mecum
2576 3854 2708 3915 stas,
2733 3849 2779 3904 si
2807 3857 2920 3906 stes
2941 3851 2994 3906 in
3019 3851 3434 3925 Ecclesia.lpse
3464 3860 3613 3913 enim
3640 3857 3772 3913 locus

505 3936 555 4009 (Ι
581 3935 700 3994 Cor.
730 3948 824 4002 vn,
851 3930 995 4004 26)?
1032 3930 1301 4023 Quoniam
1321 3931 1409 4001 qui
1435 3931 1547 3988 sine
1573 3947 1735 3988 uxore
1778 3942 1876 4000 est,
1904 3932 2099 3989 sollici.
2205 3947 2289 3993 est
2316 3949 2564 4006 sanctus,
2590 3942 2705 4012 ipsa
2726 3951 2873 4000 terra
2902 3943 3139 4003 fecunda
3159 3948 3499 4019 sanctitatis,
3548 3962 3602 4008 et
3618 3951 3774 4023 opima

507 4041 608 4099 tus,
642 4028 839 4099 inquit,
877 4034 952 4082 est
991 4040 1107 4093 quae
1129 4021 1346 4080 Domini
1398 4034 1543 4091 sunt,
1590 4023 1853 4109 quomodo
1896 4027 2102 4098 placeat
2205 4029 2463 4087 virtutum
2492 4034 2783 4091 messibus.

505 4121 615 4178 Deo
663 4118 860 4194 (lbid.,
902 4116 1032 4188 52).
1065 4115 1136 4171 Et
1151 4114 1358 4207 addidit
1387 4134 1400 4170 :
1435 4115 1505 4170 Et
1533 4117 1721 4171 mulier
1770 4117 1996 4188 innupta
2053 4127 2102 4173 et
2274 4123 2364 4179 42.
2408 4126 2499 4182 Sta
2525 4142 2657 4198 ergo
2686 4128 2743 4184 in
2776 4129 3041 4197 Ecclesia,
3068 4140 3154 4187 sta
3188 4132 3280 4188 ubi
3313 4134 3411 4190 tibi
3449 4136 3694 4207 apparui,
3714 4134 3773 4190 ibi

502 4216 645 4287 virgo
673 4211 865 4283 cogitat
883 4222 999 4279 qua
1023 4214 1147 4262 sunt
1166 4204 1416 4274 Domini;
1448 4216 1503 4261 ιιι
1522 4207 1588 4262 sit
1608 4216 1786 4262 sancta
1809 4224 2026 4281 corpore
2051 4219 2100 4265 et
2204 4229 2306 4286 ego
2327 4224 2503 4273 tecum
2532 4234 2676 4275 sum,
2699 4219 2802 4277 Ubi
2832 4230 2918 4278 εει
2940 4222 3210 4293 Ecclesia,
3240 4225 3318 4281 ibi
3342 4204 3657 4285 ﬁrmi'sgim,
3683 4236 3773 4284 ευ.

505 4306 692 4376 spiritu
730 4300 933 4376 (Ibid.,
961 4298 1086 4371 54).
1117 4299 1292 4355 liabet
1357 4299 1521 4371 igitur
1570 4316 1787 4357 murum
1819 4316 1976 4358 suum
2006 4302 2103 4359 ad-
2204 4307 2280 4365 tio
2310 4319 2416 4367 tuae
2439 4313 2637 4370 ruentis
2656 4322 2780 4371 est:
2809 4316 2883 4372 ibi
2914 4316 3325 4375 fundamentum
3353 4322 3527 4378 animi
3555 4325 3654 4389 tui,
3698 4322 3773 4379 ubi

406 4426 415 4431 -
506 4411 698 4454 versus
738 4390 924 4449 mundi
959 4389 1122 4487 hujus
1150 4390 1420 4487 turbines,
1455 4401 1517 4487 et
1545 4392 2101 4487 ideogseptodivinze
2206 4400 2299 4457 tibi
2331 4401 2400 4458 de
2437 4405 2577 4461 rubo
2619 4408 2863 4478 apparui.
2895 4407 2978 4464 Tu
3004 4410 3196 4477 rubus,
3218 4426 3322 4483 ego
3374 4413 3552 4483 ignis:
3577 4415 3773 4487 ignisin

509 4490 539 4530 δ
561 4487 766 4544 munita
782 4482 1135 4576 protectionis
1150 4483 1318 4539 nullis
1334 4484 1519 4540 saeculi
1537 4482 1725 4541 ﬂabris
1741 4485 2097 4557 inquietator.
2126 4564 2169 4576 Α
2205 4494 2364 4566 rubo,
2394 4512 2496 4569 ego
2525 4500 2578 4555 in
2603 4514 2787 4557 came,
2819 4500 3114 4571 Ρι-οριει-θε
3144 4482 3307 4576 ignis,
3341 4482 3534 4563 “(ubi
3561 4482 3769 4573 meum,

505 4583 715 4639 Bonum
743 4591 873 4648 ergo
894 4575 1216 4670 consilium_;
1247 4576 1372 4670 quia
1397 4578 1451 4631 in
1486 4577 1717 4670 consilio
1755 4580 1961 4638 utilitas
1990 4591 2092 4651 est,
2124 4564 2176 4627 Ῑ)
2203 4600 2263 4646 ιιι
2293 4564 2412 4647 ιιιρε
2430 4564 2640 4663 spinas,
2685 4601 2744 4649 ιιι
2771 4602 2861 4651 ωε
2901 4564 3123 4666 ιίθεαιιε
3162 4564 3507 4670 Eonsiimam’
3534 4611 3592 4658 ει
3617 4564 3770 4658 muni

498 4677 557 4732 in
589 4676 863 4746 praecepto
891 4667 1137 4738 laqueus.
1168 4665 1469 4723 Consilium
1501 4667 1695 4725 invitat
1736 4670 2095 4743 voluntarios,
2204 4681 2298 4740 tibi
2327 4683 2697 4742 demonstrem
2720 4665 2976 4757 gmiain,

500 4760 1142 4861 praeceptum___astringit
1205 4761 1426 4819 invitos.
1477 4763 1533 4820 Si
1574 4780 1692 4861 qua
1733 4782 1864 4839 ergo
1907 4777 2098 4826 secuta
2270 4776 2361 4835 43.
2404 4778 2622 4836 Stantes
2652 4794 2785 4853 ergo
2815 4781 2870 4837 in
2899 4781 3067 4840 corde
3095 4797 3281 4841 vesrro
3321 4787 3486 4856 lupos
3514 4787 3687 4861 fugate
3712 4788 3770 4842 ab

500 4861 666 4920 fuerit
690 4855 1006 4921 consilium.
1033 4864 1089 4912 et
1117 4869 1236 4912 eam
1282 4871 1391 4913 non
1441 4858 1782 4928 ptnnituerit,
1814 4863 2098 4933 acquisivit
2200 4868 2442 4926 Ecclesia
2467 4881 2777 4943 quaerentes
2799 4875 3037 4945 prmdam
3068 4877 3284 4935 tollere.
3318 4855 3435 4935 Non
3464 4882 3536 4937 sit
3557 4855 3613 4936 in
3640 4880 3768 4937 rem

500 4954 787 5013 utilitatem
818 4952 898 5005 :si
921 4963 1083 5041 quam
1106 4963 1236 5041 vero
1258 4949 1595 5041 ptenituerit,
1628 4966 1734 5007 non
1764 4951 1928 5009 habet
1948 4955 2095 5025 quod
2198 4960 2428 5031 desidia,
2460 4980 2566 5020 non
2604 4965 2674 5021 sit
2705 4982 2934 5037 pravum
2963 4984 3048 5037 os,
3086 4969 3270 5041 lingua
3305 4973 3565 5029 amarior.
3612 4973 3767 5028 Nolite

496 5055 717 5105 accuset
746 5040 1237 5134 Ap08l010m;_ipsa
1259 5041 1404 5134 vitim
1445 5040 1515 5134 de
1542 5041 1862 5124 inﬁrmitate
1887 5061 1986 5101 sua
2002 5047 2092 5118 ju-
2197 5053 2250 5109 in
2279 5057 2509 5112 concilio
2529 5058 2787 5117 vanitatis
2806 5060 3031 5129 sedere;
3060 5040 3324 5134 scriptum
3349 5074 3436 5121 est
3450 5067 3597 5122 enim
3622 5086 3635 5121 :
3660 5064 3766 5121 Non

497 5141 683 5196 dicare
711 5135 940 5229 debuit:
972 5141 1028 5189 et
1059 5131 1182 5229 ideo
1227 5132 1333 5189 sibi
1372 5132 1666 5229 voluntatis
1693 5149 1807 5193 suae
1852 5152 1943 5194 rea
1981 5148 2088 5206 est,
2192 5147 2302 5200 sedi
2329 5147 2385 5201 in
2414 5151 2631 5207 concilio
2656 5153 2894 5210 vanitatis
2941 5153 3132 5228 (Psal.
3173 5131 3304 5224 xxv,
3331 5156 3424 5229 4),
3466 5158 3643 5216 Nolite
3682 5175 3765 5214 an-

494 5232 649 5296 cujus
675 5227 927 5302 graviore
953 5239 1115 5297 quam
1147 5222 1290 5280 ferre
1319 5233 1521 5295 posset,
1549 5226 1745 5309 laqueo
1771 5243 1831 5286 se
1860 5244 1924 5286 ac
1942 5231 2086 5289 nodo
2191 5237 2311 5296 dire
2336 5239 2689 5300 detrahentes
2730 5245 2798 5301 de
2828 5222 3122 5318 proximis;
3147 5264 3215 5305 ne
3241 5222 3595 5308 dum'anditis
3621 5252 3761 5315 alios,

489 5325 700 5399 ligavit.
2187 5332 2593 5403 provocem'ini;
2626 5346 2761 5395 utet
2787 5340 2886 5409 ipsi
2915 5340 3190 5412 derogetis
3217 5344 3516 5413 proximis,
3538 5355 3594 5402 et
3624 5345 3761 5401 dica-

551 5419 645 5477 59.
685 5416 874 5509 Itaque
900 5420 1175 5509 tamquam
1200 5412 1377 5470 bonus
1405 5414 1664 5487 medicus,
1712 5421 1805 5490 qui
1833 5428 1888 5477 et
1913 5421 2072 5479 forti-
2185 5433 2271 5481 tur
2288 5428 2576 5501 unicuique
2601 5425 2879 5486 vestrum?
2903 5431 3105 5489 Sedens
3123 5434 3375 5491 adversus
3394 5439 3609 5509 fratrem
3629 5449 3755 5492 tam

470 5512 569 5570 bus
589 5508 943 5570 stabilitatem
963 5505 1181 5562 virtutis
1202 5520 1532 5564 conservare
1553 5510 1755 5580 cupiat,
1769 5522 1827 5568 et
1843 5514 2070 5573 inﬁrmis
2177 5517 2478 5576 detrahebas
2505 5523 2524 5593 (
2546 5520 2697 5579 Psat.
2724 5538 2872 5590 χιιι,
2897 5523 3024 5597 20).

466 5604 849 5661 salubritatem
876 5598 1028 5665 dare,
1055 5597 1178 5654 aliis
1203 5598 1297 5655 dat
1325 5600 1611 5657 consilium
1629 5645 1644 5670 ,
1676 5604 1798 5661 aliis
1840 5606 2069 5665 demon-
2247 5613 2341 5669 44.
2382 5613 2651 5672 Sedentes
2678 5615 2997 5685 detrahunt,
3026 5628 3236 5676 stantes
3263 5630 3450 5679 autem
3480 5623 3751 5680 Dominum

536 5738 733 5829 {‘Mss.
783 5750 891 5791 non
933 5734 1109 5806 pauci,
1157 5736 1330 5791 dicit:
1356 5735 1609 5809 Consilio,
1649 5742 1737 5797 isti
1756 5743 2057 5803 dissuaden-
2240 5749 2269 5789 ι)
2304 5751 2758 5829 _P_aris._qua3dam
2783 5755 2941 5824 edit.,
2971 5758 3172 5812 munita
3197 5759 3543 5829 perfectionis.

464 5811 609 5866 dum.
2239 5833 2261 5861 ο
2303 5823 2434 5882 Mss.
2459 5811 2684 5897 aliquot,
2710 5811 3107 5884 virtutis'cibnm
3130 5811 3406 5900 etc'spectet.
