3932 6296
195 306 332 369 1201

1372 303 1857 365 EPISTOLARUM
1895 303 2178 364 CLASSIS
2215 303 2257 362 l.

3354 301 3496 362 1203

195 426 546 492 benedicunt,
571 425 767 497 quibus
793 425 988 482 dicitur
1019 444 1031 478 :
1061 424 1194 481 Ecce
1215 441 1350 480 nunc
1378 424 1653 479 benedicile
1680 423 1792 479 Do-
1817 426 1870 487 Α
1896 425 2261 495 passionibus,
2295 433 2566 496 tamquam
2588 433 2995 481 consummatus
3025 423 3164 496 ipse,
3188 424 3476 482 sanitatem

195 521 414 584 minum,
440 535 612 574 omnes
634 520 764 574 servi
785 519 1016 585 Domini,
1039 520 1127 589 qui
1152 520 1299 573 statis
1320 519 1371 572 in
1399 518 1548 572 domo
1578 516 1788 572 Domini

200 611 383 684 (Psal.
407 627 635 676 cxxxiii,
662 610 742 683 l).
777 611 877 679 Qui
903 611 1077 679 sedet,
1109 618 1168 665 ut
1195 612 1260 666 de
1287 624 1556 682 corporeo
1577 623 1677 664 usu
1709 609 1790 664 lo-

194 722 354 778 quar,
375 717 400 742 ιι
418 710 570 778 quasi
596 709 774 766 otioso
793 709 1085 764 resolvitur
1105 723 1358 778 corpore,
1385 715 1548 777 atque
1579 706 1790 778 1033

193 798 551 856 intentionem
586 802 786 856 mentis
818 801 1047 858 relaxat.
1081 802 1199 857 Stat
1252 811 1432 856 autem
1467 801 1790 868 speculator

194 891 478 963 providus,
527 894 841 963 explorator
894 895 1144 964 impiger,
1198 894 1428 964 pervigil
1457 905 1667 958 custos,
1698 893 1790 962 qui

198 986 486 1056 praetendit
513 985 565 1041 in
588 986 807 1042 castris.
835 986 1074 1042 Bellator
1099 1001 1315 1057 quoque
1337 994 1592 1040 strenuus
1615 984 1643 1023 ι)
1666 993 1792 1040 ante

197 1087 570 1148 exspectatum
597 1087 705 1133 stat
727 1078 779 1132 in
808 1079 1044 1148 agmine,
1073 1079 1163 1149 qui
1192 1079 1308 1133 vult
1335 1079 1631 1133 adversarii
1659 1092 1792 1133 con-

198 1171 318 1226 silia
352 1172 670 1243 praevenire.

268 1265 359 1320 45.
401 1265 503 1333 Qui
545 1273 672 1332 stat,
701 1265 872 1320 uideat
905 1281 968 1318 ne
1015 1267 1165 1320 cadat
1197 1269 1214 1336 (
1230 1266 1249 1321 l
1274 1265 1392 1321 Cor.
1425 1283 1480 1331 ι,
1532 1267 1654 1336 l2).
1689 1267 1791 1335 Qui

197 1367 323 1424 stat,
382 1357 691 1414 obtrectare
745 1359 951 1424 nescit;
993 1359 1298 1414 otiosorum
1348 1360 1549 1415 etenim
1597 1359 1792 1416 fabulae

197 1459 345 1517 sunt,
370 1449 573 1522 quibus
597 1453 918 1508 obtrectatio
940 1455 1163 1518 seritur,
1190 1453 1496 1524 malignitas
1517 1451 1790 1523 proditur.

200 1542 358 1599 Unde
389 1545 465 1598 ait
498 1543 770 1615 Propheta
805 1562 817 1597 :
854 1543 988 1599 Odia
1017 1545 1174 1599 habui
1202 1546 1648 1618 congregationem
1681 1560 1796 1598 ma-

199 1638 482 1708 lignorum,
527 1647 574 1692 et
607 1653 718 1692 cum
747 1639 919 1706 impiis
949 1655 1054 1693 non
1082 1639 1267 1694 sedebo
1311 1637 1494 1711 (Psal.
1544 1654 1671 1704 xxv,
1707 1639 1790 1709 5).

199 1731 268 1786 Et
299 1733 351 1787 in
377 1732 655 1802 trigesimo
695 1741 857 1787 sexto
887 1732 1118 1801 psalmo,
1152 1745 1173 1771 ε
1198 1749 1358 1804 quem
1394 1732 1679 1804 praeceptis
1705 1747 1795 1788 re-

1893 516 2044 574 dedit
2070 519 2346 588 omnibus,
2381 529 2658 590 peccatum
2683 519 2808 575 tulit
2831 519 3096 574 omnium.

1965 613 2054 669 48.
2097 614 2224 670 Ideo
2303 623 2359 669 et
2419 614 2615 670 .Aaron
2703 613 3042 670 sacerdotem
3120 612 3238 683 ipse
3320 613 3490 684 elegit

1893 707 2082 781 (Num.
2109 724 2240 774 xvn,
2266 709 2357 780 8),
2389 719 2444 763 ut
2470 723 2576 764 non
2601 709 2834 764 humana
2865 708 3132 779 cupiditas
3161 709 3214 764 in
3237 707 3492 779 eligendo

1895 803 2179 858 sacerdote
2205 802 2676 873 praeponderaret,
2704 803 2799 859 sed
2822 804 2991 874 gratia
3019 803 3131 869 Dei,
3163 818 3276 858 non
3297 803 3491 859 volun-

1897 895 2032 950 taria
2060 895 2260 951 oblatio
2300 913 2312 948 :
2348 911 2448 952 nec
2483 897 2701 966 propria
2743 897 3067 968 assumptio,
3106 898 3202 954 sed
3252 897 3489 954 etelestis

1897 989 2136 1054 vocatio;
2172 997 2227 1042 ut
2247 991 2294 1044 is
2316 988 2512 1044 oﬁ‘erat
2541 1004 2763 1044 munera
2791 1004 2891 1059 pro
2915 990 3169 1060 peccatis,
3199 990 3290 1061 qui
3316 990 3488 1060 possit

1894 1080 2033 1163 afﬁci
2066 1096 2162 1150 pro
2196 1082 2544 1152 peccantibus
2584 1100 2598 1136 :
2632 1083 2757 1153 quia
2807 1092 2864 1138 et
2897 1083 3034 1152 ipse,
3084 1083 3280 1154 inquit,
3312 1092 3494 1154 gestat

1898 1173 2289 1230 inﬁrmitatem.
2339 1174 2455 1230 Non
2496 1175 2602 1230 sibi
2631 1175 2752 1245 quis
2777 1175 3039 1232 honorem
3063 1175 3227 1231 debet
3245 1190 3490 1239 sumere.

1897 1265 1992 1322 sed
2016 1267 2194 1322 vocari
2225 1282 2253 1320 a
2277 1267 2412 1334 Deo,
2447 1268 2590 1322 sicut
2614 1277 2670 1323 et
2694 1267 2907 1335 Aaron;
2933 1279 2987 1325 et
3008 1269 3082 1325 ita
3110 1268 3360 1325 Christus
3378 1283 3485 1323 non

1898 1361 2097 1430 exegit,
2123 1359 2218 1415 sed
2249 1362 2460 1430 accepit
2488 1359 2850 1416 sacerdotium
2885 1359 3081 1432 (Hebr.
3112 1360 3236 1427 v,2,
3261 1360 3348 1430 '5).

1974 1452 2188 1526 1034
2213 1453 2304 1509 49.
2349 1454 2590 1524 Denique
2640 1468 2762 1508 cum
2813 1454 2882 1509 ab
2929 1453 3110 1508 Aaron
3165 1467 3263 1524 per
3315 1467 3489 1523 genus

1898 1545 2061 1603 ducta
2111 1547 2406 1614 successio,
2461 1548 2678 1618 generis
2732 1549 2903 1618 magis
2955 1555 3165 1603 teneret
3213 1545 3486 1612 ltazredes,

1901 1653 2060 1707 quam
2086 1638 2308 1708 justitiaa
2335 1647 2646 1704 consortes;
2681 1647 2968 1709 propterea
2995 1639 3061 1693 ad
3106 1647 3294 1711 typum
3333 1639 3483 1694 illius

1901 1729 2323 1797 Melchisedech,
2365 1746 2523 1802 quem
2555 1733 2609 1788 in
2638 1733 2808 1789 veteri
2853 1741 3182 1790 testamento
3229 1734 3485 1806 legimus,

201 1827 353 1881 forsit
385 1826 715 1892 moralibus,
751 1826 803 1880 in
847 1824 1119 1896 principio
1166 1828 1351 1882 statim
1404 1828 1586 1898 posuit
1621 1844 1634 1879 :
1668 1825 1796 1879 Noti
1825 1827 1874 1888 Β
1901 1837 2061 1878 verus
2083 1822 2502 1891 Melchisedech,
2527 1839 2687 1879 verus
2710 1840 2802 1879 rex
2831 1825 2996 1895 pacis,
3021 1839 3185 1882 verus
3205 1840 3301 1881 rex
3326 1825 3490 1897 justi-

199 1917 477 1989 malignari
505 1919 635 1972 inter
656 1919 1015 1990 malignantes,
1047 1935 1206 1989 neque
1233 1920 1500 1974 cenaulatus
1531 1920 1692 1992 {ueris
1718 1919 1800 1987 fa—

199 2011 392 2066 cientes
421 2013 739 2082 iniquitatem
767 2011 951 2080 (Psal.
993 2029 1175 2079 xxxvr,
1207 2015 1293 2084 1).
1343 2014 1647 2083 Malignitas
1679 2013 1800 2085 plus

201 2112 364 2158 nocet
386 2119 548 2174 quam
575 2104 815 2172 malitia;
845 2106 970 2175 quia
1000 2106 1310 2177 malignitas
1334 2122 1433 2162 nec
1456 2120 1646 2177 puram
1671 2108 1802 2162 sim-

197 2197 500 2268 plicitatem
551 2198 737 2265 habet,
789 2215 892 2255 nec
939 2209 1183 2270 apertam
1233 2199 1644 2254 malitiamzsed
1676 2199 1800 2254 abs-

195 2291 474 2347 conditam
508 2293 968 2348 malevolentiam.
999 2293 1281 2348 Difﬁcilius
1317 2301 1500 2348 autem
1533 2301 1798 2348 caventur

196 2385 436 2449 occulta,
469 2401 630 2456 quam
668 2402 790 2456 quin
820 2395 946 2440 sunt
991 2386 1228 2456 c0gnita.
1272 2385 1428 2442 Unde
1455 2395 1510 2441 et
1544 2385 1800 2440 Salvator

197 2487 388 2535 noster
417 2477 442 2514 ἀ
488 2493 518 2532 a
550 2479 836 2548 spiritibus
881 2478 1133 2549 malignis
1176 2479 1475 2534 cavendum
1518 2479 1798 2543 admonet,

197 2569 347 2639 quod
402 2585 503 2625 nos
558 2571 880 2626 blandarum
929 2571 1114 2640 specie
1165 2571 1501 2641 voluptatum
1552 2571 1796 2638 capiant,

197 2671 636 2733 ca-terarumque
683 2677 862 2719 rerum
891 2663 1268 2729 simulatione;
1300 2678 1424 2718 cum
1455 2663 1521 2717 ad
1549 2663 1801 2718 ambitio-

198 2772 347 2823 nem,
401 2756 688 2823 honorem,
733 2758 1044 2822 avaritiam,
1077 2757 1326 2818 divitias,
1371 2756 1438 2812 ad
1483 2756 1796 2828 superbiam

200 2849 463 2920 potentiae
492 2850 764 2906 lenocinia
789 2850 1154 2921 praetendunt.

273 2944 364 3001 46.
407 2944 589 3015 Itaque
635 2961 757 3000 cum
792 2945 843 3000 in
893 2946 1042 3000 omni
1090 2954 1236 3013 actu,
1290 2955 1399 2999 tum
1457 2947 1691 3001 maxime
1745 2947 1797 3000 in

202 3039 450 3109 episcopi
488 3040 748 3109 petitione
792 3041 987 3096 abesse
1029 3039 1193 3096 debet
1231 3039 1564 3110 malignitas,
1615 3040 1802 3110 inquo

206 3133 318 3186 vita
347 3131 610 3187 formatur
633 3132 908 3197 omnium;
940 3140 991 3186 ut
1024 3131 1238 3202 placido
1267 3139 1323 3187 et
1351 3130 1574 3202 paciﬁco
1595 3130 1802 3201 judicio

1904 1913 1992 1967 tite
2021 1915 2202 1986 venit;
2253 1913 2353 1970 hoc
2381 1916 2524 1970 enim
2575 1916 2736 1972 habet
2786 1917 3028 1972 nominis
3079 1917 3502 1986 interpretatio,

1900 2008 2012 2062 sine
2049 2018 2216 2080 patre,
2256 2010 2367 2064 sine
2415 2020 2598 2076 matre,
2636 2019 2659 2047 θ
2682 2011 2791 2064 sine
2837 2011 3188 2082 generationis
3229 2026 3506 2066 enumera-

1905 2102 2060 2169 tione,
2099 2120 2259 2173 neque
2295 2104 2498 2158 initium
2527 2103 2748 2171 dierum,
2787 2119 2950 2174 neque
2980 2103 3135 2173 ﬁnem
3175 2103 3293 2158 uitta
3312 2101 3504 2158 habens

1904 2195 2104 2267 (Hebr.
2137 2213 2228 2262 vn,
2256 2199 2326 2264 2,
2359 2198 2462 2268 3):
2493 2198 2638 2268 quod
2670 2206 2726 2253 et
2754 2197 2822 2253 ad
2867 2197 3066 2252 Filium
3101 2196 3194 2252 Dei
3245 2195 3504 2263 refertur,

1900 2291 1990 2361 qui
2021 2300 2248 2345 matrem
2282 2291 2336 2345 in
2365 2291 2455 2346 illa
2485 2291 2664 2345 divina
2710 2290 3070 2362 generatione
3103 2289 3356 2356 nescivit,
3407 2301 3504 2357 pa-

1905 2391 2038 2435 trem
2071 2382 2122 2436 in
2148 2380 2250 2436 hoc
2274 2381 2496 2452 virginis
2527 2383 2709 2437 Maria:
2743 2390 2898 2450 partu
2925 2380 3228 2452 ignoravit;
3256 2395 3324 2436 ex
3346 2379 3507 2435 Patre

1901 2471 2021 2525 solo
2044 2480 2202 2527 natus
2229 2480 2356 2528 ante
2384 2473 2604 2540 saecula,
2630 2488 2695 2528 ex
2732 2472 2955 2543 Virgine
2989 2472 3103 2526 sola
3140 2481 3296 2526 ortus
3322 2471 3378 2526 in
3403 2458 3508 2526 hoc

1902 2565 2125 2630 saeculo,
2169 2564 2383 2619 initium
2431 2564 2648 2620 dierum
2689 2564 2894 2620 habere
2944 2565 3131 2635 utique
3153 2580 3260 2618 non
3308 2563 3508 2634 potuit,

1901 2657 1990 2727 qui
2035 2666 2154 2710 erat
2201 2656 2256 2711 in
2306 2657 2594 2728 principio.
2644 2656 2932 2724 Quomodo
2971 2664 3152 2712 autem
3185 2655 3313 2710 vitae
3343 2654 3506 2710 ﬁnem

1905 2749 2152 2815 haberet,
2196 2750 2289 2820 qui
2327 2751 2454 2804 vitae
2496 2759 2686 2805 auctor
2715 2750 2974 2804 omnibus
3007 2747 3129 2804 est?
3159 2747 3288 2819 Ipse
3317 2748 3513 2819 princi-

1903 2841 2046 2910 pium
2070 2853 2115 2896 et
2139 2843 2258 2908 ﬁnis
2289 2843 2516 2896 omnium
2545 2841 2743 2913 (Apoc.
2774 2858 2813 2909 t,
2843 2841 2932 2912 8).
2958 2840 3066 2897 Sed
3093 2841 3330 2896 refertur
3365 2847 3424 2895 et
3442 2839 3508 2894 ad

1905 2936 2234 3005 exempturo,
2270 2945 2327 2989 ut
2359 2945 2633 3006 tamquam
2662 2935 2784 2990 sine
2811 2944 2964 3004 patre
2999 2944 3056 2989 et
3078 2935 3197 2989 sine
3222 2943 3396 2988 matre
3427 2947 3514 2987 sa-

1907 3028 2102 3085 cerdos
2130 3043 2252 3082 eSsc
2277 3027 2507 3093 debeat;
2553 3029 2604 3082 in
2652 3044 2761 3098 quo
2801 3043 2908 3083 non
2955 3029 3174 3098 generis
3225 3026 3510 3092 nobilitas,

1907 3121 2004 3176 sed
2038 3135 2248 3177 morum
2284 3119 2300 3156 ί
2333 3122 2571 3192 eligatur
2616 3122 2815 3191 gratia,
2845 3130 2902 3176 et
2929 3121 3196 3176 virtutum
3236 3133 3510 3190 praeroga-

205 3224 528 3296 przeferatur
556 3225 635 3279 vir
659 3224 932 3289 omnibus,
965 3223 1060 3294 qui
1088 3224 1322 3295 eligatur
1349 3239 1414 3278 ex
1444 3222 1715 3289 omnibus,
1749 3230 1802 3278 et
1828 3216 1874 3276 C
1910 3216 2040 3271 tiva.

201 3318 299 3388 qui
352 3317 628 3373 medeatur
657 3317 911 3373 omnibus
953 3335 966 3370 :
1009 3315 1224 3372 Etenim
1282 3325 1579 3369 mansuetus
1626 3315 1802 3379 homo,

203 3413 379 3474 cordis
426 3411 648 3466 medicus
690 3420 765 3465 est
796 3409 990 3483 (Prov.
1019 3426 1135 3476 xrv,
1159 3409 1283 3482 50).
1315 3407 1482 3478 Cujus
1530 3423 1588 3464 se
1633 3406 1808 3462 medi-

205 3523 333 3562 cum
356 3509 518 3561 etiam
545 3507 804 3561 Dominus
823 3506 876 3560 in
907 3505 1197 3576 Evangelio
1220 3507 1430 3559 locutus
1455 3512 1558 3571 est,
1581 3503 1767 3558 dicens
1791 3519 1803 3555 :

212 3599 338 3653 Non
368 3616 495 3669 opus
522 3610 595 3654 est
645 3600 786 3653 sanis
833 3598 1081 3664 medicus,
1127 3598 1218 3652 sed
1243 3599 1305 3652 iis
1333 3599 1420 3668 qui
1444 3596 1579 3650 male
1624 3595 1810 3650 habent

208 3697 226 3764 (
254 3691 443 3747 Matth.
477 3709 553 3759 Ix,
585 3692 710 3763 12).

283 3785 376 3840 47.
420 3785 602 3841 Bonus
633 3784 876 3840 medicus
901 3824 916 3850 ,
949 3783 1041 3854 qui
1074 3781 1416 3837 infirmitates
1447 3789 1666 3835 nostras
1693 3794 1813 3833 sus-

211 3880 392 3949 cepit,
435 3879 646 3934 sanavit
685 3876 1064 3948 :egritudines;
1094 3884 1148 3930 ct
1180 3885 1358 3930 tamen
1387 3875 1488 3928 iste
1511 3915 1525 3933 ,
1563 3873 1704 3927 sicut
1732 3882 1814 3927 est

213 3973 504 4042 scriptum,
535 3986 640 4026 non
675 3986 734 4026 se
767 3969 1145 4024 honoriﬁcavit
1173 3968 1286 4022 ﬁeri
1331 3981 1604 4022 summmn
1633 3980 1817 4020 sacer-

212 4063 400 4118 dotem
436 4080 448 4114 :
492 4061 589 4118 sed
632 4063 720 4131 qui
770 4061 982 4117 locutus
1028 4060 1206 4117 estad
1238 4075 1384 4124 eum,
1436 4059 1596 4113 Pater
1639 4056 1812 4112 dixit:

219 4156 393 4211 Filius
413 4173 556 4211 mens
577 4174 628 4209 es
650 4165 724 4221 tu,
746 4173 836 4229 ego
850 4156 1003 4210 hodie
1024 4157 1174 4225 genui
1198 4157 1272 4222 te(
1292 4153 1456 4209 Hebr.
1475 4171 1531 4220 v,
1549 4153 1640 4207 Set
1657 4155 1815 4222 seq.).

217 4251 377 4306 Sient
420 4260 476 4305 et
504 4249 631 4306 alibi
661 4250 790 4305 dicit
834 4268 845 4304 :
875 4249 955 4304 Tu
1002 4267 1053 4304 es
1083 4249 1324 4304 sacerdos
1355 4249 1408 4302 in
1446 4257 1697 4303 ceternum
1741 4263 1822 4302 se-

219 4344 454 4398 cundum
501 4343 734 4396 ordinent
780 4341 1180 4397 Melchisedech.
1231 4342 1332 4410 Qui
1361 4340 1616 4409 quoniam
1663 4351 1823 4412 typus
1885 4404 1890 4406 _

221 4440 437 4492 futurus
465 4447 584 4490 erat
611 4435 957 4491 sacerdotum
991 4435 1255 4498 omnium,
1287 4435 1410 4490 ideo
1449 4449 1671 4490 carnem
1702 4449 1826 4490 sus-

223 4532 400 4600 cepit;
426 4523 478 4582 nt
505 4531 558 4582 in
585 4529 766 4583 diebus
803 4530 976 4583 carnis
1003 4545 1109 4583 suae
1141 4545 1313 4598 preces
1343 4539 1388 4583 et
1414 4527 1827 4601 supplicationes

1979 3307 2069 3366 50.
2114 3308 2197 3365 Sit
2227 3308 2280 3362 in
2309 3321 2375 3363 eo
2408 3307 2562 3374 ﬁdes,
2585 3315 2863 3362 etmorum
2899 3307 3182 3362 maturitas
3216 3324 3231 3361 :
3268 3321 3378 3363 non
3424 3307 3502 3362 al-

1911 3403 2083 3450 terum
2115 3393 2236 3449 sine
2265 3394 2458 3458 altero,
2509 3393 2602 3449 sed
2636 3403 2927 3463 utrumque
2957 3394 3010 3448 in
3041 3407 3148 3448 uno
3183 3403 3306 3448 eum
3347 3392 3506 3448 bonis

1911 3488 2169 3560 Operibns
2218 3487 2509 3543 conveniat
2549 3496 2605 3542 et
2664 3485 2844 3540 factis.
2882 3485 3040 3541 Unde
3082 3499 3182 3540 nos
3220 3484 3504 3554 apostolus

1913 3581 2111 3635 Paulus
2132 3595 2322 3635 eorum
2349 3578 2461 3633 vult
2485 3592 2604 3634 esse
2629 3577 2952 3641 imitatores,
2980 3577 3073 3648 qui
3095 3592 3196 3647 per
3217 3575 3403 3640 ﬁdem,
3431 3575 3514 3630 in-

1913 3677 2029 3747 quit
2077 3673 2272 3746 (Hebr.
2296 3689 2370 3741 χι,
2395 3672 2430 3729 9
2453 3682 2499 3728 et
2519 3689 2624 3740 seq.
2645 3671 2688 3744 ),
2712 3680 2766 3727 et
2787 3671 3106 3742 patientiam
3131 3669 3416 3740 possident
3432 3683 3517 3723 re-

1919 3769 2306 3840 promissiones
2335 3765 2591 3831 Abrahae,
2623 3767 2712 3836 qui
2746 3780 2844 3834 per
2874 3763 3192 3835 patientiam
3230 3760 3518 3833 promissae

1917 3862 2024 3917 sibi
2057 3859 2448 3917 benedictionis
2491 3859 2688 3914 meruit
2723 3857 2971 3927 accipere
2993 3865 3049 3912 et
3095 3854 3374 3924 possidere
3398 3868 3524 3923 gra-

1923 3961 2072 4010 tiam.
2103 3955 2406 4010 lmitatores
2431 3967 2531 4008 nos
2551 3953 2721 4006 sancti
2746 3954 2925 4006 Aaron
2954 3948 3117 4004 David
3144 3947 3407 4018 propheta
3428 3945 3524 4001 de-

1925 4053 2052 4107 bere
2082 4065 2203 4106 esse
2229 4051 2509 4114 admonet,
2561 4046 2648 4116 qui
2701 4061 2824 4101 eum
2876 4046 3018 4100 inter
3050 4052 3272 4097 sanctos
3312 4038 3530 4094 Domini

1925 4145 1990 4198 ad
2035 4141 2351 4198 imitandum
2398 4140 2558 4196 nobis
2598 4137 2906 4204 constituit,
2954 4135 3192 4190 dicens:
3225 4131 3435 4202 Moyses
3484 4140 3532 4184 et

1927 4239 2100 4292 Aaron
2130 4238 2185 4290 in
2211 4234 2564 4289 sacerdotibus
2595 4233 2706 4305 ejus
2727 4273 2743 4300 ,
2768 4241 2813 4285 et
2847 4229 3062 4284 Samuel
3083 4228 3214 4282 inter
3232 4226 3529 4280 invocantes

1932 4347 2120 4386 nomen
2141 4335 2257 4404 ejus
2290 4328 2478 4399 (Psal.
2512 4341 2699 4392 xcvtn,
2725 4325 2814 4395 6).

2001 4425 2090 4481 5i.
2135 4425 2335 4495 Dignus
2377 4423 2536 4491 plane
2584 4419 2671 4474 vir
2708 4419 2801 4489 qui
2848 4414 3160 4487 sequendus
3191 4417 3528 4485 proponatur

1931 4519 2216 4585 omnibus;
2260 4533 2383 4572 nam
2426 4531 2550 4570 cum
2582 4514 2702 4569 dira
2733 4525 2883 4567 mors
2925 4518 3150 4582 propter
3180 4515 3537 4563 contumaces

229 4624 338 4679 Deo
371 4623 520 4676 Patri
545 4640 662 4677 cum
695 4641 884 4695 magna
911 4640 1033 4677 voce
1061 4633 1106 4676 et
1130 4623 1372 4693 lacrgntis
1400 4621 1610 4690 offerret
1641 4640 1658 4676 :
1691 4631 1737 4676 et
1763 4638 1827 4677 ea:
1851 4611 1904 4672 D
1932 4614 1983 4668 in
2031 4613 2242 4684 plebem
2270 4621 2538 4680 scrperel.
2596 4607 2836 4663 medium
2867 4621 2926 4660 se
2955 4605 3097 4660 ίηιθτ
3142 4603 3388 4657 νίνεηίθε
3415 4611 3537 4695 ηξ⁰⁸

225 4717 294 4770 iis
323 4731 440 4785 qua:
478 4733 658 4788 passus
702 4727 797 4783 est,
828 4716 1068 4780 quamvis
1113 4725 1240 4768 esset
1269 4713 1437 4768 Filius
1483 4713 1602 4780 Dei,
1633 4713 1829 4768 discere

227 4809 515 4872 videretur,
569 4809 932 4876 obedientiam,
978 4822 1134 4877 quam
1173 4822 1265 4860 nos
1316 4808 1542 4871 doceret,
1596 4817 1652 4859 ut
1681 4805 1830 4860 nobis

229 4905 380 4973 [ieret
415 4913 596 4958 auctor
645 4903 826 4958 salutis
855 4900 1030 4974 (Ibid.
1062 4900 1106 4970 ).
1140 4899 1385 4970 Denique
1434 4899 1829 4954 consummatis

313 5138 340 5164 ο
381 5127 524 5182 Edit.
560 5133 666 5180 vet.
694 5128 817 5178 cum
852 5122 1040 5192 paucis
1068 5136 1228 5183 mss.,
1257 5119 1406 5189 quasi
1434 5118 1836 5192 otioresolvitur

238 5216 486 5270 corpore;
532 5198 712 5256 limn.,
733 5190 1072 5264 ....corporis
1100 5209 1124 5270 ί
1145 5192 1234 5246 alii
1267 5205 1399 5245 mss.
1432 5191 1658 5270 partim,
1688 5190 1837 5260 quasi

240 5263 351 5326 otio
380 5263 658 5325 rescivitur
689 5263 945 5335 corpora;
989 5265 1181 5335 partim
1216 5273 1272 5317 ut
1302 5277 1402 5317 nos
1431 5263 1481 5335 in
1517 5270 1690 5335 textu.

317 5344 343 5380 δ
385 5342 542 5396 Rom.
595 5331 917 5400 etlit.,'ante
943 5331 1298 5406 eispectatum
1353 5334 1613 5405 praelium.
1663 5331 1842 5386 Minus

243 5411 562 5474 commode;
592 5410 665 5464 ibi
693 5410 836 5462 enim
880 5406 1199 5477 intelligitur
1236 5416 1470 5477 tempus,
1503 5414 1692 5474 estque
1725 5419 1842 5458 ma-

248 5486 442 5542 nifesta
475 5480 704 5536 imitatio
734 5495 922 5533 versus
942 5475 1091 5546 Virg.
1130 5493 1160 5532 e
1189 5477 1283 5531 lib.
1316 5492 1368 5530 Iv
1399 5475 1622 5544 Georg:

347 5587 476 5634 Ante
503 5585 844 5643 ex3pectatum
869 5579 1038 5638 positis
1060 5584 1156 5626 stat
1180 5580 1230 5627 in
1255 5577 1428 5627 ordine
1453 5579 1639 5625 castris.

252 5716 415 5772 quem
436 5698 547 5767 jam
577 5693 862 5772 retulimus
893 5693 958 5772 ad
985 5691 1318 5772 locutionem
1360 5691 1446 5745 isti
1476 5689 1710 5744 similem
1759 5689 1853 5745 lib.

252 5763 323 5830 de
347 5763 495 5840 Fuga
527 5763 711 5820 smculi
743 5777 865 5840 cap.
897 5763 953 5826 8,
975 5778 1129 5816 ntnn.
1158 5763 1249 5840 4].

336 5855 356 5876 ο
403 5833 476 5892 ὶῖει
509 5843 700 5890 omnes
728 5834 857 5888 edit.
883 5849 946 5887 ac
976 5847 1107 5886 inss.
1142 5834 1380 5903 aliquot:
1412 5833 1501 5887 alii
1532 5839 1684 5896 vero,
1711 5847 1861 5900 quem

1938 4707 2249 4774 rientesque
2287 4703 2514 4774 obiecit;
2550 4713 2573 4749 8
2600 4711 2658 4756 ut
2689 4709 2922 4756 mortem
2964 4703 3252 4760 statueret,
3282 4705 3385 4748 nec
3414 4689 3538 4761 plu-

1939 4817 2026 4858 res
2078 4802 2316 4870 perirent
2344 4797 2545 4870 (Nunt.
2591 4811 2712 4861 xvt,
2760 4793 2884 4863 48).
2942 4791 3084 4847 Vere
3131 4790 3214 4844 vir
3243 4783 3443 4841 mentis
3482 4790 3540 4884 et

1938 4895 2103 4949 animi
2133 4891 2512 4956 sacerdotalis,
2565 4889 2657 4960 qui
2687 4903 2748 4943 se
2796 4901 2895 4958 pro
2941 4883 3158 4940 Domini
3195 4891 3358 4950 grege
3385 4883 3541 4946 quasi

1941 5118 2231 5188 prteceptis,
2265 5113 2536 5188 nonnulli,
2565 5114 2620 5167 in
2645 5111 2919 5188 prwceplis
2937 5111 3098 5188 refert
3123 5101 3429 5188 moralibus.

2013 5187 2039 5226 ά
2081 5175 2356 5256 ΜεδίΒὶς.
2387 5197 2441 5242 et
2466 5175 2656 5253 Genu,
2682 5202 2714 5238 a
2743 5175 3064 5256 spiritalibus
3090 5175 3356 5256 malignis:

2021 5272 2044 5298 θ
2087 5261 2202 5315 Non
2232 5245 2388 5330 pauci
2415 5251 2570 5317 mss.,
2603 5245 2716 5330 sine
2741 5245 3068 5330 generatione
3090 5251 3105 5317 (
3124 5245 3284 5330 Reg],
3315 5245 3546 5330 sinejge-

1947 5313 2359 5403 nealogia)rsine
2382 5313 2771 5390 numeratione'}
2811 5322 2904 5376 alii
2930 5320 3053 5375 cod.
3085 5313 3272 5386 scripti
3297 5330 3359 5370 ac
3385 5313 3543 5380 editi,

1951 5415 2007 5459 ιιι
2040 5405 2090 5458 in
2119 5412 2285 5458 textu.

2031 5457 2051 5511 ί
2083 5457 2224 5529 biss.
2245 5473 2470 5543 aliquot,
2503 5472 2744 5540 eligatur,
2775 5463 2942 5534 gratia
2969 5462 3236 5516 uirtutum.
3269 5457 3549 5527 Praeroga-

1963 5548 2064 5602 tiva
2093 5549 2160 5601 sit
2187 5547 2240 5600 in
2266 5561 2323 5598 eo
2350 5544 2500 5613 ﬁdes,
2534 5552 2640 5595 etc.
2763 5614 2772 5616 _
2826 5605 2838 5616 .

2037 5601 2060 5663 ἐ
2101 5617 2249 5672 Edit.
2285 5601 2439 5670 Er'as.
2469 5601 2521 5666 et
2547 5626 2688 5676 seq.,
2719 5614 2774 5660 ut
2795 5605 3028 5670 sisteret;
3056 5601 3278 5676 Amerb.
3319 5608 3375 5676 et
3416 5611 3546 5676 mss.

1965 5691 2201 5744 maximo
2232 5699 2477 5744 numero,
2505 5692 2562 5736 ut
2582 5672 2829 5733 statueret
2858 5691 2876 5728 :
2898 5690 3002 5744 qua
3029 5674 3299 5728 locutione
3322 5672 3552 5726 Ambro-

1966 5761 2105 5816 sium
2132 5759 2296 5814 etiam
2325 5754 2449 5807 alibi
2483 5767 2589 5806 non
2623 5747 2792 5804 semel
2816 5761 2972 5801 usum
2997 5744 3249 5800 vidimus.
