3932 6296
447 300 585 360 Hii?

1800 289 2046 352 SANCTI
2088 290 2411 351 AMBROSII

3614 287 3720 347 lim

442 420 780 478 dinationem
805 431 982 476 meam
999 411 1616 487 occidentalesepiscopi
1630 408 2049 483 judicio,orien-
2074 416 2130 478 Α
2151 408 2289 465 dura
2319 411 2635 481 praeoptavit
2660 417 2824 483 atque
2850 410 3057 484 elegit,
3087 410 3396 482 coniuncto
3423 411 3527 469 sibi
3553 420 3721 466 sancta

440 514 579 571 tales
607 514 777 570 etiam
809 513 1063 585 exemplo
1094 512 1408 583 probarunt.
1440 508 1505 563 Et
1530 515 1708 561 tamen
1738 503 2046 576 neophytus

443 610 609 683 (Diu.
638 609 703 666 6i
726 651 743 677 ,
773 626 893 682 cap.
924 607 1258 679 Neaphytus)
1298 602 1614 674 prohibetur
1644 599 1858 673 1038
1900 596 2048 655 ordi-

442 704 595 770 nari,
641 716 712 759 ne
759 701 1054 758 extollatur
1082 698 1356 769 superbia.
1400 694 1461 751 Si
1485 693 1674 750 dilatio
1719 690 2046 748 ordinationi

443 798 621 855 defuit
638 838 653 863 ,
676 796 759 852 vis
784 796 1028 868 cogentis
1052 802 1164 858 est;
1198 792 1244 847 si
1275 805 1382 846 non
1412 788 1571 845 deest
1594 785 1874 843 humilitas
1898 798 2047 840 com-

442 898 639 960 petens
668 887 976 945 sacerdotio
995 929 1011 955 ,
1045 885 1133 941 ubi
1156 897 1319 940 causa
1346 896 1453 938 non
1485 880 1693 947 lueret,
1722 878 1910 934 vitium
1938 891 2045 932 non

450 983 771 1053 imputatur.

520 1072 610 1128 66.
636 1070 791 1139 Quod
821 1071 867 1125 si
896 1072 948 1125 in
984 1069 1106 1126 aliis
1135 1066 1398 1124 Ecclesiis
1434 1073 1584 1121 tanta
1623 1062 1862 1134 suppetit
1899 1060 2049 1116 ordi-

448 1167 610 1224 nandi
640 1165 940 1223 sacerdotis
969 1161 1359 1229 consideratio,
1388 1169 1590 1231 quanla
1617 1171 1753 1214 cura
1777 1155 2051 1226 expetitur

446 1263 501 1318 in
524 1259 856 1318 Vercellensi
882 1257 1129 1314 Ecclesia
1148 1298 1164 1324 ,
1194 1256 1284 1312 ubi
1318 1255 1426 1311 duo
1457 1253 1662 1325 pariter
1688 1252 1829 1323 exigi
1859 1249 2051 1306 viden-

447 1370 535 1412 tur
566 1356 634 1412 ab
658 1355 938 1426 episcopo,
956 1350 1279 1408 monasterii
1305 1347 1661 1414 continentia,
1685 1355 1739 1401 et
1765 1342 2049 1414 disciplina

450 1450 752 1507 Ecclesizc?
806 1458 831 1485 ει
878 1449 1004 1503 Haec
1040 1446 1188 1503 enim
1238 1444 1443 1515 primus
1487 1444 1539 1497 in
1592 1440 1898 1497 occidentis
1930 1453 2052 1509 par-

446 1544 591 1600 tibus
610 1544 826 1599 diversa
850 1542 993 1597 inter
1017 1557 1077 1597 se
1102 1538 1372 1596 Eusebius
1393 1546 1598 1594 sancta:
1623 1533 1901 1592 memoriae
1925 1548 2055 1588 con-

442 1635 657 1707 junxit;
685 1642 745 1691 ut
768 1646 823 1691 et
851 1634 903 1689 in
928 1633 1146 1690 civitate
1170 1632 1381 1703 positus
1406 1630 1650 1687 instituta
1677 1626 2051 1684 nonachorum

448 1736 698 1797 teneret,
748 1737 804 1783 et
865 1726 1165 1782 Ecclesium
1221 1733 1436 1795 regeret
1484 1721 1676 1792 jejunii
1729 1718 2051 1776 sobrietate.

2148 502 2425 557 memoriae
2456 500 2475 538 ί
2497 501 2775 573 Dionysio,
2797 503 2887 573 qui
2908 502 3226 574 posthabuit
3253 502 3602 573 imperatoris
3616 501 3723 557 auti-

2146 593 2333 650 citiam
2377 594 2570 651 exsilio
2615 595 2947 652 voluntario.
3002 595 3195 667 Itaque
3243 594 3625 651 memorabiles
3644 594 3721 648 viri

2148 686 2465 743 circumdati
2506 687 2672 743 armis
2695 730 2711 757 ,
2736 687 2915 744 vallati
2954 689 3205 744 exercitu
3227 729 3242 754 ,
3267 703 3399 745 cum
3442 696 3723 758 raperentur

2148 779 2218 836 de
2241 780 2485 837 Ecclesia
2532 780 2767 851 majore,
2799 780 3209 852 triumphabant
3232 781 3307 836 de
3334 780 3600 851 imperio:
3626 780 3724 850 quia

2149 873 2478 931 contumelia
2530 872 2774 930 terrestri
2820 875 3204 931 mercabantur
3233 874 3444 931 mentis
3488 872 3727 929 fortitudi-

2151 982 2275 1025 nem
2302 1009 2317 1035 ,
2352 968 2505 1037 regni
2535 968 2829 1035 potentiam
2851 1009 2867 1033 ,
2894 970 3090 1040 quibus
3114 979 3140 1017 ε
3167 969 3429 1025 militaris
3461 983 3645 1025 manus
3662 983 3731 1023 ar-

2151 1072 2363 1113 morum
2392 1058 2654 1126 strepitus
2672 1065 3004 1129 extorquere
3029 1074 3136 1114 non
3170 1060 3353 1129 potuit
3375 1058 3570 1124 fidem,
3599 1058 3731 1114 sube-

2150 1162 2348 1225 gerunt
2376 1152 2621 1209 bestialis
2647 1151 2815 1208 animi
2844 1151 3143 1220 feritatem,
3174 1169 3303 1220 quae
3335 1167 3540 1209 nocere
3563 1154 3732 1208 sanctis

2154 1242 2414 1316 nequivit.
2446 1243 2528 1299 Ira
2552 1244 2697 1300 enim
2727 1245 2903 1318 regis,
2933 1247 3010 1300 ira
3038 1244 3212 1301 leonis
3232 1286 3247 1312 ,
3284 1254 3348 1303 ut
3378 1245 3435 1300 in
3459 1244 3733 1300 Proverbiis

2154 1336 2324 1393 habes
2346 1335 2532 1409 (Prov.
2556 1352 2670 1404 xix,
2700 1336 2815 1408 12).

2226 1427 2316 1485 69.
2359 1426 2654 1484 Confessus
2695 1437 2783 1485 est
2820 1428 3021 1485 victum
3048 1445 3110 1486 se
3135 1444 3284 1496 esse,
3315 1430 3417 1501 qui
3449 1428 3664 1500 rogabat
3692 1438 3734 1481 ut

2157 1529 2430 1577 mutarent
2461 1520 2949 1577 sententiamzsed
2994 1522 3072 1576 illi
3116 1521 3447 1578 validiorem
3494 1521 3730 1577 calama-

2157 1629 2314 1671 suum
2360 1616 2551 1673 ferreis
2593 1616 2791 1688 gladiis
2817 1616 3244 1674 arbitrabantur.
3292 1618 3544 1690 Denique
3569 1617 3729 1671 vulne-

2159 1718 2278 1765 rata
2321 1718 2408 1766 est
2447 1710 2671 1781 perfidia
2695 1753 2710 1778 ,
2744 1723 2802 1766 ut
2837 1711 3140 1779 occideret,
3190 1726 3300 1768 non
3351 1723 3442 1769 est
3480 1712 3729 1768 vulnerata

450 1822 679 1878 Multum
707 1822 855 1877 enim
887 1820 1187 1891 adjumenti
1229 1817 1444 1875 accedit
1483 1815 1550 1872 ad
1600 1813 1905 1871 sacerdotis
1936 1827 2055 1883 gra-
2088 1817 2135 1878 Β
2162 1815 2474 1860 sanclorum
2521 1804 2655 1861 ﬁdes
2681 1824 2694 1861 :
2724 1821 2832 1862 non
2862 1806 3247 1863 desiderarunt
3293 1808 3537 1878 patrium
3585 1808 3737 1878 sepul-

447 1915 607 1978 tiam,
636 1913 682 1969 si
710 1911 777 1967 ad
800 1911 1041 1967 studium
1063 1910 1437 1975 abstinentiae,
1465 1915 1522 1964 et
1549 1906 1618 1962 ad
1645 1919 1892 1961 normam
1921 1905 2060 1959 inte-

447 2009 659 2078 gritatis
710 2008 1050 2078 juventutem
1106 2004 1411 2074 astringat,
1471 2007 1529 2056 et
1579 2007 1865 2056 versantes
1918 1997 2059 2052 intra

450 2101 639 2159 urbem
666 2100 693 2140 δ
721 2099 939 2156 abdicet
962 2112 1061 2154 usu
1091 2097 1242 2153 urbis
1265 2104 1322 2151 et
1347 2090 1781 2150 conversatione.

414 2228 419 2233 ι
526 2196 617 2251 67.
672 2192 809 2249 Hinc
849 2192 928 2249 illi
974 2198 1362 2262 processerunt
1387 2185 1527 2253 viri,
1571 2184 1749 2250 Elias,
1797 2181 2060 2247 Elisaeus,

462 2299 484 2325 ο
513 2285 773 2351 Joannes,
805 2282 1110 2348 Elisabetb,
1137 2280 1228 2352 qui
1252 2278 1499 2350 pellieeis
1523 2275 1722 2333 tunicis
1749 2283 1805 2330 et
1826 2272 2065 2344 caprinis

454 2378 664 2434 exuviis
711 2373 916 2442 induti,
962 2374 1154 2444 inopes
1199 2382 1363 2443 atque
1411 2379 1667 2441 egentes,
1718 2364 1984 2437 angustiis
2012 2373 2066 2420 et

455 2468 740 2524 doloribus
765 2466 977 2534 amicti,
1002 2467 1057 2522 in
1081 2463 1466 2522 solitudinibus
1486 2462 1773 2529 errabant,
1797 2461 1939 2516 inter
1957 2458 2065 2514 alta

460 2570 518 2617 ct
544 2559 821 2616 condensa
849 2559 1116 2615 montium
1144 2599 1160 2624 ,
1189 2557 1333 2612 invia
1362 2556 1598 2627 rupium,
1629 2552 1656 2590 ἀ
1683 2554 2066 2625 speluncarum

461 2654 714 2721 horrida,
764 2652 1045 2709 fovearum
1090 2650 1292 2707 vadosa
1319 2693 1335 2719 ,
1386 2664 1614 2721 quorum
1654 2648 2069 2705 conversatione

461 2748 659 2818 dignus
688 2746 858 2819 .orbis
890 2754 1157 2803 terrarum
1204 2760 1312 2800 non
1357 2751 1494 2800 erat.
1540 2742 1682 2800 Hinc
1724 2743 1803 2798 illi
1845 2741 2065 2806 Daniel,

465 2838 704 2893 Ananias
725 2879 741 2904 ,
770 2836 994 2892 Azarias
1015 2877 1031 2902 ,
1059 2834 1247 2892 Misael
1266 2878 1282 2903 ,
1313 2838 1403 2906 qui
1454 2835 1507 2890 in
1534 2836 1657 2890 aula
1690 2834 1838 2906 regia
1885 2848 2071 2905 pasee-

456 2934 685 3000 'hantur,
708 2931 919 3003 jejunio
956 2932 1238 2988 alebantur
1262 2939 1534 3001 tamquam
1567 2930 1622 2985 in
1649 2929 1916 2995 desertis,
1948 2928 2072 2985 cibo

464 3039 697 3097 aspero,
725 3032 963 3096 potuque
989 3024 1172 3080 obvio.
1203 3023 1506 3094 Meritoque
1531 3022 1666 3093 regii
1697 3020 1901 3077 servuli
1932 3030 1955 3057 θ
1986 3036 2072 3076 re-

465 3119 587 3193 gnis
635 3118 1071 3191 prtevaluerunt,
1126 3128 1181 3174 et
1236 3118 1606 3189 captivitatem
1658 3115 1892 3173 decusso
1940 3116 2074 3186 jugo

2161 1911 2333 1964 crum,
2362 1897 2559 1968 quibus
2587 1898 2977 1955 reservabatur
3004 1900 3233 1956 cteleste
3261 1899 3625 1957 domicilium.
3664 1900 3738 1955 Er-

2163 1999 2422 2046 raverunt
2443 2000 2556 2047 toto
2587 1993 2742 2057 orbe,
2774 2004 2831 2049 ut
2867 1993 3003 2050 nihil
3028 1994 3320 2062 habentes,
3345 2004 3405 2050 et
3427 1993 3739 2065 possidentes

2164 2086 2345 2142 omnia
2391 2085 2459 2159 (ll
2504 2084 2628 2142 Cor.
2676 2104 2749 2155 vt,
2797 2087 2910 2160 10).
2959 2087 3319 2160 Quocumque
3361 2090 3521 2145 missi
3561 2098 3735 2151 essent,

2166 2181 2322 2237 locus
2348 2180 2665 2237 deliciarum
2689 2182 3013 2253 putabatur;
3053 2197 3235 2253 neque
3275 2182 3425 2238 enim
3471 2182 3581 2238 illis
3613 2181 3738 2252 quid-

2166 2291 2328 2347 quam
2357 2274 2569 2342 deerat,
2597 2276 2796 2348 quibus
2825 2275 2959 2333 ﬁdes
3000 2276 3244 2348 locuples
3287 2274 3625 2331 abundabat.
3653 2276 3736 2329 De-

2169 2371 2335 2442 nique
2365 2370 2777 2443 locupletabant
2801 2370 2972 2436 alios,
3008 2370 3111 2442 ipsi
3146 2372 3344 2442 inopes
3384 2370 3458 2426 ad
3497 2377 3738 2440 sumptum

2168 2464 2337 2536 opimi
2369 2465 2436 2521 ad
2475 2465 2728 2537 gratiam.
2770 2465 3163 2532 Tentahantur,
3194 2464 3292 2520 sed
3327 2479 3440 2520 non
3470 2463 3737 2520 mortiﬁca-

2170 2558 2387 2625 bantur,
2429 2559 2480 2613 in
2520 2542 2775 2630 jejuniis,
2812 2559 2865 2614 in
2906 2557 3214 2624 laboribus,
3258 2556 3315 2612 in
3364 2556 3662 2622 custodiis,
3697 2557 3737 2609 in

2171 2651 2389 2721 vigiliis.
2411 2650 2714 2708 Evaseruut
2734 2650 2804 2708 de
2826 2649 3138 2708 inﬁrmitate
3159 2649 3361 2723 fortes(
3370 2649 3537 2705 Hebr.
3558 2665 3633 2714 ιι,
3647 2649 3743 2720 δι).

2171 2741 2287 2798 Non
2317 2743 2715 2814 exspectabant
2745 2743 3064 2800 deliciarum
3118 2742 3434 2808 illecebras,
3458 2756 3602 2812 quos
3624 2745 3746 2811 sagi-

2173 2834 2339 2892 nabat
2366 2836 2538 2893 fames
2562 2854 2575 2891 :
2606 2853 2711 2892 non
2742 2836 3006 2893 adurebat
3030 2850 3125 2892 eos
3148 2834 3358 2893 torrida
3387 2846 3583 2901 restas,
3603 2831 3631 2871 ι
3651 2834 3748 2905 qui-

2174 2927 2279 2984 bus
2322 2926 2677 3000 refrigerabat
2714 2938 2934 2985 aeternae
2971 2942 3099 2998 spes
3139 2928 3372 3000 gratiae:
3403 2943 3517 2985 non
3567 2928 3751 2998 frange-

2174 3020 2305 3076 bant
2342 3020 2587 3090 glacialis
2615 3020 2785 3091 plagm
2812 3020 3024 3091 frigida,
3055 3020 3254 3091 quibus
3304 3019 3549 3077 ferventi
3589 3022 3751 3091 spiritu

2172 3112 2438 3177 vernahat
2457 3111 2679 3169 devotio
2703 3131 2719 3167 :
2746 3127 2857 3168 non
2880 3111 3206 3169 verebantur
3228 3113 3453 3170 vincula
3476 3113 3753 3179 hominum,

465 3219 947 3283 contempserunt,
980 3219 1279 3282 potestates
1306 3210 1666 3282 subegerunt,
1697 3209 1968 3265 elementa
1998 3208 2077 3262 vi-
2105 3223 2150 3287 ρ
2180 3221 2318 3279 quos
2362 3206 2521 3263 Jesus
2576 3207 2816 3263 solverat
2850 3226 2864 3261 :
2909 3221 3016 3263 non
3067 3206 3463 3264 desiderabant
3512 3206 3694 3264 redimi
3732 3222 3754 3259 ι

468 3315 690 3371 cerunt,
715 3315 963 3361 naturam
988 3306 1126 3377 ignis
1147 3304 1545 3371 exstinxerunt,
1577 3303 1903 3360 hebetarunt
1922 3302 2078 3358 llam-

471 3411 619 3463 mas,
657 3395 990 3453 obtuderunt
1033 3396 1206 3451 aciem
1235 3394 1431 3465 gladii,
1473 3395 1811 3451 strinxerunt
1857 3395 2074 3451 leonum

469 3503 603 3555 ora;
632 3496 689 3544 et
715 3487 812 3542 ubi
860 3486 1190 3542 infirmiores
1220 3488 1334 3543 fieri
1374 3486 1813 3555 aestimabantur,
1846 3488 1918 3547 ibi
1964 3486 2075 3543 for-

473 3580 643 3636 tiores
669 3579 1080 3650 reperiebantur
1106 3598 1119 3633 :
1144 3594 1250 3635 non
1277 3579 1615 3651 refugiebant
1633 3580 1864 3637 ludibria
1888 3580 2079 3636 huma-

472 3687 542 3728 na
562 3716 577 3739 ,
608 3671 734 3743 quia
756 3670 1004 3747 coelestia
1032 3672 1322 3743 sperabant
1347 3673 1570 3744 praemia
1602 3690 1615 3726 :
1650 3688 1755 3728 non
1782 3673 2079 3730 horrebant

476 3763 730 3820 tenebras
754 3763 1028 3832 carceris,
1061 3765 1258 3835 quibus
1288 3767 1476 3821 aeterni
1521 3765 1747 3822 luminis
1773 3768 1945 3838 gratia
1995 3783 2079 3822 re-

476 3858 740 3931 fulgebat.

546 3949 638 4008 68.
668 3949 777 4007 llos
806 3959 1028 4007 secutus
1070 3949 1341 4008 Eusebius
1377 3961 1600 4009 sanctus
1636 3952 1805 4009 exivit
1835 3952 1906 4009 de
1935 3960 2076 4011 terra

472 4056 606 4110 sua,
637 4051 695 4098 et
720 4041 790 4098 de
813 4043 1139 4115 cognatione
1165 4058 1260 4098 sua
1284 4084 1302 4111 ,
1335 4052 1390 4101 et
1418 4043 1719 4100 domestico
1762 4044 1874 4102 otio
1916 4060 2077 4116 pere-

469 4137 835 4207 grinationem
865 4136 1123 4206 pra-tulit.
1151 4135 1257 4192 Pro
1286 4137 1391 4194 fide
1418 4153 1633 4209 quoque
1662 4138 1876 4211 1039
1903 4140 2078 4196 exsilii

472 4267 727 4342 Nectario
752 4266 1384 4342 Constantinopolitano,
1416 4271 1486 4327 de
1508 4287 1617 4342 quo
1644 4273 1780 4328 satis
1805 4273 2022 4331 abunde
2046 4291 2075 4330 a

470 4339 647 4412 nobis
663 4338 869 4412 dictum
900 4341 966 4395 ad
992 4338 1155 4412 epist.
1190 4343 1281 4406 15,
1315 4358 1466 4398 num.
1496 4338 1551 4398 5⁷.

550 4409 758 4466 δΉειηο
796 4409 1191 4468 institutionem
1220 4412 1488 4468 Baronius
1516 4415 1583 4469 ad
1607 4430 1700 4470 an.
1732 4414 1838 4473 328
1865 4416 1934 4471 ab
1962 4415 2076 4471 Eu-

474 4480 630 4536 sebio
660 4480 998 4558 tum_factatn
1025 4491 1252 4558 censet,
1282 4499 1407 4558 cum
1450 4484 1521 4541 ab
1546 4484 1815 4558 Algypto,
1849 4502 1957 4558 quo
2002 4487 2082 4544 le—

473 4560 633 4622 gatus
676 4566 709 4622 a
754 4551 1000 4608 Romano
1030 4553 1293 4611 Pontifice
1334 4555 1534 4612 missus
1574 4551 1809 4622 fu'e'rat,’
1836 4551 1902 4613 ad
1949 4574 2078 4615 suos

472 4621 658 4701 rediit.
690 4621 950 4701 Sed.cum
983 4624 1301 4701 Ambrosius
1329 4641 1436 4701 non
1462 4629 1855 4701 r_n_onacltorunt
1874 4628 2078 4701 Egyp-

2185 3308 2380 3367 tnorte,
2407 3297 2502 3370 qui
2533 3298 2934 3369 praesumebant
2960 3314 2991 3354 a
3014 3295 3235 3355 Christo
3263 3299 3613 3355 resuscitari.

2257 3393 2345 3449 70.
2390 3392 2633 3464 Denique
2662 3402 2884 3448 sanctus
2912 3393 3197 3464 Dionysius
3228 3393 3419 3463 exegit
3449 3396 3614 3462 votis,
3642 3403 3695 3449 ut
3715 3393 3756 3449 iu

2181 3486 2379 3543 exsilio
2404 3487 2570 3541 vitam
2600 3495 2861 3556 poneret;
2892 3500 2961 3542 ne
2988 3500 3272 3556 regressus
3296 3486 3537 3543 confusa
3577 3488 3761 3543 institu-

2182 3581 2253 3637 tis
2279 3596 2376 3637 seu
2412 3595 2511 3636 usu
2545 3579 2845 3636 infidelium
2877 3579 3056 3635 studia
3087 3579 3263 3650 plebis
3290 3588 3388 3635 aut
3413 3581 3552 3637 cieri
3583 3580 3763 3637 inveni-

2182 3683 2266 3730 ret
2308 3691 2321 3726 :
2365 3673 2672 3742 meruitque
2715 3671 2856 3728 hanc
2904 3671 3164 3744 gratiam;
3216 3682 3276 3726 ut
3328 3688 3528 3743 pacem
3581 3674 3761 3729 Domini

2184 3767 2475 3839 tranquillo
2495 3766 2695 3823 aﬂ‘ectu
2721 3780 2904 3823 secum
2935 3764 3185 3822 referret.
3216 3764 3411 3836 Itaque
3440 3778 3501 3822 ut
3525 3768 3763 3824 Eusebius

2181 3870 2405 3916 sanctus
2433 3859 2585 3930 prior
2612 3859 2812 3915 levavit
2835 3858 3096 3915 vexillum
3127 3856 3535 3925 confessionis;
3566 3861 3638 3916 ita
3664 3860 3764 3915 bea-

2184 3961 2270 4010 tus
2290 3952 2582 4026 Dionysius
2604 3952 2656 4008 in
2679 3952 2861 4009 exsilii
2883 3952 3016 4008 locis
3044 3951 3059 3989 ί
3083 3953 3252 4023 priori
3276 3953 3618 4024 martyribus
3638 3953 3765 4010 titqu

2184 4049 2347 4103 vitam
2375 4046 2669 4105 exhalavit.

2256 4145 2344 4199 7l.
2392 4144 2518 4201 Haec
2556 4141 2719 4215 igitur
2761 4144 3020 4215 patientia
3062 4144 3118 4200 in
3159 4151 3355 4200 sancto
3393 4142 3638 4202 Eusebio
3673 4158 3763 4200 uto-

2181 4280 2420 4336 concilio
2442 4280 2815 4336 recusaverint
2837 4280 3120 4335 Athanasii
3146 4279 3507 4337 subscribere
3531 4282 3761 4337 condem-

2182 4351 2410 4422 nationi,
2436 4352 2674 4422 explicat
2702 4352 3029 4407 Athanasius
3058 4352 3178 4422 ipse
3208 4350 3264 4406 in
3293 4353 3465 4422 epist.
3495 4353 3565 4408 ad
3594 4353 3763 4411 Solita-

2182 4421 2318 4493 rios,
2347 4421 2586 4477 Hilarius
2603 4430 2850 4478 extrema
2875 4424 3035 4493 epist.
3067 4421 3133 4478 ad
3164 4421 3483 4492 Conslanl.,
3513 4425 3760 4483 Socrates,

2180 4490 2537 4560 Sozomenus,
2565 4493 2717 4565 Sulp.
2751 4490 3008 4561 Severus,
3036 4502 3093 4550 et
3120 4495 3233 4550 alii.

2255 4573 2278 4611 Β
2310 4565 2386 4619 Ita
2429 4581 2558 4621 mss.
2605 4580 2777 4637 prope
2819 4565 2885 4621 ad
2928 4581 3132 4622 unum:
3158 4565 3295 4622 edit.
3326 4581 3465 4624 vero
3493 4568 3760 4625 dictionem

2182 4651 2366 4707 "tonus
2396 4652 2502 4692 non
2530 4636 2917 4707 agnoscebant.

470 4693 1440 4785 tiorumLutﬁE-aroni‘usasserit,sed
1462 4697 1621 4764 Eliae,
1645 4700 1827 4785 Eliszei
1847 4715 1918 4785 ac
1940 4691 2077 4772 usi).
2108 4691 2159 4752 D
2226 4705 2285 4785 _h
2317 4691 2474 4785 Rom.
2518 4691 2649 4763 edit.
2689 4719 2744 4763 et
2784 4724 2918 4785 mss.
2966 4709 3190 4785 aliquot,
3236 4725 3464 4785 quam...
3509 4712 3760 4785 gloric....

471 4764 615 4820 tistze
660 4765 925 4835 exemplis
964 4766 1255 4822 Eusebium
1293 4764 1514 4825 ductum
1544 4781 1841 4834 memoret,
1867 4783 1919 4827 ut
1959 4764 2077 4827 mo-

469 4837 733 4914 na‘sticam
760 4837 929 4914 vitam
959 4837 1310 4914 conjungeret
1336 4854 1457 4895 cum
1481 4840 1720 4914 clericali
1740 4886 1754 4908 ,
1788 4843 1920 4897 nihil
1955 4859 2077 4914 pro~

470 4906 625 4990 hibet
678 4908 968 4991 quominus
1013 4906 1452 4980 cdnju’nctionem
1503 4912 1646 4969 hanc
1690 4906 1753 4970 ea
1806 4906 2075 4985 legatione

472 4979 708 5047 priorem
735 4979 1084 5035 arbitremur.
1122 4979 1125 4980 ⁷

543 5048 571 5088 δ
601 5049 856 5105 Nonnulli
886 5065 1044 5115 mss.,
1074 5050 1298 5107 abducat
1324 5070 1422 5109 usu
1450 5055 1612 5110 urbis.

547 5131 570 5159 ε
603 5120 1003 5193 Mss.aliquot,
1034 5132 1090 5177 et
1117 5122 1251 5178 edit.
1283 5124 1443 5180 Rom.
1477 5128 1735 5183 omittunt
1759 5127 2025 5189 Elisabeth
2053 5152 2071 5189 :

467 5199 525 5245 at
560 5192 873 5267 omissionis
913 5206 1131 5267 causam
1165 5205 1417 5267 putamus
1442 5211 1595 5262 esse,
1645 5200 1789 5267 quod
1819 5218 1936 5259 eam
1979 5222 2074 5260 vo-

469 5276 590 5345 cem
642 5264 702 5345 _in
749 5263 1004 5345 gignendi
1051 5279 1187 5345 casu
1233 5266 1461 5345 positam
1517 5263 2066 5345 nonnatlverterunt;

468 5332 664 5417 phrasi
681 5332 828 5389 enim
849 5332 1037 5390 Graeca
1064 5332 1297 5403 dicitur,
1321 5335 1586 5393 Iohannes
1619 5339 1918 5413 Eliaabeth,
1945 5332 2073 5417 sup;

467 5404 563 5473 ple
591 5404 756 5459 filius.

537 5473 566 5557 ἦ
584 5475 727 5557 yss.
761 5476 1033 5557 nonnulli,
1064 5479 1431 5557 speluncarum
1457 5479 1666 5557 horrea.

541 5545 734 5629 :Edit.
751 5545 1150 5629 Amerb.atque
1171 5550 1354 5618 Eras.,
1372 5553 1507 5624 regis
1523 5554 1921 5629 prmalugrunt.
1941 5558 2067 5617 Gill.

465 5626 529 5668 ac
547 5616 739 5687 Rom"
764 5618 875 5687 regi
901 5616 1280 5687 praedatorum
1301 5636 1322 5676 :
1339 5616 1483 5680 ’ms's.
1514 5616 1643 5681 vero
1664 5634 1724 5682 ut
1750 5628 1803 5683 in
1827 5616 1997 5686 textu.

543 5684 578 5766 τ’
594 5684 1084 5766 Quemadmodum
1107 5689 1380 5749 Eusebius
1428 5694 1795 5755 Vercellensis
1837 5684 1912 5757 ac
1926 5684 2071 5759 Dio-

459 5755 651 5835 nysins
695 5755 1118 5835 Mediolanensis
1160 5773 1448 5835 propterea
1490 5766 1545 5821 in
1587 5770 1841 5828 exsilium
1881 5755 2063 5829 {v3-

455 5823 604 5877 elnte
624 5823 953 5891 imperatore
978 5830 1121 5897 pulsi
1152 5823 1378 5899 fuerint,
1406 5837 1549 5905 quod
1578 5840 1631 5894 in
1663 5823 2059 5903 Mediolanensi

2181 4779 2364 4855 pinge
2397 4780 2627 4851 frigora;
2671 4788 2781 4835 vet.
2823 4779 2981 4845 edit.,
3010 4779 3243 4850 'qttos....
3289 4779 3575 4851 gratitz.:..
3620 4784 3762 4855 plaga

2182 4851 2463 4921 frigidius.
2509 4865 2637 4907 mss.
2683 4860 2864 4907 autem
2909 4866 3106 4923 magno
3145 4866 3409 4922 numero,
3451 4864 3517 4910 ut
3555 4851 3761 4911 incon.

2179 4929 2351 4977 textu.

2257 4991 2289 5071 i_
2308 4993 2509 5071 Dmnes
2526 4991 2740 5071 edit.__et
2753 5010 2889 5071 mss.
2917 4995 3185 5071 nonnulli,
3203 4996 3443 5071 propiori
3472 4997 3760 5071 martyribus

2177 5064 2439 5140 (quidam,
2455 5063 2713 5140 martyrii)
2725 5067 2876 5140 titqu
2890 5083 2911 5129 ,°
2925 5067 3015 5123 alii
3034 5063 3425 5137 multo‘plu'res,
3443 5063 3632 5140 priori,
3645 5081 3757 5131 σξιο.ν

2179 5135 2325 5210 quod
2355 5139 2528 5207 magis
2556 5135 2769 5192 videtur
2798 5137 2922 5210 huic
2959 5140 3084 5195 loco
3109 5135 3529 5210 congruere-ut
3556 5150 3761 5197 cruento

2178 5207 2274 5280 sed
2306 5206 2465 5263 brevi
2491 5210 2753 5280 martyrio
2782 5209 3023 5266 diuturni
3068 5206 3244 5267 exsilii
3297 5210 3521 5269 labores
3556 5228 3621 5269 ac
3663 5227 3761 5266 mo-

2179 5277 2382 5355 lestiae,
2406 5280 2460 5334 in
2487 5277 2685 5349 quibus
2713 5282 2879 5355 vitam
2910 5281 3085 5355 finivit
3124 5281 3443 5355 Dionysius,
3492 5286 3761 5355 praferauo

2179 5350 2452 5421 iuranu‘s
2485 5365 2647 5419 porro
2691 5351 2897 5411 obitum
2938 5354 2989 5406 in
3032 5350 3616 5411 civitate'Retroi'ensi

2179 5368 2452 5433 ll.ll'..l‘sjus
2485 5368 2647 5419 porro
2691 5368 2897 5434 obitum
2938 5370 2989 5406 tn
3032 5368 3253 5409 ctvnate
3297 5368 3616 5411 rtetrorenst
3648 5368 3760 5481 fre

2178 5419 2757 5504 VincimCappadoctze
2786 5439 2930 5504 anno
2970 5424 3066 5504 '5_7l
3121 5425 3204 5504 vel
3250 5425 3360 5479 574
3387 5426 3624 5504 virgini.
3663 5441 3756 5504 bu.

2178 5495 2796 5569 contigisse‘lyemorant
2818 5495 3166 5569 Baroniusad
3188 5510 3393 5552 annum
3420 5498 3553 5561 575,
3580 5497 3760 5569 Ugbel-

3461 5571 3563 5624 uod
3596 5578 3758 5624 autem

2178 5569 2263 5617 ltts
2297 5575 2443 5619 tonio
2475 5569 2563 5627 IV,
2595 5576 2650 5618 et
2679 5569 2918 5621 Bollandi
2947 5569 3379 5623 continuatores.
3408 5569 3563 5638 Quod
3596 5578 3756 5624 autem

2174 5634 2241 5689 ad
2271 5634 2585 5699 Eusebium,
2617 5638 2662 5690 is
2690 5637 2743 5690 in
2771 5638 3115 5693 sermonibus
3137 5639 3353 5694 duobus
3378 5641 3649 5697 Ambrosii
3675 5653 3756 5695 no-

2172 5708 2318 5762 mine
2341 5706 2605 5761 hactenus
2626 5710 2911 5781 evulgatis.
2941 5724 3077 5779 quos
3111 5709 3373 5781 Ugbellus
3398 5726 3470 5767 ex
3501 5727 3603 5767 ms.
3632 5712 3751 5765 alle-

2168 5785 2259 5847 gat
2287 5787 2413 5852 ante
2444 5792 2619 5852 annos
2650 5778 2811 5852 loco,
2840 5788 2900 5835 ut
2936 5778 3108 5852 putat,
3139 5778 3369 5852 scripto,
3402 5784 3601 5840 dicitur
3629 5786 3753 5839 inter

2165 5850 2439 5906 cruciatus
2482 5852 2549 5907 ab
2584 5850 2804 5906 Arianis
2831 5852 2934 5922 ipsi
2956 5851 3230 5911 adhibitos
3254 5850 3586 5925 exspirasse.
3617 5857 3751 5911 Atta—

2178 5562 2263 5617 ltts
2297 5562 2443 5619 tonio
2475 5563 2563 5627 IV,
2595 5576 2650 5618 et
2678 5564 2918 5621 Bollandi
2947 5567 3379 5623 continuatores.
