  <div class='ocr_page' id='page_1' title='image "/cluster/home/n/w/nwhite01/storage/ocr_20150623/16/hvd.32044015471998/608.png"; bbox 0 0 3932 6296; ppageno 0'>
   <div class='ocr_carea' id='block_1_1' title="bbox 150 357 292 415">
    <p class='ocr_par' dir='ltr' id='par_1_1' title="bbox 150 357 292 415">
     <span class='ocr_line' id='line_1_1' title="bbox 150 357 292 415; baseline 0 0"><span class='ocrx_word' id='word_1_1' title='bbox 150 357 292 415; x_wconf 64' lang='grc'><strong>1109</strong></span> 
     </span>
    </p>
   </div>
   <div class='ocr_carea' id='block_1_2' title="bbox 1299 352 2189 413">
    <p class='ocr_par' dir='ltr' id='par_1_2' title="bbox 1299 352 2189 413">
     <span class='ocr_line' id='line_1_2' title="bbox 1299 352 2189 413; baseline -0.002 -1"><span class='ocrx_word' id='word_1_2' title='bbox 1299 352 1786 413; x_wconf 76' lang='lat' dir='ltr'><strong>EPISTOLARUM</strong></span> <span class='ocrx_word' id='word_1_3' title='bbox 1823 353 2109 412; x_wconf 87' lang='lat' dir='ltr'><strong>CLASSIS</strong></span> <span class='ocrx_word' id='word_1_4' title='bbox 2147 353 2189 410; x_wconf 88' lang='grc' dir='ltr'><strong>Ι.</strong></span> 
     </span>
    </p>
   </div>
   <div class='ocr_carea' id='block_1_3' title="bbox 3311 351 3449 412">
    <p class='ocr_par' dir='ltr' id='par_1_3' title="bbox 3311 351 3449 412">
     <span class='ocr_line' id='line_1_3' title="bbox 3311 351 3449 412; baseline -0.036 0"><span class='ocrx_word' id='word_1_5' title='bbox 3311 351 3449 412; x_wconf 72' lang='grc'><strong>1210</strong></span> 
     </span>
    </p>
   </div>
   <div class='ocr_carea' id='block_1_4' title="bbox 146 466 3457 541">
    <p class='ocr_par' dir='ltr' id='par_1_4' title="bbox 146 466 3457 541">
     <span class='ocr_line' id='line_1_4' title="bbox 146 466 3457 541; baseline 0 -17"><span class='ocrx_word' id='word_1_6' title='bbox 146 468 368 525; x_wconf 87' lang='lat' dir='ltr'><strong>nasterii</strong></span> <span class='ocrx_word' id='word_1_7' title='bbox 399 469 606 528; x_wconf 88' lang='lat' dir='ltr'><strong>coaluit</strong></span> <span class='ocrx_word' id='word_1_8' title='bbox 639 486 738 528; x_wconf 91' lang='lat' dir='ltr'><strong>usu</strong></span> <span class='ocrx_word' id='word_1_9' title='bbox 758 513 774 540; x_wconf 93' lang='lat'><strong>,</strong></span> <span class='ocrx_word' id='word_1_10' title='bbox 812 481 867 527; x_wconf 92' lang='lat' dir='ltr'><strong>et</strong></span> <span class='ocrx_word' id='word_1_11' title='bbox 905 469 1143 528; x_wconf 85' lang='lat' dir='ltr'><strong>durioris</strong></span> <span class='ocrx_word' id='word_1_12' title='bbox 1178 467 1577 525; x_wconf 75' lang='lat' dir='ltr'><strong>observationis</strong></span> <span class='ocrx_word' id='word_1_13' title='bbox 1611 481 1741 523; x_wconf 89' lang='lat' dir='ltr'><strong>con-</strong></span> <span class='ocrx_word' id='word_1_14' title='bbox 1777 470 1820 530; x_wconf 62' lang='grc' dir='ltr'><strong>Α</strong></span> <span class='ocrx_word' id='word_1_15' title='bbox 1847 477 1904 524; x_wconf 90' lang='lat' dir='ltr'><strong>et</strong></span> <span class='ocrx_word' id='word_1_16' title='bbox 1928 468 2200 538; x_wconf 90' lang='lat' dir='ltr'><strong>requievit</strong></span> <span class='ocrx_word' id='word_1_17' title='bbox 2227 466 2335 534; x_wconf 90' lang='lat' dir='ltr'><strong>ibi;</strong></span> <span class='ocrx_word' id='word_1_18' title='bbox 2367 477 2422 523; x_wconf 91' lang='lat' dir='ltr'><strong>et</strong></span> <span class='ocrx_word' id='word_1_19' title='bbox 2448 468 2528 524; x_wconf 90' lang='lat' dir='ltr'><strong>sic</strong></span> <span class='ocrx_word' id='word_1_20' title='bbox 2559 475 2744 539; x_wconf 90' lang='lat' dir='ltr'><strong>postea</strong></span> <span class='ocrx_word' id='word_1_21' title='bbox 2771 468 2970 524; x_wconf 91' lang='lat' dir='ltr'><strong>missus</strong></span> <span class='ocrx_word' id='word_1_22' title='bbox 3001 477 3108 538; x_wconf 89' lang='lat' dir='ltr'><strong>est,</strong></span> <span class='ocrx_word' id='word_1_23' title='bbox 3140 477 3197 525; x_wconf 92' lang='grc' dir='ltr'><strong>ιιι</strong></span> <span class='ocrx_word' id='word_1_24' title='bbox 3228 478 3457 541; x_wconf 88' lang='lat' dir='ltr'><strong>ungeret</strong></span> 
     </span>
    </p>
   </div>
   <div class='ocr_carea' id='block_1_5' title="bbox 145 559 1744 630">
    <p class='ocr_par' dir='ltr' id='par_1_5' title="bbox 145 559 1744 630">
     <span class='ocr_line' id='line_1_5' title="bbox 145 559 1744 630; baseline 0.001 -16"><span class='ocrx_word' id='word_1_25' title='bbox 145 561 434 616; x_wconf 61' lang='lat' dir='ltr'><strong>suetudine</strong></span> <span class='ocrx_word' id='word_1_26' title='bbox 461 561 642 618; x_wconf 88' lang='lat' dir='ltr'><strong>hausit</strong></span> <span class='ocrx_word' id='word_1_27' title='bbox 668 563 912 630; x_wconf 83' lang='lat' dir='ltr'><strong>laborum</strong></span> <span class='ocrx_word' id='word_1_28' title='bbox 946 562 1309 619; x_wconf 79' lang='lat' dir='ltr'><strong>tolerantiam.</strong></span> <span class='ocrx_word' id='word_1_29' title='bbox 1351 559 1595 630; x_wconf 84' lang='lat' dir='ltr'><strong>Namque</strong></span> <span class='ocrx_word' id='word_1_30' title='bbox 1627 560 1744 615; x_wconf 51' lang='lat' dir='ltr'><strong>haec</strong></span> 
     </span>
    </p>
   </div>
   <div class='ocr_carea' id='block_1_6' title="bbox 145 654 1741 725">
    <p class='ocr_par' dir='ltr' id='par_1_6' title="bbox 145 654 1741 725">
     <span class='ocr_line' id='line_1_6' title="bbox 145 654 1741 725; baseline -0.001 -16"><span class='ocrx_word' id='word_1_31' title='bbox 145 654 258 710; x_wconf 89' lang='lat' dir='ltr'><strong>duo</strong></span> <span class='ocrx_word' id='word_1_32' title='bbox 286 655 340 710; x_wconf 88' lang='lat' dir='ltr'><strong>in</strong></span> <span class='ocrx_word' id='word_1_33' title='bbox 365 658 660 712; x_wconf 82' lang='lat' dir='ltr'><strong>attentiore</strong></span> <span class='ocrx_word' id='word_1_34' title='bbox 689 658 1109 714; x_wconf 89' lang='lat' dir='ltr'><strong>christianorum</strong></span> <span class='ocrx_word' id='word_1_35' title='bbox 1153 656 1448 712; x_wconf 85' lang='lat' dir='ltr'><strong>devotione</strong></span> <span class='ocrx_word' id='word_1_36' title='bbox 1476 665 1741 725; x_wconf 79' lang='lat' dir='ltr'><strong>praestan-</strong></span> 
     </span>
    </p>
   </div>
   <div class='ocr_carea' id='block_1_7' title="bbox 146 749 1743 822">
    <p class='ocr_par' dir='ltr' id='par_1_7' title="bbox 146 749 1743 822">
     <span class='ocr_line' id='line_1_7' title="bbox 146 749 1743 822; baseline -0.001 -19"><span class='ocrx_word' id='word_1_37' title='bbox 146 749 284 804; x_wconf 89' lang='lat' dir='ltr'><strong>tiora</strong></span> <span class='ocrx_word' id='word_1_38' title='bbox 314 763 438 805; x_wconf 90' lang='lat' dir='ltr'><strong>esse</strong></span> <span class='ocrx_word' id='word_1_39' title='bbox 465 750 586 820; x_wconf 85' lang='lat' dir='ltr'><strong>quis</strong></span> <span class='ocrx_word' id='word_1_40' title='bbox 617 751 874 822; x_wconf 78' lang='lat' dir='ltr'><strong>ambigat,</strong></span> <span class='ocrx_word' id='word_1_41' title='bbox 901 752 1223 806; x_wconf 89' lang='lat' dir='ltr'><strong>clericorum</strong></span> <span class='ocrx_word' id='word_1_42' title='bbox 1252 749 1448 815; x_wconf 88' lang='lat' dir='ltr'><strong>officia,</strong></span> <span class='ocrx_word' id='word_1_43' title='bbox 1473 758 1528 803; x_wconf 87' lang='lat' dir='ltr'><strong>et</strong></span> <span class='ocrx_word' id='word_1_44' title='bbox 1559 763 1743 802; x_wconf 86' lang='lat' dir='ltr'><strong>mona-</strong></span> 
     </span>
    </p>
   </div>
   <div class='ocr_carea' id='block_1_8' title="bbox 145 841 1743 900">
    <p class='ocr_par' dir='ltr' id='par_1_8' title="bbox 145 841 1743 900">
     <span class='ocr_line' id='line_1_8' title="bbox 145 841 1743 900; baseline 0.001 -4"><span class='ocrx_word' id='word_1_45' title='bbox 145 841 373 897; x_wconf 84' lang='lat' dir='ltr'><strong>chorum</strong></span> <span class='ocrx_word' id='word_1_46' title='bbox 405 841 690 898; x_wconf 89' lang='lat' dir='ltr'><strong>instituta?</strong></span> <span class='ocrx_word' id='word_1_47' title='bbox 718 854 743 880; x_wconf 69' lang='grc' dir='ltr'><strong>ε</strong></span> <span class='ocrx_word' id='word_1_48' title='bbox 775 845 875 898; x_wconf 88' lang='lat' dir='ltr'><strong>Ista</strong></span> <span class='ocrx_word' id='word_1_49' title='bbox 915 844 979 898; x_wconf 89' lang='lat' dir='ltr'><strong>ad</strong></span> <span class='ocrx_word' id='word_1_50' title='bbox 1013 843 1456 900; x_wconf 88' lang='lat' dir='ltr'><strong>commoditatem</strong></span> <span class='ocrx_word' id='word_1_51' title='bbox 1484 853 1537 898; x_wconf 92' lang='lat' dir='ltr'><strong>et</strong></span> <span class='ocrx_word' id='word_1_52' title='bbox 1564 857 1743 897; x_wconf 89' lang='lat' dir='ltr'><strong>mora-</strong></span> 
     </span>
    </p>
   </div>
   <div class='ocr_carea' id='block_1_9' title="bbox 147 933 1742 1004">
    <p class='ocr_par' dir='ltr' id='par_1_9' title="bbox 147 933 1742 1004">
     <span class='ocr_line' id='line_1_9' title="bbox 147 933 1742 1004; baseline -0.001 -16"><span class='ocrx_word' id='word_1_53' title='bbox 147 933 354 990; x_wconf 88' lang='lat' dir='ltr'><strong>Iitatem</strong></span> <span class='ocrx_word' id='word_1_54' title='bbox 403 934 714 1004; x_wconf 88' lang='lat' dir='ltr'><strong>disciplina,</strong></span> <span class='ocrx_word' id='word_1_55' title='bbox 755 936 842 990; x_wconf 84' lang='lat' dir='ltr'><strong>illa</strong></span> <span class='ocrx_word' id='word_1_56' title='bbox 890 937 956 991; x_wconf 88' lang='lat' dir='ltr'><strong>atl</strong></span> <span class='ocrx_word' id='word_1_57' title='bbox 1005 937 1388 992; x_wconf 85' lang='lat' dir='ltr'><strong>abstinentiam</strong></span> <span class='ocrx_word' id='word_1_58' title='bbox 1439 934 1742 990; x_wconf 89' lang='lat' dir='ltr'><strong>assuefacta</strong></span> 
     </span>
    </p>
   </div>
   <div class='ocr_carea' id='block_1_10' title="bbox 147 1028 1744 1101">
    <p class='ocr_par' dir='ltr' id='par_1_10' title="bbox 147 1028 1744 1101">
     <span class='ocr_line' id='line_1_10' title="bbox 147 1028 1744 1101; baseline 0 -19"><span class='ocrx_word' id='word_1_59' title='bbox 147 1036 313 1100; x_wconf 89' lang='lat' dir='ltr'><strong>atque</strong></span> <span class='ocrx_word' id='word_1_60' title='bbox 341 1028 657 1099; x_wconf 88' lang='lat' dir='ltr'><strong>patientiam</strong></span> <span class='ocrx_word' id='word_1_61' title='bbox 685 1047 697 1082; x_wconf 93' lang='lat'><strong>:</strong></span> <span class='ocrx_word' id='word_1_62' title='bbox 729 1029 844 1085; x_wconf 68' lang='lat' dir='ltr'><strong>haec</strong></span> <span class='ocrx_word' id='word_1_63' title='bbox 872 1030 1020 1086; x_wconf 91' lang='lat' dir='ltr'><strong>velut</strong></span> <span class='ocrx_word' id='word_1_64' title='bbox 1049 1031 1100 1085; x_wconf 93' lang='lat' dir='ltr'><strong>in</strong></span> <span class='ocrx_word' id='word_1_65' title='bbox 1130 1029 1361 1101; x_wconf 90' lang='lat' dir='ltr'><strong>quodam</strong></span> <span class='ocrx_word' id='word_1_66' title='bbox 1391 1029 1624 1095; x_wconf 85' lang='lat' dir='ltr'><strong>theatro,</strong></span> <span class='ocrx_word' id='word_1_67' title='bbox 1659 1028 1744 1082; x_wconf 94' lang='lat' dir='ltr'><strong>illa</strong></span> 
     </span>
    </p>
   </div>
   <div class='ocr_carea' id='block_1_11' title="bbox 148 1121 1748 1194">
    <p class='ocr_par' dir='ltr' id='par_1_11' title="bbox 148 1121 1748 1194">
     <span class='ocr_line' id='line_1_11' title="bbox 148 1121 1748 1194; baseline 0.001 -19"><span class='ocrx_word' id='word_1_68' title='bbox 148 1122 201 1175; x_wconf 93' lang='lat' dir='ltr'><strong>in</strong></span> <span class='ocrx_word' id='word_1_69' title='bbox 250 1131 464 1178; x_wconf 88' lang='lat' dir='ltr'><strong>secreto</strong></span> <span class='ocrx_word' id='word_1_70' title='bbox 503 1141 516 1176; x_wconf 92' lang='lat'><strong>:</strong></span> <span class='ocrx_word' id='word_1_71' title='bbox 559 1133 840 1194; x_wconf 81' lang='lat' dir='ltr'><strong>spectatur</strong></span> <span class='ocrx_word' id='word_1_72' title='bbox 876 1124 1014 1191; x_wconf 89' lang='lat' dir='ltr'><strong>ista,</strong></span> <span class='ocrx_word' id='word_1_73' title='bbox 1058 1125 1146 1178; x_wconf 87' lang='lat' dir='ltr'><strong>illa</strong></span> <span class='ocrx_word' id='word_1_74' title='bbox 1199 1123 1568 1180; x_wconf 85' lang='lat' dir='ltr'><strong>absconditur.</strong></span> <span class='ocrx_word' id='word_1_75' title='bbox 1620 1121 1748 1178; x_wconf 90' lang='lat' dir='ltr'><strong>ldeo</strong></span> 
     </span>
    </p>
   </div>
   <div class='ocr_carea' id='block_1_12' title="bbox 154 1214 1748 1289">
    <p class='ocr_par' dir='ltr' id='par_1_12' title="bbox 154 1214 1748 1289">
     <span class='ocr_line' id='line_1_12' title="bbox 154 1214 1748 1289; baseline -0.001 -17"><span class='ocrx_word' id='word_1_76' title='bbox 154 1214 366 1288; x_wconf 59' lang='lat'><strong>1050</strong></span> <span class='ocrx_word' id='word_1_77' title='bbox 394 1216 571 1272; x_wconf 90' lang='lat' dir='ltr'><strong>bonus</strong></span> <span class='ocrx_word' id='word_1_78' title='bbox 599 1215 806 1272; x_wconf 87' lang='lat' dir='ltr'><strong>athleta</strong></span> <span class='ocrx_word' id='word_1_79' title='bbox 842 1218 918 1272; x_wconf 88' lang='lat' dir='ltr'><strong>ait</strong></span> <span class='ocrx_word' id='word_1_80' title='bbox 948 1237 960 1270; x_wconf 89' lang='lat'><strong>:</strong></span> <span class='ocrx_word' id='word_1_81' title='bbox 995 1217 1362 1289; x_wconf 88' lang='lat' dir='ltr'><strong>Spectaculum</strong></span> <span class='ocrx_word' id='word_1_82' title='bbox 1399 1218 1525 1287; x_wconf 82' lang='lat' dir='ltr'><strong>facti</strong></span> <span class='ocrx_word' id='word_1_83' title='bbox 1569 1231 1748 1270; x_wconf 89' lang='lat' dir='ltr'><strong>sumus</strong></span> 
     </span>
    </p>
   </div>
   <div class='ocr_carea' id='block_1_13' title="bbox 146 1308 1747 1382">
    <p class='ocr_par' dir='ltr' id='par_1_13' title="bbox 146 1308 1747 1382">
     <span class='ocr_line' id='line_1_13' title="bbox 146 1308 1747 1382; baseline 0.001 -21"><span class='ocrx_word' id='word_1_84' title='bbox 146 1309 267 1363; x_wconf 88' lang='lat' dir='ltr'><strong>huic</strong></span> <span class='ocrx_word' id='word_1_85' title='bbox 298 1309 490 1363; x_wconf 86' lang='lat' dir='ltr'><strong>mundo</strong></span> <span class='ocrx_word' id='word_1_86' title='bbox 515 1317 561 1362; x_wconf 86' lang='lat' dir='ltr'><strong>et</strong></span> <span class='ocrx_word' id='word_1_87' title='bbox 586 1309 785 1381; x_wconf 78' lang='lat' dir='ltr'><strong>angelis</strong></span> <span class='ocrx_word' id='word_1_88' title='bbox 816 1309 862 1380; x_wconf 92' lang='grc' dir='ltr'><strong>(Ι</strong></span> <span class='ocrx_word' id='word_1_89' title='bbox 891 1308 1011 1364; x_wconf 84' lang='lat' dir='ltr'><strong>Cor.</strong></span> <span class='ocrx_word' id='word_1_90' title='bbox 1043 1325 1116 1374; x_wconf 86' lang='lat' dir='ltr'><strong>tv,</strong></span> <span class='ocrx_word' id='word_1_91' title='bbox 1149 1310 1227 1380; x_wconf 91' lang='lat'><strong>9).</strong></span> <span class='ocrx_word' id='word_1_92' title='bbox 1266 1310 1472 1382; x_wconf 82' lang='lat' dir='ltr'><strong>liignus</strong></span> <span class='ocrx_word' id='word_1_93' title='bbox 1500 1324 1630 1365; x_wconf 87' lang='lat' dir='ltr'><strong>sane</strong></span> <span class='ocrx_word' id='word_1_94' title='bbox 1658 1309 1747 1380; x_wconf 92' lang='lat' dir='ltr'><strong>qui</strong></span> 
     </span>
    </p>
   </div>
   <div class='ocr_carea' id='block_1_14' title="bbox 145 1402 1749 1473">
    <p class='ocr_par' dir='ltr' id='par_1_14' title="bbox 145 1402 1749 1473">
     <span class='ocr_line' id='line_1_14' title="bbox 145 1402 1749 1473; baseline 0.001 -17"><span class='ocrx_word' id='word_1_95' title='bbox 145 1411 490 1473; x_wconf 80' lang='lat' dir='ltr'><strong>spectaretur</strong></span> <span class='ocrx_word' id='word_1_96' title='bbox 519 1402 588 1457; x_wconf 91' lang='lat' dir='ltr'><strong>ab</strong></span> <span class='ocrx_word' id='word_1_97' title='bbox 613 1403 844 1472; x_wconf 88' lang='lat' dir='ltr'><strong>angelis,</strong></span> <span class='ocrx_word' id='word_1_98' title='bbox 877 1419 996 1459; x_wconf 91' lang='lat' dir='ltr'><strong>cum</strong></span> <span class='ocrx_word' id='word_1_99' title='bbox 1022 1405 1338 1470; x_wconf 90' lang='lat' dir='ltr'><strong>luctaretur,</strong></span> <span class='ocrx_word' id='word_1_100' title='bbox 1373 1415 1428 1458; x_wconf 93' lang='lat' dir='ltr'><strong>ut</strong></span> <span class='ocrx_word' id='word_1_101' title='bbox 1457 1405 1520 1459; x_wconf 91' lang='lat' dir='ltr'><strong>ad</strong></span> <span class='ocrx_word' id='word_1_102' title='bbox 1551 1403 1749 1459; x_wconf 80' lang='lat' dir='ltr'><strong>Christi</strong></span> 
     </span>
    </p>
   </div>
   <div class='ocr_carea' id='block_1_15' title="bbox 147 1495 1748 1566">
    <p class='ocr_par' dir='ltr' id='par_1_15' title="bbox 147 1495 1748 1566">
     <span class='ocr_line' id='line_1_15' title="bbox 147 1495 1748 1566; baseline -0.001 -15"><span class='ocrx_word' id='word_1_103' title='bbox 147 1495 392 1551; x_wconf 85' lang='lat' dir='ltr'><strong>hravium</strong></span> <span class='ocrx_word' id='word_1_104' title='bbox 426 1497 764 1566; x_wconf 89' lang='lat' dir='ltr'><strong>perveniret;</strong></span> <span class='ocrx_word' id='word_1_105' title='bbox 795 1513 920 1552; x_wconf 91' lang='lat' dir='ltr'><strong>cum</strong></span> <span class='ocrx_word' id='word_1_106' title='bbox 949 1508 1208 1563; x_wconf 85' lang='lat' dir='ltr'><strong>certaret,</strong></span> <span class='ocrx_word' id='word_1_107' title='bbox 1234 1510 1288 1552; x_wconf 93' lang='lat' dir='ltr'><strong>ut</strong></span> <span class='ocrx_word' id='word_1_108' title='bbox 1315 1498 1368 1552; x_wconf 92' lang='lat' dir='ltr'><strong>in</strong></span> <span class='ocrx_word' id='word_1_109' title='bbox 1402 1498 1560 1554; x_wconf 82' lang='lat' dir='ltr'><strong>terris</strong></span> <span class='ocrx_word' id='word_1_110' title='bbox 1587 1498 1748 1552; x_wconf 89' lang='lat' dir='ltr'><strong>vitam</strong></span> 
     </span>
    </p>
   </div>
   <div class='ocr_carea' id='block_1_16' title="bbox 147 1587 1749 1662">
    <p class='ocr_par' dir='ltr' id='par_1_16' title="bbox 147 1587 1749 1662">
     <span class='ocr_line' id='line_1_16' title="bbox 147 1587 1749 1662; baseline 0.002 -21"><span class='ocrx_word' id='word_1_111' title='bbox 147 1587 469 1658; x_wconf 73' lang='lat' dir='ltr'><strong>angelorum</strong></span> <span class='ocrx_word' id='word_1_112' title='bbox 498 1589 832 1655; x_wconf 83' lang='lat' dir='ltr'><strong>institueret,</strong></span> <span class='ocrx_word' id='word_1_113' title='bbox 868 1592 919 1646; x_wconf 93' lang='lat' dir='ltr'><strong>in</strong></span> <span class='ocrx_word' id='word_1_114' title='bbox 943 1591 1085 1648; x_wconf 67' lang='lat' dir='ltr'><strong>caelo</strong></span> <span class='ocrx_word' id='word_1_115' title='bbox 1112 1591 1406 1662; x_wconf 86' lang='lat' dir='ltr'><strong>nequitiam</strong></span> <span class='ocrx_word' id='word_1_116' title='bbox 1431 1591 1749 1661; x_wconf 83' lang='lat' dir='ltr'><strong>angelorum</strong></span> 
     </span>
    </p>
   </div>
   <div class='ocr_carea' id='block_1_17' title="bbox 148 1679 1751 1755">
    <p class='ocr_par' dir='ltr' id='par_1_17' title="bbox 148 1679 1751 1755">
     <span class='ocr_line' id='line_1_17' title="bbox 148 1679 1751 1755; baseline -0.001 -18"><span class='ocrx_word' id='word_1_117' title='bbox 148 1679 428 1737; x_wconf 88' lang='lat' dir='ltr'><strong>refellerct</strong></span> <span class='ocrx_word' id='word_1_118' title='bbox 454 1699 468 1738; x_wconf 95' lang='lat'><strong>:</strong></span> <span class='ocrx_word' id='word_1_119' title='bbox 497 1681 896 1737; x_wconf 88' lang='lat' dir='ltr'><strong>colluctabatur</strong></span> <span class='ocrx_word' id='word_1_120' title='bbox 925 1684 1069 1739; x_wconf 89' lang='lat' dir='ltr'><strong>enim</strong></span> <span class='ocrx_word' id='word_1_121' title='bbox 1098 1685 1355 1755; x_wconf 90' lang='lat' dir='ltr'><strong>nequitiis</strong></span> <span class='ocrx_word' id='word_1_122' title='bbox 1397 1683 1751 1754; x_wconf 88' lang='lat' dir='ltr'><strong>spiritalibus.</strong></span> 
     </span>
    </p>
   </div>
   <div class='ocr_carea' id='block_1_18' title="bbox 151 1772 1753 1846">
    <p class='ocr_par' dir='ltr' id='par_1_18' title="bbox 151 1772 1753 1846">
     <span class='ocr_line' id='line_1_18' title="bbox 151 1772 1753 1846; baseline 0.002 -19"><span class='ocrx_word' id='word_1_123' title='bbox 151 1772 347 1828; x_wconf 85' lang='lat' dir='ltr'><strong>Merito</strong></span> <span class='ocrx_word' id='word_1_124' title='bbox 387 1772 624 1829; x_wconf 91' lang='lat' dir='ltr'><strong>mundus</strong></span> <span class='ocrx_word' id='word_1_125' title='bbox 669 1788 794 1830; x_wconf 91' lang='lat' dir='ltr'><strong>eum</strong></span> <span class='ocrx_word' id='word_1_126' title='bbox 835 1775 1136 1846; x_wconf 87' lang='lat' dir='ltr'><strong>spectabat,</strong></span> <span class='ocrx_word' id='word_1_127' title='bbox 1190 1787 1245 1830; x_wconf 91' lang='grc' dir='ltr'><strong>ιιι</strong></span> <span class='ocrx_word' id='word_1_128' title='bbox 1294 1776 1528 1831; x_wconf 87' lang='lat' dir='ltr'><strong>mundus</strong></span> <span class='ocrx_word' id='word_1_129' title='bbox 1576 1777 1753 1831; x_wconf 86' lang='lat' dir='ltr'><strong>imita-</strong></span> 
     </span>
    </p>
   </div>
   <div class='ocr_carea' id='block_1_19' title="bbox 150 1873 326 1921">
    <p class='ocr_par' dir='ltr' id='par_1_19' title="bbox 150 1873 326 1921">
     <span class='ocr_line' id='line_1_19' title="bbox 150 1873 326 1921; baseline 0.011 -2"><span class='ocrx_word' id='word_1_130' title='bbox 150 1873 326 1921; x_wconf 87' lang='lat' dir='ltr'><strong>retur.</strong></span> 
     </span>
    </p>
   </div>
   <div class='ocr_carea' id='block_1_20' title="bbox 142 1959 1754 2034">
    <p class='ocr_par' dir='ltr' id='par_1_20' title="bbox 142 1959 1754 2034">
     <span class='ocr_line' id='line_1_20' title="bbox 142 1959 1754 2034; baseline 0.003 -22"><span class='ocrx_word' id='word_1_131' title='bbox 142 2007 147 2012; x_wconf 87' lang='lat'><strong>.</strong></span> <span class='ocrx_word' id='word_1_132' title='bbox 231 1959 320 2013; x_wconf 76' lang='lat'><strong>72.</strong></span> <span class='ocrx_word' id='word_1_133' title='bbox 365 1959 492 2018; x_wconf 65' lang='lat' dir='ltr'><strong>Haec</strong></span> <span class='ocrx_word' id='word_1_134' title='bbox 517 1975 647 2033; x_wconf 88' lang='lat' dir='ltr'><strong>ergo</strong></span> <span class='ocrx_word' id='word_1_135' title='bbox 673 1963 780 2017; x_wconf 88' lang='lat' dir='ltr'><strong>vita</strong></span> <span class='ocrx_word' id='word_1_136' title='bbox 812 1964 865 2018; x_wconf 91' lang='lat' dir='ltr'><strong>in</strong></span> <span class='ocrx_word' id='word_1_137' title='bbox 889 1963 1087 2031; x_wconf 88' lang='lat' dir='ltr'><strong>stadio,</strong></span> <span class='ocrx_word' id='word_1_138' title='bbox 1113 1963 1204 2020; x_wconf 91' lang='lat' dir='ltr'><strong>illa</strong></span> <span class='ocrx_word' id='word_1_139' title='bbox 1230 1966 1282 2021; x_wconf 92' lang='lat' dir='ltr'><strong>in</strong></span> <span class='ocrx_word' id='word_1_140' title='bbox 1310 1964 1569 2034; x_wconf 90' lang='lat' dir='ltr'><strong>spelunca</strong></span> <span class='ocrx_word' id='word_1_141' title='bbox 1597 1982 1608 2017; x_wconf 87' lang='lat'><strong>:</strong></span> <span class='ocrx_word' id='word_1_142' title='bbox 1639 1963 1754 2018; x_wconf 78' lang='lat' dir='ltr'><strong>hanc</strong></span> 
     </span>
    </p>
   </div>
   <div class='ocr_carea' id='block_1_21' title="bbox 153 2049 1757 2124">
    <p class='ocr_par' dir='ltr' id='par_1_21' title="bbox 153 2049 1757 2124">
     <span class='ocr_line' id='line_1_21' title="bbox 153 2049 1757 2124; baseline 0.005 -19"><span class='ocrx_word' id='word_1_143' title='bbox 153 2049 420 2107; x_wconf 89' lang='lat' dir='ltr'><strong>adversus</strong></span> <span class='ocrx_word' id='word_1_144' title='bbox 467 2054 845 2111; x_wconf 76' lang='lat' dir='ltr'><strong>confusionem</strong></span> <span class='ocrx_word' id='word_1_145' title='bbox 891 2057 1108 2124; x_wconf 64' lang='lat' dir='ltr'><strong>surculi,</strong></span> <span class='ocrx_word' id='word_1_146' title='bbox 1149 2058 1237 2112; x_wconf 89' lang='lat' dir='ltr'><strong>illa</strong></span> <span class='ocrx_word' id='word_1_147' title='bbox 1276 2057 1537 2112; x_wconf 88' lang='lat' dir='ltr'><strong>adversus</strong></span> <span class='ocrx_word' id='word_1_148' title='bbox 1577 2057 1757 2113; x_wconf 87' lang='lat' dir='ltr'><strong>carnis</strong></span> 
     </span>
    </p>
   </div>
   <div class='ocr_carea' id='block_1_22' title="bbox 150 2148 1760 2222">
    <p class='ocr_par' dir='ltr' id='par_1_22' title="bbox 150 2148 1760 2222">
     <span class='ocr_line' id='line_1_22' title="bbox 150 2148 1760 2222; baseline 0.003 -23"><span class='ocrx_word' id='word_1_149' title='bbox 150 2148 524 2215; x_wconf 87' lang='lat' dir='ltr'><strong>appetentiam</strong></span> <span class='ocrx_word' id='word_1_150' title='bbox 554 2166 566 2201; x_wconf 90' lang='lat'><strong>:</strong></span> <span class='ocrx_word' id='word_1_151' title='bbox 602 2148 715 2204; x_wconf 62' lang='lat' dir='ltr'><strong>hanc</strong></span> <span class='ocrx_word' id='word_1_152' title='bbox 743 2150 1060 2220; x_wconf 91' lang='lat' dir='ltr'><strong>subjiciens,</strong></span> <span class='ocrx_word' id='word_1_153' title='bbox 1094 2151 1183 2205; x_wconf 89' lang='lat' dir='ltr'><strong>illa</strong></span> <span class='ocrx_word' id='word_1_154' title='bbox 1215 2151 1489 2222; x_wconf 78' lang='lat' dir='ltr'><strong>refugiens</strong></span> <span class='ocrx_word' id='word_1_155' title='bbox 1513 2150 1760 2220; x_wconf 90' lang='lat' dir='ltr'><strong>corporis</strong></span> 
     </span>
    </p>
   </div>
   <div class='ocr_carea' id='block_1_23' title="bbox 151 2237 1758 2314">
    <p class='ocr_par' dir='ltr' id='par_1_23' title="bbox 151 2237 1758 2314">
     <span class='ocr_line' id='line_1_23' title="bbox 151 2237 1758 2314; baseline 0.005 -24"><span class='ocrx_word' id='word_1_156' title='bbox 151 2237 472 2307; x_wconf 87' lang='lat' dir='ltr'><strong>voluptates</strong></span> <span class='ocrx_word' id='word_1_157' title='bbox 501 2257 514 2292; x_wconf 87' lang='lat'><strong>:</strong></span> <span class='ocrx_word' id='word_1_158' title='bbox 552 2241 670 2294; x_wconf 68' lang='lat' dir='ltr'><strong>haec</strong></span> <span class='ocrx_word' id='word_1_159' title='bbox 709 2243 936 2312; x_wconf 86' lang='lat' dir='ltr'><strong>gratior,</strong></span> <span class='ocrx_word' id='word_1_160' title='bbox 972 2243 1066 2297; x_wconf 87' lang='lat' dir='ltr'><strong>illa</strong></span> <span class='ocrx_word' id='word_1_161' title='bbox 1100 2244 1303 2299; x_wconf 90' lang='lat' dir='ltr'><strong>tutior:</strong></span> <span class='ocrx_word' id='word_1_162' title='bbox 1337 2244 1454 2299; x_wconf 68' lang='lat' dir='ltr'><strong>lucc</strong></span> <span class='ocrx_word' id='word_1_163' title='bbox 1498 2259 1557 2300; x_wconf 88' lang='lat' dir='ltr'><strong>se</strong></span> <span class='ocrx_word' id='word_1_164' title='bbox 1589 2245 1758 2314; x_wconf 87' lang='lat' dir='ltr'><strong>ipsam</strong></span> 
     </span>
    </p>
   </div>
   <div class='ocr_carea' id='block_1_24' title="bbox 150 2332 1757 2406">
    <p class='ocr_par' dir='ltr' id='par_1_24' title="bbox 150 2332 1757 2406">
     <span class='ocr_line' id='line_1_24' title="bbox 150 2332 1757 2406; baseline 0.003 -20"><span class='ocrx_word' id='word_1_165' title='bbox 150 2345 370 2400; x_wconf 86' lang='lat' dir='ltr'><strong>regens,</strong></span> <span class='ocrx_word' id='word_1_166' title='bbox 414 2332 504 2386; x_wconf 90' lang='lat' dir='ltr'><strong>illa</strong></span> <span class='ocrx_word' id='word_1_167' title='bbox 545 2343 719 2388; x_wconf 86' lang='lat' dir='ltr'><strong>semet</strong></span> <span class='ocrx_word' id='word_1_168' title='bbox 763 2335 931 2403; x_wconf 86' lang='lat' dir='ltr'><strong>ipsam</strong></span> <span class='ocrx_word' id='word_1_169' title='bbox 980 2351 1276 2391; x_wconf 87' lang='lat' dir='ltr'><strong>coercens:</strong></span> <span class='ocrx_word' id='word_1_170' title='bbox 1313 2346 1538 2406; x_wconf 88' lang='lat' dir='ltr'><strong>utraque</strong></span> <span class='ocrx_word' id='word_1_171' title='bbox 1581 2347 1757 2392; x_wconf 87' lang='lat' dir='ltr'><strong>tamen</strong></span> 
     </span>
    </p>
   </div>
   <div class='ocr_carea' id='block_1_25' title="bbox 150 2427 1755 2499">
    <p class='ocr_par' dir='ltr' id='par_1_25' title="bbox 150 2427 1755 2499">
     <span class='ocr_line' id='line_1_25' title="bbox 150 2427 1755 2499; baseline 0.001 -21"><span class='ocrx_word' id='word_1_172' title='bbox 150 2439 216 2480; x_wconf 90' lang='lat' dir='ltr'><strong>se</strong></span> <span class='ocrx_word' id='word_1_173' title='bbox 257 2427 555 2498; x_wconf 84' lang='lat' dir='ltr'><strong>abnegans.</strong></span> <span class='ocrx_word' id='word_1_174' title='bbox 589 2438 648 2481; x_wconf 93' lang='lat' dir='ltr'><strong>ut</strong></span> <span class='ocrx_word' id='word_1_175' title='bbox 689 2427 778 2481; x_wconf 88' lang='lat' dir='ltr'><strong>fiat</strong></span> <span class='ocrx_word' id='word_1_176' title='bbox 820 2427 1057 2493; x_wconf 83' lang='lat' dir='ltr'><strong>Christi;</strong></span> <span class='ocrx_word' id='word_1_177' title='bbox 1091 2430 1214 2499; x_wconf 87' lang='lat' dir='ltr'><strong>quia</strong></span> <span class='ocrx_word' id='word_1_178' title='bbox 1258 2431 1511 2499; x_wconf 70' lang='lat' dir='ltr'><strong>perfectis</strong></span> <span class='ocrx_word' id='word_1_179' title='bbox 1555 2431 1755 2484; x_wconf 89' lang='lat' dir='ltr'><strong>dictum</strong></span> 
     </span>
    </p>
   </div>
   <div class='ocr_carea' id='block_1_26' title="bbox 152 2517 1756 2592">
    <p class='ocr_par' dir='ltr' id='par_1_26' title="bbox 152 2517 1756 2592">
     <span class='ocr_line' id='line_1_26' title="bbox 152 2517 1756 2592; baseline 0 -20"><span class='ocrx_word' id='word_1_180' title='bbox 152 2527 241 2572; x_wconf 91' lang='lat' dir='ltr'><strong>est</strong></span> <span class='ocrx_word' id='word_1_181' title='bbox 273 2535 285 2570; x_wconf 94' lang='lat'><strong>:</strong></span> <span class='ocrx_word' id='word_1_182' title='bbox 321 2517 422 2584; x_wconf 82' lang='lat' dir='ltr'><strong>Qui</strong></span> <span class='ocrx_word' id='word_1_183' title='bbox 450 2520 558 2573; x_wconf 87' lang='lat' dir='ltr'><strong>vult</strong></span> <span class='ocrx_word' id='word_1_184' title='bbox 600 2530 713 2590; x_wconf 88' lang='lat' dir='ltr'><strong>post</strong></span> <span class='ocrx_word' id='word_1_185' title='bbox 744 2536 824 2574; x_wconf 88' lang='lat' dir='ltr'><strong>me</strong></span> <span class='ocrx_word' id='word_1_186' title='bbox 849 2521 1054 2586; x_wconf 79' lang='lat' dir='ltr'><strong>venire,</strong></span> <span class='ocrx_word' id='word_1_187' title='bbox 1084 2521 1297 2591; x_wconf 81' lang='lat' dir='ltr'><strong>abneget</strong></span> <span class='ocrx_word' id='word_1_188' title='bbox 1336 2538 1389 2575; x_wconf 86' lang='lat' dir='ltr'><strong>se</strong></span> <span class='ocrx_word' id='word_1_189' title='bbox 1431 2523 1598 2592; x_wconf 86' lang='lat' dir='ltr'><strong>ipsum</strong></span> <span class='ocrx_word' id='word_1_190' title='bbox 1641 2520 1756 2584; x_wconf 84' lang='lat' dir='ltr'><strong>sibi,</strong></span> 
     </span>
    </p>
   </div>
   <div class='ocr_carea' id='block_1_27' title="bbox 156 2612 1755 2684">
    <p class='ocr_par' dir='ltr' id='par_1_27' title="bbox 156 2612 1755 2684">
     <span class='ocr_line' id='line_1_27' title="bbox 156 2612 1755 2684; baseline -0.001 -17"><span class='ocrx_word' id='word_1_191' title='bbox 156 2623 206 2667; x_wconf 86' lang='lat' dir='ltr'><strong>et</strong></span> <span class='ocrx_word' id='word_1_192' title='bbox 233 2612 382 2668; x_wconf 82' lang='lat' dir='ltr'><strong>tollat</strong></span> <span class='ocrx_word' id='word_1_193' title='bbox 400 2629 606 2668; x_wconf 83' lang='lat' dir='ltr'><strong>crucem</strong></span> <span class='ocrx_word' id='word_1_194' title='bbox 629 2630 796 2680; x_wconf 87' lang='lat' dir='ltr'><strong>suam,</strong></span> <span class='ocrx_word' id='word_1_195' title='bbox 821 2625 869 2669; x_wconf 85' lang='lat' dir='ltr'><strong>et</strong></span> <span class='ocrx_word' id='word_1_196' title='bbox 887 2625 1138 2684; x_wconf 84' lang='lat' dir='ltr'><strong>sequatur</strong></span> <span class='ocrx_word' id='word_1_197' title='bbox 1156 2632 1233 2669; x_wconf 84' lang='lat' dir='ltr'><strong>me</strong></span> <span class='ocrx_word' id='word_1_198' title='bbox 1254 2613 1469 2683; x_wconf 76' lang='lat' dir='ltr'><strong>(Matth.</strong></span> <span class='ocrx_word' id='word_1_199' title='bbox 1498 2629 1616 2681; x_wconf 82' lang='lat' dir='ltr'><strong>xvr,</strong></span> <span class='ocrx_word' id='word_1_200' title='bbox 1639 2612 1755 2683; x_wconf 71' lang='lat'><strong>25).</strong></span> 
     </span>
    </p>
   </div>
   <div class='ocr_carea' id='block_1_28' title="bbox 153 2706 1760 2779">
    <p class='ocr_par' dir='ltr' id='par_1_28' title="bbox 153 2706 1760 2779">
     <span class='ocr_line' id='line_1_28' title="bbox 153 2706 1760 2779; baseline -0.002 -17"><span class='ocrx_word' id='word_1_201' title='bbox 153 2707 416 2776; x_wconf 88' lang='lat' dir='ltr'><strong>Sequitur</strong></span> <span class='ocrx_word' id='word_1_202' title='bbox 442 2721 574 2778; x_wconf 89' lang='lat' dir='ltr'><strong>ergo</strong></span> <span class='ocrx_word' id='word_1_203' title='bbox 599 2706 896 2775; x_wconf 88' lang='lat' dir='ltr'><strong>Christum,</strong></span> <span class='ocrx_word' id='word_1_204' title='bbox 929 2710 1018 2779; x_wconf 87' lang='lat' dir='ltr'><strong>qui</strong></span> <span class='ocrx_word' id='word_1_205' title='bbox 1047 2718 1226 2778; x_wconf 71' lang='lat' dir='ltr'><strong>potest</strong></span> <span class='ocrx_word' id='word_1_206' title='bbox 1255 2708 1436 2763; x_wconf 86' lang='lat' dir='ltr'><strong>dicere</strong></span> <span class='ocrx_word' id='word_1_207' title='bbox 1463 2725 1476 2761; x_wconf 88' lang='lat'><strong>:</strong></span> <span class='ocrx_word' id='word_1_208' title='bbox 1515 2707 1642 2762; x_wconf 84' lang='lat' dir='ltr'><strong>Vivo</strong></span> <span class='ocrx_word' id='word_1_209' title='bbox 1668 2724 1760 2760; x_wconf 87' lang='lat' dir='ltr'><strong>au-</strong></span> 
     </span>
    </p>
   </div>
   <div class='ocr_carea' id='block_1_29' title="bbox 155 2799 1758 2874">
    <p class='ocr_par' dir='ltr' id='par_1_29' title="bbox 155 2799 1758 2874">
     <span class='ocr_line' id='line_1_29' title="bbox 155 2799 1758 2874; baseline 0.001 -21"><span class='ocrx_word' id='word_1_210' title='bbox 155 2811 257 2853; x_wconf 83' lang='lat' dir='ltr'><strong>tent</strong></span> <span class='ocrx_word' id='word_1_211' title='bbox 271 2803 389 2872; x_wconf 87' lang='lat' dir='ltr'><strong>jam</strong></span> <span class='ocrx_word' id='word_1_212' title='bbox 413 2817 516 2854; x_wconf 90' lang='lat' dir='ltr'><strong>non</strong></span> <span class='ocrx_word' id='word_1_213' title='bbox 539 2817 654 2874; x_wconf 92' lang='lat' dir='ltr'><strong>ego,</strong></span> <span class='ocrx_word' id='word_1_214' title='bbox 678 2803 798 2856; x_wconf 89' lang='lat' dir='ltr'><strong>vivit</strong></span> <span class='ocrx_word' id='word_1_215' title='bbox 821 2817 940 2856; x_wconf 85' lang='lat' dir='ltr'><strong>vero</strong></span> <span class='ocrx_word' id='word_1_216' title='bbox 957 2804 1012 2856; x_wconf 88' lang='lat' dir='ltr'><strong>in</strong></span> <span class='ocrx_word' id='word_1_217' title='bbox 1036 2820 1115 2856; x_wconf 85' lang='lat' dir='ltr'><strong>me</strong></span> <span class='ocrx_word' id='word_1_218' title='bbox 1135 2799 1371 2858; x_wconf 77' lang='lat' dir='ltr'><strong>Christus</strong></span> <span class='ocrx_word' id='word_1_219' title='bbox 1396 2800 1538 2873; x_wconf 81' lang='lat' dir='ltr'><strong>(Gal.</strong></span> <span class='ocrx_word' id='word_1_220' title='bbox 1561 2817 1617 2867; x_wconf 91' lang='grc' dir='ltr'><strong>ιι,</strong></span> <span class='ocrx_word' id='word_1_221' title='bbox 1641 2799 1758 2871; x_wconf 70' lang='grc' dir='ltr'><strong>ΞΟ).</strong></span> 
     </span>
    </p>
   </div>
   <div class='ocr_carea' id='block_1_30' title="bbox 234 2891 1760 2963">
    <p class='ocr_par' dir='ltr' id='par_1_30' title="bbox 234 2891 1760 2963">
     <span class='ocr_line' id='line_1_30' title="bbox 234 2891 1760 2963; baseline -0.001 -18"><span class='ocrx_word' id='word_1_222' title='bbox 234 2892 326 2948; x_wconf 79' lang='grc'>75.</span> <span class='ocrx_word' id='word_1_223' title='bbox 364 2891 605 2963; x_wconf 81' lang='lat' dir='ltr'><strong>Negabat</strong></span> <span class='ocrx_word' id='word_1_224' title='bbox 639 2908 698 2948; x_wconf 89' lang='lat' dir='ltr'><strong>se</strong></span> <span class='ocrx_word' id='word_1_225' title='bbox 741 2895 958 2959; x_wconf 86' lang='lat' dir='ltr'><strong>Paulus,</strong></span> <span class='ocrx_word' id='word_1_226' title='bbox 1002 2909 1124 2948; x_wconf 91' lang='lat' dir='ltr'><strong>cum</strong></span> <span class='ocrx_word' id='word_1_227' title='bbox 1167 2894 1345 2950; x_wconf 89' lang='lat' dir='ltr'><strong>sciens</strong></span> <span class='ocrx_word' id='word_1_228' title='bbox 1384 2893 1508 2963; x_wconf 90' lang='lat' dir='ltr'><strong>quia</strong></span> <span class='ocrx_word' id='word_1_229' title='bbox 1548 2891 1760 2947; x_wconf 83' lang='lat' dir='ltr'><strong>vincula</strong></span> 
     </span>
    </p>
   </div>
   <div class='ocr_carea' id='block_1_31' title="bbox 155 2985 1762 3050">
    <p class='ocr_par' dir='ltr' id='par_1_31' title="bbox 155 2985 1762 3050">
     <span class='ocr_line' id='line_1_31' title="bbox 155 2985 1762 3050; baseline -0.002 -10"><span class='ocrx_word' id='word_1_230' title='bbox 155 2994 213 3040; x_wconf 92' lang='lat' dir='ltr'><strong>et</strong></span> <span class='ocrx_word' id='word_1_231' title='bbox 238 2985 618 3042; x_wconf 88' lang='lat' dir='ltr'><strong>tribulationes</strong></span> <span class='ocrx_word' id='word_1_232' title='bbox 637 3002 760 3042; x_wconf 91' lang='lat' dir='ltr'><strong>eum</strong></span> <span class='ocrx_word' id='word_1_233' title='bbox 783 2997 1070 3043; x_wconf 89' lang='lat' dir='ltr'><strong>manerent</strong></span> <span class='ocrx_word' id='word_1_234' title='bbox 1096 2988 1149 3041; x_wconf 90' lang='lat' dir='ltr'><strong>in</strong></span> <span class='ocrx_word' id='word_1_235' title='bbox 1183 2987 1541 3050; x_wconf 82' lang='lat' dir='ltr'><strong>Hierusalem,</strong></span> <span class='ocrx_word' id='word_1_236' title='bbox 1573 2985 1762 3039; x_wconf 86' lang='lat' dir='ltr'><strong>volun-</strong></span> 
     </span>
    </p>
   </div>
   <div class='ocr_carea' id='block_1_32' title="bbox 155 3077 1763 3150">
    <p class='ocr_par' dir='ltr' id='par_1_32' title="bbox 155 3077 1763 3150">
     <span class='ocr_line' id='line_1_32' title="bbox 155 3077 1763 3150; baseline -0.001 -19"><span class='ocrx_word' id='word_1_237' title='bbox 155 3078 332 3132; x_wconf 91' lang='lat' dir='ltr'><strong>tarius</strong></span> <span class='ocrx_word' id='word_1_238' title='bbox 358 3093 418 3133; x_wconf 88' lang='lat' dir='ltr'><strong>se</strong></span> <span class='ocrx_word' id='word_1_239' title='bbox 443 3077 663 3134; x_wconf 73' lang='lat' dir='ltr'><strong>offerret</strong></span> <span class='ocrx_word' id='word_1_240' title='bbox 687 3081 961 3150; x_wconf 90' lang='lat' dir='ltr'><strong>periculis,</strong></span> <span class='ocrx_word' id='word_1_241' title='bbox 989 3080 1176 3135; x_wconf 86' lang='lat' dir='ltr'><strong>dicens</strong></span> <span class='ocrx_word' id='word_1_242' title='bbox 1201 3097 1212 3131; x_wconf 93' lang='lat'><strong>:</strong></span> <span class='ocrx_word' id='word_1_243' title='bbox 1247 3077 1356 3132; x_wconf 82' lang='lat' dir='ltr'><strong>Nec</strong></span> <span class='ocrx_word' id='word_1_244' title='bbox 1378 3079 1512 3149; x_wconf 80' lang='lat' dir='ltr'><strong>facio</strong></span> <span class='ocrx_word' id='word_1_245' title='bbox 1539 3080 1763 3132; x_wconf 81' lang='lat' dir='ltr'><strong>animum</strong></span> 
     </span>
    </p>
   </div>
   <div class='ocr_carea' id='block_1_33' title="bbox 160 3171 1764 3235">
    <p class='ocr_par' dir='ltr' id='par_1_33' title="bbox 160 3171 1764 3235">
     <span class='ocr_line' id='line_1_33' title="bbox 160 3171 1764 3235; baseline 0 -13"><span class='ocrx_word' id='word_1_246' title='bbox 160 3185 329 3223; x_wconf 87' lang='lat' dir='ltr'><strong>meam</strong></span> <span class='ocrx_word' id='word_1_247' title='bbox 360 3171 644 3225; x_wconf 76' lang='lat' dir='ltr'><strong>chariorem</strong></span> <span class='ocrx_word' id='word_1_248' title='bbox 677 3173 832 3235; x_wconf 87' lang='lat' dir='ltr'><strong>mihi,</strong></span> <span class='ocrx_word' id='word_1_249' title='bbox 861 3171 1143 3226; x_wconf 82' lang='lat' dir='ltr'><strong>dummodo</strong></span> <span class='ocrx_word' id='word_1_250' title='bbox 1180 3186 1524 3225; x_wconf 87' lang='lat' dir='ltr'><strong>consummem</strong></span> <span class='ocrx_word' id='word_1_251' title='bbox 1555 3187 1764 3227; x_wconf 81' lang='lat' dir='ltr'><strong>cursum</strong></span> 
     </span>
    </p>
   </div>
   <div class='ocr_carea' id='block_1_34' title="bbox 1845 561 3457 634">
    <p class='ocr_par' dir='ltr' id='par_1_34' title="bbox 1845 561 3457 634">
     <span class='ocr_line' id='line_1_34' title="bbox 1845 561 3457 634; baseline -0.001 -17"><span class='ocrx_word' id='word_1_252' title='bbox 1845 578 2004 633; x_wconf 88' lang='lat' dir='ltr'><strong>reges</strong></span> <span class='ocrx_word' id='word_1_253' title='bbox 2035 561 2128 634; x_wconf 86' lang='grc' dir='ltr'><strong>(ΙΙΙ</strong></span> <span class='ocrx_word' id='word_1_254' title='bbox 2152 561 2280 633; x_wconf 88' lang='lat' dir='ltr'><strong>Reg.</strong></span> <span class='ocrx_word' id='word_1_255' title='bbox 2318 578 2431 629; x_wconf 76' lang='lat' dir='ltr'><strong>xix,</strong></span> <span class='ocrx_word' id='word_1_256' title='bbox 2465 561 2522 628; x_wconf 88' lang='grc'>8,</span> <span class='ocrx_word' id='word_1_257' title='bbox 2554 561 2634 633; x_wconf 84' lang='grc'><strong>9).</strong></span> <span class='ocrx_word' id='word_1_258' title='bbox 2676 562 2911 618; x_wconf 92' lang='lat' dir='ltr'><strong>Duratns</strong></span> <span class='ocrx_word' id='word_1_259' title='bbox 2950 561 3116 634; x_wconf 83' lang='lat' dir='ltr'><strong>igitur</strong></span> <span class='ocrx_word' id='word_1_260' title='bbox 3149 561 3216 617; x_wconf 91' lang='lat' dir='ltr'><strong>ad</strong></span> <span class='ocrx_word' id='word_1_261' title='bbox 3247 562 3457 634; x_wconf 74' lang='lat' dir='ltr'><strong>patien.</strong></span> 
     </span>
    </p>
   </div>
   <div class='ocr_carea' id='block_1_35' title="bbox 1848 653 3456 726">
    <p class='ocr_par' dir='ltr' id='par_1_35' title="bbox 1848 653 3456 726">
     <span class='ocr_line' id='line_1_35' title="bbox 1848 653 3456 726; baseline 0.001 -17"><span class='ocrx_word' id='word_1_262' title='bbox 1848 654 1974 709; x_wconf 91' lang='lat' dir='ltr'><strong>tiam</strong></span> <span class='ocrx_word' id='word_1_263' title='bbox 2003 663 2089 710; x_wconf 89' lang='lat' dir='ltr'><strong>est</strong></span> <span class='ocrx_word' id='word_1_264' title='bbox 2111 653 2469 709; x_wconf 90' lang='lat' dir='ltr'><strong>solitudinum</strong></span> <span class='ocrx_word' id='word_1_265' title='bbox 2503 655 2766 719; x_wconf 88' lang='lat' dir='ltr'><strong>incolatu,</strong></span> <span class='ocrx_word' id='word_1_266' title='bbox 2795 663 2848 709; x_wconf 91' lang='lat' dir='ltr'><strong>et</strong></span> <span class='ocrx_word' id='word_1_267' title='bbox 2876 665 3148 726; x_wconf 89' lang='lat' dir='ltr'><strong>tamquam</strong></span> <span class='ocrx_word' id='word_1_268' title='bbox 3177 665 3362 726; x_wconf 88' lang='lat' dir='ltr'><strong>pastus</strong></span> <span class='ocrx_word' id='word_1_269' title='bbox 3391 655 3456 710; x_wconf 89' lang='lat' dir='ltr'><strong>ad</strong></span> 
     </span>
    </p>
   </div>
   <div class='ocr_carea' id='block_1_36' title="bbox 1848 747 3452 818">
    <p class='ocr_par' dir='ltr' id='par_1_36' title="bbox 1848 747 3452 818">
     <span class='ocr_line' id='line_1_36' title="bbox 1848 747 3452 818; baseline 0.005 -22"><span class='ocrx_word' id='word_1_270' title='bbox 1848 747 2064 801; x_wconf 90' lang='lat' dir='ltr'><strong>virtutis</strong></span> <span class='ocrx_word' id='word_1_271' title='bbox 2111 747 2379 816; x_wconf 86' lang='lat' dir='ltr'><strong>adipalem</strong></span> <span class='ocrx_word' id='word_1_272' title='bbox 2416 748 2612 818; x_wconf 88' lang='lat' dir='ltr'><strong>agresti</strong></span> <span class='ocrx_word' id='word_1_273' title='bbox 2645 748 2904 804; x_wconf 91' lang='lat' dir='ltr'><strong>alimento</strong></span> <span class='ocrx_word' id='word_1_274' title='bbox 2934 752 3196 818; x_wconf 88' lang='lat' dir='ltr'><strong>processit</strong></span> <span class='ocrx_word' id='word_1_275' title='bbox 3233 748 3452 805; x_wconf 90' lang='lat' dir='ltr'><strong>fortior.</strong></span> 
     </span>
    </p>
   </div>
   <div class='ocr_carea' id='block_1_37' title="bbox 1919 840 3459 912">
    <p class='ocr_par' dir='ltr' id='par_1_37' title="bbox 1919 840 3459 912">
     <span class='ocr_line' id='line_1_37' title="bbox 1919 840 3459 912; baseline 0.001 -18"><span class='ocrx_word' id='word_1_276' title='bbox 1919 841 2010 896; x_wconf 83' lang='lat'><strong>76.</strong></span> <span class='ocrx_word' id='word_1_277' title='bbox 2043 841 2282 896; x_wconf 78' lang='lat' dir='ltr'><strong>Joannes</strong></span> <span class='ocrx_word' id='word_1_278' title='bbox 2311 857 2531 912; x_wconf 91' lang='lat' dir='ltr'><strong>quoque</strong></span> <span class='ocrx_word' id='word_1_279' title='bbox 2564 840 2616 896; x_wconf 93' lang='lat' dir='ltr'><strong>in</strong></span> <span class='ocrx_word' id='word_1_280' title='bbox 2656 841 2876 898; x_wconf 89' lang='lat' dir='ltr'><strong>deserto</strong></span> <span class='ocrx_word' id='word_1_281' title='bbox 2903 842 3178 907; x_wconf 90' lang='lat' dir='ltr'><strong>adolevit,</strong></span> <span class='ocrx_word' id='word_1_282' title='bbox 3215 854 3236 879; x_wconf 79' lang='grc' dir='ltr'><em>ε</em></span> <span class='ocrx_word' id='word_1_283' title='bbox 3269 851 3321 897; x_wconf 92' lang='lat' dir='ltr'><strong>et</strong></span> <span class='ocrx_word' id='word_1_284' title='bbox 3351 843 3459 896; x_wconf 91' lang='lat' dir='ltr'><strong>Do-</strong></span> 
     </span>
    </p>
   </div>
   <div class='ocr_carea' id='block_1_38' title="bbox 1849 934 3455 1010">
    <p class='ocr_par' dir='ltr' id='par_1_38' title="bbox 1849 934 3455 1010">
     <span class='ocr_line' id='line_1_38' title="bbox 1849 934 3455 1010; baseline 0.001 -21"><span class='ocrx_word' id='word_1_285' title='bbox 1849 935 2052 990; x_wconf 93' lang='lat' dir='ltr'><strong>minum</strong></span> <span class='ocrx_word' id='word_1_286' title='bbox 2083 935 2376 1005; x_wconf 84' lang='lat' dir='ltr'><strong>baptizavit</strong></span> <span class='ocrx_word' id='word_1_287' title='bbox 2412 936 2428 1005; x_wconf 90' lang='lat'>(</span> <span class='ocrx_word' id='word_1_288' title='bbox 2456 934 2588 990; x_wconf 85' lang='lat' dir='ltr'><strong>Luc.</strong></span> <span class='ocrx_word' id='word_1_289' title='bbox 2618 951 2706 1002; x_wconf 93' lang='grc' dir='ltr'>ιιι,</span> <span class='ocrx_word' id='word_1_290' title='bbox 2736 934 2792 1003; x_wconf 73' lang='lat'><strong>2,</strong></span> <span class='ocrx_word' id='word_1_291' title='bbox 2824 936 2890 991; x_wconf 80' lang='lat' dir='ltr'><strong>l9</strong></span> <span class='ocrx_word' id='word_1_292' title='bbox 2914 937 2964 1006; x_wconf 93' lang='lat'><strong>);</strong></span> <span class='ocrx_word' id='word_1_293' title='bbox 2995 946 3050 992; x_wconf 92' lang='lat' dir='ltr'><strong>et</strong></span> <span class='ocrx_word' id='word_1_294' title='bbox 3093 935 3455 1010; x_wconf 84' lang='lat' dir='ltr'><strong>constantiam</strong></span> 
     </span>
    </p>
   </div>
   <div class='ocr_carea' id='block_1_39' title="bbox 1850 1029 3327 1102">
    <p class='ocr_par' dir='ltr' id='par_1_39' title="bbox 1850 1029 3327 1102">
     <span class='ocr_line' id='line_1_39' title="bbox 1850 1029 3327 1102; baseline 0 -18"><span class='ocrx_word' id='word_1_295' title='bbox 1850 1029 1960 1085; x_wconf 91' lang='lat' dir='ltr'><strong>illic</strong></span> <span class='ocrx_word' id='word_1_296' title='bbox 1990 1029 2144 1100; x_wconf 84' lang='lat' dir='ltr'><strong>prius</strong></span> <span class='ocrx_word' id='word_1_297' title='bbox 2174 1031 2440 1098; x_wconf 88' lang='lat' dir='ltr'><strong>exercuit,</strong></span> <span class='ocrx_word' id='word_1_298' title='bbox 2478 1040 2536 1087; x_wconf 93' lang='lat' dir='ltr'><strong>ut</strong></span> <span class='ocrx_word' id='word_1_299' title='bbox 2564 1039 2751 1102; x_wconf 89' lang='lat' dir='ltr'><strong>postea</strong></span> <span class='ocrx_word' id='word_1_300' title='bbox 2784 1046 2967 1102; x_wconf 86' lang='lat' dir='ltr'><strong>regem</strong></span> <span class='ocrx_word' id='word_1_301' title='bbox 2998 1033 3327 1102; x_wconf 90' lang='lat' dir='ltr'><strong>increparet.</strong></span> 
     </span>
    </p>
   </div>
   <div class='ocr_carea' id='block_1_40' title="bbox 1921 1124 3453 1195">
    <p class='ocr_par' dir='ltr' id='par_1_40' title="bbox 1921 1124 3453 1195">
     <span class='ocr_line' id='line_1_40' title="bbox 1921 1124 3453 1195; baseline 0.001 -17"><span class='ocrx_word' id='word_1_302' title='bbox 1921 1125 2010 1178; x_wconf 88' lang='lat'><strong>77.</strong></span> <span class='ocrx_word' id='word_1_303' title='bbox 2054 1125 2124 1180; x_wconf 87' lang='lat' dir='ltr'><strong>Et</strong></span> <span class='ocrx_word' id='word_1_304' title='bbox 2169 1127 2294 1195; x_wconf 90' lang='lat' dir='ltr'><strong>quia</strong></span> <span class='ocrx_word' id='word_1_305' title='bbox 2339 1124 2407 1181; x_wconf 91' lang='lat' dir='ltr'><strong>de</strong></span> <span class='ocrx_word' id='word_1_306' title='bbox 2451 1126 2624 1181; x_wconf 81' lang='lat' dir='ltr'><strong>sancti</strong></span> <span class='ocrx_word' id='word_1_307' title='bbox 2677 1124 2816 1181; x_wconf 84' lang='lat' dir='ltr'><strong>Eliae</strong></span> <span class='ocrx_word' id='word_1_308' title='bbox 2865 1126 3198 1182; x_wconf 88' lang='lat' dir='ltr'><strong>habitatione</strong></span> <span class='ocrx_word' id='word_1_309' title='bbox 3249 1125 3453 1181; x_wconf 88' lang='lat' dir='ltr'><strong>deserti</strong></span> 
     </span>
    </p>
   </div>
   <div class='ocr_carea' id='block_1_41' title="bbox 1851 1217 3455 1290">
    <p class='ocr_par' dir='ltr' id='par_1_41' title="bbox 1851 1217 3455 1290">
     <span class='ocr_line' id='line_1_41' title="bbox 1851 1217 3455 1290; baseline -0.001 -18"><span class='ocrx_word' id='word_1_310' title='bbox 1851 1218 2070 1272; x_wconf 89' lang='lat' dir='ltr'><strong>nomina</strong></span> <span class='ocrx_word' id='word_1_311' title='bbox 2115 1218 2358 1274; x_wconf 85' lang='lat' dir='ltr'><strong>locorum</strong></span> <span class='ocrx_word' id='word_1_312' title='bbox 2391 1234 2497 1272; x_wconf 91' lang='lat' dir='ltr'><strong>non</strong></span> <span class='ocrx_word' id='word_1_313' title='bbox 2527 1220 2700 1274; x_wconf 92' lang='lat' dir='ltr'><strong>otiosa</strong></span> <span class='ocrx_word' id='word_1_314' title='bbox 2732 1220 2888 1289; x_wconf 87' lang='lat' dir='ltr'><strong>quasi</strong></span> <span class='ocrx_word' id='word_1_315' title='bbox 2935 1217 3109 1273; x_wconf 85' lang='lat' dir='ltr'><strong>feriati</strong></span> <span class='ocrx_word' id='word_1_316' title='bbox 3153 1218 3455 1290; x_wconf 67' lang='lat' dir='ltr'><strong>praeterivi-</strong></span> 
     </span>
    </p>
   </div>
   <div class='ocr_carea' id='block_1_42' title="bbox 1853 1311 3456 1384">
    <p class='ocr_par' dir='ltr' id='par_1_42' title="bbox 1853 1311 3456 1384">
     <span class='ocr_line' id='line_1_42' title="bbox 1853 1311 3456 1384; baseline -0.002 -17"><span class='ocrx_word' id='word_1_317' title='bbox 1853 1329 1996 1378; x_wconf 88' lang='lat' dir='ltr'><strong>mus,</strong></span> <span class='ocrx_word' id='word_1_318' title='bbox 2029 1311 2160 1382; x_wconf 91' lang='lat' dir='ltr'><strong>quid</strong></span> <span class='ocrx_word' id='word_1_319' title='bbox 2205 1313 2518 1384; x_wconf 90' lang='lat' dir='ltr'><strong>significent</strong></span> <span class='ocrx_word' id='word_1_320' title='bbox 2569 1313 2923 1382; x_wconf 89' lang='lat' dir='ltr'><strong>repetendum</strong></span> <span class='ocrx_word' id='word_1_321' title='bbox 2974 1311 3210 1366; x_wconf 89' lang='lat' dir='ltr'><strong>videtur.</strong></span> <span class='ocrx_word' id='word_1_322' title='bbox 3259 1311 3456 1366; x_wconf 76' lang='lat' dir='ltr'><strong>Missus</strong></span> 
     </span>
    </p>
   </div>
   <div class='ocr_carea' id='block_1_43' title="bbox 1853 1404 3462 1471">
    <p class='ocr_par' dir='ltr' id='par_1_43' title="bbox 1853 1404 3462 1471">
     <span class='ocr_line' id='line_1_43' title="bbox 1853 1404 3462 1471; baseline -0.004 -7"><span class='ocrx_word' id='word_1_323' title='bbox 1853 1417 1939 1464; x_wconf 91' lang='lat' dir='ltr'><strong>est</strong></span> <span class='ocrx_word' id='word_1_324' title='bbox 1967 1407 2114 1463; x_wconf 88' lang='lat' dir='ltr'><strong>Elias</strong></span> <span class='ocrx_word' id='word_1_325' title='bbox 2163 1407 2228 1462; x_wconf 91' lang='lat' dir='ltr'><strong>ad</strong></span> <span class='ocrx_word' id='word_1_326' title='bbox 2277 1417 2576 1462; x_wconf 81' lang='lat' dir='ltr'><strong>torrentem</strong></span> <span class='ocrx_word' id='word_1_327' title='bbox 2620 1407 2883 1471; x_wconf 84' lang='lat' dir='ltr'><strong>Chorath,</strong></span> <span class='ocrx_word' id='word_1_328' title='bbox 2919 1407 2990 1463; x_wconf 88' lang='lat' dir='ltr'><strong>ibi</strong></span> <span class='ocrx_word' id='word_1_329' title='bbox 3018 1422 3144 1461; x_wconf 90' lang='lat' dir='ltr'><strong>eum</strong></span> <span class='ocrx_word' id='word_1_330' title='bbox 3175 1404 3322 1460; x_wconf 87' lang='lat' dir='ltr'><strong>corvi</strong></span> <span class='ocrx_word' id='word_1_331' title='bbox 3348 1404 3462 1458; x_wconf 83' lang='lat' dir='ltr'><strong>ale-</strong></span> 
     </span>
    </p>
   </div>
   <div class='ocr_carea' id='block_1_44' title="bbox 1855 1499 3453 1573">
    <p class='ocr_par' dir='ltr' id='par_1_44' title="bbox 1855 1499 3453 1573">
     <span class='ocr_line' id='line_1_44' title="bbox 1855 1499 3453 1573; baseline -0.004 -17"><span class='ocrx_word' id='word_1_332' title='bbox 1855 1500 2006 1567; x_wconf 89' lang='lat' dir='ltr'><strong>bant,</strong></span> <span class='ocrx_word' id='word_1_333' title='bbox 2032 1516 2190 1556; x_wconf 89' lang='lat' dir='ltr'><strong>mane</strong></span> <span class='ocrx_word' id='word_1_334' title='bbox 2218 1515 2411 1572; x_wconf 89' lang='lat' dir='ltr'><strong>panem</strong></span> <span class='ocrx_word' id='word_1_335' title='bbox 2457 1499 2782 1567; x_wconf 82' lang='lat' dir='ltr'><strong>aﬂ&#39;erehant,</strong></span> <span class='ocrx_word' id='word_1_336' title='bbox 2819 1499 3027 1573; x_wconf 60' lang='lat'><strong>1041</strong></span> <span class='ocrx_word' id='word_1_337' title='bbox 3058 1499 3124 1554; x_wconf 90' lang='lat' dir='ltr'><strong>ad</strong></span> <span class='ocrx_word' id='word_1_338' title='bbox 3168 1513 3453 1568; x_wconf 84' lang='lat' dir='ltr'><strong>vesperam</strong></span> 
     </span>
    </p>
   </div>
   <div class='ocr_carea' id='block_1_45' title="bbox 1855 1590 3459 1664">
    <p class='ocr_par' dir='ltr' id='par_1_45' title="bbox 1855 1590 3459 1664">
     <span class='ocr_line' id='line_1_45' title="bbox 1855 1590 3459 1664; baseline -0.004 -15"><span class='ocrx_word' id='word_1_339' title='bbox 1855 1607 2070 1650; x_wconf 87' lang='lat' dir='ltr'><strong>carnes.</strong></span> <span class='ocrx_word' id='word_1_340' title='bbox 2106 1593 2223 1649; x_wconf 87' lang='lat' dir='ltr'><strong>Non</strong></span> <span class='ocrx_word' id='word_1_341' title='bbox 2268 1594 2544 1648; x_wconf 91' lang='lat' dir='ltr'><strong>immerito</strong></span> <span class='ocrx_word' id='word_1_342' title='bbox 2576 1609 2734 1648; x_wconf 89' lang='lat' dir='ltr'><strong>mane</strong></span> <span class='ocrx_word' id='word_1_343' title='bbox 2767 1593 2922 1664; x_wconf 90' lang='lat' dir='ltr'><strong>panis</strong></span> <span class='ocrx_word' id='word_1_344' title='bbox 2945 1591 3304 1655; x_wconf 76' lang='lat' dir='ltr'><strong>offerebatur;</strong></span> <span class='ocrx_word' id='word_1_345' title='bbox 3335 1590 3459 1660; x_wconf 90' lang='lat' dir='ltr'><strong>quia</strong></span> 
     </span>
    </p>
   </div>
   <div class='ocr_carea' id='block_1_46' title="bbox 1857 1681 3457 1755">
    <p class='ocr_par' dir='ltr' id='par_1_46' title="bbox 1857 1681 3457 1755">
     <span class='ocr_line' id='line_1_46' title="bbox 1857 1681 3457 1755; baseline -0.007 -11"><span class='ocrx_word' id='word_1_346' title='bbox 1857 1687 2145 1744; x_wconf 86' lang='lat' dir='ltr'><strong>conﬁrmat</strong></span> <span class='ocrx_word' id='word_1_347' title='bbox 2189 1701 2286 1741; x_wconf 87' lang='lat' dir='ltr'><strong>cor</strong></span> <span class='ocrx_word' id='word_1_348' title='bbox 2327 1685 2562 1741; x_wconf 86' lang='lat' dir='ltr'><strong>hominis</strong></span> <span class='ocrx_word' id='word_1_349' title='bbox 2610 1684 2780 1754; x_wconf 82' lang='lat' dir='ltr'><strong>(Psal.</strong></span> <span class='ocrx_word' id='word_1_350' title='bbox 2825 1700 2936 1750; x_wconf 88' lang='lat' dir='ltr'><strong>cm,</strong></span> <span class='ocrx_word' id='word_1_351' title='bbox 2994 1685 3106 1755; x_wconf 82' lang='grc'><strong>15).</strong></span> <span class='ocrx_word' id='word_1_352' title='bbox 3155 1682 3273 1750; x_wconf 85' lang='lat' dir='ltr'><strong>Quo</strong></span> <span class='ocrx_word' id='word_1_353' title='bbox 3314 1681 3457 1736; x_wconf 88' lang='lat' dir='ltr'><strong>enim</strong></span> 
     </span>
    </p>
   </div>
   <div class='ocr_carea' id='block_1_47' title="bbox 1858 1775 3457 1850">
    <p class='ocr_par' dir='ltr' id='par_1_47' title="bbox 1858 1775 3457 1850">
     <span class='ocr_line' id='line_1_47' title="bbox 1858 1775 3457 1850; baseline -0.006 -15"><span class='ocrx_word' id='word_1_354' title='bbox 1858 1780 1981 1835; x_wconf 91' lang='lat' dir='ltr'><strong>cibo</strong></span> <span class='ocrx_word' id='word_1_355' title='bbox 2027 1779 2128 1834; x_wconf 82' lang='lat' dir='ltr'><strong>nisi</strong></span> <span class='ocrx_word' id='word_1_356' title='bbox 2173 1780 2405 1850; x_wconf 80' lang='lat' dir='ltr'><strong>mystico</strong></span> <span class='ocrx_word' id='word_1_357' title='bbox 2432 1779 2674 1834; x_wconf 88' lang='lat' dir='ltr'><strong>aleretur</strong></span> <span class='ocrx_word' id='word_1_358' title='bbox 2707 1776 3014 1848; x_wconf 89' lang='lat' dir='ltr'><strong>propheta?</strong></span> <span class='ocrx_word' id='word_1_359' title='bbox 3043 1775 3126 1830; x_wconf 86' lang='lat' dir='ltr'><strong>Ad</strong></span> <span class='ocrx_word' id='word_1_360' title='bbox 3169 1787 3457 1842; x_wconf 86' lang='lat' dir='ltr'><strong>vesperam</strong></span> 
     </span>
    </p>
   </div>
   <div class='ocr_carea' id='block_1_48' title="bbox 1783 1864 3463 1941">
    <p class='ocr_par' dir='ltr' id='par_1_48' title="bbox 1783 1864 3463 1941">
     <span class='ocr_line' id='line_1_48' title="bbox 1783 1864 3463 1941; baseline -0.007 -10"><span class='ocrx_word' id='word_1_361' title='bbox 1783 1871 1827 1931; x_wconf 84' lang='grc' dir='ltr'><strong>Β</strong></span> <span class='ocrx_word' id='word_1_362' title='bbox 1855 1885 1985 1927; x_wconf 89' lang='lat' dir='ltr'><strong>caro</strong></span> <span class='ocrx_word' id='word_1_363' title='bbox 2018 1869 2452 1926; x_wconf 88' lang='lat' dir='ltr'><strong>ministrabatur.</strong></span> <span class='ocrx_word' id='word_1_364' title='bbox 2487 1869 2734 1941; x_wconf 91' lang='lat' dir='ltr'><strong>lntellige</strong></span> <span class='ocrx_word' id='word_1_365' title='bbox 2763 1885 2882 1941; x_wconf 76' lang='lat' dir='ltr'><strong>qua:</strong></span> <span class='ocrx_word' id='word_1_366' title='bbox 2924 1869 3084 1940; x_wconf 87' lang='lat' dir='ltr'><strong>legis,</strong></span> <span class='ocrx_word' id='word_1_367' title='bbox 3115 1868 3240 1938; x_wconf 87' lang='lat' dir='ltr'><strong>quia</strong></span> <span class='ocrx_word' id='word_1_368' title='bbox 3263 1864 3289 1903; x_wconf 75' lang='grc' dir='ltr'><em>ἀ</em></span> <span class='ocrx_word' id='word_1_369' title='bbox 3318 1866 3463 1922; x_wconf 88' lang='lat' dir='ltr'><strong>Cho-</strong></span> 
     </span>
    </p>
   </div>
   <div class='ocr_carea' id='block_1_49' title="bbox 1860 1959 3467 2030">
    <p class='ocr_par' dir='ltr' id='par_1_49' title="bbox 1860 1959 3467 2030">
     <span class='ocr_line' id='line_1_49' title="bbox 1860 1959 3467 2030; baseline -0.004 -10"><span class='ocrx_word' id='word_1_370' title='bbox 1860 1964 1982 2020; x_wconf 88' lang='lat' dir='ltr'><strong>rath</strong></span> <span class='ocrx_word' id='word_1_371' title='bbox 2011 1964 2318 2020; x_wconf 89' lang='lat' dir='ltr'><strong>intellectus</strong></span> <span class='ocrx_word' id='word_1_372' title='bbox 2347 1974 2464 2029; x_wconf 88' lang='lat' dir='ltr'><strong>est;</strong></span> <span class='ocrx_word' id='word_1_373' title='bbox 2494 1961 2712 2018; x_wconf 89' lang='lat' dir='ltr'><strong>Cborch</strong></span> <span class='ocrx_word' id='word_1_374' title='bbox 2743 1977 2904 2016; x_wconf 91' lang='lat' dir='ltr'><strong>omne</strong></span> <span class='ocrx_word' id='word_1_375' title='bbox 2930 1976 3049 2028; x_wconf 92' lang='lat' dir='ltr'><strong>cor,</strong></span> <span class='ocrx_word' id='word_1_376' title='bbox 3081 1961 3162 2015; x_wconf 84' lang='lat' dir='ltr'><strong>vel</strong></span> <span class='ocrx_word' id='word_1_377' title='bbox 3188 1959 3341 2030; x_wconf 91' lang='lat' dir='ltr'><strong>quasi</strong></span> <span class='ocrx_word' id='word_1_378' title='bbox 3371 1973 3467 2014; x_wconf 93' lang='lat' dir='ltr'><strong>cor</strong></span> 
     </span>
    </p>
   </div>
   <div class='ocr_carea' id='block_1_50' title="bbox 1861 2051 3465 2124">
    <p class='ocr_par' dir='ltr' id='par_1_50' title="bbox 1861 2051 3465 2124">
     <span class='ocr_line' id='line_1_50' title="bbox 1861 2051 3465 2124; baseline -0.004 -13"><span class='ocrx_word' id='word_1_379' title='bbox 1861 2056 2083 2122; x_wconf 91' lang='lat' dir='ltr'><strong>dicitur,</strong></span> <span class='ocrx_word' id='word_1_380' title='bbox 2118 2055 2387 2111; x_wconf 88' lang='lat' dir='ltr'><strong>Bersabee</strong></span> <span class='ocrx_word' id='word_1_381' title='bbox 2425 2069 2641 2124; x_wconf 88' lang='lat' dir='ltr'><strong>quoque</strong></span> <span class='ocrx_word' id='word_1_382' title='bbox 2683 2062 2876 2124; x_wconf 90' lang='lat' dir='ltr'><strong>puteus</strong></span> <span class='ocrx_word' id='word_1_383' title='bbox 2913 2051 3152 2122; x_wconf 91' lang='lat' dir='ltr'><strong>septimi,</strong></span> <span class='ocrx_word' id='word_1_384' title='bbox 3187 2061 3278 2104; x_wconf 90' lang='lat' dir='ltr'><strong>aut</strong></span> <span class='ocrx_word' id='word_1_385' title='bbox 3315 2053 3465 2120; x_wconf 87' lang='lat' dir='ltr'><strong>jura-</strong></span> 
     </span>
    </p>
   </div>
   <div class='ocr_carea' id='block_1_51' title="bbox 1863 2138 2802 2217">
    <p class='ocr_par' dir='ltr' id='par_1_51' title="bbox 1863 2138 2802 2217">
     <span class='ocr_line' id='line_1_51' title="bbox 1863 2138 2802 2217; baseline -0.003 -14"><span class='ocrx_word' id='word_1_386' title='bbox 1863 2148 2031 2204; x_wconf 92' lang='lat' dir='ltr'><strong>menti</strong></span> <span class='ocrx_word' id='word_1_387' title='bbox 2063 2149 2247 2202; x_wconf 88' lang='lat' dir='ltr'><strong>Latina</strong></span> <span class='ocrx_word' id='word_1_388' title='bbox 2283 2148 2656 2217; x_wconf 90' lang='lat' dir='ltr'><strong>interpretatio</strong></span> <span class='ocrx_word' id='word_1_389' title='bbox 2683 2138 2802 2201; x_wconf 75' lang='lat' dir='ltr'><strong>est.</strong></span> 
     </span>
    </p>
   </div>
   <div class='ocr_carea' id='block_1_52' title="bbox 1933 2235 3463 2298">
    <p class='ocr_par' dir='ltr' id='par_1_52' title="bbox 1933 2235 3463 2298">
     <span class='ocr_line' id='line_1_52' title="bbox 1933 2235 3463 2298; baseline -0.002 -1"><span class='ocrx_word' id='word_1_390' title='bbox 1933 2243 2022 2298; x_wconf 87' lang='grc'><strong>78.</strong></span> <span class='ocrx_word' id='word_1_391' title='bbox 2066 2243 2305 2298; x_wconf 86' lang='lat' dir='ltr'><strong>Primum</strong></span> <span class='ocrx_word' id='word_1_392' title='bbox 2331 2243 2476 2298; x_wconf 84' lang='lat' dir='ltr'><strong>Elias</strong></span> <span class='ocrx_word' id='word_1_393' title='bbox 2503 2243 2555 2297; x_wconf 92' lang='lat' dir='ltr'><strong>in</strong></span> <span class='ocrx_word' id='word_1_394' title='bbox 2580 2235 2850 2298; x_wconf 86' lang='lat' dir='ltr'><strong>Bersabee</strong></span> <span class='ocrx_word' id='word_1_395' title='bbox 2873 2242 3148 2298; x_wconf 89' lang='lat' dir='ltr'><strong>concessit</strong></span> <span class='ocrx_word' id='word_1_396' title='bbox 3171 2241 3236 2297; x_wconf 92' lang='lat' dir='ltr'><strong>ad</strong></span> <span class='ocrx_word' id='word_1_397' title='bbox 3263 2249 3463 2297; x_wconf 69' lang='lat' dir='ltr'><strong>sanctm</strong></span> 
     </span>
    </p>
   </div>
   <div class='ocr_carea' id='block_1_53' title="bbox 1867 2337 3466 2408">
    <p class='ocr_par' dir='ltr' id='par_1_53' title="bbox 1867 2337 3466 2408">
     <span class='ocr_line' id='line_1_53' title="bbox 1867 2337 3466 2408; baseline -0.001 -18"><span class='ocrx_word' id='word_1_398' title='bbox 1867 2337 1998 2403; x_wconf 83' lang='lat' dir='ltr'><strong>legis</strong></span> <span class='ocrx_word' id='word_1_399' title='bbox 2044 2339 2326 2408; x_wconf 75' lang='lat' dir='ltr'><strong>mysteria,</strong></span> <span class='ocrx_word' id='word_1_400' title='bbox 2359 2337 2638 2406; x_wconf 80' lang='lat' dir='ltr'><strong>divinique</strong></span> <span class='ocrx_word' id='word_1_401' title='bbox 2679 2337 2818 2406; x_wconf 87' lang='lat' dir='ltr'><strong>juris</strong></span> <span class='ocrx_word' id='word_1_402' title='bbox 2859 2348 3202 2391; x_wconf 87' lang='lat' dir='ltr'><strong>sacramenta</strong></span> <span class='ocrx_word' id='word_1_403' title='bbox 3232 2352 3245 2388; x_wconf 94' lang='lat'><strong>:</strong></span> <span class='ocrx_word' id='word_1_404' title='bbox 3279 2345 3466 2406; x_wconf 77' lang='lat' dir='ltr'><strong>postea</strong></span> 
     </span>
    </p>
   </div>
   <div class='ocr_carea' id='block_1_54' title="bbox 1863 2429 3466 2500">
    <p class='ocr_par' dir='ltr' id='par_1_54' title="bbox 1863 2429 3466 2500">
     <span class='ocr_line' id='line_1_54' title="bbox 1863 2429 3466 2500; baseline 0 -18"><span class='ocrx_word' id='word_1_405' title='bbox 1863 2429 1929 2483; x_wconf 91' lang='lat' dir='ltr'><strong>ad</strong></span> <span class='ocrx_word' id='word_1_406' title='bbox 1965 2440 2262 2484; x_wconf 88' lang='lat' dir='ltr'><strong>torrentem</strong></span> <span class='ocrx_word' id='word_1_407' title='bbox 2311 2430 2562 2492; x_wconf 89' lang='lat' dir='ltr'><strong>mittitur,</strong></span> <span class='ocrx_word' id='word_1_408' title='bbox 2597 2429 2663 2484; x_wconf 89' lang='lat' dir='ltr'><strong>ad</strong></span> <span class='ocrx_word' id='word_1_409' title='bbox 2693 2430 2843 2483; x_wconf 91' lang='lat' dir='ltr'><strong>illum</strong></span> <span class='ocrx_word' id='word_1_410' title='bbox 2887 2429 3128 2484; x_wconf 92' lang='lat' dir='ltr'><strong>fluminis</strong></span> <span class='ocrx_word' id='word_1_411' title='bbox 3179 2430 3466 2500; x_wconf 89' lang='lat' dir='ltr'><strong>impetum,</strong></span> 
     </span>
    </p>
   </div>
   <div class='ocr_carea' id='block_1_55' title="bbox 1862 2519 3472 2591">
    <p class='ocr_par' dir='ltr' id='par_1_55' title="bbox 1862 2519 3472 2591">
     <span class='ocr_line' id='line_1_55' title="bbox 1862 2519 3472 2591; baseline -0.002 -16"><span class='ocrx_word' id='word_1_412' title='bbox 1862 2522 1952 2591; x_wconf 92' lang='lat' dir='ltr'><strong>qui</strong></span> <span class='ocrx_word' id='word_1_413' title='bbox 1983 2521 2222 2576; x_wconf 73' lang='lat' dir='ltr'><strong>laetificat</strong></span> <span class='ocrx_word' id='word_1_414' title='bbox 2248 2521 2524 2576; x_wconf 87' lang='lat' dir='ltr'><strong>civitatem</strong></span> <span class='ocrx_word' id='word_1_415' title='bbox 2558 2521 2653 2576; x_wconf 89' lang='lat' dir='ltr'><strong>Dei</strong></span> <span class='ocrx_word' id='word_1_416' title='bbox 2689 2519 2860 2591; x_wconf 87' lang='lat' dir='ltr'><strong>(Psal.</strong></span> <span class='ocrx_word' id='word_1_417' title='bbox 2892 2536 3020 2586; x_wconf 74' lang='grc' dir='ltr'><strong>ην,</strong></span> <span class='ocrx_word' id='word_1_418' title='bbox 3049 2520 3129 2591; x_wconf 87' lang='grc'><strong>5).</strong></span> <span class='ocrx_word' id='word_1_419' title='bbox 3169 2520 3472 2591; x_wconf 84' lang='lat' dir='ltr'><strong>Utrumque</strong></span> 
     </span>
    </p>
   </div>
   <div class='ocr_carea' id='block_1_56' title="bbox 1863 2613 3468 2683">
    <p class='ocr_par' dir='ltr' id='par_1_56' title="bbox 1863 2613 3468 2683">
     <span class='ocr_line' id='line_1_56' title="bbox 1863 2613 3468 2683; baseline -0.001 -14"><span class='ocrx_word' id='word_1_420' title='bbox 1863 2613 2101 2669; x_wconf 84' lang='lat' dir='ltr'><strong>atlvertis</strong></span> <span class='ocrx_word' id='word_1_421' title='bbox 2146 2613 2304 2669; x_wconf 79' lang='lat' dir='ltr'><strong>tznius</strong></span> <span class='ocrx_word' id='word_1_422' title='bbox 2340 2615 2580 2668; x_wconf 78' lang='lat' dir='ltr'><strong>auctoris</strong></span> <span class='ocrx_word' id='word_1_423' title='bbox 2611 2613 3020 2669; x_wconf 80' lang='lat' dir='ltr'><strong>Testamentum</strong></span> <span class='ocrx_word' id='word_1_424' title='bbox 3049 2633 3060 2668; x_wconf 96' lang='lat'><strong>:</strong></span> <span class='ocrx_word' id='word_1_425' title='bbox 3091 2625 3246 2670; x_wconf 87' lang='lat' dir='ltr'><strong>vetus</strong></span> <span class='ocrx_word' id='word_1_426' title='bbox 3281 2615 3468 2683; x_wconf 79' lang='lat' dir='ltr'><strong>Scrip-</strong></span> 
     </span>
    </p>
   </div>
   <div class='ocr_carea' id='block_1_57' title="bbox 1866 2706 3473 2778">
    <p class='ocr_par' dir='ltr' id='par_1_57' title="bbox 1866 2706 3473 2778">
     <span class='ocr_line' id='line_1_57' title="bbox 1866 2706 3473 2778; baseline -0.001 -16"><span class='ocrx_word' id='word_1_427' title='bbox 1866 2716 1984 2762; x_wconf 86' lang='lat' dir='ltr'><strong>tura</strong></span> <span class='ocrx_word' id='word_1_428' title='bbox 2032 2708 2187 2778; x_wconf 89' lang='lat' dir='ltr'><strong>quasi</strong></span> <span class='ocrx_word' id='word_1_429' title='bbox 2235 2716 2430 2777; x_wconf 90' lang='lat' dir='ltr'><strong>puteus</strong></span> <span class='ocrx_word' id='word_1_430' title='bbox 2478 2707 2740 2778; x_wconf 80' lang='lat' dir='ltr'><strong>profunda</strong></span> <span class='ocrx_word' id='word_1_431' title='bbox 2782 2717 2945 2778; x_wconf 89' lang='lat' dir='ltr'><strong>atque</strong></span> <span class='ocrx_word' id='word_1_432' title='bbox 2987 2706 3294 2772; x_wconf 87' lang='lat' dir='ltr'><strong>obscurior,</strong></span> <span class='ocrx_word' id='word_1_433' title='bbox 3328 2706 3473 2761; x_wconf 87' lang='lat' dir='ltr'><strong>unde</strong></span> 
     </span>
    </p>
   </div>
   <div class='ocr_carea' id='block_1_58' title="bbox 1865 2799 3471 2870">
    <p class='ocr_par' dir='ltr' id='par_1_58' title="bbox 1865 2799 3471 2870">
     <span class='ocr_line' id='line_1_58' title="bbox 1865 2799 3471 2870; baseline -0.002 -16"><span class='ocrx_word' id='word_1_434' title='bbox 1865 2814 1986 2854; x_wconf 90' lang='lat' dir='ltr'><strong>cum</strong></span> <span class='ocrx_word' id='word_1_435' title='bbox 2022 2799 2206 2855; x_wconf 91' lang='lat' dir='ltr'><strong>labore</strong></span> <span class='ocrx_word' id='word_1_436' title='bbox 2237 2801 2454 2855; x_wconf 88' lang='lat' dir='ltr'><strong>haurias</strong></span> <span class='ocrx_word' id='word_1_437' title='bbox 2481 2818 2494 2854; x_wconf 96' lang='lat'><strong>:</strong></span> <span class='ocrx_word' id='word_1_438' title='bbox 2527 2815 2634 2854; x_wconf 91' lang='lat' dir='ltr'><strong>non</strong></span> <span class='ocrx_word' id='word_1_439' title='bbox 2667 2800 2860 2868; x_wconf 86' lang='lat' dir='ltr'><strong>plena;</strong></span> <span class='ocrx_word' id='word_1_440' title='bbox 2893 2800 3017 2870; x_wconf 90' lang='lat' dir='ltr'><strong>quia</strong></span> <span class='ocrx_word' id='word_1_441' title='bbox 3043 2799 3219 2854; x_wconf 91' lang='lat' dir='ltr'><strong>adhuc</strong></span> <span class='ocrx_word' id='word_1_442' title='bbox 3247 2799 3337 2869; x_wconf 91' lang='lat' dir='ltr'><strong>qui</strong></span> <span class='ocrx_word' id='word_1_443' title='bbox 3373 2801 3471 2852; x_wconf 86' lang='lat' dir='ltr'><strong>itu-</strong></span> 
     </span>
    </p>
   </div>
   <div class='ocr_carea' id='block_1_59' title="bbox 1868 2890 3470 2964">
    <p class='ocr_par' dir='ltr' id='par_1_59' title="bbox 1868 2890 3470 2964">
     <span class='ocr_line' id='line_1_59' title="bbox 1868 2890 3470 2964; baseline -0.002 -16"><span class='ocrx_word' id='word_1_444' title='bbox 1868 2895 2043 2964; x_wconf 90' lang='lat' dir='ltr'><strong>pleret</strong></span> <span class='ocrx_word' id='word_1_445' title='bbox 2081 2909 2222 2960; x_wconf 90' lang='lat' dir='ltr'><strong>eam,</strong></span> <span class='ocrx_word' id='word_1_446' title='bbox 2258 2909 2364 2948; x_wconf 94' lang='lat' dir='ltr'><strong>non</strong></span> <span class='ocrx_word' id='word_1_447' title='bbox 2400 2902 2643 2948; x_wconf 86' lang='lat' dir='ltr'><strong>venerat.</strong></span> <span class='ocrx_word' id='word_1_448' title='bbox 2692 2893 2930 2962; x_wconf 78' lang='lat' dir='ltr'><strong>Denique</strong></span> <span class='ocrx_word' id='word_1_449' title='bbox 2971 2902 3159 2962; x_wconf 86' lang='lat' dir='ltr'><strong>postea</strong></span> <span class='ocrx_word' id='word_1_450' title='bbox 3198 2893 3312 2945; x_wconf 90' lang='lat' dir='ltr'><strong>ait:</strong></span> <span class='ocrx_word' id='word_1_451' title='bbox 3349 2890 3470 2945; x_wconf 83' lang='lat' dir='ltr'><strong>Non</strong></span> 
     </span>
    </p>
   </div>
   <div class='ocr_carea' id='block_1_60' title="bbox 1867 2983 3472 3059">
    <p class='ocr_par' dir='ltr' id='par_1_60' title="bbox 1867 2983 3472 3059">
     <span class='ocr_line' id='line_1_60' title="bbox 1867 2983 3472 3059; baseline -0.004 -17"><span class='ocrx_word' id='word_1_452' title='bbox 1867 2990 1978 3042; x_wconf 89' lang='lat' dir='ltr'><strong>veni</strong></span> <span class='ocrx_word' id='word_1_453' title='bbox 2019 2987 2204 3058; x_wconf 80' lang='lat' dir='ltr'><strong>Legem</strong></span> <span class='ocrx_word' id='word_1_454' title='bbox 2234 2989 2450 3053; x_wconf 82' lang='lat' dir='ltr'><strong>solvere,</strong></span> <span class='ocrx_word' id='word_1_455' title='bbox 2478 2991 2568 3042; x_wconf 83' lang='lat' dir='ltr'><strong>sed</strong></span> <span class='ocrx_word' id='word_1_456' title='bbox 2600 2988 2811 3059; x_wconf 82' lang='lat' dir='ltr'><strong>implere</strong></span> <span class='ocrx_word' id='word_1_457' title='bbox 2838 2985 3062 3058; x_wconf 84' lang='lat' dir='ltr'><strong>(Matth.</strong></span> <span class='ocrx_word' id='word_1_458' title='bbox 3107 3002 3162 3050; x_wconf 91' lang='lat' dir='ltr'><strong>v,</strong></span> <span class='ocrx_word' id='word_1_459' title='bbox 3198 2985 3310 3054; x_wconf 83' lang='grc'>17).</span> <span class='ocrx_word' id='word_1_460' title='bbox 3345 2983 3472 3038; x_wconf 89' lang='lat' dir='ltr'><strong>Ideo</strong></span> 
     </span>
    </p>
   </div>
   <div class='ocr_carea' id='block_1_61' title="bbox 1868 3075 3470 3148">
    <p class='ocr_par' dir='ltr' id='par_1_61' title="bbox 1868 3075 3470 3148">
     <span class='ocr_line' id='line_1_61' title="bbox 1868 3075 3470 3148; baseline -0.002 -14"><span class='ocrx_word' id='word_1_461' title='bbox 1868 3079 1934 3134; x_wconf 91' lang='lat' dir='ltr'><strong>ad</strong></span> <span class='ocrx_word' id='word_1_462' title='bbox 1959 3080 2179 3135; x_wconf 88' lang='lat' dir='ltr'><strong>fluvium</strong></span> <span class='ocrx_word' id='word_1_463' title='bbox 2203 3079 2438 3134; x_wconf 86' lang='lat' dir='ltr'><strong>transire</strong></span> <span class='ocrx_word' id='word_1_464' title='bbox 2456 3089 2718 3133; x_wconf 90' lang='lat' dir='ltr'><strong>sauctusa</strong></span> <span class='ocrx_word' id='word_1_465' title='bbox 2741 3077 3207 3147; x_wconf 88' lang='lat' dir='ltr'><strong>Dominojubetur</strong></span> <span class='ocrx_word' id='word_1_466' title='bbox 3226 3075 3317 3148; x_wconf 95' lang='grc' dir='ltr'><strong>(ΙΙΙ</strong></span> <span class='ocrx_word' id='word_1_467' title='bbox 3341 3075 3470 3147; x_wconf 85' lang='lat' dir='ltr'><strong>Reg.</strong></span> 
     </span>
    </p>
   </div>
   <div class='ocr_carea' id='block_1_62' title="bbox 1871 3169 3471 3245">
    <p class='ocr_par' dir='ltr' id='par_1_62' title="bbox 1871 3169 3471 3245">
     <span class='ocr_line' id='line_1_62' title="bbox 1871 3169 3471 3245; baseline -0.003 -16"><span class='ocrx_word' id='word_1_468' title='bbox 1871 3190 2006 3241; x_wconf 88' lang='lat' dir='ltr'><strong>xvn,</strong></span> <span class='ocrx_word' id='word_1_469' title='bbox 2039 3173 2128 3245; x_wconf 76' lang='lat'><strong>3);</strong></span> <span class='ocrx_word' id='word_1_470' title='bbox 2171 3172 2426 3244; x_wconf 85' lang='lat' dir='ltr'><strong>quaniam</strong></span> <span class='ocrx_word' id='word_1_471' title='bbox 2459 3174 2551 3244; x_wconf 91' lang='lat' dir='ltr'><strong>qui</strong></span> <span class='ocrx_word' id='word_1_472' title='bbox 2583 3173 2650 3228; x_wconf 94' lang='lat' dir='ltr'><strong>de</strong></span> <span class='ocrx_word' id='word_1_473' title='bbox 2688 3188 2827 3227; x_wconf 92' lang='lat' dir='ltr'><strong>novo</strong></span> <span class='ocrx_word' id='word_1_474' title='bbox 2869 3171 3220 3226; x_wconf 86' lang='lat' dir='ltr'><strong>Testamento</strong></span> <span class='ocrx_word' id='word_1_475' title='bbox 3250 3169 3471 3236; x_wconf 90' lang='lat' dir='ltr'><strong>biberit,</strong></span> 
     </span>
    </p>
   </div>
   <div class='ocr_carea' id='block_1_63' title="bbox 159 3260 3476 3336">
    <p class='ocr_par' dir='ltr' id='par_1_63' title="bbox 159 3260 3476 3336">
     <span class='ocr_line' id='line_1_63' title="bbox 159 3260 3476 3336; baseline 0 -19"><span class='ocrx_word' id='word_1_476' title='bbox 159 3279 356 3329; x_wconf 87' lang='lat' dir='ltr'><strong>meum,</strong></span> <span class='ocrx_word' id='word_1_477' title='bbox 397 3275 447 3318; x_wconf 86' lang='lat' dir='ltr'><strong>et</strong></span> <span class='ocrx_word' id='word_1_478' title='bbox 490 3266 827 3320; x_wconf 78' lang='lat' dir='ltr'><strong>ministerium</strong></span> <span class='ocrx_word' id='word_1_479' title='bbox 872 3267 1039 3329; x_wconf 82' lang='lat' dir='ltr'><strong>verbi,</strong></span> <span class='ocrx_word' id='word_1_480' title='bbox 1075 3265 1216 3336; x_wconf 83' lang='lat' dir='ltr'><strong>quod</strong></span> <span class='ocrx_word' id='word_1_481' title='bbox 1254 3265 1426 3334; x_wconf 87' lang='lat' dir='ltr'><strong>accepi</strong></span> <span class='ocrx_word' id='word_1_482' title='bbox 1465 3281 1495 3317; x_wconf 84' lang='grc' dir='ltr'><strong>α</strong></span> <span class='ocrx_word' id='word_1_483' title='bbox 1538 3262 1762 3317; x_wconf 90' lang='lat' dir='ltr'><strong>Domino</strong></span> <span class='ocrx_word' id='word_1_484' title='bbox 1791 3260 1835 3321; x_wconf 85' lang='lat' dir='ltr'><strong>C</strong></span> <span class='ocrx_word' id='word_1_485' title='bbox 1869 3283 1977 3322; x_wconf 90' lang='lat' dir='ltr'><strong>non</strong></span> <span class='ocrx_word' id='word_1_486' title='bbox 2006 3268 2183 3322; x_wconf 89' lang='lat' dir='ltr'><strong>solum</strong></span> <span class='ocrx_word' id='word_1_487' title='bbox 2216 3266 2417 3322; x_wconf 89' lang='lat' dir='ltr'><strong>flumen</strong></span> <span class='ocrx_word' id='word_1_488' title='bbox 2458 3276 2574 3334; x_wconf 90' lang='lat' dir='ltr'><strong>est,</strong></span> <span class='ocrx_word' id='word_1_489' title='bbox 2605 3267 2700 3321; x_wconf 83' lang='lat' dir='ltr'><strong>sed</strong></span> <span class='ocrx_word' id='word_1_490' title='bbox 2728 3267 2891 3321; x_wconf 90' lang='lat' dir='ltr'><strong>etiam</strong></span> <span class='ocrx_word' id='word_1_491' title='bbox 2924 3265 3146 3319; x_wconf 87' lang='lat' dir='ltr'><strong>flmnina</strong></span> <span class='ocrx_word' id='word_1_492' title='bbox 3175 3267 3244 3318; x_wconf 86' lang='lat' dir='ltr'><strong>de</strong></span> <span class='ocrx_word' id='word_1_493' title='bbox 3283 3272 3476 3318; x_wconf 83' lang='lat' dir='ltr'><strong>ventre</strong></span> 
     </span>
    </p>
   </div>
   <div class='ocr_carea' id='block_1_64' title="bbox 155 3357 1766 3431">
    <p class='ocr_par' dir='ltr' id='par_1_64' title="bbox 155 3357 1766 3431">
     <span class='ocr_line' id='line_1_64' title="bbox 155 3357 1766 3431; baseline 0 -21"><span class='ocrx_word' id='word_1_494' title='bbox 155 3357 291 3412; x_wconf 77' lang='lat' dir='ltr'><strong>Jesu</strong></span> <span class='ocrx_word' id='word_1_495' title='bbox 321 3358 461 3429; x_wconf 81' lang='lat' dir='ltr'><strong>(Act.</strong></span> <span class='ocrx_word' id='word_1_496' title='bbox 500 3375 597 3422; x_wconf 88' lang='lat' dir='ltr'><strong>xx,</strong></span> <span class='ocrx_word' id='word_1_497' title='bbox 629 3358 701 3412; x_wconf 71' lang='grc'><strong>24</strong></span> <span class='ocrx_word' id='word_1_498' title='bbox 731 3371 776 3413; x_wconf 86' lang='lat' dir='ltr'><strong>et</strong></span> <span class='ocrx_word' id='word_1_499' title='bbox 813 3358 969 3431; x_wconf 85' lang='lat' dir='ltr'><strong>seq.).</strong></span> <span class='ocrx_word' id='word_1_500' title='bbox 1006 3359 1250 3430; x_wconf 82' lang='lat' dir='ltr'><strong>Denique</strong></span> <span class='ocrx_word' id='word_1_501' title='bbox 1289 3357 1766 3413; x_wconf 86' lang='lat' dir='ltr'><strong>circumstantibus</strong></span> 
     </span>
    </p>
   </div>
   <div class='ocr_carea' id='block_1_65' title="bbox 158 3451 1770 3523">
    <p class='ocr_par' dir='ltr' id='par_1_65' title="bbox 158 3451 1770 3523">
     <span class='ocr_line' id='line_1_65' title="bbox 158 3451 1770 3523; baseline 0.001 -18"><span class='ocrx_word' id='word_1_502' title='bbox 158 3451 439 3521; x_wconf 86' lang='lat' dir='ltr'><strong>plurimis,</strong></span> <span class='ocrx_word' id='word_1_503' title='bbox 475 3453 813 3523; x_wconf 86' lang='lat' dir='ltr'><strong>plorantibus</strong></span> <span class='ocrx_word' id='word_1_504' title='bbox 845 3464 901 3508; x_wconf 91' lang='lat' dir='ltr'><strong>et</strong></span> <span class='ocrx_word' id='word_1_505' title='bbox 927 3455 1360 3522; x_wconf 88' lang='lat' dir='ltr'><strong>obsecrantibus,</strong></span> <span class='ocrx_word' id='word_1_506' title='bbox 1402 3468 1509 3508; x_wconf 90' lang='lat' dir='ltr'><strong>non</strong></span> <span class='ocrx_word' id='word_1_507' title='bbox 1557 3451 1770 3508; x_wconf 88' lang='lat' dir='ltr'><strong>reflexit</strong></span> 
     </span>
    </p>
   </div>
   <div class='ocr_carea' id='block_1_66' title="bbox 159 3547 1657 3619">
    <p class='ocr_par' dir='ltr' id='par_1_66' title="bbox 159 3547 1657 3619">
     <span class='ocr_line' id='line_1_66' title="bbox 159 3547 1657 3619; baseline -0.001 -18"><span class='ocrx_word' id='word_1_508' title='bbox 159 3547 406 3602; x_wconf 89' lang='lat' dir='ltr'><strong>animum</strong></span> <span class='ocrx_word' id='word_1_509' title='bbox 436 3565 448 3602; x_wconf 94' lang='lat'><strong>:</strong></span> <span class='ocrx_word' id='word_1_510' title='bbox 485 3548 556 3602; x_wconf 92' lang='lat' dir='ltr'><strong>ita</strong></span> <span class='ocrx_word' id='word_1_511' title='bbox 589 3547 722 3603; x_wconf 90' lang='lat' dir='ltr'><strong>fides</strong></span> <span class='ocrx_word' id='word_1_512' title='bbox 755 3559 1001 3619; x_wconf 90' lang='lat' dir='ltr'><strong>prompta</strong></span> <span class='ocrx_word' id='word_1_513' title='bbox 1029 3549 1163 3603; x_wconf 88' lang='lat' dir='ltr'><strong>dura</strong></span> <span class='ocrx_word' id='word_1_514' title='bbox 1196 3549 1277 3603; x_wconf 92' lang='lat' dir='ltr'><strong>sui</strong></span> <span class='ocrx_word' id='word_1_515' title='bbox 1316 3562 1510 3604; x_wconf 91' lang='lat' dir='ltr'><strong>censor</strong></span> <span class='ocrx_word' id='word_1_516' title='bbox 1539 3547 1657 3603; x_wconf 88' lang='lat' dir='ltr'><strong>est!</strong></span> 
     </span>
    </p>
   </div>
   <div class='ocr_carea' id='block_1_67' title="bbox 241 3640 1765 3714">
    <p class='ocr_par' dir='ltr' id='par_1_67' title="bbox 241 3640 1765 3714">
     <span class='ocr_line' id='line_1_67' title="bbox 241 3640 1765 3714; baseline 0 -18"><span class='ocrx_word' id='word_1_517' title='bbox 241 3640 334 3696; x_wconf 78' lang='grc'>74.</span> <span class='ocrx_word' id='word_1_518' title='bbox 379 3641 504 3698; x_wconf 84' lang='lat' dir='ltr'><strong>llaec</strong></span> <span class='ocrx_word' id='word_1_519' title='bbox 531 3657 663 3714; x_wconf 90' lang='lat' dir='ltr'><strong>ergo</strong></span> <span class='ocrx_word' id='word_1_520' title='bbox 687 3643 934 3709; x_wconf 90' lang='lat' dir='ltr'><strong>dimicat,</strong></span> <span class='ocrx_word' id='word_1_521' title='bbox 963 3643 1048 3698; x_wconf 91' lang='lat' dir='ltr'><strong>illa</strong></span> <span class='ocrx_word' id='word_1_522' title='bbox 1078 3657 1138 3698; x_wconf 90' lang='lat' dir='ltr'><strong>se</strong></span> <span class='ocrx_word' id='word_1_523' title='bbox 1181 3652 1462 3698; x_wconf 88' lang='lat' dir='ltr'><strong>removet:</strong></span> <span class='ocrx_word' id='word_1_524' title='bbox 1497 3643 1613 3698; x_wconf 61' lang='lat' dir='ltr'><strong>haec</strong></span> <span class='ocrx_word' id='word_1_525' title='bbox 1643 3641 1765 3697; x_wconf 42' lang='lat' dir='ltr'><strong>ille‘</strong></span> 
     </span>
    </p>
   </div>
   <div class='ocr_carea' id='block_1_68' title="bbox 161 3732 1768 3807">
    <p class='ocr_par' dir='ltr' id='par_1_68' title="bbox 161 3732 1768 3807">
     <span class='ocr_line' id='line_1_68' title="bbox 161 3732 1768 3807; baseline -0.002 -16"><span class='ocrx_word' id='word_1_526' title='bbox 161 3734 361 3791; x_wconf 88' lang='lat' dir='ltr'><strong>cebras</strong></span> <span class='ocrx_word' id='word_1_527' title='bbox 393 3736 578 3802; x_wconf 87' lang='lat' dir='ltr'><strong>vincit,</strong></span> <span class='ocrx_word' id='word_1_528' title='bbox 611 3735 699 3790; x_wconf 89' lang='lat' dir='ltr'><strong>illa</strong></span> <span class='ocrx_word' id='word_1_529' title='bbox 745 3735 984 3807; x_wconf 86' lang='lat' dir='ltr'><strong>refugit:</strong></span> <span class='ocrx_word' id='word_1_530' title='bbox 1021 3735 1146 3792; x_wconf 91' lang='lat' dir='ltr'><strong>huic</strong></span> <span class='ocrx_word' id='word_1_531' title='bbox 1187 3735 1418 3790; x_wconf 92' lang='lat' dir='ltr'><strong>mundus</strong></span> <span class='ocrx_word' id='word_1_532' title='bbox 1467 3732 1768 3804; x_wconf 85' lang='lat' dir='ltr'><strong>triumpha-</strong></span> 
     </span>
    </p>
   </div>
   <div class='ocr_carea' id='block_1_69' title="bbox 162 3827 1766 3900">
    <p class='ocr_par' dir='ltr' id='par_1_69' title="bbox 162 3827 1766 3900">
     <span class='ocr_line' id='line_1_69' title="bbox 162 3827 1766 3900; baseline -0.003 -15"><span class='ocrx_word' id='word_1_533' title='bbox 162 3841 278 3892; x_wconf 88' lang='lat' dir='ltr'><strong>tur,</strong></span> <span class='ocrx_word' id='word_1_534' title='bbox 332 3829 412 3885; x_wconf 92' lang='lat' dir='ltr'><strong>illi</strong></span> <span class='ocrx_word' id='word_1_535' title='bbox 466 3829 680 3886; x_wconf 78' lang='lat' dir='ltr'><strong>exsulat</strong></span> <span class='ocrx_word' id='word_1_536' title='bbox 719 3847 732 3883; x_wconf 90' lang='lat'><strong>:</strong></span> <span class='ocrx_word' id='word_1_537' title='bbox 781 3831 904 3885; x_wconf 92' lang='lat' dir='ltr'><strong>huic</strong></span> <span class='ocrx_word' id='word_1_538' title='bbox 952 3830 1185 3885; x_wconf 91' lang='lat' dir='ltr'><strong>mundus</strong></span> <span class='ocrx_word' id='word_1_539' title='bbox 1231 3829 1567 3900; x_wconf 88' lang='lat' dir='ltr'><strong>crucifigitur</strong></span> <span class='ocrx_word' id='word_1_540' title='bbox 1615 3827 1766 3900; x_wconf 81' lang='lat' dir='ltr'><strong>(Gal.</strong></span> 
     </span>
    </p>
   </div>
   <div class='ocr_carea' id='block_1_70' title="bbox 161 3919 1770 3993">
    <p class='ocr_par' dir='ltr' id='par_1_70' title="bbox 161 3919 1770 3993">
     <span class='ocr_line' id='line_1_70' title="bbox 161 3919 1770 3993; baseline -0.002 -17"><span class='ocrx_word' id='word_1_541' title='bbox 161 3939 242 3989; x_wconf 90' lang='lat' dir='ltr'><strong>vt,</strong></span> <span class='ocrx_word' id='word_1_542' title='bbox 276 3921 386 3993; x_wconf 75' lang='grc'><strong>14),</strong></span> <span class='ocrx_word' id='word_1_543' title='bbox 423 3922 511 3976; x_wconf 88' lang='lat' dir='ltr'><strong>vel</strong></span> <span class='ocrx_word' id='word_1_544' title='bbox 557 3922 670 3993; x_wconf 90' lang='lat' dir='ltr'><strong>ipsa</strong></span> <span class='ocrx_word' id='word_1_545' title='bbox 715 3922 943 3988; x_wconf 90' lang='lat' dir='ltr'><strong>mundo,</strong></span> <span class='ocrx_word' id='word_1_546' title='bbox 987 3923 1063 3978; x_wconf 89' lang='lat' dir='ltr'><strong>illi</strong></span> <span class='ocrx_word' id='word_1_547' title='bbox 1111 3923 1424 3991; x_wconf 82' lang='lat' dir='ltr'><strong>ignoratur:</strong></span> <span class='ocrx_word' id='word_1_548' title='bbox 1459 3920 1583 3975; x_wconf 92' lang='lat' dir='ltr'><strong>huic</strong></span> <span class='ocrx_word' id='word_1_549' title='bbox 1620 3919 1770 3989; x_wconf 92' lang='lat' dir='ltr'><strong>plura</strong></span> 
     </span>
    </p>
   </div>
   <div class='ocr_carea' id='block_1_71' title="bbox 161 4013 1769 4086">
    <p class='ocr_par' dir='ltr' id='par_1_71' title="bbox 161 4013 1769 4086">
     <span class='ocr_line' id='line_1_71' title="bbox 161 4013 1769 4086; baseline -0.002 -16"><span class='ocrx_word' id='word_1_550' title='bbox 161 4025 526 4079; x_wconf 84' lang='lat' dir='ltr'><strong>tentamenta,</strong></span> <span class='ocrx_word' id='word_1_551' title='bbox 560 4024 616 4071; x_wconf 90' lang='lat' dir='ltr'><strong>et</strong></span> <span class='ocrx_word' id='word_1_552' title='bbox 643 4015 768 4072; x_wconf 89' lang='lat' dir='ltr'><strong>ideo</strong></span> <span class='ocrx_word' id='word_1_553' title='bbox 814 4016 988 4086; x_wconf 85' lang='lat' dir='ltr'><strong>major</strong></span> <span class='ocrx_word' id='word_1_554' title='bbox 1035 4015 1294 4079; x_wconf 89' lang='lat' dir='ltr'><strong>victoria;</strong></span> <span class='ocrx_word' id='word_1_555' title='bbox 1331 4014 1402 4069; x_wconf 91' lang='lat' dir='ltr'><strong>illi</strong></span> <span class='ocrx_word' id='word_1_556' title='bbox 1453 4013 1769 4084; x_wconf 90' lang='lat' dir='ltr'><strong>infrequen-</strong></span> 
     </span>
    </p>
   </div>
   <div class='ocr_carea' id='block_1_72' title="bbox 165 4107 1054 4178">
    <p class='ocr_par' dir='ltr' id='par_1_72' title="bbox 165 4107 1054 4178">
     <span class='ocr_line' id='line_1_72' title="bbox 165 4107 1054 4178; baseline -0.004 -14"><span class='ocrx_word' id='word_1_557' title='bbox 165 4109 278 4164; x_wconf 91' lang='lat' dir='ltr'><strong>tior</strong></span> <span class='ocrx_word' id='word_1_558' title='bbox 306 4107 514 4178; x_wconf 90' lang='lat' dir='ltr'><strong>lapsus,</strong></span> <span class='ocrx_word' id='word_1_559' title='bbox 547 4107 762 4164; x_wconf 91' lang='lat' dir='ltr'><strong>facilior</strong></span> <span class='ocrx_word' id='word_1_560' title='bbox 784 4108 1054 4164; x_wconf 90' lang='lat' dir='ltr'><strong>custodia.</strong></span> 
     </span>
    </p>
   </div>
   <div class='ocr_carea' id='block_1_73' title="bbox 241 4197 1770 4273">
    <p class='ocr_par' dir='ltr' id='par_1_73' title="bbox 241 4197 1770 4273">
     <span class='ocr_line' id='line_1_73' title="bbox 241 4197 1770 4273; baseline -0.006 -15"><span class='ocrx_word' id='word_1_561' title='bbox 241 4203 332 4258; x_wconf 85' lang='lat'><strong>75.</strong></span> <span class='ocrx_word' id='word_1_562' title='bbox 383 4203 620 4273; x_wconf 87' lang='lat' dir='ltr'><strong>Denique</strong></span> <span class='ocrx_word' id='word_1_563' title='bbox 642 4203 758 4272; x_wconf 90' lang='lat' dir='ltr'><strong>ipse</strong></span> <span class='ocrx_word' id='word_1_564' title='bbox 787 4203 955 4268; x_wconf 89' lang='lat' dir='ltr'><strong>Elias,</strong></span> <span class='ocrx_word' id='word_1_565' title='bbox 978 4201 1006 4239; x_wconf 71' lang='grc' dir='ltr'><strong>ι)</strong></span> <span class='ocrx_word' id='word_1_566' title='bbox 1029 4211 1087 4256; x_wconf 87' lang='grc' dir='ltr'><strong>ιιι</strong></span> <span class='ocrx_word' id='word_1_567' title='bbox 1108 4201 1524 4256; x_wconf 87' lang='lat' dir='ltr'><strong>confirmaretur</strong></span> <span class='ocrx_word' id='word_1_568' title='bbox 1545 4197 1770 4254; x_wconf 87' lang='lat' dir='ltr'><strong>verbum</strong></span> 
     </span>
    </p>
   </div>
   <div class='ocr_carea' id='block_1_74' title="bbox 161 4293 1770 4369">
    <p class='ocr_par' dir='ltr' id='par_1_74' title="bbox 161 4293 1770 4369">
     <span class='ocr_line' id='line_1_74' title="bbox 161 4293 1770 4369; baseline -0.006 -16"><span class='ocrx_word' id='word_1_569' title='bbox 161 4299 282 4354; x_wconf 91' lang='lat' dir='ltr'><strong>oris</strong></span> <span class='ocrx_word' id='word_1_570' title='bbox 314 4298 454 4369; x_wconf 90' lang='lat' dir='ltr'><strong>ejus,</strong></span> <span class='ocrx_word' id='word_1_571' title='bbox 486 4297 684 4353; x_wconf 89' lang='lat' dir='ltr'><strong>missus</strong></span> <span class='ocrx_word' id='word_1_572' title='bbox 707 4307 791 4352; x_wconf 89' lang='lat' dir='ltr'><strong>est</strong></span> <span class='ocrx_word' id='word_1_573' title='bbox 817 4313 846 4352; x_wconf 89' lang='lat' dir='ltr'><strong>a</strong></span> <span class='ocrx_word' id='word_1_574' title='bbox 874 4296 1127 4363; x_wconf 91' lang='lat' dir='ltr'><strong>Domino,</strong></span> <span class='ocrx_word' id='word_1_575' title='bbox 1169 4305 1226 4350; x_wconf 87' lang='lat' dir='ltr'><strong>ut</strong></span> <span class='ocrx_word' id='word_1_576' title='bbox 1257 4309 1317 4351; x_wconf 88' lang='lat' dir='ltr'><strong>se</strong></span> <span class='ocrx_word' id='word_1_577' title='bbox 1358 4293 1424 4349; x_wconf 89' lang='lat' dir='ltr'><strong>a‘d</strong></span> <span class='ocrx_word' id='word_1_578' title='bbox 1477 4299 1770 4347; x_wconf 87' lang='lat' dir='ltr'><strong>torrentem</strong></span> 
     </span>
    </p>
   </div>
   <div class='ocr_carea' id='block_1_75' title="bbox 160 4385 1775 4463">
    <p class='ocr_par' dir='ltr' id='par_1_75' title="bbox 160 4385 1775 4463">
     <span class='ocr_line' id='line_1_75' title="bbox 160 4385 1775 4463; baseline -0.007 -14"><span class='ocrx_word' id='word_1_579' title='bbox 160 4390 533 4448; x_wconf 85' lang='lat' dir='ltr'><strong>absconderet</strong></span> <span class='ocrx_word' id='word_1_580' title='bbox 573 4389 812 4446; x_wconf 89' lang='lat' dir='ltr'><strong>Chorath</strong></span> <span class='ocrx_word' id='word_1_581' title='bbox 855 4389 946 4463; x_wconf 93' lang='grc' dir='ltr'><strong>(ΙΙΙ</strong></span> <span class='ocrx_word' id='word_1_582' title='bbox 992 4391 1120 4461; x_wconf 86' lang='lat' dir='ltr'><strong>Reg.</strong></span> <span class='ocrx_word' id='word_1_583' title='bbox 1170 4405 1307 4453; x_wconf 86' lang='lat' dir='ltr'><strong>xvu,</strong></span> <span class='ocrx_word' id='word_1_584' title='bbox 1350 4388 1427 4462; x_wconf 84' lang='grc'><strong>5).</strong></span> <span class='ocrx_word' id='word_1_585' title='bbox 1469 4385 1775 4442; x_wconf 88' lang='lat' dir='ltr'><strong>Minabatur</strong></span> 
     </span>
    </p>
   </div>
   <div class='ocr_carea' id='block_1_76' title="bbox 162 4482 1777 4550">
    <p class='ocr_par' dir='ltr' id='par_1_76' title="bbox 162 4482 1777 4550">
     <span class='ocr_line' id='line_1_76' title="bbox 162 4482 1777 4550; baseline -0.007 -8"><span class='ocrx_word' id='word_1_586' title='bbox 162 4486 381 4550; x_wconf 82' lang='lat' dir='ltr'><strong>Achab,</strong></span> <span class='ocrx_word' id='word_1_587' title='bbox 425 4484 732 4540; x_wconf 90' lang='lat' dir='ltr'><strong>minabatur</strong></span> <span class='ocrx_word' id='word_1_588' title='bbox 777 4483 1026 4548; x_wconf 79' lang='lat' dir='ltr'><strong>.Iezabel,</strong></span> <span class='ocrx_word' id='word_1_589' title='bbox 1075 4483 1255 4538; x_wconf 91' lang='lat' dir='ltr'><strong>timuit</strong></span> <span class='ocrx_word' id='word_1_590' title='bbox 1299 4482 1444 4537; x_wconf 84' lang='lat' dir='ltr'><strong>Elias</strong></span> <span class='ocrx_word' id='word_1_591' title='bbox 1488 4489 1544 4536; x_wconf 92' lang='lat' dir='ltr'><strong>et</strong></span> <span class='ocrx_word' id='word_1_592' title='bbox 1587 4493 1777 4534; x_wconf 75' lang='lat' dir='ltr'><strong>exsur-</strong></span> 
     </span>
    </p>
   </div>
   <div class='ocr_carea' id='block_1_77' title="bbox 161 4571 1776 4646">
    <p class='ocr_par' dir='ltr' id='par_1_77' title="bbox 161 4571 1776 4646">
     <span class='ocr_line' id='line_1_77' title="bbox 161 4571 1776 4646; baseline -0.006 -11"><span class='ocrx_word' id='word_1_593' title='bbox 161 4580 335 4646; x_wconf 88' lang='lat' dir='ltr'><strong>rexit,</strong></span> <span class='ocrx_word' id='word_1_594' title='bbox 369 4587 424 4634; x_wconf 90' lang='lat' dir='ltr'><strong>et</strong></span> <span class='ocrx_word' id='word_1_595' title='bbox 450 4578 645 4634; x_wconf 91' lang='lat' dir='ltr'><strong>iterum</strong></span> <span class='ocrx_word' id='word_1_596' title='bbox 676 4577 729 4632; x_wconf 91' lang='lat' dir='ltr'><strong>in</strong></span> <span class='ocrx_word' id='word_1_597' title='bbox 756 4577 957 4632; x_wconf 91' lang='lat' dir='ltr'><strong>virtute</strong></span> <span class='ocrx_word' id='word_1_598' title='bbox 987 4590 1129 4630; x_wconf 75' lang='lat' dir='ltr'><strong>esca:</strong></span> <span class='ocrx_word' id='word_1_599' title='bbox 1160 4575 1518 4645; x_wconf 89' lang='lat' dir='ltr'><strong>intelligibilis</strong></span> <span class='ocrx_word' id='word_1_600' title='bbox 1540 4571 1776 4644; x_wconf 81' lang='lat' dir='ltr'><strong>quadra-</strong></span> 
     </span>
    </p>
   </div>
   <div class='ocr_carea' id='block_1_78' title="bbox 1870 3357 3478 3430">
    <p class='ocr_par' dir='ltr' id='par_1_78' title="bbox 1870 3357 3478 3430">
     <span class='ocr_line' id='line_1_78' title="bbox 1870 3357 3478 3430; baseline -0.003 -14"><span class='ocrx_word' id='word_1_601' title='bbox 1870 3361 1991 3430; x_wconf 90' lang='lat' dir='ltr'><strong>ejus</strong></span> <span class='ocrx_word' id='word_1_602' title='bbox 2021 3360 2192 3414; x_wconf 84' lang='lat' dir='ltr'><strong>ﬂuent</strong></span> <span class='ocrx_word' id='word_1_603' title='bbox 2222 3375 2377 3430; x_wconf 75' lang='lat' dir='ltr'><strong>aqua:</strong></span> <span class='ocrx_word' id='word_1_604' title='bbox 2408 3360 2543 3416; x_wconf 74' lang='lat' dir='ltr'><strong>viva:</strong></span> <span class='ocrx_word' id='word_1_605' title='bbox 2580 3360 2757 3430; x_wconf 82' lang='lat' dir='ltr'><strong>(Joan.</strong></span> <span class='ocrx_word' id='word_1_606' title='bbox 2791 3376 2884 3427; x_wconf 68' lang='grc' dir='ltr'>ιιι,</span> <span class='ocrx_word' id='word_1_607' title='bbox 2917 3358 3033 3430; x_wconf 81' lang='grc'><strong>58),</strong></span> <span class='ocrx_word' id='word_1_608' title='bbox 3065 3359 3282 3414; x_wconf 89' lang='lat' dir='ltr'><strong>flumina</strong></span> <span class='ocrx_word' id='word_1_609' title='bbox 3318 3357 3478 3412; x_wconf 90' lang='lat' dir='ltr'><strong>intel-</strong></span> 
     </span>
    </p>
   </div>
   <div class='ocr_carea' id='block_1_79' title="bbox 1873 3451 3474 3524">
    <p class='ocr_par' dir='ltr' id='par_1_79' title="bbox 1873 3451 3474 3524">
     <span class='ocr_line' id='line_1_79' title="bbox 1873 3451 3474 3524; baseline -0.002 -15"><span class='ocrx_word' id='word_1_610' title='bbox 1873 3453 2075 3517; x_wconf 89' lang='lat' dir='ltr'><strong>lectus,</strong></span> <span class='ocrx_word' id='word_1_611' title='bbox 2123 3462 2145 3489; x_wconf 77' lang='grc' dir='ltr'>ε</span> <span class='ocrx_word' id='word_1_612' title='bbox 2184 3452 2409 3508; x_wconf 90' lang='lat' dir='ltr'><strong>flumina</strong></span> <span class='ocrx_word' id='word_1_613' title='bbox 2462 3453 2841 3524; x_wconf 90' lang='lat' dir='ltr'><strong>cogitationis,</strong></span> <span class='ocrx_word' id='word_1_614' title='bbox 2899 3452 3118 3508; x_wconf 91' lang='lat' dir='ltr'><strong>flumina</strong></span> <span class='ocrx_word' id='word_1_615' title='bbox 3167 3451 3474 3524; x_wconf 87' lang='lat' dir='ltr'><strong>spiritalia:</strong></span> 
     </span>
    </p>
   </div>
   <div class='ocr_carea' id='block_1_80' title="bbox 1872 3545 3481 3617">
    <p class='ocr_par' dir='ltr' id='par_1_80' title="bbox 1872 3545 3481 3617">
     <span class='ocr_line' id='line_1_80' title="bbox 1872 3545 3481 3617; baseline 0 -18"><span class='ocrx_word' id='word_1_616' title='bbox 1872 3561 1994 3616; x_wconf 78' lang='lat' dir='ltr'><strong>qua:</strong></span> <span class='ocrx_word' id='word_1_617' title='bbox 2026 3554 2208 3601; x_wconf 91' lang='lat' dir='ltr'><strong>tamen</strong></span> <span class='ocrx_word' id='word_1_618' title='bbox 2239 3545 2479 3615; x_wconf 66' lang='lat' dir='ltr'><strong>perfidia:</strong></span> <span class='ocrx_word' id='word_1_619' title='bbox 2507 3556 2768 3602; x_wconf 91' lang='lat' dir='ltr'><strong>aruerunt</strong></span> <span class='ocrx_word' id='word_1_620' title='bbox 2808 3556 3078 3617; x_wconf 84' lang='lat' dir='ltr'><strong>tempore,</strong></span> <span class='ocrx_word' id='word_1_621' title='bbox 3117 3559 3186 3599; x_wconf 89' lang='lat' dir='ltr'><strong>ne</strong></span> <span class='ocrx_word' id='word_1_622' title='bbox 3226 3545 3481 3616; x_wconf 86' lang='lat' dir='ltr'><strong>sacrilegi</strong></span> 
     </span>
    </p>
   </div>
   <div class='ocr_carea' id='block_1_81' title="bbox 1873 3643 2675 3714">
    <p class='ocr_par' dir='ltr' id='par_1_81' title="bbox 1873 3643 2675 3714">
     <span class='ocr_line' id='line_1_81' title="bbox 1873 3643 2675 3714; baseline 0 -16"><span class='ocrx_word' id='word_1_623' title='bbox 1873 3643 2148 3710; x_wconf 92' lang='lat' dir='ltr'><strong>biberent,</strong></span> <span class='ocrx_word' id='word_1_624' title='bbox 2183 3652 2435 3714; x_wconf 83' lang='lat' dir='ltr'><strong>potarent</strong></span> <span class='ocrx_word' id='word_1_625' title='bbox 2463 3643 2675 3713; x_wconf 89' lang='lat' dir='ltr'><strong>perfidi.</strong></span> 
     </span>
    </p>
   </div>
   <div class='ocr_carea' id='block_1_82' title="bbox 1949 3737 3480 3809">
    <p class='ocr_par' dir='ltr' id='par_1_82' title="bbox 1949 3737 3480 3809">
     <span class='ocr_line' id='line_1_82' title="bbox 1949 3737 3480 3809; baseline -0.001 -18"><span class='ocrx_word' id='word_1_626' title='bbox 1949 3739 2037 3793; x_wconf 87' lang='lat'><strong>79.</strong></span> <span class='ocrx_word' id='word_1_627' title='bbox 2081 3738 2154 3794; x_wconf 93' lang='lat' dir='ltr'><strong>lbi</strong></span> <span class='ocrx_word' id='word_1_628' title='bbox 2210 3737 2530 3809; x_wconf 88' lang='lat' dir='ltr'><strong>prophetam</strong></span> <span class='ocrx_word' id='word_1_629' title='bbox 2586 3737 2801 3792; x_wconf 89' lang='lat' dir='ltr'><strong>Domini</strong></span> <span class='ocrx_word' id='word_1_630' title='bbox 2863 3739 3232 3809; x_wconf 85' lang='lat' dir='ltr'><strong>agnoscebant</strong></span> <span class='ocrx_word' id='word_1_631' title='bbox 3282 3739 3480 3803; x_wconf 88' lang='lat' dir='ltr'><strong>corvi,</strong></span> 
     </span>
    </p>
   </div>
   <div class='ocr_carea' id='block_1_83' title="bbox 1873 3831 3478 3904">
    <p class='ocr_par' dir='ltr' id='par_1_83' title="bbox 1873 3831 3478 3904">
     <span class='ocr_line' id='line_1_83' title="bbox 1873 3831 3478 3904; baseline 0.001 -20"><span class='ocrx_word' id='word_1_632' title='bbox 1873 3850 2032 3904; x_wconf 89' lang='lat' dir='ltr'><strong>quem</strong></span> <span class='ocrx_word' id='word_1_633' title='bbox 2057 3850 2165 3889; x_wconf 92' lang='lat' dir='ltr'><strong>non</strong></span> <span class='ocrx_word' id='word_1_634' title='bbox 2189 3832 2560 3902; x_wconf 80' lang='lat' dir='ltr'><strong>agnoscebant</strong></span> <span class='ocrx_word' id='word_1_635' title='bbox 2583 3831 2776 3887; x_wconf 76' lang='lat' dir='ltr'><strong>.Imlzei.</strong></span> <span class='ocrx_word' id='word_1_636' title='bbox 2799 3833 3098 3888; x_wconf 89' lang='lat' dir='ltr'><strong>Pascebant</strong></span> <span class='ocrx_word' id='word_1_637' title='bbox 3119 3832 3288 3896; x_wconf 90' lang='lat' dir='ltr'><strong>corvi,</strong></span> <span class='ocrx_word' id='word_1_638' title='bbox 3319 3846 3478 3900; x_wconf 90' lang='lat' dir='ltr'><strong>quem</strong></span> 
     </span>
    </p>
   </div>
   <div class='ocr_carea' id='block_1_84' title="bbox 1875 3923 3486 3996">
    <p class='ocr_par' dir='ltr' id='par_1_84' title="bbox 1875 3923 3486 3996">
     <span class='ocr_line' id='line_1_84' title="bbox 1875 3923 3486 3996; baseline -0.002 -16"><span class='ocrx_word' id='word_1_639' title='bbox 1875 3941 2045 3993; x_wconf 76' lang='lat' dir='ltr'><strong>genus</strong></span> <span class='ocrx_word' id='word_1_640' title='bbox 2071 3927 2251 3996; x_wconf 89' lang='lat' dir='ltr'><strong>regale</strong></span> <span class='ocrx_word' id='word_1_641' title='bbox 2291 3925 2422 3980; x_wconf 92' lang='lat' dir='ltr'><strong>illud</strong></span> <span class='ocrx_word' id='word_1_642' title='bbox 2455 3934 2508 3979; x_wconf 89' lang='lat' dir='ltr'><strong>et</strong></span> <span class='ocrx_word' id='word_1_643' title='bbox 2541 3925 2722 3981; x_wconf 76' lang='lat' dir='ltr'><strong>llOblle</strong></span> <span class='ocrx_word' id='word_1_644' title='bbox 2755 3925 3202 3995; x_wconf 85' lang='lat' dir='ltr'><strong>persequebatur.</strong></span> <span class='ocrx_word' id='word_1_645' title='bbox 3237 3923 3370 3991; x_wconf 52' lang='lat' dir='ltr'><strong>Quae</strong></span> <span class='ocrx_word' id='word_1_646' title='bbox 3401 3934 3486 3978; x_wconf 88' lang='lat' dir='ltr'><strong>est</strong></span> 
     </span>
    </p>
   </div>
   <div class='ocr_carea' id='block_1_85' title="bbox 1875 4017 3482 4092">
    <p class='ocr_par' dir='ltr' id='par_1_85' title="bbox 1875 4017 3482 4092">
     <span class='ocr_line' id='line_1_85' title="bbox 1875 4017 3482 4092; baseline -0.005 -14"><span class='ocrx_word' id='word_1_647' title='bbox 1875 4018 2128 4088; x_wconf 72' lang='lat' dir='ltr'><strong>Jeziibel,</strong></span> <span class='ocrx_word' id='word_1_648' title='bbox 2175 4037 2297 4092; x_wconf 76' lang='lat' dir='ltr'><strong>qua:</strong></span> <span class='ocrx_word' id='word_1_649' title='bbox 2349 4020 2780 4091; x_wconf 86' lang='lat' dir='ltr'><strong>persequebatur</strong></span> <span class='ocrx_word' id='word_1_650' title='bbox 2811 4017 2904 4088; x_wconf 88' lang='grc' dir='ltr'><strong>(ΙΙΙ</strong></span> <span class='ocrx_word' id='word_1_651' title='bbox 2939 4019 3068 4090; x_wconf 86' lang='lat' dir='ltr'><strong>Reg.</strong></span> <span class='ocrx_word' id='word_1_652' title='bbox 3102 4034 3234 4084; x_wconf 86' lang='lat' dir='ltr'><strong>xvu,</strong></span> <span class='ocrx_word' id='word_1_653' title='bbox 3265 4018 3342 4088; x_wconf 86' lang='lat'><strong>6),</strong></span> <span class='ocrx_word' id='word_1_654' title='bbox 3377 4018 3482 4072; x_wconf 83' lang='lat' dir='ltr'><strong>nisi</strong></span> 
     </span>
    </p>
   </div>
   <div class='ocr_carea' id='block_1_86' title="bbox 1878 4108 3483 4186">
    <p class='ocr_par' dir='ltr' id='par_1_86' title="bbox 1878 4108 3483 4186">
     <span class='ocr_line' id='line_1_86' title="bbox 1878 4108 3483 4186; baseline -0.006 -16"><span class='ocrx_word' id='word_1_655' title='bbox 1878 4115 2181 4186; x_wconf 82' lang='lat' dir='ltr'><strong>Synagoga,</strong></span> <span class='ocrx_word' id='word_1_656' title='bbox 2221 4127 2358 4166; x_wconf 87' lang='lat' dir='ltr'><strong>vane</strong></span> <span class='ocrx_word' id='word_1_657' title='bbox 2402 4110 2610 4175; x_wconf 83' lang='lat' dir='ltr'><strong>fluens,</strong></span> <span class='ocrx_word' id='word_1_658' title='bbox 2643 4125 2782 4165; x_wconf 92' lang='lat' dir='ltr'><strong>vane</strong></span> <span class='ocrx_word' id='word_1_659' title='bbox 2831 4109 3113 4164; x_wconf 85' lang='lat' dir='ltr'><strong>abundans</strong></span> <span class='ocrx_word' id='word_1_660' title='bbox 3159 4108 3483 4178; x_wconf 85' lang='lat' dir='ltr'><strong>Scripturis,</strong></span> 
     </span>
    </p>
   </div>
   <div class='ocr_carea' id='block_1_87' title="bbox 1878 4201 3483 4279">
    <p class='ocr_par' dir='ltr' id='par_1_87' title="bbox 1878 4201 3483 4279">
     <span class='ocr_line' id='line_1_87' title="bbox 1878 4201 3483 4279; baseline -0.006 -17"><span class='ocrx_word' id='word_1_661' title='bbox 1878 4225 2010 4279; x_wconf 85' lang='lat' dir='ltr'><strong>quas</strong></span> <span class='ocrx_word' id='word_1_662' title='bbox 2053 4223 2228 4278; x_wconf 90' lang='lat' dir='ltr'><strong>neque</strong></span> <span class='ocrx_word' id='word_1_663' title='bbox 2273 4206 2546 4273; x_wconf 85' lang='lat' dir='ltr'><strong>custodit,</strong></span> <span class='ocrx_word' id='word_1_664' title='bbox 2602 4219 2776 4276; x_wconf 91' lang='lat' dir='ltr'><strong>neque</strong></span> <span class='ocrx_word' id='word_1_665' title='bbox 2833 4203 3128 4271; x_wconf 86' lang='lat' dir='ltr'><strong>intelligit?</strong></span> <span class='ocrx_word' id='word_1_666' title='bbox 3178 4202 3279 4268; x_wconf 84' lang='lat' dir='ltr'><strong>Qui</strong></span> <span class='ocrx_word' id='word_1_667' title='bbox 3337 4201 3483 4255; x_wconf 90' lang='lat' dir='ltr'><strong>corvi</strong></span> 
     </span>
    </p>
   </div>
   <div class='ocr_carea' id='block_1_88' title="bbox 1880 4297 3484 4371">
    <p class='ocr_par' dir='ltr' id='par_1_88' title="bbox 1880 4297 3484 4371">
     <span class='ocr_line' id='line_1_88' title="bbox 1880 4297 3484 4371; baseline -0.005 -16"><span class='ocrx_word' id='word_1_668' title='bbox 1880 4300 2194 4371; x_wconf 88' lang='lat' dir='ltr'><strong>pascebant,</strong></span> <span class='ocrx_word' id='word_1_669' title='bbox 2227 4297 2335 4354; x_wconf 89' lang='lat' dir='ltr'><strong>nisi</strong></span> <span class='ocrx_word' id='word_1_670' title='bbox 2357 4313 2586 4368; x_wconf 92' lang='lat' dir='ltr'><strong>quorum</strong></span> <span class='ocrx_word' id='word_1_671' title='bbox 2623 4297 2754 4366; x_wconf 93' lang='lat' dir='ltr'><strong>pulli</strong></span> <span class='ocrx_word' id='word_1_672' title='bbox 2783 4311 2906 4351; x_wconf 87' lang='lat' dir='ltr'><strong>cum</strong></span> <span class='ocrx_word' id='word_1_673' title='bbox 2947 4297 3224 4361; x_wconf 78' lang='lat' dir='ltr'><strong>invocant,</strong></span> <span class='ocrx_word' id='word_1_674' title='bbox 3254 4309 3484 4367; x_wconf 91' lang='lat' dir='ltr'><strong>quorum</strong></span> 
     </span>
    </p>
   </div>
   <div class='ocr_carea' id='block_1_89' title="bbox 1873 4386 3489 4465">
    <p class='ocr_par' dir='ltr' id='par_1_89' title="bbox 1873 4386 3489 4465">
     <span class='ocr_line' id='line_1_89' title="bbox 1873 4386 3489 4465; baseline -0.006 -16"><span class='ocrx_word' id='word_1_675' title='bbox 1873 4395 2134 4465; x_wconf 89' lang='lat' dir='ltr'><strong>jumentis</strong></span> <span class='ocrx_word' id='word_1_676' title='bbox 2174 4393 2270 4448; x_wconf 91' lang='lat' dir='ltr'><strong>dat</strong></span> <span class='ocrx_word' id='word_1_677' title='bbox 2311 4407 2514 4454; x_wconf 90' lang='lat' dir='ltr'><strong>escam,</strong></span> <span class='ocrx_word' id='word_1_678' title='bbox 2551 4400 2610 4444; x_wconf 94' lang='lat' dir='ltr'><strong>ut</strong></span> <span class='ocrx_word' id='word_1_679' title='bbox 2640 4391 2891 4460; x_wconf 86' lang='lat' dir='ltr'><strong>legimus,</strong></span> <span class='ocrx_word' id='word_1_680' title='bbox 2921 4389 3082 4458; x_wconf 82' lang='lat' dir='ltr'><strong>pullis</strong></span> <span class='ocrx_word' id='word_1_681' title='bbox 3113 4402 3382 4441; x_wconf 80' lang='lat' dir='ltr'><strong>corvorum</strong></span> <span class='ocrx_word' id='word_1_682' title='bbox 3409 4386 3489 4439; x_wconf 85' lang='lat' dir='ltr'><strong>in-</strong></span> 
     </span>
    </p>
   </div>
   <div class='ocr_carea' id='block_1_90' title="bbox 1880 4481 3487 4556">
    <p class='ocr_par' dir='ltr' id='par_1_90' title="bbox 1880 4481 3487 4556">
     <span class='ocr_line' id='line_1_90' title="bbox 1880 4481 3487 4556; baseline -0.007 -14"><span class='ocrx_word' id='word_1_683' title='bbox 1880 4487 2175 4543; x_wconf 85' lang='lat' dir='ltr'><strong>vocantibus</strong></span> <span class='ocrx_word' id='word_1_684' title='bbox 2206 4501 2324 4541; x_wconf 81' lang='lat' dir='ltr'><strong>cum</strong></span> <span class='ocrx_word' id='word_1_685' title='bbox 2347 4484 2521 4556; x_wconf 85' lang='lat' dir='ltr'><strong>(Psal.</strong></span> <span class='ocrx_word' id='word_1_686' title='bbox 2557 4499 2734 4545; x_wconf 79' lang='lat' dir='ltr'><strong>chvt,</strong></span> <span class='ocrx_word' id='word_1_687' title='bbox 2767 4481 2862 4552; x_wconf 87' lang='lat'><strong>9)?</strong></span> <span class='ocrx_word' id='word_1_688' title='bbox 2891 4481 3150 4537; x_wconf 87' lang='lat' dir='ltr'><strong>Sciebant</strong></span> <span class='ocrx_word' id='word_1_689' title='bbox 3191 4481 3265 4536; x_wconf 93' lang='lat' dir='ltr'><strong>illi</strong></span> <span class='ocrx_word' id='word_1_690' title='bbox 3309 4481 3487 4542; x_wconf 88' lang='lat' dir='ltr'><strong>corvi,</strong></span> 
     </span>
    </p>
   </div>
   <div class='ocr_carea' id='block_1_91' title="bbox 1879 4571 3490 4651">
    <p class='ocr_par' dir='ltr' id='par_1_91' title="bbox 1879 4571 3490 4651">
     <span class='ocr_line' id='line_1_91' title="bbox 1879 4571 3490 4651; baseline -0.008 -15"><span class='ocrx_word' id='word_1_691' title='bbox 1879 4597 2040 4651; x_wconf 92' lang='lat' dir='ltr'><strong>quem</strong></span> <span class='ocrx_word' id='word_1_692' title='bbox 2072 4588 2398 4650; x_wconf 74' lang='lat' dir='ltr'><strong>poscerent:</strong></span> <span class='ocrx_word' id='word_1_693' title='bbox 2430 4577 2521 4648; x_wconf 88' lang='lat' dir='ltr'><strong>qui</strong></span> <span class='ocrx_word' id='word_1_694' title='bbox 2549 4577 2703 4646; x_wconf 90' lang='lat' dir='ltr'><strong>juxta</strong></span> <span class='ocrx_word' id='word_1_695' title='bbox 2749 4575 3088 4630; x_wconf 87' lang='lat' dir='ltr'><strong>intellectum</strong></span> <span class='ocrx_word' id='word_1_696' title='bbox 3121 4582 3299 4644; x_wconf 84' lang='lat' dir='ltr'><strong>erant,</strong></span> <span class='ocrx_word' id='word_1_697' title='bbox 3327 4581 3380 4628; x_wconf 90' lang='lat' dir='ltr'><strong>et</strong></span> <span class='ocrx_word' id='word_1_698' title='bbox 3424 4571 3490 4624; x_wconf 91' lang='lat' dir='ltr'><strong>ad</strong></span> 
     </span>
    </p>
   </div>
   <div class='ocr_carea' id='block_1_92' title="bbox 159 4655 3379 4745">
    <p class='ocr_par' dir='ltr' id='par_1_92' title="bbox 159 4655 3379 4745">
     <span class='ocr_line' id='line_1_92' title="bbox 159 4655 3379 4745; baseline -0.002 -17"><span class='ocrx_word' id='word_1_699' title='bbox 159 4675 321 4744; x_wconf 86' lang='lat' dir='ltr'><strong>ginta</strong></span> <span class='ocrx_word' id='word_1_700' title='bbox 344 4673 538 4729; x_wconf 91' lang='lat' dir='ltr'><strong>diebus</strong></span> <span class='ocrx_word' id='word_1_701' title='bbox 559 4671 876 4736; x_wconf 87' lang='lat' dir='ltr'><strong>ambulavit,</strong></span> <span class='ocrx_word' id='word_1_702' title='bbox 898 4671 1322 4742; x_wconf 85' lang='lat' dir='ltr'><strong>etquadraginta</strong></span> <span class='ocrx_word' id='word_1_703' title='bbox 1344 4671 1594 4726; x_wconf 86' lang='lat' dir='ltr'><strong>noctibus</strong></span> <span class='ocrx_word' id='word_1_704' title='bbox 1611 4680 1782 4742; x_wconf 85' lang='lat' dir='ltr'><strong>usque</strong></span> <span class='ocrx_word' id='word_1_705' title='bbox 1809 4655 1860 4715; x_wconf 88' lang='grc' dir='ltr'><strong>Ῐ)</strong></span> <span class='ocrx_word' id='word_1_706' title='bbox 1887 4677 2040 4732; x_wconf 78' lang='lat' dir='ltr'><strong>illum</strong></span> <span class='ocrx_word' id='word_1_707' title='bbox 2070 4673 2394 4745; x_wconf 68' lang='lat' dir='ltr'><strong>cognitionis</strong></span> <span class='ocrx_word' id='word_1_708' title='bbox 2421 4685 2592 4726; x_wconf 72' lang='lat' dir='ltr'><strong>sacrae</strong></span> <span class='ocrx_word' id='word_1_709' title='bbox 2624 4671 2847 4725; x_wconf 84' lang='lat' dir='ltr'><strong>ﬂuvium</strong></span> <span class='ocrx_word' id='word_1_710' title='bbox 2880 4685 3062 4726; x_wconf 86' lang='lat' dir='ltr'><strong>escam</strong></span> <span class='ocrx_word' id='word_1_711' title='bbox 3090 4667 3379 4724; x_wconf 89' lang='lat' dir='ltr'><strong>vehebant.</strong></span> 
     </span>
    </p>
   </div>
   <div class='ocr_carea' id='block_1_93' title="bbox 163 4763 1774 4835">
    <p class='ocr_par' dir='ltr' id='par_1_93' title="bbox 163 4763 1774 4835">
     <span class='ocr_line' id='line_1_93' title="bbox 163 4763 1774 4835; baseline -0.001 -11"><span class='ocrx_word' id='word_1_712' title='bbox 163 4769 241 4824; x_wconf 89' lang='lat' dir='ltr'><strong>ad</strong></span> <span class='ocrx_word' id='word_1_713' title='bbox 276 4775 515 4824; x_wconf 89' lang='lat' dir='ltr'><strong>montem</strong></span> <span class='ocrx_word' id='word_1_714' title='bbox 550 4765 643 4821; x_wconf 91' lang='lat' dir='ltr'><strong>Dei</strong></span> <span class='ocrx_word' id='word_1_715' title='bbox 675 4763 914 4829; x_wconf 88' lang='lat' dir='ltr'><strong>Choreb,</strong></span> <span class='ocrx_word' id='word_1_716' title='bbox 954 4773 1009 4818; x_wconf 93' lang='lat' dir='ltr'><strong>et</strong></span> <span class='ocrx_word' id='word_1_717' title='bbox 1049 4763 1292 4818; x_wconf 88' lang='lat' dir='ltr'><strong>introivit</strong></span> <span class='ocrx_word' id='word_1_718' title='bbox 1335 4765 1388 4818; x_wconf 88' lang='lat' dir='ltr'><strong>in</strong></span> <span class='ocrx_word' id='word_1_719' title='bbox 1435 4765 1774 4835; x_wconf 87' lang='lat' dir='ltr'><strong>speluncam.</strong></span> 
     </span>
    </p>
   </div>
   <div class='ocr_carea' id='block_1_94' title="bbox 168 4971 1776 5042">
    <p class='ocr_par' dir='ltr' id='par_1_94' title="bbox 168 4971 1776 5042">
     <span class='ocr_line' id='line_1_94' title="bbox 168 4971 1776 5042; baseline -0.01 0"><span class='ocrx_word' id='word_1_720' title='bbox 168 5000 300 5042; x_wconf 86' lang='lat' dir='ltr'><strong>men</strong></span> <span class='ocrx_word' id='word_1_721' title='bbox 333 4979 646 5042; x_wconf 86' lang='lat' dir='ltr'><strong>verisimile,</strong></span> <span class='ocrx_word' id='word_1_722' title='bbox 681 4985 740 5031; x_wconf 91' lang='grc' dir='ltr'><strong>ιιι</strong></span> <span class='ocrx_word' id='word_1_723' title='bbox 768 4972 1036 5030; x_wconf 86' lang='lat' dir='ltr'><strong>Baronius</strong></span> <span class='ocrx_word' id='word_1_724' title='bbox 1087 4971 1154 5026; x_wconf 90' lang='lat' dir='ltr'><strong>ad</strong></span> <span class='ocrx_word' id='word_1_725' title='bbox 1198 4985 1326 5025; x_wconf 87' lang='lat' dir='ltr'><strong>anu.</strong></span> <span class='ocrx_word' id='word_1_726' title='bbox 1361 4971 1460 5026; x_wconf 78' lang='grc'><strong>571</strong></span> <span class='ocrx_word' id='word_1_727' title='bbox 1497 4971 1776 5037; x_wconf 89' lang='lat' dir='ltr'><strong>observat,</strong></span> 
     </span>
    </p>
   </div>
   <div class='ocr_carea' id='block_1_95' title="bbox 171 5042 1779 5112">
    <p class='ocr_par' dir='ltr' id='par_1_95' title="bbox 171 5042 1779 5112">
     <span class='ocr_line' id='line_1_95' title="bbox 171 5042 1779 5112; baseline -0.011 -1"><span class='ocrx_word' id='word_1_728' title='bbox 171 5055 405 5112; x_wconf 88' lang='lat' dir='ltr'><strong>minime</strong></span> <span class='ocrx_word' id='word_1_729' title='bbox 433 5050 648 5106; x_wconf 90' lang='lat' dir='ltr'><strong>videtur</strong></span> <span class='ocrx_word' id='word_1_730' title='bbox 677 5046 1024 5104; x_wconf 80' lang='lat' dir='ltr'><strong>Ambrosium</strong></span> <span class='ocrx_word' id='word_1_731' title='bbox 1056 5042 1158 5097; x_wconf 87' lang='lat' dir='ltr'><strong>hoc</strong></span> <span class='ocrx_word' id='word_1_732' title='bbox 1186 5043 1306 5097; x_wconf 93' lang='lat' dir='ltr'><strong>loco</strong></span> <span class='ocrx_word' id='word_1_733' title='bbox 1335 5042 1388 5096; x_wconf 89' lang='lat' dir='ltr'><strong>id</strong></span> <span class='ocrx_word' id='word_1_734' title='bbox 1419 5043 1504 5097; x_wconf 91' lang='lat' dir='ltr'><strong>vel</strong></span> <span class='ocrx_word' id='word_1_735' title='bbox 1549 5053 1779 5112; x_wconf 61' lang='lat' dir='ltr'><strong>pratter-</strong></span> 
     </span>
    </p>
   </div>
   <div class='ocr_carea' id='block_1_96' title="bbox 170 5113 1782 5190">
    <p class='ocr_par' dir='ltr' id='par_1_96' title="bbox 170 5113 1782 5190">
     <span class='ocr_line' id='line_1_96' title="bbox 170 5113 1782 5190; baseline -0.009 -7"><span class='ocrx_word' id='word_1_736' title='bbox 170 5121 612 5190; x_wconf 84' lang='lat' dir='ltr'><strong>missurutn,vel</strong></span> <span class='ocrx_word' id='word_1_737' title='bbox 653 5118 948 5190; x_wconf 86' lang='lat' dir='ltr'><strong>secundum</strong></span> <span class='ocrx_word' id='word_1_738' title='bbox 1001 5125 1108 5190; x_wconf 80' lang='lat' dir='ltr'><strong>vet.</strong></span> <span class='ocrx_word' id='word_1_739' title='bbox 1151 5113 1282 5168; x_wconf 92' lang='lat' dir='ltr'><strong>edit.</strong></span> <span class='ocrx_word' id='word_1_740' title='bbox 1319 5115 1632 5190; x_wconf 69' lang='lat' dir='ltr'><strong>lectionem</strong></span> <span class='ocrx_word' id='word_1_741' title='bbox 1661 5117 1782 5190; x_wconf 81' lang='lat' dir='ltr'><strong>Dio-</strong></span> 
     </span>
    </p>
   </div>
   <div class='ocr_carea' id='block_1_97' title="bbox 168 5184 1782 5272">
    <p class='ocr_par' dir='ltr' id='par_1_97' title="bbox 168 5184 1782 5272">
     <span class='ocr_line' id='line_1_97' title="bbox 168 5184 1782 5272; baseline -0.009 -20"><span class='ocrx_word' id='word_1_742' title='bbox 168 5199 339 5272; x_wconf 80' lang='lat' dir='ltr'><strong>stysio</strong></span> <span class='ocrx_word' id='word_1_743' title='bbox 365 5184 580 5267; x_wconf 76' lang='lat' dir='ltr'><strong>priores</strong></span> <span class='ocrx_word' id='word_1_744' title='bbox 605 5193 656 5246; x_wconf 92' lang='lat' dir='ltr'><strong>in</strong></span> <span class='ocrx_word' id='word_1_745' title='bbox 686 5189 979 5272; x_wconf 80' lang='lat' dir='ltr'><strong>Eusebium</strong></span> <span class='ocrx_word' id='word_1_746' title='bbox 1006 5186 1312 5272; x_wconf 78' lang='lat' dir='ltr'><strong>delaturum</strong></span> <span class='ocrx_word' id='word_1_747' title='bbox 1342 5184 1528 5272; x_wconf 66' lang='lat' dir='ltr'><strong>fuisse,</strong></span> <span class='ocrx_word' id='word_1_748' title='bbox 1551 5186 1782 5272; x_wconf 38' lang='lat' dir='ltr'><strong>sinitujus</strong></span> 
     </span>
    </p>
   </div>
   <div class='ocr_carea' id='block_1_98' title="bbox 168 5256 1782 5326">
    <p class='ocr_par' dir='ltr' id='par_1_98' title="bbox 168 5256 1782 5326">
     <span class='ocr_line' id='line_1_98' title="bbox 168 5256 1782 5326; baseline -0.01 1"><span class='ocrx_word' id='word_1_749' title='bbox 168 5256 434 5326; x_wconf 66' lang='lat' dir='ltr'><strong>exsiliunt</strong></span> <span class='ocrx_word' id='word_1_750' title='bbox 467 5271 728 5321; x_wconf 90' lang='lat' dir='ltr'><strong>cruentus</strong></span> <span class='ocrx_word' id='word_1_751' title='bbox 771 5261 950 5315; x_wconf 80' lang='lat' dir='ltr'><strong>exitus</strong></span> <span class='ocrx_word' id='word_1_752' title='bbox 994 5266 1336 5313; x_wconf 88' lang='lat' dir='ltr'><strong>coronasset.</strong></span> <span class='ocrx_word' id='word_1_753' title='bbox 1389 5256 1494 5311; x_wconf 84' lang='lat' dir='ltr'><strong>Sed</strong></span> <span class='ocrx_word' id='word_1_754' title='bbox 1541 5257 1666 5311; x_wconf 89' lang='lat' dir='ltr'><strong>alibi</strong></span> <span class='ocrx_word' id='word_1_755' title='bbox 1715 5258 1782 5311; x_wconf 75' lang='lat' dir='ltr'><strong>tle</strong></span> 
     </span>
    </p>
   </div>
   <div class='ocr_carea' id='block_1_99' title="bbox 172 5329 1778 5398">
    <p class='ocr_par' dir='ltr' id='par_1_99' title="bbox 172 5329 1778 5398">
     <span class='ocr_line' id='line_1_99' title="bbox 172 5329 1778 5398; baseline -0.011 0"><span class='ocrx_word' id='word_1_756' title='bbox 172 5342 371 5398; x_wconf 90' lang='lat' dir='ltr'><strong>iisdem</strong></span> <span class='ocrx_word' id='word_1_757' title='bbox 407 5338 514 5392; x_wconf 89' lang='lat' dir='ltr'><strong>illis</strong></span> <span class='ocrx_word' id='word_1_758' title='bbox 544 5333 889 5392; x_wconf 91' lang='lat' dir='ltr'><strong>sermonibus</strong></span> <span class='ocrx_word' id='word_1_759' title='bbox 916 5343 980 5384; x_wconf 93' lang='lat' dir='ltr'><strong>ac</strong></span> <span class='ocrx_word' id='word_1_760' title='bbox 1010 5329 1078 5384; x_wconf 87' lang='lat' dir='ltr'><strong>de</strong></span> <span class='ocrx_word' id='word_1_761' title='bbox 1110 5338 1341 5398; x_wconf 90' lang='lat' dir='ltr'><strong>utroque</strong></span> <span class='ocrx_word' id='word_1_762' title='bbox 1366 5343 1392 5381; x_wconf 91' lang='lat' dir='ltr'><strong>s</strong></span> <span class='ocrx_word' id='word_1_763' title='bbox 1412 5336 1552 5380; x_wconf 82' lang='lat' dir='ltr'><strong>tllle)</strong></span> <span class='ocrx_word' id='word_1_764' title='bbox 1575 5329 1778 5382; x_wconf 74' lang='lat' dir='ltr'><strong>confes-</strong></span> 
     </span>
    </p>
   </div>
   <div class='ocr_carea' id='block_1_100' title="bbox 171 5409 794 5470">
    <p class='ocr_par' dir='ltr' id='par_1_100' title="bbox 171 5409 794 5470">
     <span class='ocr_line' id='line_1_100' title="bbox 171 5409 794 5470; baseline -0.019 0"><span class='ocrx_word' id='word_1_765' title='bbox 171 5429 309 5470; x_wconf 88' lang='lat' dir='ltr'><strong>sorc</strong></span> <span class='ocrx_word' id='word_1_766' title='bbox 350 5409 544 5466; x_wconf 86' lang='lat' dir='ltr'><strong>dicturi</strong></span> <span class='ocrx_word' id='word_1_767' title='bbox 586 5420 794 5460; x_wconf 89' lang='lat' dir='ltr'><strong>sumus.</strong></span> 
     </span>
    </p>
   </div>
   <div class='ocr_carea' id='block_1_101' title="bbox 259 5470 1793 5541">
    <p class='ocr_par' dir='ltr' id='par_1_101' title="bbox 259 5470 1793 5541">
     <span class='ocr_line' id='line_1_101' title="bbox 259 5470 1793 5541; baseline -0.01 -2"><span class='ocrx_word' id='word_1_768' title='bbox 259 5493 285 5520; x_wconf 72' lang='grc' dir='ltr'>ει</span> <span class='ocrx_word' id='word_1_769' title='bbox 315 5484 518 5538; x_wconf 83' lang='lat' dir='ltr'><strong>Omnes</strong></span> <span class='ocrx_word' id='word_1_770' title='bbox 561 5479 692 5532; x_wconf 88' lang='lat' dir='ltr'><strong>edit.</strong></span> <span class='ocrx_word' id='word_1_771' title='bbox 742 5490 805 5529; x_wconf 88' lang='lat' dir='ltr'><strong>ac</strong></span> <span class='ocrx_word' id='word_1_772' title='bbox 847 5473 999 5541; x_wconf 69' lang='lat' dir='ltr'><strong>panici</strong></span> <span class='ocrx_word' id='word_1_773' title='bbox 1047 5486 1204 5535; x_wconf 81' lang='lat' dir='ltr'><strong>mss.,</strong></span> <span class='ocrx_word' id='word_1_774' title='bbox 1243 5470 1312 5522; x_wconf 86' lang='lat' dir='ltr'><strong>ad</strong></span> <span class='ocrx_word' id='word_1_775' title='bbox 1351 5470 1668 5534; x_wconf 76' lang='lat' dir='ltr'><strong>cantitatem;</strong></span> <span class='ocrx_word' id='word_1_776' title='bbox 1699 5470 1793 5524; x_wconf 90' lang='lat' dir='ltr'><strong>alii</strong></span> 
     </span>
    </p>
   </div>
   <div class='ocr_carea' id='block_1_102' title="bbox 172 5542 1794 5617">
    <p class='ocr_par' dir='ltr' id='par_1_102' title="bbox 172 5542 1794 5617">
     <span class='ocr_line' id='line_1_102' title="bbox 172 5542 1794 5617; baseline -0.01 -7"><span class='ocrx_word' id='word_1_777' title='bbox 172 5571 316 5612; x_wconf 73' lang='lat' dir='ltr'><strong>vero</strong></span> <span class='ocrx_word' id='word_1_778' title='bbox 351 5569 505 5616; x_wconf 80' lang='lat' dir='ltr'><strong>mss.,</strong></span> <span class='ocrx_word' id='word_1_779' title='bbox 552 5547 744 5617; x_wconf 88' lang='lat' dir='ltr'><strong>majori</strong></span> <span class='ocrx_word' id='word_1_780' title='bbox 775 5558 1024 5607; x_wconf 89' lang='lat' dir='ltr'><strong>numero,</strong></span> <span class='ocrx_word' id='word_1_781' title='bbox 1055 5543 1123 5617; x_wconf 84' lang='lat' dir='ltr'><strong>ad</strong></span> <span class='ocrx_word' id='word_1_782' title='bbox 1149 5542 1584 5617; x_wconf 78' lang='lat' dir='ltr'><strong>commoditatem,</strong></span> <span class='ocrx_word' id='word_1_783' title='bbox 1631 5542 1794 5595; x_wconf 91' lang='lat' dir='ltr'><strong>nimi-</strong></span> 
     </span>
    </p>
   </div>
   <div class='ocr_carea' id='block_1_103' title="bbox 173 5612 1794 5692">
    <p class='ocr_par' dir='ltr' id='par_1_103' title="bbox 173 5612 1794 5692">
     <span class='ocr_line' id='line_1_103' title="bbox 173 5612 1794 5692; baseline -0.01 -8"><span class='ocrx_word' id='word_1_784' title='bbox 173 5645 307 5686; x_wconf 86' lang='lat' dir='ltr'><strong>rum</strong></span> <span class='ocrx_word' id='word_1_785' title='bbox 343 5635 400 5680; x_wconf 94' lang='lat' dir='ltr'><strong>ut</strong></span> <span class='ocrx_word' id='word_1_786' title='bbox 433 5612 829 5692; x_wconf 70' lang='lat' dir='ltr'><strong>proximorum</strong></span> <span class='ocrx_word' id='word_1_787' title='bbox 858 5613 1279 5692; x_wconf 75' lang='lat' dir='ltr'><strong>necessitatibus</strong></span> <span class='ocrx_word' id='word_1_788' title='bbox 1318 5612 1604 5692; x_wconf 76' lang='lat' dir='ltr'><strong>inserviat,</strong></span> <span class='ocrx_word' id='word_1_789' title='bbox 1638 5621 1695 5692; x_wconf 75' lang='lat' dir='ltr'><strong>et</strong></span> <span class='ocrx_word' id='word_1_790' title='bbox 1733 5627 1794 5668; x_wconf 85' lang='lat' dir='ltr'><strong>se</strong></span> 
     </span>
    </p>
   </div>
   <div class='ocr_carea' id='block_1_104' title="bbox 172 5683 1787 5755">
    <p class='ocr_par' dir='ltr' id='par_1_104' title="bbox 172 5683 1787 5755">
     <span class='ocr_line' id='line_1_104' title="bbox 172 5683 1787 5755; baseline -0.011 0"><span class='ocrx_word' id='word_1_791' title='bbox 172 5683 598 5755; x_wconf 69' lang='lat' dir='ltr'><strong>accommodet:</strong></span> <span class='ocrx_word' id='word_1_792' title='bbox 631 5691 711 5745; x_wconf 89' lang='lat' dir='ltr'><strong>sic</strong></span> <span class='ocrx_word' id='word_1_793' title='bbox 758 5687 922 5742; x_wconf 88' lang='lat' dir='ltr'><strong>etiam</strong></span> <span class='ocrx_word' id='word_1_794' title='bbox 973 5684 1253 5740; x_wconf 87' lang='lat' dir='ltr'><strong>moralitas</strong></span> <span class='ocrx_word' id='word_1_795' title='bbox 1303 5685 1594 5739; x_wconf 72' lang='lat' dir='ltr'><strong>Ambrosio</strong></span> <span class='ocrx_word' id='word_1_796' title='bbox 1645 5683 1787 5740; x_wconf 88' lang='lat' dir='ltr'><strong>idem</strong></span> 
     </span>
    </p>
   </div>
   <div class='ocr_carea' id='block_1_105' title="bbox 173 5761 897 5830">
    <p class='ocr_par' dir='ltr' id='par_1_105' title="bbox 173 5761 897 5830">
     <span class='ocr_line' id='line_1_105' title="bbox 173 5761 897 5830; baseline -0.025 -2"><span class='ocrx_word' id='word_1_797' title='bbox 173 5780 275 5830; x_wconf 91' lang='lat' dir='ltr'><strong>est</strong></span> <span class='ocrx_word' id='word_1_798' title='bbox 308 5784 371 5823; x_wconf 92' lang='lat' dir='ltr'><strong>ac</strong></span> <span class='ocrx_word' id='word_1_799' title='bbox 402 5779 610 5822; x_wconf 89' lang='lat' dir='ltr'><strong>morum</strong></span> <span class='ocrx_word' id='word_1_800' title='bbox 644 5761 897 5815; x_wconf 89' lang='lat' dir='ltr'><strong>facilitas.</strong></span> 
     </span>
    </p>
   </div>
   <div class='ocr_carea' id='block_1_106' title="bbox 264 5828 1578 5904">
    <p class='ocr_par' dir='ltr' id='par_1_106' title="bbox 264 5828 1578 5904">
     <span class='ocr_line' id='line_1_106' title="bbox 264 5828 1578 5904; baseline -0.009 -10"><span class='ocrx_word' id='word_1_801' title='bbox 264 5841 290 5880; x_wconf 71' lang='grc' dir='ltr'>δ</span> <span class='ocrx_word' id='word_1_802' title='bbox 323 5840 450 5894; x_wconf 83' lang='lat' dir='ltr'><strong>Mss.</strong></span> <span class='ocrx_word' id='word_1_803' title='bbox 480 5834 704 5904; x_wconf 87' lang='lat' dir='ltr'><strong>aliquot,</strong></span> <span class='ocrx_word' id='word_1_804' title='bbox 740 5829 1174 5904; x_wconf 25' lang='lat' dir='ltr'><strong>utAinﬁrmarctur</strong></span> <span class='ocrx_word' id='word_1_805' title='bbox 1199 5828 1429 5904; x_wconf 46' lang='lat' dir='ltr'><strong>coibunt,</strong></span> <span class='ocrx_word' id='word_1_806' title='bbox 1459 5836 1578 5896; x_wconf 5' lang='lat' dir='ltr'><strong>etc.)</strong></span> 
     </span>
    </p>
   </div>
   <div class='ocr_carea' id='block_1_107' title="bbox 270 5899 1783 5971">
    <p class='ocr_par' dir='ltr' id='par_1_107' title="bbox 270 5899 1783 5971">
     <span class='ocr_line' id='line_1_107' title="bbox 270 5899 1783 5971; baseline -0.006 -8"><span class='ocrx_word' id='word_1_807' title='bbox 270 5925 289 5949; x_wconf 73' lang='grc' dir='ltr'><strong><em>ε</em></strong></span> <span class='ocrx_word' id='word_1_808' title='bbox 323 5910 400 5965; x_wconf 89' lang='lat' dir='ltr'><strong>lta</strong></span> <span class='ocrx_word' id='word_1_809' title='bbox 445 5915 552 5962; x_wconf 86' lang='lat' dir='ltr'><strong>vet.</strong></span> <span class='ocrx_word' id='word_1_810' title='bbox 574 5899 733 5959; x_wconf 54' lang='lat' dir='ltr'><strong>&#39;edit.</strong></span> <span class='ocrx_word' id='word_1_811' title='bbox 769 5901 1056 5971; x_wconf 88' lang='lat' dir='ltr'><strong>pluresque</strong></span> <span class='ocrx_word' id='word_1_812' title='bbox 1089 5912 1217 5956; x_wconf 78' lang='lat' dir='ltr'><strong>mss.</strong></span> <span class='ocrx_word' id='word_1_813' title='bbox 1254 5899 1410 5957; x_wconf 80' lang='lat' dir='ltr'><strong>Rom.</strong></span> <span class='ocrx_word' id='word_1_814' title='bbox 1442 5909 1619 5957; x_wconf 86' lang='lat' dir='ltr'><strong>autem</strong></span> <span class='ocrx_word' id='word_1_815' title='bbox 1653 5899 1783 5957; x_wconf 85' lang='lat' dir='ltr'><strong>edit.</strong></span> 
     </span>
    </p>
   </div>
   <div class='ocr_carea' id='block_1_108' title="bbox 1957 4755 3496 4834">
    <p class='ocr_par' dir='ltr' id='par_1_108' title="bbox 1957 4755 3496 4834">
     <span class='ocr_line' id='line_1_108' title="bbox 1957 4755 3496 4834; baseline -0.009 -12"><span class='ocrx_word' id='word_1_816' title='bbox 1957 4768 2049 4822; x_wconf 90' lang='lat'><strong>80.</strong></span> <span class='ocrx_word' id='word_1_817' title='bbox 2091 4766 2271 4822; x_wconf 87' lang='lat' dir='ltr'><strong>Pascit</strong></span> <span class='ocrx_word' id='word_1_818' title='bbox 2313 4763 2661 4834; x_wconf 87' lang='lat' dir='ltr'><strong>prophetam,</strong></span> <span class='ocrx_word' id='word_1_819' title='bbox 2691 4765 2781 4833; x_wconf 91' lang='lat' dir='ltr'><strong>qui</strong></span> <span class='ocrx_word' id='word_1_820' title='bbox 2815 4761 3093 4832; x_wconf 88' lang='lat' dir='ltr'><strong>intelligit,</strong></span> <span class='ocrx_word' id='word_1_821' title='bbox 3125 4763 3216 4830; x_wconf 91' lang='lat' dir='ltr'><strong>qui</strong></span> <span class='ocrx_word' id='word_1_822' title='bbox 3257 4755 3496 4812; x_wconf 90' lang='lat' dir='ltr'><strong>custodit</strong></span> 
     </span>
    </p>
   </div>
   <div class='ocr_carea' id='block_1_109' title="bbox 1889 4964 3496 5037">
    <p class='ocr_par' dir='ltr' id='par_1_109' title="bbox 1889 4964 3496 5037">
     <span class='ocr_line' id='line_1_109' title="bbox 1889 4964 3496 5037; baseline -0.006 -10"><span class='ocrx_word' id='word_1_823' title='bbox 1889 4987 2011 5027; x_wconf 92' lang='lat' dir='ltr'><strong>cum</strong></span> <span class='ocrx_word' id='word_1_824' title='bbox 2039 4971 2161 5026; x_wconf 91' lang='lat' dir='ltr'><strong>aliis</strong></span> <span class='ocrx_word' id='word_1_825' title='bbox 2183 4969 2306 5025; x_wconf 92' lang='lat' dir='ltr'><strong>cod.</strong></span> <span class='ocrx_word' id='word_1_826' title='bbox 2340 4968 2617 5024; x_wconf 91' lang='lat' dir='ltr'><strong>nonnullis</strong></span> <span class='ocrx_word' id='word_1_827' title='bbox 2641 4969 2920 5037; x_wconf 86' lang='lat' dir='ltr'><strong>omittunt,</strong></span> <span class='ocrx_word' id='word_1_828' title='bbox 2949 4979 2996 5023; x_wconf 88' lang='lat' dir='ltr'><strong>et</strong></span> <span class='ocrx_word' id='word_1_829' title='bbox 3023 4966 3306 5020; x_wconf 87' lang='lat' dir='ltr'><strong>Dominum</strong></span> <span class='ocrx_word' id='word_1_830' title='bbox 3327 4964 3496 5034; x_wconf 84' lang='lat' dir='ltr'><strong>bapti—</strong></span> 
     </span>
    </p>
   </div>
   <div class='ocr_carea' id='block_1_110' title="bbox 1891 5045 2044 5097">
    <p class='ocr_par' dir='ltr' id='par_1_110' title="bbox 1891 5045 2044 5097">
     <span class='ocr_line' id='line_1_110' title="bbox 1891 5045 2044 5097; baseline -0.007 0"><span class='ocrx_word' id='word_1_831' title='bbox 1891 5045 2044 5097; x_wconf 68' lang='lat' dir='ltr'><strong>savii.</strong></span> 
     </span>
    </p>
   </div>
   <div class='ocr_carea' id='block_1_111' title="bbox 1963 5109 3496 5184">
    <p class='ocr_par' dir='ltr' id='par_1_111' title="bbox 1963 5109 3496 5184">
     <span class='ocr_line' id='line_1_111' title="bbox 1963 5109 3496 5184; baseline -0.005 -16"><span class='ocrx_word' id='word_1_832' title='bbox 1963 5113 1986 5150; x_wconf 89' lang='grc'><strong>·¹</strong></span> <span class='ocrx_word' id='word_1_833' title='bbox 2025 5115 2078 5168; x_wconf 92' lang='lat' dir='ltr'><strong>In</strong></span> <span class='ocrx_word' id='word_1_834' title='bbox 2111 5114 2204 5168; x_wconf 93' lang='lat' dir='ltr'><strong>lib.</strong></span> <span class='ocrx_word' id='word_1_835' title='bbox 2241 5113 2310 5168; x_wconf 81' lang='lat' dir='ltr'><strong>tle</strong></span> <span class='ocrx_word' id='word_1_836' title='bbox 2337 5111 2484 5183; x_wconf 88' lang='lat' dir='ltr'><strong>Fuga</strong></span> <span class='ocrx_word' id='word_1_837' title='bbox 2516 5114 2699 5168; x_wconf 68' lang='lat' dir='ltr'><strong>sar-culi</strong></span> <span class='ocrx_word' id='word_1_838' title='bbox 2731 5129 2853 5184; x_wconf 90' lang='lat' dir='ltr'><strong>cap.</strong></span> <span class='ocrx_word' id='word_1_839' title='bbox 2896 5113 2950 5179; x_wconf 86' lang='lat'><strong>6,</strong></span> <span class='ocrx_word' id='word_1_840' title='bbox 2981 5125 3135 5184; x_wconf 75' lang='lat' dir='ltr'><strong>nutu.</strong></span> <span class='ocrx_word' id='word_1_841' title='bbox 3165 5109 3266 5184; x_wconf 77' lang='grc'><strong>54,</strong></span> <span class='ocrx_word' id='word_1_842' title='bbox 3290 5109 3496 5162; x_wconf 77' lang='lat' dir='ltr'><strong>Choratl</strong></span> 
     </span>
    </p>
   </div>
   <div class='ocr_carea' id='block_1_112' title="bbox 1893 5181 3492 5257">
    <p class='ocr_par' dir='ltr' id='par_1_112' title="bbox 1893 5181 3492 5257">
     <span class='ocr_line' id='line_1_112' title="bbox 1893 5181 3492 5257; baseline -0.004 -17"><span class='ocrx_word' id='word_1_843' title='bbox 1893 5186 2182 5257; x_wconf 78' lang='lat' dir='ltr'><strong>exponitur</strong></span> <span class='ocrx_word' id='word_1_844' title='bbox 2211 5181 2470 5257; x_wconf 77' lang='lat' dir='ltr'><strong>cognitio;</strong></span> <span class='ocrx_word' id='word_1_845' title='bbox 2492 5185 2586 5239; x_wconf 90' lang='lat' dir='ltr'><strong>sed</strong></span> <span class='ocrx_word' id='word_1_846' title='bbox 2613 5184 2746 5239; x_wconf 82' lang='lat' dir='ltr'><strong>Oreb</strong></span> <span class='ocrx_word' id='word_1_847' title='bbox 2767 5181 2874 5248; x_wconf 73' lang='lat' dir='ltr'><strong>vel,</strong></span> <span class='ocrx_word' id='word_1_848' title='bbox 2898 5195 2955 5237; x_wconf 94' lang='lat' dir='ltr'><strong>ut</strong></span> <span class='ocrx_word' id='word_1_849' title='bbox 2975 5181 3230 5257; x_wconf 83' lang='lat' dir='ltr'><strong>scribitur</strong></span> <span class='ocrx_word' id='word_1_850' title='bbox 3256 5182 3306 5234; x_wconf 91' lang='lat' dir='ltr'><strong>in</strong></span> <span class='ocrx_word' id='word_1_851' title='bbox 3334 5195 3492 5257; x_wconf 82' lang='lat' dir='ltr'><strong>tns_s.,</strong></span> 
     </span>
    </p>
   </div>
   <div class='ocr_carea' id='block_1_113' title="bbox 1895 5251 3498 5321">
    <p class='ocr_par' dir='ltr' id='par_1_113' title="bbox 1895 5251 3498 5321">
     <span class='ocr_line' id='line_1_113' title="bbox 1895 5251 3498 5321; baseline -0.005 -10"><span class='ocrx_word' id='word_1_852' title='bbox 1895 5251 2112 5319; x_wconf 52' lang='lat' dir='ltr'><strong>Clt&#39;oreb,</strong></span> <span class='ocrx_word' id='word_1_853' title='bbox 2148 5257 2200 5310; x_wconf 93' lang='lat' dir='ltr'><strong>in</strong></span> <span class='ocrx_word' id='word_1_854' title='bbox 2235 5251 2430 5311; x_wconf 70' lang='lat' dir='ltr'><strong>eodem</strong></span> <span class='ocrx_word' id='word_1_855' title='bbox 2468 5257 2604 5311; x_wconf 86' lang='lat' dir='ltr'><strong>libro</strong></span> <span class='ocrx_word' id='word_1_856' title='bbox 2653 5257 2854 5312; x_wconf 82' lang='lat' dir='ltr'><strong>dicitur</strong></span> <span class='ocrx_word' id='word_1_857' title='bbox 2899 5255 3193 5317; x_wconf 74' lang='lat' dir='ltr'><strong>exsiccatio,</strong></span> <span class='ocrx_word' id='word_1_858' title='bbox 3236 5264 3291 5306; x_wconf 91' lang='lat' dir='ltr'><strong>et</strong></span> <span class='ocrx_word' id='word_1_859' title='bbox 3339 5251 3498 5321; x_wconf 89' lang='lat' dir='ltr'><strong>vulgo</strong></span> 
     </span>
    </p>
   </div>
   <div class='ocr_carea' id='block_1_114' title="bbox 1895 5324 3498 5396">
    <p class='ocr_par' dir='ltr' id='par_1_114' title="bbox 1895 5324 3498 5396">
     <span class='ocr_line' id='line_1_114' title="bbox 1895 5324 3498 5396; baseline -0.004 -12"><span class='ocrx_word' id='word_1_860' title='bbox 1895 5329 2060 5384; x_wconf 84' lang='lat' dir='ltr'><strong>etiam</strong></span> <span class='ocrx_word' id='word_1_861' title='bbox 2093 5328 2398 5396; x_wconf 69' lang='lat' dir='ltr'><strong>cXpIicatur</strong></span> <span class='ocrx_word' id='word_1_862' title='bbox 2427 5330 2652 5394; x_wconf 84' lang='lat' dir='ltr'><strong>siccitas,</strong></span> <span class='ocrx_word' id='word_1_863' title='bbox 2689 5330 2971 5390; x_wconf 79' lang='lat' dir='ltr'><strong>desertum,</strong></span> <span class='ocrx_word' id='word_1_864' title='bbox 3003 5324 3284 5396; x_wconf 75' lang='lat' dir='ltr'><strong>destructio</strong></span> <span class='ocrx_word' id='word_1_865' title='bbox 3314 5334 3360 5376; x_wconf 91' lang='lat' dir='ltr'><strong>et</strong></span> <span class='ocrx_word' id='word_1_866' title='bbox 3387 5325 3498 5394; x_wconf 85' lang='lat' dir='ltr'><strong>gla-</strong></span> 
     </span>
    </p>
   </div>
   <div class='ocr_carea' id='block_1_115' title="bbox 1896 5395 3495 5469">
    <p class='ocr_par' dir='ltr' id='par_1_115' title="bbox 1896 5395 3495 5469">
     <span class='ocr_line' id='line_1_115' title="bbox 1896 5395 3495 5469; baseline -0.003 -17"><span class='ocrx_word' id='word_1_867' title='bbox 1896 5401 2036 5466; x_wconf 80' lang='lat' dir='ltr'><strong>dius,</strong></span> <span class='ocrx_word' id='word_1_868' title='bbox 2065 5415 2092 5451; x_wconf 89' lang='lat' dir='ltr'><strong>a</strong></span> <span class='ocrx_word' id='word_1_869' title='bbox 2122 5395 2319 5468; x_wconf 89' lang='lat' dir='ltr'><strong>quibus</strong></span> <span class='ocrx_word' id='word_1_870' title='bbox 2347 5401 2883 5469; x_wconf 86' lang='lat' dir='ltr'><strong>interpretationibus</strong></span> <span class='ocrx_word' id='word_1_871' title='bbox 2907 5399 3008 5469; x_wconf 87' lang='lat' dir='ltr'><strong>hoc</strong></span> <span class='ocrx_word' id='word_1_872' title='bbox 3030 5395 3148 5469; x_wconf 81' lang='lat' dir='ltr'><strong>loco</strong></span> <span class='ocrx_word' id='word_1_873' title='bbox 3175 5409 3281 5469; x_wconf 84' lang='lat' dir='ltr'><strong>non</strong></span> <span class='ocrx_word' id='word_1_874' title='bbox 3306 5409 3495 5469; x_wconf 84' lang='lat' dir='ltr'><strong>parum</strong></span> 
     </span>
    </p>
   </div>
   <div class='ocr_carea' id='block_1_116' title="bbox 1896 5465 3496 5533">
    <p class='ocr_par' dir='ltr' id='par_1_116' title="bbox 1896 5465 3496 5533">
     <span class='ocr_line' id='line_1_116' title="bbox 1896 5465 3496 5533; baseline -0.005 -5"><span class='ocrx_word' id='word_1_875' title='bbox 1896 5465 2218 5528; x_wconf 83' lang='lat' dir='ltr'><strong>Ambrosius</strong></span> <span class='ocrx_word' id='word_1_876' title='bbox 2259 5465 2505 5533; x_wconf 45' lang='lat' dir='ltr'><strong>recedit;</strong></span> <span class='ocrx_word' id='word_1_877' title='bbox 2524 5473 2620 5527; x_wconf 87' lang='lat' dir='ltr'><strong>sed</strong></span> <span class='ocrx_word' id='word_1_878' title='bbox 2661 5469 2800 5524; x_wconf 89' lang='lat' dir='ltr'><strong>haud</strong></span> <span class='ocrx_word' id='word_1_879' title='bbox 2829 5468 2993 5523; x_wconf 87' lang='lat' dir='ltr'><strong>dubio</strong></span> <span class='ocrx_word' id='word_1_880' title='bbox 3020 5467 3162 5518; x_wconf 89' lang='lat' dir='ltr'><strong>alius</strong></span> <span class='ocrx_word' id='word_1_881' title='bbox 3195 5465 3496 5532; x_wconf 72' lang='lat' dir='ltr'><strong>cuiuspiam</strong></span> 
     </span>
    </p>
   </div>
   <div class='ocr_carea' id='block_1_117' title="bbox 1895 5537 3495 5612">
    <p class='ocr_par' dir='ltr' id='par_1_117' title="bbox 1895 5537 3495 5612">
     <span class='ocr_line' id='line_1_117' title="bbox 1895 5537 3495 5612; baseline -0.004 -16"><span class='ocrx_word' id='word_1_882' title='bbox 1895 5543 2174 5612; x_wconf 81' lang='lat' dir='ltr'><strong>scriptoris</strong></span> <span class='ocrx_word' id='word_1_883' title='bbox 2197 5546 2575 5598; x_wconf 87' lang='lat' dir='ltr'><strong>auctoritatem</strong></span> <span class='ocrx_word' id='word_1_884' title='bbox 2598 5549 2839 5612; x_wconf 82' lang='lat' dir='ltr'><strong>secutus.</strong></span> <span class='ocrx_word' id='word_1_885' title='bbox 2872 5537 3025 5605; x_wconf 70' lang='lat' dir='ltr'><strong>Quod</strong></span> <span class='ocrx_word' id='word_1_886' title='bbox 3047 5553 3186 5612; x_wconf 65' lang='lat' dir='ltr'><strong>vero</strong></span> <span class='ocrx_word' id='word_1_887' title='bbox 3211 5537 3276 5590; x_wconf 89' lang='lat' dir='ltr'><strong>ad</strong></span> <span class='ocrx_word' id='word_1_888' title='bbox 3308 5552 3495 5591; x_wconf 87' lang='lat' dir='ltr'><strong>vocem</strong></span> 
     </span>
    </p>
   </div>
   <div class='ocr_carea' id='block_1_118' title="bbox 1897 5607 3495 5681">
    <p class='ocr_par' dir='ltr' id='par_1_118' title="bbox 1897 5607 3495 5681">
     <span class='ocr_line' id='line_1_118' title="bbox 1897 5607 3495 5681; baseline -0.003 -15"><span class='ocrx_word' id='word_1_889' title='bbox 1897 5607 2145 5669; x_wconf 77' lang='lat' dir='ltr'><strong>Bersabee</strong></span> <span class='ocrx_word' id='word_1_890' title='bbox 2175 5629 2272 5669; x_wconf 90' lang='lat' dir='ltr'><strong>seu</strong></span> <span class='ocrx_word' id='word_1_891' title='bbox 2306 5613 2570 5679; x_wconf 83' lang='lat' dir='ltr'><strong>Betsabec,</strong></span> <span class='ocrx_word' id='word_1_892' title='bbox 2616 5612 2762 5666; x_wconf 91' lang='lat' dir='ltr'><strong>illam</strong></span> <span class='ocrx_word' id='word_1_893' title='bbox 2793 5611 2914 5681; x_wconf 88' lang='lat' dir='ltr'><strong>ejus</strong></span> <span class='ocrx_word' id='word_1_894' title='bbox 2938 5607 3350 5678; x_wconf 87' lang='lat' dir='ltr'><strong>explicationem</strong></span> <span class='ocrx_word' id='word_1_895' title='bbox 3383 5622 3495 5662; x_wconf 78' lang='lat' dir='ltr'><strong>om-</strong></span> 
     </span>
    </p>
   </div>
   <div class='ocr_carea' id='block_1_119' title="bbox 1897 5695 2356 5754">
    <p class='ocr_par' dir='ltr' id='par_1_119' title="bbox 1897 5695 2356 5754">
     <span class='ocr_line' id='line_1_119' title="bbox 1897 5695 2356 5754; baseline 0 -16"><span class='ocrx_word' id='word_1_896' title='bbox 1897 5700 1994 5742; x_wconf 88' lang='lat' dir='ltr'><strong>nes</strong></span> <span class='ocrx_word' id='word_1_897' title='bbox 2025 5695 2356 5754; x_wconf 86' lang='lat' dir='ltr'><strong>proponunt.</strong></span> 
     </span>
    </p>
   </div>
   <div class='ocr_carea' id='block_1_120' title="bbox 1972 5751 3498 5823">
    <p class='ocr_par' dir='ltr' id='par_1_120' title="bbox 1972 5751 3498 5823">
     <span class='ocr_line' id='line_1_120' title="bbox 1972 5751 3498 5823; baseline -0.005 -11"><span class='ocrx_word' id='word_1_898' title='bbox 1972 5767 1993 5793; x_wconf 74' lang='grc' dir='ltr'>ε</span> <span class='ocrx_word' id='word_1_899' title='bbox 2027 5751 2286 5812; x_wconf 74' lang='grc' dir='ltr'>Ιιιιίιιεε.</span> <span class='ocrx_word' id='word_1_900' title='bbox 2339 5769 2507 5823; x_wconf 89' lang='lat' dir='ltr'><strong>prope</strong></span> <span class='ocrx_word' id='word_1_901' title='bbox 2557 5753 2624 5809; x_wconf 90' lang='lat' dir='ltr'><strong>ad</strong></span> <span class='ocrx_word' id='word_1_902' title='bbox 2677 5770 2842 5809; x_wconf 90' lang='lat' dir='ltr'><strong>unum</strong></span> <span class='ocrx_word' id='word_1_903' title='bbox 2878 5771 2889 5806; x_wconf 92' lang='lat'><strong>:</strong></span> <span class='ocrx_word' id='word_1_904' title='bbox 2925 5765 3116 5810; x_wconf 88' lang='lat' dir='ltr'><strong>omnes</strong></span> <span class='ocrx_word' id='word_1_905' title='bbox 3163 5764 3292 5806; x_wconf 86' lang='lat' dir='ltr'><strong>vero</strong></span> <span class='ocrx_word' id='word_1_906' title='bbox 3339 5751 3498 5816; x_wconf 89' lang='lat' dir='ltr'><strong>edit.,</strong></span> 
     </span>
    </p>
   </div>
   <div class='ocr_carea' id='block_1_121' title="bbox 1897 5825 2478 5896">
    <p class='ocr_par' dir='ltr' id='par_1_121' title="bbox 1897 5825 2478 5896">
     <span class='ocr_line' id='line_1_121' title="bbox 1897 5825 2478 5896; baseline -0.01 -14"><span class='ocrx_word' id='word_1_907' title='bbox 1897 5828 2111 5896; x_wconf 75' lang='lat' dir='ltr'><strong>ﬂumina</strong></span> <span class='ocrx_word' id='word_1_908' title='bbox 2151 5825 2478 5896; x_wconf 83' lang='lat' dir='ltr'><strong>cognitionis.</strong></span> 
     </span>
    </p>
   </div>
  </div>
