3932 6296
470 290 616 363 1218
1804 285 2023 347 SANCT

2195 285 2416 347 BROSII
3640 283 3746 345 i210

474 409 657 477 vivio,
695 405 807 464 illis
840 413 895 463 te
929 404 1051 477 cepi
1080 403 1365 477 epularum
1406 401 1614 459 retibus
1634 442 1648 469 ,
1693 413 1795 472 ego
1827 408 1880 455 te
1915 398 2067 455 addi-
2097 404 2145 465 Α
2176 398 2498 470 pervenire;
2530 412 2597 453 ne
2622 397 2942 468 subjaceant
2966 394 3179 452 diutius
3206 394 3495 451 seniorum
3521 394 3746 451 arbitrio:

473 510 623 560 ctum
655 508 820 557 teneo
846 499 990 571 gulae
1023 506 1129 553 tua:
1166 494 1556 567 chirographo.
1586 495 1669 549 An
1699 492 1919 564 ignoras
1944 491 2072 561 quia
2173 500 2301 548 sunt
2328 490 2491 547 etiam
2522 505 2682 547 senes
2702 531 2717 555 ,
2750 489 2840 561 qui
2870 490 3077 556 velint,
3112 488 3157 543 si
3194 488 3446 557 possint,
3488 487 3554 541 ad
3586 486 3745 557 juven-

480 595 705 653 charius
733 594 835 650 fuit
864 607 1068 651 mensae
1097 602 1200 648 tute
1231 605 1391 662 quam
1423 590 1547 644 vita:
1578 588 1849 659 pretium?
1874 586 1990 641 Tuo
2021 593 2073 640 te
2177 594 2344 641 tutem
2369 584 2565 642 redire.
2591 585 2833 652 Quorum
2856 582 3098 639 studium
3128 591 3392 638 neutrum
3427 581 3628 650 probo;
3654 582 3751 648 quia

474 686 686 760 judicio
724 688 990 743 revinco:
1032 700 1165 756 nega
1191 725 1207 750 ,
1247 683 1294 738 si
1332 691 1523 760 potes,
1572 680 1669 737 sed
1715 694 1915 751 negare
1965 692 2073 734 non
2173 678 2408 750 juvenes
2448 677 2712 735 fastidiosi
2756 677 3109 749 praesentium
3134 719 3149 743 ,
3181 675 3343 747 quasi
3377 675 3572 747 ingrati
3609 686 3751 731 mata-

480 758 659 855 potes.
694 781 942 852 Denique
970 779 1105 836 nihil
1136 778 1204 835 ad
1234 758 1400 833 vitam
1432 774 1769 845 reservasti,
1802 783 1975 831 totum
2007 772 2076 830 ad
2179 773 2379 828 tionem
2420 773 2637 829 vivendi
2680 772 3002 843 requirunt,
3047 785 3216 828 senes
3259 769 3623 835 dilationem;
3660 786 3753 826 cum

483 891 731 934 mensam
753 875 1083 947 expendisti.
1107 872 1224 929 Non
1253 880 1433 944 potest
1458 872 1644 929 dicere
1664 871 1915 927 adulter:
1944 870 2081 925 Por-
2181 867 2354 939 possit
2395 877 2450 923 et
2480 867 2736 938 juventus
2775 880 3064 922 senescere
3107 865 3393 930 moribus,
3441 874 3497 920 et
3537 876 3752 921 senectus

486 970 561 1025 tio
599 984 710 1024 mea
750 966 1041 1031 Dominus;
1080 966 1207 1036 quia
1251 966 1402 1021 venit
1443 964 1640 1031 libido,
1676 974 1732 1020 et
1759 963 1927 1020 dicit:
1963 964 2078 1034 Ego
2180 960 2357 1016 virere
2386 960 2662 1031 operibus.
2704 959 2891 1031 Neque
2927 962 3072 1015 enim
3103 957 3551 1015 emendationem
3582 974 3755 1013 mortus

482 1075 605 1117 sum
640 1058 739 1117 tibi
765 1059 981 1131 portio,
1013 1058 1143 1114 mihi
1184 1067 1236 1113 te
1267 1058 1320 1112 in
1354 1057 1503 1113 illius
1532 1056 1956 1114 adulescentula:
1986 1055 2081 1111 ad-
2183 1054 2358 1124 magis
2404 1061 2538 1108 aetas
2586 1051 2778 1118 aﬂert,
2829 1067 2990 1122 quam
3037 1051 3355 1122 disciplina.
3404 1050 3620 1119 Quanto
3657 1066 3758 1122 ergo

483 1151 670 1208 dixisti
719 1165 940 1216 amore,
989 1150 1043 1205 in
1095 1149 1239 1206 illius
1284 1158 1445 1205 nocte
1485 1148 1793 1206 meretricis
1834 1151 1888 1203 in
1932 1163 2081 1204 meas
2184 1147 2354 1218 magis
2400 1162 2499 1202 nos
2539 1154 2761 1217 oportet
2797 1159 2949 1217 spem
2987 1145 3245 1200 attollere
3285 1144 3355 1199 ad
3402 1158 3629 1215 regnum
3657 1144 3756 1207 Dei.

482 1243 668 1314 leges,
718 1243 771 1298 in
812 1257 930 1299 mea
970 1242 1097 1311 jura
1139 1239 1409 1313 migrasti.
1460 1241 1578 1297 Non
1621 1240 1755 1298 dicit
1798 1240 2080 1310 proditor:
2185 1239 2275 1295 ubi
2303 1239 2427 1295 vita:
2467 1239 2720 1306 novitas,
2765 1238 2849 1294 ubi
2891 1237 3078 1308 gratia:
3122 1238 3263 1306 erit,
3299 1251 3409 1292 non
3444 1238 3620 1292 aetatis
3645 1252 3760 1292 cout-

484 1335 674 1393 Portio
715 1350 834 1393 mea
875 1334 1165 1400 Christus;
1206 1334 1331 1405 quin
1372 1335 1552 1390 statim
1603 1344 1629 1372 ι
1671 1333 1830 1389 irruit
1861 1334 1914 1388 in
1957 1349 2083 1390 eum
2185 1332 2456 1390 mutatio?

483 1428 725 1500 nequitia
767 1426 935 1496 mali,
978 1438 1034 1484 et
1078 1426 1212 1483 dicit
1242 1444 1256 1478 :
1302 1425 1461 1482 Fallit
1511 1435 1600 1495 te,
1648 1425 1876 1482 Domine
1916 1428 2044 1482 Jesu
2068 1467 2083 1489 ,
2257 1426 2347 1482 99.
2380 1424 2498 1482 Non
2527 1425 2661 1493 otio,
2694 1439 2800 1480 non
2828 1439 3022 1480 somno
3050 1437 3263 1479 merces
3296 1429 3547 1493 paratur.
3574 1420 3755 1476 Nullum

483 1537 641 1579 meus
670 1529 756 1578 est
787 1522 912 1578 iste.
2187 1532 2327 1589 opus
2354 1518 2677 1574 dormientis
2704 1526 2821 1583 est,
2854 1517 3037 1572 nullus
3068 1516 3284 1571 fructus
3312 1515 3414 1569 otii
3441 1536 3455 1569 :
3489 1515 3653 1569 immo
3676 1528 3759 1567 tua»

552 1616 643 1672 95.
679 1614 954 1671 Habemus
980 1614 1294 1685 exemplum
1327 1612 1505 1685 (Joan.
1540 1628 1671 1679 χιιι,
1694 1610 1785 1684 2).
1815 1611 1939 1683 quia
1963 1625 2084 1668 cum
2186 1613 2269 1683 gis
2298 1612 2665 1683 dispendium.
2707 1609 2929 1668 Otiosus
2961 1612 3103 1667 Esau
3133 1610 3319 1666 amisit
3348 1609 3376 1647 ι)
3413 1610 3674 1681 primatus
3695 1609 3762 1664 be-

481 1707 651 1765 Judas
678 1722 870 1778 panem
896 1722 928 1763 a
950 1706 1172 1763 Christo
1200 1706 1539 1777 accepisset,
1567 1704 1794 1760 immisit
1819 1721 1877 1760 se
1910 1705 1962 1759 in
1992 1718 2089 1759 cor
2190 1705 2514 1762 nedictionis
2540 1723 2554 1771 ;
2581 1707 2709 1778 quia
2735 1706 2922 1762 maluit
2945 1706 3124 1761 cibum
3155 1706 3433 1773 accipere,
3463 1718 3627 1775 quam
3649 1719 3763 1774 qua-

480 1800 601 1871 ejus
628 1799 883 1856 diabolus
903 1842 920 1865 ,
953 1800 1105 1871 quasi
1136 1798 1543 1870 possessionem
1574 1814 1727 1852 suam
1762 1796 2047 1852 vindicans
2065 1836 2081 1863 ,
2114 1795 2161 1854 B
2190 1816 2313 1857 rere
2340 1799 2494 1872 (Gen.
2524 1816 2702 1866 nvn,
2729 1800 2845 1872 35).
2872 1799 3204 1856 Laboriosus
3225 1798 3398 1854 Iacob
3419 1798 3566 1869 apud
3594 1808 3763 1852 uu-utu-

482 1894 636 1965 quasi
658 1893 928 1965 portionis
942 1893 1163 1963 suaijus
1180 1894 1440 1960 retinens,
1461 1892 1614 1963 quasi
1633 1891 1822 1947 dicens
1843 1909 1857 1947 :
1879 1890 1994 1947 Non
2007 1900 2094 1947 est
2193 1910 2300 1967 que
2331 1903 2610 1964 parentem
2644 1894 2851 1950 invenit
2877 1894 3132 1965 gratiam.

486 1995 612 2042 tuus
634 1986 771 2055 iste,
804 1986 899 2043 sed
929 2002 1083 2043 mens
1110 2005 1122 2040 :
1151 2002 1305 2043 meus
1334 1996 1485 2043 certe
1517 1986 1785 2053 minister,
1818 1994 1945 2042 tuus
1966 2000 2093 2058 pro-
2268 1989 2391 2046 100.
2429 1989 2497 2044 Et
2536 2000 2715 2045 tamen
2756 2003 2880 2044 cum
2923 1988 3179 2059 superior
3222 1996 3376 2044 esset
3407 1986 3582 2043 Jacob
3607 1985 3766 2042 virtute

484 2080 664 2147 ditor;
699 2095 854 2138 meus
884 2082 1041 2152 plane
1064 2082 1168 2138 iste
1196 2091 1299 2137 est.
1333 2080 1577 2152 Denique
1599 2089 1775 2135 tecum
1797 2078 2092 2144 recumbit,
2193 2091 2250 2139 et
2287 2082 2463 2153 gratia
2484 2124 2499 2150 ,
2547 2082 2716 2138 cessit
2752 2081 2937 2137 fratris
2964 2081 3332 2153 indignationi
3353 2123 3371 2148 ,
3402 2081 3497 2150 qui
3526 2080 3630 2136 sibi
3662 2096 3768 2152 pra-

486 2182 543 2230 et
571 2173 705 2229 mihi
727 2174 900 2230 servit
928 2193 940 2228 :
971 2184 1152 2232 tecum
1181 2174 1457 2246 epulatur,
1489 2182 1545 2229 et
1571 2188 1784 2229 mecum
1819 2172 2091 2243 pascitur:
2196 2176 2363 2231 latum
2397 2173 2621 2231 fratrem
2650 2175 2923 2244 iuniorem
2951 2174 3193 2231 dolebat.
3228 2174 3358 2231 Ideo
3385 2176 3648 2245 scriptum
3675 2183 3766 2229 est:

491 2282 522 2323 a
555 2277 608 2324 te
639 2282 835 2339 panem
865 2268 1115 2338 accepit,
1159 2284 1189 2323 a
1230 2284 1317 2325 me
1347 2268 1633 2340 pecuniam
1662 2286 1676 2322 :
1711 2276 1891 2324 tecum
1924 2266 2093 2334 bibit,
2199 2266 2332 2323 Date
2373 2268 2545 2322 locum
2574 2268 2667 2322 irae
2692 2267 2874 2339 (Rom.
2899 2282 2997 2331 xit,
3029 2265 3160 2336 l9);
3195 2281 3267 2322 ne
3298 2266 3533 2322 alterius
3563 2266 3768 2336 indigna-

493 2369 550 2415 et
578 2359 709 2415 mihi
743 2370 891 2415 tuum
923 2361 1243 2431 sanguinem
1276 2359 1542 2415 vendidit.
1575 2358 1750 2428 Quam
1785 2373 1914 2414 vera
1945 2358 2092 2416 dice-
2199 2361 2276 2415 tio
2325 2370 2379 2415 te
2423 2374 2641 2431 quoque
2681 2360 2731 2413 in
2776 2369 3055 2430 peccatum
3099 2359 3281 2414 trahat
3308 2401 3323 2425 ,
3365 2358 3501 2414 dum
3544 2358 3625 2413 vis
3660 2358 3769 2414 resi-

490 2461 612 2519 ret,
645 2452 918 2524 probavit.
950 2454 1196 2525 Denique
1226 2452 1475 2509 Christus
1502 2453 1729 2509 recessit
1758 2454 1827 2507 ab
1852 2468 1946 2519 eo,
1982 2454 2098 2524 ipse
2198 2464 2380 2519 stcre,
2426 2452 2555 2508 dum
2602 2452 2685 2507 vis
2724 2452 3013 2507 vindicari.
3060 2451 3226 2507 Potes
3270 2460 3329 2507 et
3364 2451 3440 2506 ab
3472 2451 3572 2507 illo
3613 2462 3771 2508 etate

494 2561 713 2618 quoque
736 2547 910 2603 ludas
944 2548 1163 2618 reliquit
1189 2547 1373 2604 Jesum
1392 2589 1409 2615 ,
1439 2555 1664 2603 secutus
1689 2546 1986 2602 diabolum.
2204 2557 2226 2586 ε
2252 2561 2536 2602 removere
2563 2546 2777 2617 culpam
2799 2588 2816 2615 ,
2846 2547 2893 2601 si
2924 2545 3230 2615 cedendum
3259 2555 3447 2616 putes.
3470 2546 3682 2602 Imitare
3705 2561 3774 2616 pa.

569 2638 659 2695 96.
694 2640 868 2709 Quam
899 2640 1099 2695 multos
1127 2639 1379 2695 dominos
1408 2639 1610 2708 habet,
1641 2640 1733 2711 qui
1762 2654 1926 2694 unum
1953 2638 2098 2694 refu-
2202 2639 2531 2705 lriarcham,
2571 2640 2662 2711 qui
2708 2638 2776 2695 de
2818 2639 3050 2696 consilio
3093 2640 3287 2694 matris
3326 2639 3624 2712 longinqua
3647 2641 3772 2712 petiit

493 2732 672 2804 gerit!
708 2733 817 2790 Sed
850 2748 950 2813 nos
993 2749 1100 2789 non
1142 2733 1496 2806 refugiamus.
1542 2733 1672 2802 Quis
1713 2734 1944 2806 refugiat
1973 2750 2097 2790 eum
2203 2734 2373 2808 (Gen.
2408 2752 2586 2802 xxvii,
2616 2735 2746 2805 ἀῶ).
2798 2735 2865 2790 Et
2912 2735 3066 2807 cujus
3111 2735 3343 2791 matris?
3380 2735 3644 2793 Rebecca:
3696 2737 3775 2789 nti-

497 2841 658 2898 queoi
688 2835 995 2898 sequuntur
1032 2826 1237 2897 alligati
1282 2828 1552 2895 vinculis,
1593 2826 1691 2884 sed
1735 2827 1966 2883 vinculis
2005 2842 2102 2883 νο-
2201 2845 2308 2900 que
2334 2872 2349 2898 ,
2384 2830 2488 2887 hoc
2514 2841 2632 2894 est,
2664 2831 2966 2902 patientiae.
2998 2830 3165 2901 Cujus
3195 2831 3348 2887 enim
3380 2832 3494 2887 nisi
3541 2830 3776 2902 patientia

498 2917 757 2974 luntariis
778 2959 793 2985 ,
825 2934 947 2989 qua:
987 2918 1240 2985 solvunt,
1276 2935 1382 2975 non
1415 2920 1643 2991 alligant
1665 2961 1680 2987 ,
1710 2920 1907 2992 quibus
1934 2919 2099 2975 vincti
2204 2924 2308 2981 hoc
2331 2926 2618 2981 consilium
2651 2941 2776 2981 esse
2808 2927 3058 2995 poterat?
3083 2922 3109 2962 ά
3133 2926 3373 2983 Amabat
3404 2936 3584 2982 mater
3613 2925 3775 2987 lilium;

496 3011 737 3066 vinculis
783 3009 1092 3083 gloriantur
1145 3010 1429 3067 dicentes:
1474 3010 1676 3066 Paulus
1726 3012 1929 3066 uinctus
1976 3011 2101 3067 Jesu
2205 3019 2396 3074 maluit
2439 3020 2584 3074 enim
2630 3018 2732 3074 sibi
2777 3033 2902 3072 eum
2933 3018 3189 3074 exsulare
3219 3033 3387 3088 quam
3427 3019 3563 3073 Deo.
3603 3018 3664 3073 Et
3686 3016 3779 3071 ideo

501 3100 732 3167 Christi,
762 3111 809 3157 et
841 3101 1137 3158 Timotheus
1163 3102 1440 3177 (Philem,
1466 3103 1542 3176 1).
1575 3104 1877 3161 Gloriosius
1904 3106 1972 3158 ab
2000 3104 2104 3161 hoc
2203 3114 2328 3182 quia
2359 3114 2500 3168 bona
2531 3119 2725 3177 mater,
2756 3110 2972 3181 utrique
2999 3110 3231 3177 detulit,
3256 3111 3472 3180 juniori
3500 3120 3671 3166 tamen
3694 3108 3779 3163 lilio

496 3195 842 3266 stringimur,
892 3211 1053 3264 quam
1108 3195 1229 3251 aliis
1283 3195 1616 3252 absolvimur
1663 3208 1719 3253 et
1769 3198 2096 3254 relaxantur.
2128 3182 2175 3245 Ο
2208 3205 2681 3270 benedictionem,
2732 3220 2895 3276 quam
2947 3219 3283 3262 conservare
3327 3214 3585 3276 poterat,
3632 3203 3777 3265 dedit;

501 3287 635 3355 Quis
678 3286 843 3357 igitur
871 3287 1040 3358 fugiat
1070 3304 1256 3358 pacem
1281 3288 1305 3342 ?
1332 3289 1454 3359 quis
1485 3289 1651 3360 fugiat
1683 3289 1915 3347 salutem
1937 3291 1961 3344 ?
1982 3292 2104 3362 quis
2207 3316 2315 3355 non
2342 3300 2489 3356 enim
2523 3300 2693 3355 ﬁlium
2724 3299 2857 3366 lilio,
2883 3299 2981 3356 sed
3011 3300 3303 3370 impigrum
3332 3301 3521 3355 otioso
3547 3298 3778 3368 praetulit,

499 3383 671 3453 fugiat
703 3382 1137 3438 misericordiam
1161 3384 1183 3437 ?
1209 3385 1334 3453 quis
1362 3382 1534 3453 fugiat
1557 3383 1983 3455 redemptionem
2008 3386 2030 3438 ?
2210 3393 2424 3450 ﬁdelem
2451 3393 2638 3449 infido.
2665 3393 2771 3451 Sed
2792 3394 2957 3450 etiam
2986 3393 3095 3450 filio
3124 3393 3230 3463 ipsi
3257 3395 3471 3449 seniori
3501 3411 3609 3449 non
3631 3409 3779 3465 parum

575 3476 665 3531 97-
705 3475 949 3541 Videtis;
991 3475 1124 3542 "lii.
1166 3475 1355 3548 quales
1391 3478 1669 3533 evaserint
1690 3519 1706 3545 ν
1733 3478 1825 3548 qui
1857 3478 1975 3535 haec
2013 3494 2102 3535 Se-
2208 3487 2443 3543 contulit
2465 3486 2807 3543 amandundo
2830 3487 3098 3542 minorem
3122 3487 3293 3543 filium
3317 3530 3333 3556 ,
3365 3504 3439 3544 ue
3473 3488 3777 3559 parricidium

501 3568 614 3625 cuti
661 3570 825 3634 sunt,
873 3568 1150 3640 quomodo
1195 3578 1495 3639 operentur
1539 3569 1828 3628 defuncti?
1867 3572 2103 3639 Quarum
2211 3578 2434 3638 faceret,

503 3660 766 3715 virtutum
812 3660 1027 3716 laudem
1072 3660 1360 3726 miramur,
1403 3676 1592 3717 earum
1634 3662 1954 3719 studeamus
1992 3664 2108 3718 adi-
2282 3672 2408 3728 101,
2441 3671 2629 3744 Itaque
2657 3672 2912 3743 quoniam
2940 3673 3010 3727 οι)
3038 3672 3299 3743 pietatem
3332 3689 3449 3729 ιιοη
3480 3676 3783 3745 promum.

502 3753 639 3823 pisci
673 3752 998 3823 industriam
1054 3771 1067 3805 :
1115 3763 1170 3809 et
1217 3768 1354 3824 quas
1405 3754 1765 3825 pmdicamus
1799 3755 2012 3829 105.6
2052 3757 2105 3811 in
2210 3765 2533 3835 probitatem
2562 3766 2844 3822 exsulabat
2883 3782 2912 3821 a
2954 3766 3306 3836 parentibus,
3341 3767 3668 3838 loquebatur
3690 3780 3781 3820 cum

501 3847 660 3911 aliis,
696 3863 789 3902 eas
819 3851 871 3900 in
902 3845 1062 3902 nobis
1097 3847 1242 3901 taciti
1275 3862 1754 3918 recognoscamus.
1789 3847 1934 3902 Nihil
1964 3848 2102 3903 mol-
2215 3856 2330 3912 Deo
2352 3898 2368 3923 ,
2404 3855 2702 3927 augebatur
2731 3872 2934 3924 censu,
2965 3857 3192 3924 liberis,
3238 3860 3442 3929 gratia.
3490 3858 3673 3930 Neque
3695 3858 3784 3911 istis

501 3938 763 4006 “00mm.
807 3938 940 3993 "ill"
985 3938 1273 3993 ίιιίέαειιιῐη
1315 3938 1382 3993 3d
1426 3938 1640 3995 laudem
1686 3938 1971 4009 Ρθΐνθηίῑτ
2007 3940 2108 3995 Πε-
2209 3948 2385 4005 elatus
2426 3958 2554 4014 est,
2600 3963 2725 4003 cum
2769 3948 2923 4004 fratri
2968 3958 3331 4005 occurreret:
3369 3950 3470 4006 sed
3506 3949 3779 4004 humiliatus

502 4050 661 4107 gnum
709 4033 955 4087 calorum
1003 4032 1246 4104 cogitur,
1290 4041 1337 4086 et
1382 4043 1616 4104 cogentes
1666 4034 1924 4105 diripiunt
1971 4035 2108 4088 illud
2210 4039 2492 4107 adoravit,
2540 4055 2645 4096 non
2696 4043 2880 4112 utique
2927 4041 3081 4097 illum
3128 4042 3393 4098 immitem
3423 4084 3441 4109 ,
3485 4043 3636 4097 illum
3677 4040 3779 4095 furi.

501 4125 717 4197 (Matth.
749 4127 965 4197 31,12).
1000 4126 1351 4185 Festinantes
1382 4139 1569 4197 patres
1594 4143 1793 4199 agnum
1814 4129 2109 4185 manduca-
2211 4133 2452 4189 bundum
2472 4175 2488 4199 ,
2522 4134 2673 4189 illum
2708 4135 3071 4204 degenerem;
3097 4137 3193 4192 sed
3219 4152 3346 4191 cuni
3375 4153 3545 4208 quem
3578 4138 3629 4191 in
3656 4135 3785 4190 fratre

496 4217 654 4285 (bant.
701 4218 920 4274 Festina
953 4227 1036 4274 est
1067 4219 1205 4275 ﬁdes
1224 4261 1240 4288 ,
1269 4219 1469 4275 alacris
1496 4219 1716 4276 devotio
1738 4261 1753 4285 ,
1784 4236 1911 4290 spes
1954 4222 2109 4291 impi-
2212 4226 2617 4283 considerabat.
2651 4226 2859 4301 1057
2885 4228 3123 4300 Ideoque
3145 4230 3400 4286 adoravit
3424 4231 3651 4302 septies,
3675 4240 3786 4282 ευπ-

505 4325 601 4379 gra
629 4328 644 4362 :
678 4312 1137 4368 contradictiones
1162 4312 1325 4368 animi
1356 4329 1464 4367 non
1487 4321 1671 4380 amat,
1695 4311 1792 4369 sed
1817 4314 2110 4369 traductiu-
2213 4334 2366 4375 mero
2396 4320 2611 4376 scilicet
2639 4322 3018 4389 remissionis;
3050 4323 3177 4392 quia
3218 4338 3330 4378 non
3372 4323 3651 4380 hominem
3686 4320 3787 4375 ado-

503 4422 626 4461 nem
667 4406 734 4462 ab
771 4407 1110 4463 infructuoso
1146 4409 1257 4464 otio
1295 4408 1363 4463 ad
1396 4410 1630 4463 fructum
1662 4407 1933 4464 laborum.
1964 4408 2104 4477 Quid
2211 4413 2403 4481 rabat,
2434 4414 2528 4467 sed
2560 4428 2717 4478 cum,
2745 4429 2905 4484 quem
2934 4414 2987 4469 in
3014 4429 3182 4471 carne
3207 4414 3452 4470 hominis
3479 4431 3605 4472 esse
3627 4424 3784 4471 ventu-

503 4501 559 4557 in
585 4503 881 4557 crastinum
909 4502 1138 4558 differs?
1178 4503 1344 4559 Potes
1382 4514 1438 4558 et
1479 4501 1804 4559 hodiernum
1843 4502 1985 4558 diem
2026 4503 2106 4557 lu-
2215 4520 2332 4560 rum
2364 4506 2700 4575 praevidehat
2737 4508 2965 4575 spiritu,
3010 4517 3070 4562 ut
3110 4507 3331 4564 tolleret
3372 4519 3597 4578 peccata
3636 4505 3783 4562 mundi

460 4646 463 4649 .
510 4595 655 4650 crari
683 4610 697 4657 ;
729 4595 1031 4651 cavendum
1056 4605 1143 4651 est
1165 4597 1310 4652 enim
1339 4610 1408 4652 ne
1428 4604 1482 4651 et
1502 4594 1654 4651 illum
1678 4610 1786 4650 non
1811 4603 2039 4651 teneas:
2062 4604 2117 4650 et
2143 4580 2195 4640 D
2224 4594 2425 4667 (Joan.
2459 4612 2507 4662 ι,
2535 4596 2665 4666 29).
2698 4597 2851 4666 Quod
2881 4598 2978 4654 tibi
3013 4614 3079 4654 ex
3111 4599 3259 4655 Petri
3292 4602 3652 4671 responsione
3686 4611 3784 4668 ape.

504 4687 649 4744 hunc
670 4689 908 4745 amittas.
933 4689 1050 4746 Non
1073 4690 1326 4761 exiguum
1350 4689 1736 4745 detrimentum
1756 4698 1840 4745 est
1859 4689 1945 4745 vel
1964 4689 2115 4744 liora:
2221 4689 2358 4745 ritur
2405 4690 2721 4762 mysterium
2742 4733 2758 4755 ,
2805 4690 3025 4751 dicente
3068 4708 3135 4748 co
3162 4711 3175 4745 :
3225 4693 3290 4750 Si
3328 4697 3618 4765 peccauerit
3654 4696 3703 4748 is
3725 4706 3783 4744 ut:

502 4783 663 4837 unius
687 4797 701 4838 :
735 4790 791 4837 et
822 4798 926 4837 una
961 4781 1091 4837 hora
1126 4784 1293 4838 totius
1322 4782 1449 4837 vitae
1476 4782 1656 4853 portio
1685 4790 1790 4837 est.
2221 4786 2385 4854 frater
2404 4798 2563 4848 meus,
2582 4784 2791 4855 quoties
2810 4785 3069 4841 remittant
3091 4786 3179 4840 ei?
3203 4784 3378 4856 Usque
3396 4785 3779 4857 septiesﬂlam.

578 4875 667 4932 98.
713 4874 852 4933 Sunt
887 4877 1152 4948 juvenes,
1183 4877 1276 4948 qui
1308 4876 1426 4944 (cito
1457 4876 1646 4932 volunt
1672 4874 1742 4932 ad
1772 4884 2113 4932 senectutem
2224 4874 2550 4946 ιιιίιι,21)ἳ
2582 4875 2745 4933 Vides
2772 4877 3031 4947 quoniam
3062 4889 3414 4947 peccatorum
3442 4879 3702 4940 remissio.
3722 4884 3780 4944 ty-

572 5047 598 5076 η
637 5036 793 5095 Colb.
823 5037 973 5102 cod.,
1005 5038 1158 5093 irruit
1185 5037 1239 5090 in
1266 5051 1379 5090 eum
1406 5036 1575 5091 malus
1601 5035 1773 5089 dolus.
2211 5030 2488 5089 nonnullis
2510 5074 2525 5099 ,
2557 5029 2626 5084 Et
2653 5032 2769 5086 ideo
2794 5032 2951 5101 quia,
2983 5040 3129 5094 etc.;
3160 5030 3252 5086 alii
3284 5032 3460 5087 multo
3484 5032 3660 5102 plures
3682 5025 3776 5102 ced-

573 5109 842 5169 l’Omues
892 5098 1049 5173 edit.,
1107 5109 1360 5180 primatus
1406 5106 1852 5169 benedictionem;
1903 5119 2098 5161 omnes
2212 5098 2773 5180 capuuguntvoculas
2798 5098 2917 5180 ideo
2942 5145 2956 5156 .
2984 5144 2997 5157 .
3025 5144 3037 5156 .
3068 5112 3387 5180 .'_tamen,‘et
3410 5098 3629 5180 vei-bum
3650 5098 3776 5179 dedit.

504 5196 663 5241 mss"
697 5183 948 5251 primatus
975 5174 1362 5235 benedictionis.
1620 5250 1626 5251 ί
1938 5248 1946 5251 _
2036 5246 2047 5251 _
2213 5174 2507 5251 Nuu_malo
2546 5189 2747 5251 sensu,
2792 5174 2955 5251 modo
2995 5176 3289 5251 verborum
3332 5176 3699 5251 trajectioueni
3726 5174 3777 5251 ita

578 5264 601 5291 ε
642 5240 768 5308 Mss.
825 5269 931 5309 non
983 5252 1185 5323 pauci,
1231 5265 1489 5305 remouere
1543 5250 1753 5323 culpant
1798 5246 2101 5323 secedeudo.
2215 5246 2481 5323 restituas
2494 5263 2525 5323 ,τ’
2560 5245 2629 5323 Et
2658 5247 2778 5323 quia
2805 5244 3175 5323 _bona_mater'
3208 5240 3615 5323 (supplendum
3656 5240 3775 5323 erat)

505 5324 662 5380 Potes
692 5325 924 5391 imitari,
957 5316 1065 5381 e'tc.
1096 5323 1435 5378 Moneliimus
1454 5316 1641 5376 autem
1667 5320 1848 5391 obiter
1874 5319 2107 5391 Atubro-
2216 5319 2421 5388 utrique
2446 5317 2557 5387 ﬁlio
2583 5317 2768 5371 detulit
2798 5317 3201 5373 benedictionem
3221 5358 3236 5383 ,
3287 5334 3443 5387 quam
3480 5316 3669 5388 ,ἐκπίω-ί
3704 5327 3774 5382 ρο-

502 5398 587 5452 sio
619 5411 808 5452 nostro
837 5389 1118 5451 insolitum
1151 5410 1260 5449 non
1293 5408 1438 5457 esse,
1474 5401 1529 5447 ut
1557 5407 1680 5446 cum
1711 5389 1888 5458 agitur
1915 5390 1984 5444 de
2015 5404 2110 5458 pa-
2219 5400 2347 5444 terat
2378 5405 2655 5443 reservare.

503 5467 676 5523 cauda
722 5467 1003 5522 iracundia
1027 5509 1042 5529 ,
1092 5466 1356 5521 Rebecca:
1400 5453 1464 5519 ac
1504 5462 1675 5518 Jacob
1720 5453 2030 5531 exemplum
2062 5461 2116 5514 in
2298 5469 2321 5496 ε
2348 5460 2727 5527 Septenarium
2756 5459 3098 5515 remissionis
3128 5475 3413 5515 numerum
3443 5467 3652 5531 propter
3675 5453 3774 5509 sali-

505 5540 743 5595 medium
773 5537 989 5594 afferat.
1030 5537 1163 5592 Vide
1193 5538 1289 5593 lib.
1324 5552 1364 5592 ιι
1394 5535 1464 5590 de
1492 5533 1695 5600 lacob,
1727 5540 1861 5605 etc.,
1888 5530 2015 5605 cap.
2045 5530 2117 5597 4,
2225 5531 2335 5587 bati
2366 5531 2509 5605 diem
2551 5546 2621 5605 ac
2665 5530 2877 5605 Jubilmi
2926 5547 3124 5586 annum
3176 5545 3333 5605 vocat
3378 5532 3438 5605 S.
3490 5530 3671 5605 Doctor
3694 5530 3775 5605 :ct

507 5625 660 5665 num.
697 5610 797 5674 M,
829 5620 886 5664 et
914 5609 1009 5663 lib.
1048 5606 1253 5664 tOflic.
1285 5622 1406 5677 cap.
1440 5606 1535 5672 2|,
1566 5620 1717 5661 nutu.
1750 5602 1844 5658 9i.
2225 5603 2510 5677 mysticam
2549 5602 2689 5657 hanc
2724 5602 2966 5677 ejusdem
3018 5602 3229 5677 numeri
3276 5603 3673 5677 explicationem
3717 5602 3771 5647 te!

580 5678 608 5717 ά
652 5681 729 5751 ita
777 5670 910 5734 mss.
958 5693 1129 5751 prepe
1168 5680 1233 5733 ad
1252 5670 1428 5751 unum
1455 5694 1471 5743 ;
1502 5670 1693 5751 omnes
1718 5683 1908 5751 contra
1941 5672 2117 5751 editi,
2226 5670 2363 5730 locis
2396 5682 2617 5751 tractat,
2647 5685 2707 5751 ut
2738 5673 2880 5744 apud
2924 5689 3049 5729 eum
3103 5676 3186 5729 vis
3219 5670 3509 5745 quidquam
3537 5670 3669 5726 aliud
3696 5680 3769 5721 ot:-

511 5750 737 5818 Amabat
772 5760 936 5803 mater
961 5745 1158 5803 'con'tra
1198 5748 1447 5817 affectum
1485 5749 1560 5818 pii
1600 5746 1801 5818 amoris
1836 5745 2027 5799 dimitti
2052 5745 2121 5814 β·
2227 5755 2412 5801 currat
2441 5745 2798 5816 frequentius.

513 5817 663 5871 lium.
698 5818 768 5872 Et
797 5834 988 5874 rursus
1018 5819 1111 5873 ubi
1140 5816 1393 5877 noscam
1419 5816 1675 5874 omnibus
1718 5816 1849 5873 edit.
1882 5830 1947 5871 ac
1988 5830 2119 5872 mss.
