  <div class='ocr_page' id='page_1' title='image "/cluster/home/n/w/nwhite01/storage/ocr_20150623/16/hvd.32044015471998/612.png"; bbox 0 0 3932 6296; ppageno 0'>
   <div class='ocr_carea' id='block_1_1' title="bbox 86 5896 108 5936">
    <p class='ocr_par' dir='ltr' id='par_1_1' title="bbox 86 5896 108 5936">
     <span class='ocr_line' id='line_1_1' title="bbox 86 5896 108 5936; baseline 0 0"><span class='ocrx_word' id='word_1_1' title='bbox 86 5896 108 5936; x_wconf 50' lang='grc' dir='ltr'>ἓ</span> 
     </span>
    </p>
   </div>
   <div class='ocr_carea' id='block_1_2' title="bbox 95 5973 156 6001">
    <p class='ocr_par' dir='ltr' id='par_1_2' title="bbox 95 5973 156 6001">
     <span class='ocr_line' id='line_1_2' title="bbox 95 5973 156 6001; baseline 0 -4"><span class='ocrx_word' id='word_1_2' title='bbox 95 5973 156 6001; x_wconf 61' lang='lat' dir='ltr'><strong>hu</strong></span> 
     </span>
    </p>
   </div>
   <div class='ocr_carea' id='block_1_3' title="bbox 168 288 307 354">
    <p class='ocr_par' dir='ltr' id='par_1_3' title="bbox 168 288 307 354">
     <span class='ocr_line' id='line_1_3' title="bbox 168 288 307 354; baseline -0.036 -1"><span class='ocrx_word' id='word_1_3' title='bbox 168 288 307 354; x_wconf 67' lang='grc' dir='ltr'><strong>12η</strong></span> 
     </span>
    </p>
   </div>
   <div class='ocr_carea' id='block_1_4' title="bbox 1349 289 2235 353">
    <p class='ocr_par' dir='ltr' id='par_1_4' title="bbox 1349 289 2235 353">
     <span class='ocr_line' id='line_1_4' title="bbox 1349 289 2235 353; baseline -0.008 -2"><span class='ocrx_word' id='word_1_4' title='bbox 1349 289 1835 353; x_wconf 78' lang='lat' dir='ltr'><strong>EPISTOLARUM</strong></span> <span class='ocrx_word' id='word_1_5' title='bbox 1874 289 2154 351; x_wconf 67' lang='lat' dir='ltr'><strong>CLASSIS</strong></span> <span class='ocrx_word' id='word_1_6' title='bbox 2195 290 2235 346; x_wconf 85' lang='grc' dir='ltr'><strong>Ι.</strong></span> 
     </span>
    </p>
   </div>
   <div class='ocr_carea' id='block_1_5' title="bbox 3325 288 3465 351">
    <p class='ocr_par' dir='ltr' id='par_1_5' title="bbox 3325 288 3465 351">
     <span class='ocr_line' id='line_1_5' title="bbox 3325 288 3465 351; baseline 0.007 -1"><span class='ocrx_word' id='word_1_7' title='bbox 3325 288 3465 351; x_wconf 64' lang='lat' dir='ltr'><strong>ut.</strong></span> 
     </span>
    </p>
   </div>
   <div class='ocr_carea' id='block_1_6' title="bbox 163 402 3465 482">
    <p class='ocr_par' dir='ltr' id='par_1_6' title="bbox 163 402 3465 482">
     <span class='ocr_line' id='line_1_6' title="bbox 163 402 3465 482; baseline 0.001 -24"><span class='ocrx_word' id='word_1_8' title='bbox 163 421 263 474; x_wconf 88' lang='lat' dir='ltr'><strong>pus</strong></span> <span class='ocrx_word' id='word_1_9' title='bbox 294 414 380 460; x_wconf 89' lang='lat' dir='ltr'><strong>est</strong></span> <span class='ocrx_word' id='word_1_10' title='bbox 409 406 552 461; x_wconf 88' lang='lat' dir='ltr'><strong>illius</strong></span> <span class='ocrx_word' id='word_1_11' title='bbox 583 405 762 476; x_wconf 79' lang='lat' dir='ltr'><strong>magni</strong></span> <span class='ocrx_word' id='word_1_12' title='bbox 795 407 1044 474; x_wconf 89' lang='lat' dir='ltr'><strong>sabbati,</strong></span> <span class='ocrx_word' id='word_1_13' title='bbox 1079 408 1224 465; x_wconf 92' lang='lat' dir='ltr'><strong>illius</strong></span> <span class='ocrx_word' id='word_1_14' title='bbox 1255 409 1452 480; x_wconf 80' lang='lat' dir='ltr'><strong>quietis</strong></span> <span class='ocrx_word' id='word_1_15' title='bbox 1481 423 1759 482; x_wconf 79' lang='lat' dir='ltr'><strong>perpetere</strong></span> <span class='ocrx_word' id='word_1_16' title='bbox 1791 416 1842 476; x_wconf 78' lang='grc' dir='ltr'><strong>Α</strong></span> <span class='ocrx_word' id='word_1_17' title='bbox 1943 408 2065 463; x_wconf 85' lang='grc'><strong>107.</strong></span> <span class='ocrx_word' id='word_1_18' title='bbox 2097 406 2289 462; x_wconf 77' lang='lat' dir='ltr'><strong>Mulier</strong></span> <span class='ocrx_word' id='word_1_19' title='bbox 2334 405 2451 461; x_wconf 89' lang='lat' dir='ltr'><strong>viro</strong></span> <span class='ocrx_word' id='word_1_20' title='bbox 2479 405 2709 472; x_wconf 86' lang='lat' dir='ltr'><strong>delerat,</strong></span> <span class='ocrx_word' id='word_1_21' title='bbox 2743 416 2852 460; x_wconf 90' lang='lat' dir='ltr'><strong>non</strong></span> <span class='ocrx_word' id='word_1_22' title='bbox 2902 402 3139 459; x_wconf 88' lang='lat' dir='ltr'><strong>serviat.</strong></span> <span class='ocrx_word' id='word_1_23' title='bbox 3173 404 3465 476; x_wconf 85' lang='lat' dir='ltr'><strong>regendam</strong></span> 
     </span>
    </p>
   </div>
   <div class='ocr_carea' id='block_1_7' title="bbox 160 499 1392 572">
    <p class='ocr_par' dir='ltr' id='par_1_7' title="bbox 160 499 1392 572">
     <span class='ocr_line' id='line_1_7' title="bbox 160 499 1392 572; baseline 0.006 -22"><span class='ocrx_word' id='word_1_24' title='bbox 160 500 386 567; x_wconf 72' lang='lat' dir='ltr'><strong>gratim;</strong></span> <span class='ocrx_word' id='word_1_25' title='bbox 417 511 473 552; x_wconf 88' lang='lat' dir='ltr'><strong>et</strong></span> <span class='ocrx_word' id='word_1_26' title='bbox 501 499 621 554; x_wconf 90' lang='lat' dir='ltr'><strong>ideo</strong></span> <span class='ocrx_word' id='word_1_27' title='bbox 651 501 1112 572; x_wconf 85' lang='lat' dir='ltr'><strong>contemplatione</strong></span> <span class='ocrx_word' id='word_1_28' title='bbox 1141 502 1392 558; x_wconf 82' lang='lat' dir='ltr'><strong>donatur.</strong></span> 
     </span>
    </p>
   </div>
   <div class='ocr_carea' id='block_1_8' title="bbox 238 589 1751 665">
    <p class='ocr_par' dir='ltr' id='par_1_8' title="bbox 238 589 1751 665">
     <span class='ocr_line' id='line_1_8' title="bbox 238 589 1751 665; baseline 0.007 -23"><span class='ocrx_word' id='word_1_29' title='bbox 238 589 362 644; x_wconf 75' lang='lat'><strong>102.</strong></span> <span class='ocrx_word' id='word_1_30' title='bbox 393 591 502 646; x_wconf 90' lang='lat' dir='ltr'><strong>Sed</strong></span> <span class='ocrx_word' id='word_1_31' title='bbox 545 593 673 663; x_wconf 91' lang='lat' dir='ltr'><strong>quid</strong></span> <span class='ocrx_word' id='word_1_32' title='bbox 707 593 812 649; x_wconf 82' lang='lat' dir='ltr'><strong>sibi</strong></span> <span class='ocrx_word' id='word_1_33' title='bbox 839 595 955 649; x_wconf 87' lang='lat' dir='ltr'><strong>vult</strong></span> <span class='ocrx_word' id='word_1_34' title='bbox 976 594 1120 665; x_wconf 92' lang='lat' dir='ltr'><strong>quod</strong></span> <span class='ocrx_word' id='word_1_35' title='bbox 1151 604 1206 650; x_wconf 91' lang='lat' dir='ltr'><strong>et</strong></span> <span class='ocrx_word' id='word_1_36' title='bbox 1233 611 1458 661; x_wconf 79' lang='lat' dir='ltr'><strong>uxores,</strong></span> <span class='ocrx_word' id='word_1_37' title='bbox 1493 607 1548 653; x_wconf 90' lang='lat' dir='ltr'><strong>et</strong></span> <span class='ocrx_word' id='word_1_38' title='bbox 1586 597 1751 662; x_wconf 88' lang='lat' dir='ltr'><strong>ﬁlios,</strong></span> 
     </span>
    </p>
   </div>
   <div class='ocr_carea' id='block_1_9' title="bbox 161 685 1753 759">
    <p class='ocr_par' dir='ltr' id='par_1_9' title="bbox 161 685 1753 759">
     <span class='ocr_line' id='line_1_9' title="bbox 161 685 1753 759; baseline 0.003 -21"><span class='ocrx_word' id='word_1_39' title='bbox 161 691 217 738; x_wconf 92' lang='lat' dir='ltr'><strong>et</strong></span> <span class='ocrx_word' id='word_1_40' title='bbox 244 699 436 740; x_wconf 91' lang='lat' dir='ltr'><strong>omnes</strong></span> <span class='ocrx_word' id='word_1_41' title='bbox 476 685 748 756; x_wconf 89' lang='lat' dir='ltr'><strong>disposuit</strong></span> <span class='ocrx_word' id='word_1_42' title='bbox 775 701 924 749; x_wconf 89' lang='lat' dir='ltr'><strong>suos,</strong></span> <span class='ocrx_word' id='word_1_43' title='bbox 959 697 1016 743; x_wconf 91' lang='lat' dir='ltr'><strong>et</strong></span> <span class='ocrx_word' id='word_1_44' title='bbox 1037 689 1294 758; x_wconf 63' lang='lat' dir='ltr'><strong>praecepit</strong></span> <span class='ocrx_word' id='word_1_45' title='bbox 1322 699 1375 743; x_wconf 93' lang='lat' dir='ltr'><strong>ut</strong></span> <span class='ocrx_word' id='word_1_46' title='bbox 1404 701 1460 744; x_wconf 91' lang='lat' dir='ltr'><strong>et</strong></span> <span class='ocrx_word' id='word_1_47' title='bbox 1493 689 1595 759; x_wconf 89' lang='lat' dir='ltr'><strong>ipsi</strong></span> <span class='ocrx_word' id='word_1_48' title='bbox 1622 688 1753 743; x_wconf 84' lang='lat' dir='ltr'><strong>ado-</strong></span> 
     </span>
    </p>
   </div>
   <div class='ocr_carea' id='block_1_10' title="bbox 161 778 1759 852">
    <p class='ocr_par' dir='ltr' id='par_1_10' title="bbox 161 778 1759 852">
     <span class='ocr_line' id='line_1_10' title="bbox 161 778 1759 852; baseline 0.004 -22"><span class='ocrx_word' id='word_1_49' title='bbox 161 785 346 831; x_wconf 89' lang='lat' dir='ltr'><strong>rarent</strong></span> <span class='ocrx_word' id='word_1_50' title='bbox 370 791 534 848; x_wconf 88' lang='lat' dir='ltr'><strong>super</strong></span> <span class='ocrx_word' id='word_1_51' title='bbox 564 787 765 833; x_wconf 88' lang='lat' dir='ltr'><strong>terram</strong></span> <span class='ocrx_word' id='word_1_52' title='bbox 802 778 979 850; x_wconf 85' lang='lat' dir='ltr'><strong>(Cen.</strong></span> <span class='ocrx_word' id='word_1_53' title='bbox 1013 795 1204 846; x_wconf 88' lang='grc' dir='ltr'>χχχιιι,</span> <span class='ocrx_word' id='word_1_54' title='bbox 1237 779 1356 852; x_wconf 88' lang='lat'><strong>6)?</strong></span> <span class='ocrx_word' id='word_1_55' title='bbox 1399 779 1516 835; x_wconf 86' lang='lat' dir='ltr'><strong>Non</strong></span> <span class='ocrx_word' id='word_1_56' title='bbox 1571 779 1759 850; x_wconf 84' lang='lat' dir='ltr'><strong>utique</strong></span> 
     </span>
    </p>
   </div>
   <div class='ocr_carea' id='block_1_11' title="bbox 162 873 1754 945">
    <p class='ocr_par' dir='ltr' id='par_1_11' title="bbox 162 873 1754 945">
     <span class='ocr_line' id='line_1_11' title="bbox 162 873 1754 945; baseline 0.001 -19"><span class='ocrx_word' id='word_1_57' title='bbox 162 881 221 926; x_wconf 90' lang='lat' dir='ltr'><strong>ut</strong></span> <span class='ocrx_word' id='word_1_58' title='bbox 251 873 606 936; x_wconf 89' lang='lat' dir='ltr'><strong>elementum,</strong></span> <span class='ocrx_word' id='word_1_59' title='bbox 631 873 776 943; x_wconf 91' lang='lat' dir='ltr'><strong>quod</strong></span> <span class='ocrx_word' id='word_1_60' title='bbox 832 875 1150 945; x_wconf 91' lang='lat' dir='ltr'><strong>plerumque</strong></span> <span class='ocrx_word' id='word_1_61' title='bbox 1179 875 1424 945; x_wconf 86' lang='lat' dir='ltr'><strong>repletur</strong></span> <span class='ocrx_word' id='word_1_62' title='bbox 1470 873 1754 945; x_wconf 77' lang='lat' dir='ltr'><strong>sanguine,</strong></span> 
     </span>
    </p>
   </div>
   <div class='ocr_carea' id='block_1_12' title="bbox 162 965 1762 1037">
    <p class='ocr_par' dir='ltr' id='par_1_12' title="bbox 162 965 1762 1037">
     <span class='ocr_line' id='line_1_12' title="bbox 162 965 1762 1037; baseline 0.002 -17"><span class='ocrx_word' id='word_1_63' title='bbox 162 967 215 1020; x_wconf 88' lang='lat' dir='ltr'><strong>in</strong></span> <span class='ocrx_word' id='word_1_64' title='bbox 247 981 355 1036; x_wconf 89' lang='lat' dir='ltr'><strong>quo</strong></span> <span class='ocrx_word' id='word_1_65' title='bbox 387 965 602 1021; x_wconf 86' lang='lat' dir='ltr'><strong>ofﬁcina</strong></span> <span class='ocrx_word' id='word_1_66' title='bbox 629 975 714 1022; x_wconf 89' lang='lat' dir='ltr'><strong>est</strong></span> <span class='ocrx_word' id='word_1_67' title='bbox 743 967 1033 1032; x_wconf 89' lang='lat' dir='ltr'><strong>scelerum,</strong></span> <span class='ocrx_word' id='word_1_68' title='bbox 1076 977 1169 1021; x_wconf 87' lang='lat' dir='ltr'><strong>aut</strong></span> <span class='ocrx_word' id='word_1_69' title='bbox 1223 967 1392 1022; x_wconf 84' lang='lat' dir='ltr'><strong>vastis</strong></span> <span class='ocrx_word' id='word_1_70' title='bbox 1443 967 1762 1037; x_wconf 88' lang='lat' dir='ltr'><strong>plerumque</strong></span> 
     </span>
    </p>
   </div>
   <div class='ocr_carea' id='block_1_13' title="bbox 161 1055 1763 1128">
    <p class='ocr_par' dir='ltr' id='par_1_13' title="bbox 161 1055 1763 1128">
     <span class='ocr_line' id='line_1_13' title="bbox 161 1055 1763 1128; baseline 0.002 -19"><span class='ocrx_word' id='word_1_71' title='bbox 161 1055 349 1110; x_wconf 86' lang='lat' dir='ltr'><strong>horret</strong></span> <span class='ocrx_word' id='word_1_72' title='bbox 372 1056 643 1120; x_wconf 88' lang='lat' dir='ltr'><strong>cautibus,</strong></span> <span class='ocrx_word' id='word_1_73' title='bbox 673 1065 764 1110; x_wconf 89' lang='lat' dir='ltr'><strong>aut</strong></span> <span class='ocrx_word' id='word_1_74' title='bbox 789 1057 1082 1128; x_wconf 65' lang='lat' dir='ltr'><strong>praeruptis</strong></span> <span class='ocrx_word' id='word_1_75' title='bbox 1109 1057 1360 1126; x_wconf 86' lang='lat' dir='ltr'><strong>rupibus,</strong></span> <span class='ocrx_word' id='word_1_76' title='bbox 1384 1065 1479 1111; x_wconf 92' lang='lat' dir='ltr'><strong>aut</strong></span> <span class='ocrx_word' id='word_1_77' title='bbox 1504 1057 1678 1112; x_wconf 88' lang='lat' dir='ltr'><strong>sterili</strong></span> <span class='ocrx_word' id='word_1_78' title='bbox 1707 1065 1763 1112; x_wconf 88' lang='lat' dir='ltr'><strong>et</strong></span> 
     </span>
    </p>
   </div>
   <div class='ocr_carea' id='block_1_14' title="bbox 155 1149 1754 1221">
    <p class='ocr_par' dir='ltr' id='par_1_14' title="bbox 155 1149 1754 1221">
     <span class='ocr_line' id='line_1_14' title="bbox 155 1149 1754 1221; baseline 0.001 -18"><span class='ocrx_word' id='word_1_79' title='bbox 155 1149 346 1220; x_wconf 86' lang='lat' dir='ltr'><strong>jejuno</strong></span> <span class='ocrx_word' id='word_1_80' title='bbox 371 1149 488 1205; x_wconf 91' lang='lat' dir='ltr'><strong>solo</strong></span> <span class='ocrx_word' id='word_1_81' title='bbox 513 1166 526 1202; x_wconf 89' lang='lat'><strong>:</strong></span> <span class='ocrx_word' id='word_1_82' title='bbox 557 1149 652 1205; x_wconf 88' lang='lat' dir='ltr'><strong>sed</strong></span> <span class='ocrx_word' id='word_1_83' title='bbox 682 1159 740 1204; x_wconf 92' lang='lat' dir='ltr'><strong>ut</strong></span> <span class='ocrx_word' id='word_1_84' title='bbox 765 1165 986 1205; x_wconf 88' lang='lat' dir='ltr'><strong>carnem</strong></span> <span class='ocrx_word' id='word_1_85' title='bbox 1013 1149 1273 1221; x_wconf 65' lang='lat' dir='ltr'><strong>praesidio</strong></span> <span class='ocrx_word' id='word_1_86' title='bbox 1293 1149 1468 1205; x_wconf 86' lang='lat' dir='ltr'><strong>nobis</strong></span> <span class='ocrx_word' id='word_1_87' title='bbox 1499 1149 1754 1205; x_wconf 89' lang='lat' dir='ltr'><strong>futuram.</strong></span> 
     </span>
    </p>
   </div>
   <div class='ocr_carea' id='block_1_15' title="bbox 163 1246 1763 1319">
    <p class='ocr_par' dir='ltr' id='par_1_15' title="bbox 163 1246 1763 1319">
     <span class='ocr_line' id='line_1_15' title="bbox 163 1246 1763 1319; baseline 0.003 -21"><span class='ocrx_word' id='word_1_88' title='bbox 163 1248 228 1300; x_wconf 88' lang='lat' dir='ltr'><strong>l-.t</strong></span> <span class='ocrx_word' id='word_1_89' title='bbox 253 1248 483 1302; x_wconf 83' lang='lat' dir='ltr'><strong>fortasse</strong></span> <span class='ocrx_word' id='word_1_90' title='bbox 509 1246 611 1302; x_wconf 93' lang='lat' dir='ltr'><strong>hoc</strong></span> <span class='ocrx_word' id='word_1_91' title='bbox 642 1246 773 1302; x_wconf 91' lang='lat' dir='ltr'><strong>illud</strong></span> <span class='ocrx_word' id='word_1_92' title='bbox 819 1256 898 1302; x_wconf 90' lang='lat' dir='ltr'><strong>est</strong></span> <span class='ocrx_word' id='word_1_93' title='bbox 929 1249 1274 1319; x_wconf 86' lang='lat' dir='ltr'><strong>mysterium,</strong></span> <span class='ocrx_word' id='word_1_94' title='bbox 1307 1246 1453 1319; x_wconf 91' lang='lat' dir='ltr'><strong>quod</strong></span> <span class='ocrx_word' id='word_1_95' title='bbox 1491 1259 1544 1304; x_wconf 90' lang='lat' dir='ltr'><strong>te</strong></span> <span class='ocrx_word' id='word_1_96' title='bbox 1572 1247 1763 1304; x_wconf 89' lang='lat' dir='ltr'><strong>docuit</strong></span> 
     </span>
    </p>
   </div>
   <div class='ocr_carea' id='block_1_16' title="bbox 164 1341 1764 1412">
    <p class='ocr_par' dir='ltr' id='par_1_16' title="bbox 164 1341 1764 1412">
     <span class='ocr_line' id='line_1_16' title="bbox 164 1341 1764 1412; baseline 0.001 -17"><span class='ocrx_word' id='word_1_97' title='bbox 164 1343 425 1398; x_wconf 86' lang='lat' dir='ltr'><strong>Dominus</strong></span> <span class='ocrx_word' id='word_1_98' title='bbox 447 1342 638 1399; x_wconf 91' lang='lat' dir='ltr'><strong>dicens</strong></span> <span class='ocrx_word' id='word_1_99' title='bbox 665 1361 677 1395; x_wconf 91' lang='lat'>:</span> <span class='ocrx_word' id='word_1_100' title='bbox 711 1341 834 1397; x_wconf 86' lang='lat' dir='ltr'><strong>Non</strong></span> <span class='ocrx_word' id='word_1_101' title='bbox 884 1344 1052 1398; x_wconf 89' lang='lat' dir='ltr'><strong>solum</strong></span> <span class='ocrx_word' id='word_1_102' title='bbox 1081 1344 1295 1412; x_wconf 75' lang='lat' dir='ltr'><strong>septies,</strong></span> <span class='ocrx_word' id='word_1_103' title='bbox 1325 1345 1416 1397; x_wconf 85' lang='lat' dir='ltr'><strong>sed</strong></span> <span class='ocrx_word' id='word_1_104' title='bbox 1467 1343 1624 1397; x_wconf 88' lang='lat' dir='ltr'><strong>etiam</strong></span> <span class='ocrx_word' id='word_1_105' title='bbox 1645 1358 1764 1412; x_wconf 83' lang='lat' dir='ltr'><strong>sep-</strong></span> 
     </span>
    </p>
   </div>
   <div class='ocr_carea' id='block_1_17' title="bbox 163 1435 1140 1511">
    <p class='ocr_par' dir='ltr' id='par_1_17' title="bbox 163 1435 1140 1511">
     <span class='ocr_line' id='line_1_17' title="bbox 163 1435 1140 1511; baseline -0.003 -20"><span class='ocrx_word' id='word_1_106' title='bbox 163 1440 359 1511; x_wconf 79' lang='lat' dir='ltr'><strong>tuagies</strong></span> <span class='ocrx_word' id='word_1_107' title='bbox 381 1438 574 1509; x_wconf 77' lang='lat' dir='ltr'><strong>septies</strong></span> <span class='ocrx_word' id='word_1_108' title='bbox 606 1435 820 1510; x_wconf 84' lang='lat' dir='ltr'><strong>(Matth.</strong></span> <span class='ocrx_word' id='word_1_109' title='bbox 850 1452 998 1503; x_wconf 83' lang='lat' dir='ltr'><strong>xvttt,</strong></span> <span class='ocrx_word' id='word_1_110' title='bbox 1021 1435 1140 1506; x_wconf 69' lang='lat'><strong>22).</strong></span> 
     </span>
    </p>
   </div>
   <div class='ocr_carea' id='block_1_18' title="bbox 241 1529 1763 1600">
    <p class='ocr_par' dir='ltr' id='par_1_18' title="bbox 241 1529 1763 1600">
     <span class='ocr_line' id='line_1_18' title="bbox 241 1529 1763 1600; baseline 0 -16"><span class='ocrx_word' id='word_1_111' title='bbox 241 1531 353 1587; x_wconf 80' lang='lat' dir='ltr'><strong>l03.</strong></span> <span class='ocrx_word' id='word_1_112' title='bbox 389 1529 453 1584; x_wconf 85' lang='lat' dir='ltr'><strong>Et</strong></span> <span class='ocrx_word' id='word_1_113' title='bbox 485 1545 584 1585; x_wconf 91' lang='lat' dir='ltr'><strong>vos</strong></span> <span class='ocrx_word' id='word_1_114' title='bbox 612 1529 775 1600; x_wconf 80' lang='lat' dir='ltr'><strong>igitur</strong></span> <span class='ocrx_word' id='word_1_115' title='bbox 806 1529 1008 1585; x_wconf 89' lang='lat' dir='ltr'><strong>donate</strong></span> <span class='ocrx_word' id='word_1_116' title='bbox 1039 1529 1267 1599; x_wconf 82' lang='lat' dir='ltr'><strong>injurias</strong></span> <span class='ocrx_word' id='word_1_117' title='bbox 1300 1540 1532 1596; x_wconf 91' lang='lat' dir='ltr'><strong>vestras,</strong></span> <span class='ocrx_word' id='word_1_118' title='bbox 1563 1538 1619 1583; x_wconf 92' lang='lat' dir='ltr'><strong>ut</strong></span> <span class='ocrx_word' id='word_1_119' title='bbox 1642 1529 1763 1584; x_wconf 89' lang='lat' dir='ltr'><strong>sitis</strong></span> 
     </span>
    </p>
   </div>
   <div class='ocr_carea' id='block_1_19' title="bbox 164 1621 1766 1695">
    <p class='ocr_par' dir='ltr' id='par_1_19' title="bbox 164 1621 1766 1695">
     <span class='ocr_line' id='line_1_19' title="bbox 164 1621 1766 1695; baseline -0.001 -17"><span class='ocrx_word' id='word_1_120' title='bbox 164 1624 257 1679; x_wconf 87' lang='lat' dir='ltr'><strong>lilii</strong></span> <span class='ocrx_word' id='word_1_121' title='bbox 290 1624 458 1680; x_wconf 91' lang='lat' dir='ltr'><strong>Jacob</strong></span> <span class='ocrx_word' id='word_1_122' title='bbox 481 1621 500 1695; x_wconf 95' lang='lat'>(</span> <span class='ocrx_word' id='word_1_123' title='bbox 523 1623 724 1678; x_wconf 83' lang='lat' dir='ltr'><strong>Coloss.</strong></span> <span class='ocrx_word' id='word_1_124' title='bbox 758 1639 834 1686; x_wconf 85' lang='grc' dir='ltr'>ιιι,</span> <span class='ocrx_word' id='word_1_125' title='bbox 872 1623 938 1677; x_wconf 80' lang='grc'><strong>15</strong></span> <span class='ocrx_word' id='word_1_126' title='bbox 964 1624 1003 1693; x_wconf 92' lang='grc'><strong>).</strong></span> <span class='ocrx_word' id='word_1_127' title='bbox 1047 1621 1228 1678; x_wconf 84' lang='lat' dir='ltr'><strong>Nolite</strong></span> <span class='ocrx_word' id='word_1_128' title='bbox 1258 1623 1571 1694; x_wconf 74' lang='lat' dir='ltr'><strong>exasperari</strong></span> <span class='ocrx_word' id='word_1_129' title='bbox 1625 1624 1766 1678; x_wconf 81' lang='lat' dir='ltr'><strong>sicut</strong></span> 
     </span>
    </p>
   </div>
   <div class='ocr_carea' id='block_1_20' title="bbox 166 1715 1764 1786">
    <p class='ocr_par' dir='ltr' id='par_1_20' title="bbox 166 1715 1764 1786">
     <span class='ocr_line' id='line_1_20' title="bbox 166 1715 1764 1786; baseline -0.002 -15"><span class='ocrx_word' id='word_1_130' title='bbox 166 1716 336 1772; x_wconf 84' lang='lat' dir='ltr'><strong>Esau.</strong></span> <span class='ocrx_word' id='word_1_131' title='bbox 366 1715 658 1772; x_wconf 89' lang='lat' dir='ltr'><strong>Imitamini</strong></span> <span class='ocrx_word' id='word_1_132' title='bbox 687 1724 934 1772; x_wconf 89' lang='lat' dir='ltr'><strong>sanetum</strong></span> <span class='ocrx_word' id='word_1_133' title='bbox 955 1715 1148 1782; x_wconf 86' lang='lat' dir='ltr'><strong>David,</strong></span> <span class='ocrx_word' id='word_1_134' title='bbox 1175 1716 1263 1785; x_wconf 85' lang='lat' dir='ltr'><strong>qui</strong></span> <span class='ocrx_word' id='word_1_135' title='bbox 1291 1725 1562 1786; x_wconf 86' lang='lat' dir='ltr'><strong>tamquam</strong></span> <span class='ocrx_word' id='word_1_136' title='bbox 1592 1717 1764 1770; x_wconf 90' lang='lat' dir='ltr'><strong>bonus</strong></span> 
     </span>
    </p>
   </div>
   <div class='ocr_carea' id='block_1_21' title="bbox 1861 497 3460 570">
    <p class='ocr_par' dir='ltr' id='par_1_21' title="bbox 1861 497 3460 570">
     <span class='ocr_line' id='line_1_21' title="bbox 1861 497 3460 570; baseline -0.004 -15"><span class='ocrx_word' id='word_1_137' title='bbox 1861 517 1920 555; x_wconf 88' lang='lat' dir='ltr'><strong>se</strong></span> <span class='ocrx_word' id='word_1_138' title='bbox 1954 500 2217 570; x_wconf 73' lang='lat' dir='ltr'><strong>praebeat,</strong></span> <span class='ocrx_word' id='word_1_139' title='bbox 2266 515 2375 554; x_wconf 90' lang='lat' dir='ltr'><strong>non</strong></span> <span class='ocrx_word' id='word_1_140' title='bbox 2408 499 2790 554; x_wconf 87' lang='lat' dir='ltr'><strong>coercendam.</strong></span> <span class='ocrx_word' id='word_1_141' title='bbox 2827 497 3044 568; x_wconf 84' lang='lat' dir='ltr'><strong>Indigna</strong></span> <span class='ocrx_word' id='word_1_142' title='bbox 3075 506 3158 552; x_wconf 90' lang='lat' dir='ltr'><strong>est</strong></span> <span class='ocrx_word' id='word_1_143' title='bbox 3185 497 3460 568; x_wconf 78' lang='lat' dir='ltr'><strong>conjugin,</strong></span> 
     </span>
    </p>
   </div>
   <div class='ocr_carea' id='block_1_22' title="bbox 1861 590 3459 664">
    <p class='ocr_par' dir='ltr' id='par_1_22' title="bbox 1861 590 3459 664">
     <span class='ocr_line' id='line_1_22' title="bbox 1861 590 3459 664; baseline -0.001 -17"><span class='ocrx_word' id='word_1_144' title='bbox 1861 609 1984 663; x_wconf 66' lang='lat' dir='ltr'><strong>quae</strong></span> <span class='ocrx_word' id='word_1_145' title='bbox 2009 593 2170 662; x_wconf 85' lang='lat' dir='ltr'><strong>digna</strong></span> <span class='ocrx_word' id='word_1_146' title='bbox 2215 601 2301 647; x_wconf 87' lang='lat' dir='ltr'><strong>est</strong></span> <span class='ocrx_word' id='word_1_147' title='bbox 2325 592 2525 664; x_wconf 85' lang='lat' dir='ltr'><strong>jurgio.</strong></span> <span class='ocrx_word' id='word_1_148' title='bbox 2562 590 2891 662; x_wconf 84' lang='lat' dir='ltr'><strong>Virquoque</strong></span> <span class='ocrx_word' id='word_1_149' title='bbox 2925 607 3152 647; x_wconf 85' lang='lat' dir='ltr'><strong>uxorem</strong></span> <span class='ocrx_word' id='word_1_150' title='bbox 3187 600 3459 663; x_wconf 76' lang='lat' dir='ltr'><strong>tamquam</strong></span> 
     </span>
    </p>
   </div>
   <div class='ocr_carea' id='block_1_23' title="bbox 1862 683 3461 758">
    <p class='ocr_par' dir='ltr' id='par_1_23' title="bbox 1862 683 3461 758">
     <span class='ocr_line' id='line_1_23' title="bbox 1862 683 3461 758; baseline -0.001 -18"><span class='ocrx_word' id='word_1_151' title='bbox 1862 687 2199 758; x_wconf 90' lang='lat' dir='ltr'><strong>gubernator</strong></span> <span class='ocrx_word' id='word_1_152' title='bbox 2243 685 2460 756; x_wconf 80' lang='lat' dir='ltr'><strong>dirigat,</strong></span> <span class='ocrx_word' id='word_1_153' title='bbox 2503 696 2774 755; x_wconf 88' lang='lat' dir='ltr'><strong>tamquam</strong></span> <span class='ocrx_word' id='word_1_154' title='bbox 2822 693 3134 741; x_wconf 89' lang='lat' dir='ltr'><strong>consortem</strong></span> <span class='ocrx_word' id='word_1_155' title='bbox 3190 685 3314 739; x_wconf 66' lang='lat' dir='ltr'><strong>vitze</strong></span> <span class='ocrx_word' id='word_1_156' title='bbox 3360 683 3461 739; x_wconf 88' lang='lat' dir='ltr'><strong>ho-</strong></span> 
     </span>
    </p>
   </div>
   <div class='ocr_carea' id='block_1_24' title="bbox 1865 779 3061 851">
    <p class='ocr_par' dir='ltr' id='par_1_24' title="bbox 1865 779 3061 851">
     <span class='ocr_line' id='line_1_24' title="bbox 1865 779 3061 851; baseline -0.003 -15"><span class='ocrx_word' id='word_1_157' title='bbox 1865 791 2042 846; x_wconf 90' lang='lat' dir='ltr'><strong>noret,</strong></span> <span class='ocrx_word' id='word_1_158' title='bbox 2075 781 2362 850; x_wconf 76' lang='lat' dir='ltr'><strong>participet</strong></span> <span class='ocrx_word' id='word_1_159' title='bbox 2394 789 2450 835; x_wconf 93' lang='lat' dir='ltr'><strong>ut</strong></span> <span class='ocrx_word' id='word_1_160' title='bbox 2479 779 2825 835; x_wconf 85' lang='lat' dir='ltr'><strong>coh:eredem</strong></span> <span class='ocrx_word' id='word_1_161' title='bbox 2855 781 3061 851; x_wconf 70' lang='lat' dir='ltr'><strong>gratim.</strong></span> 
     </span>
    </p>
   </div>
   <div class='ocr_carea' id='block_1_25' title="bbox 1937 871 3460 943">
    <p class='ocr_par' dir='ltr' id='par_1_25' title="bbox 1937 871 3460 943">
     <span class='ocr_line' id='line_1_25' title="bbox 1937 871 3460 943; baseline 0.002 -17"><span class='ocrx_word' id='word_1_162' title='bbox 1937 871 2060 929; x_wconf 94' lang='grc'><strong>108.</strong></span> <span class='ocrx_word' id='word_1_163' title='bbox 2105 872 2342 940; x_wconf 81' lang='lat' dir='ltr'><strong>Matres,</strong></span> <span class='ocrx_word' id='word_1_164' title='bbox 2391 873 2664 927; x_wconf 83' lang='lat' dir='ltr'><strong>ablactate</strong></span> <span class='ocrx_word' id='word_1_165' title='bbox 2722 871 2901 940; x_wconf 91' lang='lat' dir='ltr'><strong>lilios,</strong></span> <span class='ocrx_word' id='word_1_166' title='bbox 2953 871 3160 943; x_wconf 80' lang='lat' dir='ltr'><strong>diligite</strong></span> <span class='ocrx_word' id='word_1_167' title='bbox 3206 871 3460 928; x_wconf 80' lang='lat' dir='ltr'><strong>eoszsed</strong></span> 
     </span>
    </p>
   </div>
   <div class='ocr_carea' id='block_1_26' title="bbox 1865 963 3459 1035">
    <p class='ocr_par' dir='ltr' id='par_1_26' title="bbox 1865 963 3459 1035">
     <span class='ocr_line' id='line_1_26' title="bbox 1865 963 3459 1035; baseline 0.001 -17"><span class='ocrx_word' id='word_1_168' title='bbox 1865 972 2018 1018; x_wconf 88' lang='lat' dir='ltr'><strong>orate</strong></span> <span class='ocrx_word' id='word_1_169' title='bbox 2049 979 2147 1033; x_wconf 91' lang='lat' dir='ltr'><strong>pro</strong></span> <span class='ocrx_word' id='word_1_170' title='bbox 2177 964 2241 1017; x_wconf 92' lang='lat' dir='ltr'><strong>iis</strong></span> <span class='ocrx_word' id='word_1_171' title='bbox 2273 975 2330 1018; x_wconf 94' lang='lat' dir='ltr'><strong>ut</strong></span> <span class='ocrx_word' id='word_1_172' title='bbox 2359 963 2589 1035; x_wconf 76' lang='lat' dir='ltr'><strong>longtevi</strong></span> <span class='ocrx_word' id='word_1_173' title='bbox 2621 977 2786 1035; x_wconf 87' lang='lat' dir='ltr'><strong>super</strong></span> <span class='ocrx_word' id='word_1_174' title='bbox 2815 973 3014 1021; x_wconf 90' lang='lat' dir='ltr'><strong>terram</strong></span> <span class='ocrx_word' id='word_1_175' title='bbox 3066 964 3195 1030; x_wconf 90' lang='lat' dir='ltr'><strong>sint,</strong></span> <span class='ocrx_word' id='word_1_176' title='bbox 3252 982 3358 1020; x_wconf 81' lang='lat' dir='ltr'><strong>non</strong></span> <span class='ocrx_word' id='word_1_177' title='bbox 3410 966 3459 1020; x_wconf 93' lang='lat' dir='ltr'><strong>iu</strong></span> 
     </span>
    </p>
   </div>
   <div class='ocr_carea' id='block_1_27' title="bbox 1866 1055 3470 1129">
    <p class='ocr_par' dir='ltr' id='par_1_27' title="bbox 1866 1055 3470 1129">
     <span class='ocr_line' id='line_1_27' title="bbox 1866 1055 3470 1129; baseline 0.002 -19"><span class='ocrx_word' id='word_1_178' title='bbox 1866 1066 2031 1123; x_wconf 90' lang='lat' dir='ltr'><strong>terra,</strong></span> <span class='ocrx_word' id='word_1_179' title='bbox 2052 1057 2146 1112; x_wconf 92' lang='lat' dir='ltr'><strong>sed</strong></span> <span class='ocrx_word' id='word_1_180' title='bbox 2172 1071 2336 1128; x_wconf 89' lang='lat' dir='ltr'><strong>super</strong></span> <span class='ocrx_word' id='word_1_181' title='bbox 2363 1065 2598 1124; x_wconf 89' lang='lat' dir='ltr'><strong>terram;</strong></span> <span class='ocrx_word' id='word_1_182' title='bbox 2629 1055 2763 1112; x_wconf 91' lang='lat' dir='ltr'><strong>nihil</strong></span> <span class='ocrx_word' id='word_1_183' title='bbox 2791 1057 3252 1129; x_wconf 69' lang='lat' dir='ltr'><strong>enimlongaevum</strong></span> <span class='ocrx_word' id='word_1_184' title='bbox 3281 1058 3335 1114; x_wconf 93' lang='lat' dir='ltr'><strong>iu</strong></span> <span class='ocrx_word' id='word_1_185' title='bbox 3366 1059 3470 1114; x_wconf 90' lang='lat' dir='ltr'><strong>hac</strong></span> 
     </span>
    </p>
   </div>
   <div class='ocr_carea' id='block_1_28' title="bbox 1869 1149 3464 1223">
    <p class='ocr_par' dir='ltr' id='par_1_28' title="bbox 1869 1149 3464 1223">
     <span class='ocr_line' id='line_1_28' title="bbox 1869 1149 3464 1223; baseline 0.004 -22"><span class='ocrx_word' id='word_1_186' title='bbox 1869 1156 2010 1204; x_wconf 91' lang='lat' dir='ltr'><strong>terra</strong></span> <span class='ocrx_word' id='word_1_187' title='bbox 2041 1165 2055 1214; x_wconf 91' lang='lat'><strong>;</strong></span> <span class='ocrx_word' id='word_1_188' title='bbox 2084 1159 2138 1204; x_wconf 89' lang='lat' dir='ltr'><strong>et</strong></span> <span class='ocrx_word' id='word_1_189' title='bbox 2169 1149 2314 1220; x_wconf 85' lang='lat' dir='ltr'><strong>quod</strong></span> <span class='ocrx_word' id='word_1_190' title='bbox 2339 1160 2423 1205; x_wconf 89' lang='lat' dir='ltr'><strong>est</strong></span> <span class='ocrx_word' id='word_1_191' title='bbox 2450 1150 2567 1218; x_wconf 90' lang='lat' dir='ltr'><strong>diu,</strong></span> <span class='ocrx_word' id='word_1_192' title='bbox 2597 1151 2767 1206; x_wconf 87' lang='lat' dir='ltr'><strong>breve</strong></span> <span class='ocrx_word' id='word_1_193' title='bbox 2787 1161 2871 1206; x_wconf 91' lang='lat' dir='ltr'><strong>est</strong></span> <span class='ocrx_word' id='word_1_194' title='bbox 2891 1159 2947 1206; x_wconf 92' lang='lat' dir='ltr'><strong>et</strong></span> <span class='ocrx_word' id='word_1_195' title='bbox 2977 1151 3150 1223; x_wconf 90' lang='lat' dir='ltr'><strong>magis</strong></span> <span class='ocrx_word' id='word_1_196' title='bbox 3175 1151 3464 1209; x_wconf 84' lang='lat' dir='ltr'><strong>lubricum.</strong></span> 
     </span>
    </p>
   </div>
   <div class='ocr_carea' id='block_1_29' title="bbox 1867 1241 3469 1319">
    <p class='ocr_par' dir='ltr' id='par_1_29' title="bbox 1867 1241 3469 1319">
     <span class='ocr_line' id='line_1_29' title="bbox 1867 1241 3469 1319; baseline 0.005 -23"><span class='ocrx_word' id='word_1_197' title='bbox 1867 1241 2086 1299; x_wconf 84' lang='lat' dir='ltr'><strong>Monete</strong></span> <span class='ocrx_word' id='word_1_198' title='bbox 2117 1258 2213 1299; x_wconf 90' lang='lat' dir='ltr'><strong>eos</strong></span> <span class='ocrx_word' id='word_1_199' title='bbox 2243 1253 2302 1300; x_wconf 91' lang='lat' dir='ltr'><strong>ut</strong></span> <span class='ocrx_word' id='word_1_200' title='bbox 2333 1244 2510 1316; x_wconf 89' lang='lat' dir='ltr'><strong>magis</strong></span> <span class='ocrx_word' id='word_1_201' title='bbox 2537 1260 2758 1303; x_wconf 90' lang='lat' dir='ltr'><strong>crucem</strong></span> <span class='ocrx_word' id='word_1_202' title='bbox 2791 1244 3005 1302; x_wconf 90' lang='lat' dir='ltr'><strong>Domini</strong></span> <span class='ocrx_word' id='word_1_203' title='bbox 3037 1245 3251 1314; x_wconf 89' lang='lat' dir='ltr'><strong>tollant,</strong></span> <span class='ocrx_word' id='word_1_204' title='bbox 3307 1262 3469 1319; x_wconf 88' lang='lat' dir='ltr'><strong>quam</strong></span> 
     </span>
    </p>
   </div>
   <div class='ocr_carea' id='block_1_30' title="bbox 1868 1321 3012 1409">
    <p class='ocr_par' dir='ltr' id='par_1_30' title="bbox 1868 1321 3012 1409">
     <span class='ocr_line' id='line_1_30' title="bbox 1868 1321 3012 1409; baseline 0.003 -19"><span class='ocrx_word' id='word_1_205' title='bbox 1868 1337 2008 1392; x_wconf 90' lang='lat' dir='ltr'><strong>hanc</strong></span> <span class='ocrx_word' id='word_1_206' title='bbox 2049 1337 2214 1392; x_wconf 89' lang='lat' dir='ltr'><strong>vitam</strong></span> <span class='ocrx_word' id='word_1_207' title='bbox 2264 1337 2513 1409; x_wconf 85' lang='lat' dir='ltr'><strong>diligant.</strong></span> <span class='ocrx_word' id='word_1_208' title='bbox 2994 1321 3012 1337; x_wconf 70' lang='grc'><strong>’</strong></span> 
     </span>
    </p>
   </div>
   <div class='ocr_carea' id='block_1_31' title="bbox 1925 1429 3468 1491">
    <p class='ocr_par' dir='ltr' id='par_1_31' title="bbox 1925 1429 3468 1491">
     <span class='ocr_line' id='line_1_31' title="bbox 1925 1429 3468 1491; baseline 0.005 -7"><span class='ocrx_word' id='word_1_209' title='bbox 1925 1429 2049 1486; x_wconf 77' lang='grc'><strong>109.</strong></span> <span class='ocrx_word' id='word_1_210' title='bbox 2081 1442 2101 1467; x_wconf 79' lang='grc' dir='ltr'><strong>ο</strong></span> <span class='ocrx_word' id='word_1_211' title='bbox 2126 1429 2289 1484; x_wconf 82' lang='lat' dir='ltr'><strong>Maria</strong></span> <span class='ocrx_word' id='word_1_212' title='bbox 2316 1441 2491 1487; x_wconf 90' lang='lat' dir='ltr'><strong>mater</strong></span> <span class='ocrx_word' id='word_1_213' title='bbox 2513 1432 2727 1486; x_wconf 90' lang='lat' dir='ltr'><strong>Domini</strong></span> <span class='ocrx_word' id='word_1_214' title='bbox 2748 1441 2872 1488; x_wconf 87' lang='lat' dir='ltr'><strong>ante</strong></span> <span class='ocrx_word' id='word_1_215' title='bbox 2899 1448 3118 1490; x_wconf 91' lang='lat' dir='ltr'><strong>crucem</strong></span> <span class='ocrx_word' id='word_1_216' title='bbox 3143 1433 3237 1489; x_wconf 80' lang='lat' dir='ltr'><strong>lilii</strong></span> <span class='ocrx_word' id='word_1_217' title='bbox 3261 1434 3468 1491; x_wconf 87' lang='lat' dir='ltr'><strong>stabat:</strong></span> 
     </span>
    </p>
   </div>
   <div class='ocr_carea' id='block_1_32' title="bbox 1867 1525 3475 1601">
    <p class='ocr_par' dir='ltr' id='par_1_32' title="bbox 1867 1525 3475 1601">
     <span class='ocr_line' id='line_1_32' title="bbox 1867 1525 3475 1601; baseline 0.004 -23"><span class='ocrx_word' id='word_1_218' title='bbox 1867 1525 2045 1578; x_wconf 91' lang='lat' dir='ltr'><strong>nullus</strong></span> <span class='ocrx_word' id='word_1_219' title='bbox 2077 1540 2164 1580; x_wconf 89' lang='lat' dir='ltr'><strong>me</strong></span> <span class='ocrx_word' id='word_1_220' title='bbox 2187 1525 2288 1581; x_wconf 93' lang='lat' dir='ltr'><strong>hoc</strong></span> <span class='ocrx_word' id='word_1_221' title='bbox 2317 1526 2529 1591; x_wconf 90' lang='lat' dir='ltr'><strong>docuit,</strong></span> <span class='ocrx_word' id='word_1_222' title='bbox 2563 1527 2666 1581; x_wconf 90' lang='lat' dir='ltr'><strong>nisi</strong></span> <span class='ocrx_word' id='word_1_223' title='bbox 2699 1537 2921 1582; x_wconf 89' lang='lat' dir='ltr'><strong>sanctus</strong></span> <span class='ocrx_word' id='word_1_224' title='bbox 2959 1527 3200 1585; x_wconf 88' lang='lat' dir='ltr'><strong>Joannes</strong></span> <span class='ocrx_word' id='word_1_225' title='bbox 3242 1543 3475 1601; x_wconf 90' lang='lat' dir='ltr'><strong>evange-</strong></span> 
     </span>
    </p>
   </div>
   <div class='ocr_carea' id='block_1_33' title="bbox 1878 1616 3476 1690">
    <p class='ocr_par' dir='ltr' id='par_1_33' title="bbox 1878 1616 3476 1690">
     <span class='ocr_line' id='line_1_33' title="bbox 1878 1616 3476 1690; baseline 0.004 -19"><span class='ocrx_word' id='word_1_226' title='bbox 1878 1616 2236 1688; x_wconf 88' lang='lat' dir='ltr'><strong>lista(Joan.</strong></span> <span class='ocrx_word' id='word_1_227' title='bbox 2270 1634 2383 1681; x_wconf 78' lang='grc' dir='ltr'>χιχ,</span> <span class='ocrx_word' id='word_1_228' title='bbox 2429 1617 2565 1690; x_wconf 73' lang='grc'><strong>25).</strong></span> <span class='ocrx_word' id='word_1_229' title='bbox 2603 1620 2861 1675; x_wconf 87' lang='lat' dir='ltr'><strong>Mundum</strong></span> <span class='ocrx_word' id='word_1_230' title='bbox 2910 1620 3000 1676; x_wconf 90' lang='lat' dir='ltr'><strong>alii</strong></span> <span class='ocrx_word' id='word_1_231' title='bbox 3050 1635 3374 1679; x_wconf 85' lang='lat' dir='ltr'><strong>concussum</strong></span> <span class='ocrx_word' id='word_1_232' title='bbox 3422 1623 3476 1678; x_wconf 90' lang='lat' dir='ltr'><strong>in</strong></span> 
     </span>
    </p>
   </div>
   <div class='ocr_carea' id='block_1_34' title="bbox 1871 1711 3479 1785">
    <p class='ocr_par' dir='ltr' id='par_1_34' title="bbox 1871 1711 3479 1785">
     <span class='ocr_line' id='line_1_34' title="bbox 1871 1711 3479 1785; baseline 0.006 -21"><span class='ocrx_word' id='word_1_233' title='bbox 1871 1711 2128 1781; x_wconf 89' lang='lat' dir='ltr'><strong>passione</strong></span> <span class='ocrx_word' id='word_1_234' title='bbox 2189 1712 2402 1766; x_wconf 89' lang='lat' dir='ltr'><strong>Domini</strong></span> <span class='ocrx_word' id='word_1_235' title='bbox 2453 1715 2924 1785; x_wconf 88' lang='lat' dir='ltr'><strong>conscripserunt,</strong></span> <span class='ocrx_word' id='word_1_236' title='bbox 2979 1716 3178 1772; x_wconf 78' lang='lat' dir='ltr'><strong>ctelum</strong></span> <span class='ocrx_word' id='word_1_237' title='bbox 3237 1717 3479 1774; x_wconf 86' lang='lat' dir='ltr'><strong>tenebris</strong></span> 
     </span>
    </p>
   </div>
   <div class='ocr_carea' id='block_1_35' title="bbox 165 1801 3476 1883">
    <p class='ocr_par' dir='ltr' id='par_1_35' title="bbox 165 1801 3476 1883">
     <span class='ocr_line' id='line_1_35' title="bbox 165 1801 3476 1883; baseline -0.001 -15"><span class='ocrx_word' id='word_1_238' title='bbox 165 1812 427 1883; x_wconf 88' lang='lat' dir='ltr'><strong>magister</strong></span> <span class='ocrx_word' id='word_1_239' title='bbox 472 1812 694 1882; x_wconf 88' lang='lat' dir='ltr'><strong>reliquit</strong></span> <span class='ocrx_word' id='word_1_240' title='bbox 724 1810 880 1866; x_wconf 91' lang='lat' dir='ltr'><strong>nobis</strong></span> <span class='ocrx_word' id='word_1_241' title='bbox 920 1811 1063 1881; x_wconf 90' lang='lat' dir='ltr'><strong>quod</strong></span> <span class='ocrx_word' id='word_1_242' title='bbox 1122 1811 1483 1878; x_wconf 83' lang='lat' dir='ltr'><strong>imitaremur,</strong></span> <span class='ocrx_word' id='word_1_243' title='bbox 1538 1810 1764 1866; x_wconf 90' lang='lat' dir='ltr'><strong>dicens:</strong></span> <span class='ocrx_word' id='word_1_244' title='bbox 1798 1821 1848 1882; x_wconf 80' lang='grc' dir='ltr'><strong>Β</strong></span> <span class='ocrx_word' id='word_1_245' title='bbox 1873 1801 2166 1858; x_wconf 74' lang='lat' dir='ltr'><strong>obductum</strong></span> <span class='ocrx_word' id='word_1_246' title='bbox 2215 1803 2453 1873; x_wconf 76' lang='lat' dir='ltr'><strong>(Matth.</strong></span> <span class='ocrx_word' id='word_1_247' title='bbox 2488 1821 2657 1873; x_wconf 79' lang='grc' dir='ltr'>χχνιι,</span> <span class='ocrx_word' id='word_1_248' title='bbox 2690 1805 2758 1861; x_wconf 81' lang='grc'><strong>15</strong></span> <span class='ocrx_word' id='word_1_249' title='bbox 2782 1809 2825 1877; x_wconf 89' lang='grc'>),</span> <span class='ocrx_word' id='word_1_250' title='bbox 2874 1807 3141 1881; x_wconf 82' lang='lat' dir='ltr'><strong>refugisse</strong></span> <span class='ocrx_word' id='word_1_251' title='bbox 3195 1811 3390 1877; x_wconf 88' lang='lat' dir='ltr'><strong>solem,</strong></span> <span class='ocrx_word' id='word_1_252' title='bbox 3421 1811 3476 1866; x_wconf 91' lang='lat' dir='ltr'><strong>in</strong></span> 
     </span>
    </p>
   </div>
   <div class='ocr_carea' id='block_1_36' title="bbox 169 1901 1774 1975">
    <p class='ocr_par' dir='ltr' id='par_1_36' title="bbox 169 1901 1774 1975">
     <span class='ocr_line' id='line_1_36' title="bbox 169 1901 1774 1975; baseline 0.002 -21"><span class='ocrx_word' id='word_1_253' title='bbox 169 1901 280 1955; x_wconf 83' lang='lat' dir='ltr'><strong>Pro</strong></span> <span class='ocrx_word' id='word_1_254' title='bbox 323 1919 382 1956; x_wconf 91' lang='lat' dir='ltr'><strong>eo</strong></span> <span class='ocrx_word' id='word_1_255' title='bbox 409 1911 467 1956; x_wconf 88' lang='lat' dir='ltr'><strong>ut</strong></span> <span class='ocrx_word' id='word_1_256' title='bbox 494 1902 769 1974; x_wconf 83' lang='lat' dir='ltr'><strong>diligerent</strong></span> <span class='ocrx_word' id='word_1_257' title='bbox 798 1919 898 1969; x_wconf 89' lang='lat' dir='ltr'><strong>me,</strong></span> <span class='ocrx_word' id='word_1_258' title='bbox 925 1901 1265 1956; x_wconf 78' lang='lat' dir='ltr'><strong>detrahebant</strong></span> <span class='ocrx_word' id='word_1_259' title='bbox 1287 1903 1414 1956; x_wconf 83' lang='lat' dir='ltr'><strong>mihi</strong></span> <span class='ocrx_word' id='word_1_260' title='bbox 1439 1919 1457 1956; x_wconf 88' lang='lat'><strong><em>:</em></strong></span> <span class='ocrx_word' id='word_1_261' title='bbox 1487 1919 1580 1975; x_wconf 86' lang='lat' dir='ltr'><strong>ego</strong></span> <span class='ocrx_word' id='word_1_262' title='bbox 1603 1912 1774 1956; x_wconf 85' lang='lat' dir='ltr'><strong>autem</strong></span> 
     </span>
    </p>
   </div>
   <div class='ocr_carea' id='block_1_37' title="bbox 168 1994 1770 2066">
    <p class='ocr_par' dir='ltr' id='par_1_37' title="bbox 168 1994 1770 2066">
     <span class='ocr_line' id='line_1_37' title="bbox 168 1994 1770 2066; baseline 0 -16"><span class='ocrx_word' id='word_1_263' title='bbox 168 1996 383 2050; x_wconf 85' lang='lat' dir='ltr'><strong>orabam</strong></span> <span class='ocrx_word' id='word_1_264' title='bbox 434 1994 626 2058; x_wconf 83' lang='lat' dir='ltr'><strong>(Psal.</strong></span> <span class='ocrx_word' id='word_1_265' title='bbox 666 2011 813 2062; x_wconf 86' lang='lat' dir='ltr'><strong>cvm,</strong></span> <span class='ocrx_word' id='word_1_266' title='bbox 849 1995 882 2049; x_wconf 73' lang='grc'>4</span> <span class='ocrx_word' id='word_1_267' title='bbox 915 1995 934 2066; x_wconf 90' lang='grc'><strong>)</strong></span> <span class='ocrx_word' id='word_1_268' title='bbox 968 2013 982 2060; x_wconf 89' lang='lat'><strong>;</strong></span> <span class='ocrx_word' id='word_1_269' title='bbox 1043 2004 1098 2050; x_wconf 93' lang='lat' dir='ltr'><strong>et</strong></span> <span class='ocrx_word' id='word_1_270' title='bbox 1145 2011 1269 2050; x_wconf 93' lang='lat' dir='ltr'><strong>cum</strong></span> <span class='ocrx_word' id='word_1_271' title='bbox 1325 1996 1770 2064; x_wconf 71' lang='lat' dir='ltr'><strong>malediceretur,</strong></span> 
     </span>
    </p>
   </div>
   <div class='ocr_carea' id='block_1_38' title="bbox 165 2090 1775 2162">
    <p class='ocr_par' dir='ltr' id='par_1_38' title="bbox 165 2090 1775 2162">
     <span class='ocr_line' id='line_1_38' title="bbox 165 2090 1775 2162; baseline 0.002 -18"><span class='ocrx_word' id='word_1_272' title='bbox 165 2091 381 2144; x_wconf 70' lang='lat' dir='ltr'><strong>orabat.</strong></span> <span class='ocrx_word' id='word_1_273' title='bbox 425 2090 632 2145; x_wconf 89' lang='lat' dir='ltr'><strong>Bonum</strong></span> <span class='ocrx_word' id='word_1_274' title='bbox 664 2101 875 2146; x_wconf 88' lang='lat' dir='ltr'><strong>scutum</strong></span> <span class='ocrx_word' id='word_1_275' title='bbox 919 2093 1120 2159; x_wconf 91' lang='lat' dir='ltr'><strong>oratio,</strong></span> <span class='ocrx_word' id='word_1_276' title='bbox 1145 2107 1248 2162; x_wconf 92' lang='lat' dir='ltr'><strong>qua</strong></span> <span class='ocrx_word' id='word_1_277' title='bbox 1299 2093 1628 2148; x_wconf 85' lang='lat' dir='ltr'><strong>contumelia</strong></span> <span class='ocrx_word' id='word_1_278' title='bbox 1681 2108 1775 2148; x_wconf 81' lang='lat' dir='ltr'><strong>ex-</strong></span> 
     </span>
    </p>
   </div>
   <div class='ocr_carea' id='block_1_39' title="bbox 165 2181 1773 2254">
    <p class='ocr_par' dir='ltr' id='par_1_39' title="bbox 165 2181 1773 2254">
     <span class='ocr_line' id='line_1_39' title="bbox 165 2181 1773 2254; baseline 0.002 -18"><span class='ocrx_word' id='word_1_279' title='bbox 165 2181 423 2249; x_wconf 86' lang='lat' dir='ltr'><strong>cluditur,</strong></span> <span class='ocrx_word' id='word_1_280' title='bbox 442 2183 790 2238; x_wconf 85' lang='lat' dir='ltr'><strong>maledictum</strong></span> <span class='ocrx_word' id='word_1_281' title='bbox 820 2183 1127 2252; x_wconf 90' lang='lat' dir='ltr'><strong>repellitur,</strong></span> <span class='ocrx_word' id='word_1_282' title='bbox 1154 2191 1209 2238; x_wconf 90' lang='lat' dir='ltr'><strong>et</strong></span> <span class='ocrx_word' id='word_1_283' title='bbox 1239 2184 1290 2238; x_wconf 94' lang='lat' dir='ltr'><strong>in</strong></span> <span class='ocrx_word' id='word_1_284' title='bbox 1318 2183 1467 2253; x_wconf 88' lang='lat' dir='ltr'><strong>ipsos</strong></span> <span class='ocrx_word' id='word_1_285' title='bbox 1493 2185 1583 2254; x_wconf 88' lang='lat' dir='ltr'><strong>qui</strong></span> <span class='ocrx_word' id='word_1_286' title='bbox 1604 2185 1773 2241; x_wconf 83' lang='lat' dir='ltr'><strong>male-</strong></span> 
     </span>
    </p>
   </div>
   <div class='ocr_carea' id='block_1_40' title="bbox 164 2273 1774 2345">
    <p class='ocr_par' dir='ltr' id='par_1_40' title="bbox 164 2273 1774 2345">
     <span class='ocr_line' id='line_1_40' title="bbox 164 2273 1774 2345; baseline 0.002 -17"><span class='ocrx_word' id='word_1_287' title='bbox 164 2273 440 2340; x_wconf 79' lang='lat' dir='ltr'><strong>dixerint,</strong></span> <span class='ocrx_word' id='word_1_288' title='bbox 499 2275 815 2342; x_wconf 90' lang='lat' dir='ltr'><strong>frequenter</strong></span> <span class='ocrx_word' id='word_1_289' title='bbox 863 2284 1250 2345; x_wconf 86' lang='lat' dir='ltr'><strong>retorquetur;</strong></span> <span class='ocrx_word' id='word_1_290' title='bbox 1285 2285 1342 2330; x_wconf 93' lang='lat' dir='ltr'><strong>ut</strong></span> <span class='ocrx_word' id='word_1_291' title='bbox 1362 2291 1464 2330; x_wconf 87' lang='lat' dir='ltr'><strong>suo</strong></span> <span class='ocrx_word' id='word_1_292' title='bbox 1510 2276 1616 2331; x_wconf 92' lang='lat' dir='ltr'><strong>telo</strong></span> <span class='ocrx_word' id='word_1_293' title='bbox 1656 2277 1774 2331; x_wconf 89' lang='lat' dir='ltr'><strong>vul-</strong></span> 
     </span>
    </p>
   </div>
   <div class='ocr_carea' id='block_1_41' title="bbox 167 2367 1770 2439">
    <p class='ocr_par' dir='ltr' id='par_1_41' title="bbox 167 2367 1770 2439">
     <span class='ocr_line' id='line_1_41' title="bbox 167 2367 1770 2439; baseline 0 -16"><span class='ocrx_word' id='word_1_294' title='bbox 167 2381 428 2424; x_wconf 89' lang='lat' dir='ltr'><strong>nerentur</strong></span> <span class='ocrx_word' id='word_1_295' title='bbox 459 2387 470 2422; x_wconf 90' lang='lat'>:</span> <span class='ocrx_word' id='word_1_296' title='bbox 503 2367 839 2434; x_wconf 85' lang='lat' dir='ltr'><strong>Maledicent,</strong></span> <span class='ocrx_word' id='word_1_297' title='bbox 881 2368 1076 2437; x_wconf 92' lang='lat' dir='ltr'><strong>inquit,</strong></span> <span class='ocrx_word' id='word_1_298' title='bbox 1111 2377 1155 2421; x_wconf 88' lang='lat' dir='ltr'><strong>et</strong></span> <span class='ocrx_word' id='word_1_299' title='bbox 1201 2377 1254 2420; x_wconf 86' lang='lat' dir='ltr'><strong>tu</strong></span> <span class='ocrx_word' id='word_1_300' title='bbox 1288 2367 1552 2422; x_wconf 88' lang='lat' dir='ltr'><strong>benedices</strong></span> <span class='ocrx_word' id='word_1_301' title='bbox 1583 2368 1770 2439; x_wconf 84' lang='lat' dir='ltr'><strong>(lbid.,</strong></span> 
     </span>
    </p>
   </div>
   <div class='ocr_carea' id='block_1_42' title="bbox 167 2459 1775 2534">
    <p class='ocr_par' dir='ltr' id='par_1_42' title="bbox 167 2459 1775 2534">
     <span class='ocr_line' id='line_1_42' title="bbox 167 2459 1775 2534; baseline 0 -19"><span class='ocrx_word' id='word_1_302' title='bbox 167 2461 284 2534; x_wconf 73' lang='lat'><strong>28).</strong></span> <span class='ocrx_word' id='word_1_303' title='bbox 349 2460 644 2516; x_wconf 73' lang='lat' dir='ltr'><strong>Amhienda</strong></span> <span class='ocrx_word' id='word_1_304' title='bbox 688 2459 970 2514; x_wconf 86' lang='lat' dir='ltr'><strong>hominum</strong></span> <span class='ocrx_word' id='word_1_305' title='bbox 1003 2459 1315 2515; x_wconf 86' lang='lat' dir='ltr'><strong>maledictio</strong></span> <span class='ocrx_word' id='word_1_306' title='bbox 1339 2499 1355 2526; x_wconf 93' lang='lat'><strong>,</strong></span> <span class='ocrx_word' id='word_1_307' title='bbox 1401 2475 1520 2530; x_wconf 62' lang='lat' dir='ltr'><strong>quae</strong></span> <span class='ocrx_word' id='word_1_308' title='bbox 1544 2461 1775 2531; x_wconf 82' lang='lat' dir='ltr'><strong>acquirit</strong></span> 
     </span>
    </p>
   </div>
   <div class='ocr_carea' id='block_1_43' title="bbox 171 2551 1013 2610">
    <p class='ocr_par' dir='ltr' id='par_1_43' title="bbox 171 2551 1013 2610">
     <span class='ocr_line' id='line_1_43' title="bbox 171 2551 1013 2610; baseline 0.001 -3"><span class='ocrx_word' id='word_1_309' title='bbox 171 2551 509 2610; x_wconf 86' lang='lat' dir='ltr'><strong>Dominicam</strong></span> <span class='ocrx_word' id='word_1_310' title='bbox 555 2553 1013 2610; x_wconf 89' lang='lat' dir='ltr'><strong>benedictionem.</strong></span> 
     </span>
    </p>
   </div>
   <div class='ocr_carea' id='block_1_44' title="bbox 248 2646 1770 2720">
    <p class='ocr_par' dir='ltr' id='par_1_44' title="bbox 248 2646 1770 2720">
     <span class='ocr_line' id='line_1_44' title="bbox 248 2646 1770 2720; baseline 0.001 -18"><span class='ocrx_word' id='word_1_311' title='bbox 248 2648 370 2704; x_wconf 75' lang='grc'><strong>104.</strong></span> <span class='ocrx_word' id='word_1_312' title='bbox 411 2647 563 2717; x_wconf 87' lang='lat' dir='ltr'><strong>Quod</strong></span> <span class='ocrx_word' id='word_1_313' title='bbox 596 2658 867 2720; x_wconf 90' lang='lat' dir='ltr'><strong>superest,</strong></span> <span class='ocrx_word' id='word_1_314' title='bbox 902 2647 1232 2715; x_wconf 79' lang='lat' dir='ltr'><strong>charissimi,</strong></span> <span class='ocrx_word' id='word_1_315' title='bbox 1266 2646 1607 2704; x_wconf 89' lang='lat' dir='ltr'><strong>considerate</strong></span> <span class='ocrx_word' id='word_1_316' title='bbox 1645 2650 1770 2719; x_wconf 91' lang='lat' dir='ltr'><strong>quia</strong></span> 
     </span>
    </p>
   </div>
   <div class='ocr_carea' id='block_1_45' title="bbox 171 2738 1773 2812">
    <p class='ocr_par' dir='ltr' id='par_1_45' title="bbox 171 2738 1773 2812">
     <span class='ocr_line' id='line_1_45' title="bbox 171 2738 1773 2812; baseline -0.002 -15"><span class='ocrx_word' id='word_1_317' title='bbox 171 2740 330 2797; x_wconf 88' lang='lat' dir='ltr'><strong>Jesus</strong></span> <span class='ocrx_word' id='word_1_318' title='bbox 369 2749 523 2795; x_wconf 78' lang='lat' dir='ltr'><strong>extra</strong></span> <span class='ocrx_word' id='word_1_319' title='bbox 572 2750 782 2810; x_wconf 89' lang='lat' dir='ltr'><strong>portam</strong></span> <span class='ocrx_word' id='word_1_320' title='bbox 835 2755 1026 2812; x_wconf 89' lang='lat' dir='ltr'><strong>passus</strong></span> <span class='ocrx_word' id='word_1_321' title='bbox 1066 2750 1146 2795; x_wconf 91' lang='lat' dir='ltr'><strong>est</strong></span> <span class='ocrx_word' id='word_1_322' title='bbox 1193 2738 1372 2810; x_wconf 84' lang='lat' dir='ltr'><strong>(Heb.</strong></span> <span class='ocrx_word' id='word_1_323' title='bbox 1399 2755 1517 2801; x_wconf 88' lang='grc' dir='ltr'>χιιι.</span> <span class='ocrx_word' id='word_1_324' title='bbox 1553 2740 1620 2794; x_wconf 72' lang='grc'><strong>12</strong></span> <span class='ocrx_word' id='word_1_325' title='bbox 1648 2739 1689 2811; x_wconf 94' lang='grc'>),</span> <span class='ocrx_word' id='word_1_326' title='bbox 1719 2749 1773 2795; x_wconf 91' lang='lat' dir='ltr'><strong>et</strong></span> 
     </span>
    </p>
   </div>
   <div class='ocr_carea' id='block_1_46' title="bbox 172 2831 1771 2905">
    <p class='ocr_par' dir='ltr' id='par_1_46' title="bbox 172 2831 1771 2905">
     <span class='ocr_line' id='line_1_46' title="bbox 172 2831 1771 2905; baseline -0.001 -17"><span class='ocrx_word' id='word_1_327' title='bbox 172 2848 272 2888; x_wconf 83' lang='lat' dir='ltr'><strong>vos</strong></span> <span class='ocrx_word' id='word_1_328' title='bbox 301 2833 622 2905; x_wconf 89' lang='lat' dir='ltr'><strong>egredimini</strong></span> <span class='ocrx_word' id='word_1_329' title='bbox 663 2833 731 2888; x_wconf 91' lang='lat' dir='ltr'><strong>de</strong></span> <span class='ocrx_word' id='word_1_330' title='bbox 762 2833 862 2889; x_wconf 88' lang='lat' dir='ltr'><strong>hac</strong></span> <span class='ocrx_word' id='word_1_331' title='bbox 887 2843 1103 2890; x_wconf 91' lang='lat' dir='ltr'><strong>terrena</strong></span> <span class='ocrx_word' id='word_1_332' title='bbox 1135 2831 1394 2898; x_wconf 84' lang='lat' dir='ltr'><strong>civitate;</strong></span> <span class='ocrx_word' id='word_1_333' title='bbox 1427 2834 1550 2902; x_wconf 87' lang='lat' dir='ltr'><strong>quia</strong></span> <span class='ocrx_word' id='word_1_334' title='bbox 1581 2832 1771 2887; x_wconf 89' lang='lat' dir='ltr'><strong>civitas</strong></span> 
     </span>
    </p>
   </div>
   <div class='ocr_carea' id='block_1_47' title="bbox 174 2925 1768 2999">
    <p class='ocr_par' dir='ltr' id='par_1_47' title="bbox 174 2925 1768 2999">
     <span class='ocr_line' id='line_1_47' title="bbox 174 2925 1768 2999; baseline -0.001 -17"><span class='ocrx_word' id='word_1_335' title='bbox 174 2936 356 2983; x_wconf 79' lang='lat' dir='ltr'><strong>vestra</strong></span> <span class='ocrx_word' id='word_1_336' title='bbox 403 2929 652 2999; x_wconf 86' lang='lat' dir='ltr'><strong>superior</strong></span> <span class='ocrx_word' id='word_1_337' title='bbox 682 2937 764 2983; x_wconf 92' lang='lat' dir='ltr'><strong>est</strong></span> <span class='ocrx_word' id='word_1_338' title='bbox 808 2928 1170 2984; x_wconf 84' lang='lat' dir='ltr'><strong>Hierusalem.</strong></span> <span class='ocrx_word' id='word_1_339' title='bbox 1221 2925 1299 2982; x_wconf 87' lang='lat' dir='ltr'><strong>lbi</strong></span> <span class='ocrx_word' id='word_1_340' title='bbox 1348 2927 1768 2994; x_wconf 87' lang='lat' dir='ltr'><strong>conversamini,</strong></span> 
     </span>
    </p>
   </div>
   <div class='ocr_carea' id='block_1_48' title="bbox 175 3000 1770 3079">
    <p class='ocr_par' dir='ltr' id='par_1_48' title="bbox 175 3000 1770 3079">
     <span class='ocr_line' id='line_1_48' title="bbox 175 3000 1770 3079; baseline -0.002 -1"><span class='ocrx_word' id='word_1_341' title='bbox 175 3000 250 3079; x_wconf 69' lang='lat' dir='ltr'><strong>iii‘</strong></span> <span class='ocrx_word' id='word_1_342' title='bbox 286 3023 524 3078; x_wconf 78' lang='lat' dir='ltr'><strong>dicatis:</strong></span> <span class='ocrx_word' id='word_1_343' title='bbox 576 3023 775 3078; x_wconf 84' lang='lat' dir='ltr'><strong>Nostra</strong></span> <span class='ocrx_word' id='word_1_344' title='bbox 825 3033 998 3078; x_wconf 86' lang='lat' dir='ltr'><strong>autem</strong></span> <span class='ocrx_word' id='word_1_345' title='bbox 1047 3023 1368 3079; x_wconf 79' lang='lat' dir='ltr'><strong>conversatio</strong></span> <span class='ocrx_word' id='word_1_346' title='bbox 1414 3023 1467 3075; x_wconf 87' lang='lat' dir='ltr'><strong>in</strong></span> <span class='ocrx_word' id='word_1_347' title='bbox 1515 3022 1654 3075; x_wconf 68' lang='lat' dir='ltr'><strong>caelis</strong></span> <span class='ocrx_word' id='word_1_348' title='bbox 1699 3031 1770 3075; x_wconf 88' lang='lat' dir='ltr'><strong>est</strong></span> 
     </span>
    </p>
   </div>
   <div class='ocr_carea' id='block_1_49' title="bbox 175 3117 1770 3190">
    <p class='ocr_par' dir='ltr' id='par_1_49' title="bbox 175 3117 1770 3190">
     <span class='ocr_line' id='line_1_49' title="bbox 175 3117 1770 3190; baseline -0.002 -19"><span class='ocrx_word' id='word_1_349' title='bbox 175 3121 193 3186; x_wconf 94' lang='lat'><strong>(</strong></span> <span class='ocrx_word' id='word_1_350' title='bbox 230 3117 431 3190; x_wconf 79' lang='lat' dir='ltr'><strong>Philip.</strong></span> <span class='ocrx_word' id='word_1_351' title='bbox 482 3135 562 3185; x_wconf 89' lang='grc' dir='ltr'>ιιι,</span> <span class='ocrx_word' id='word_1_352' title='bbox 588 3118 658 3172; x_wconf 72' lang='lat'><strong>20</strong></span> <span class='ocrx_word' id='word_1_353' title='bbox 681 3117 723 3190; x_wconf 94' lang='lat'><strong>).</strong></span> <span class='ocrx_word' id='word_1_354' title='bbox 757 3117 884 3174; x_wconf 90' lang='lat' dir='ltr'><strong>Ideo</strong></span> <span class='ocrx_word' id='word_1_355' title='bbox 912 3118 1069 3174; x_wconf 92' lang='lat' dir='ltr'><strong>Jesus</strong></span> <span class='ocrx_word' id='word_1_356' title='bbox 1099 3117 1265 3173; x_wconf 83' lang='lat' dir='ltr'><strong>exivit</strong></span> <span class='ocrx_word' id='word_1_357' title='bbox 1293 3118 1359 3171; x_wconf 88' lang='lat' dir='ltr'><strong>de</strong></span> <span class='ocrx_word' id='word_1_358' title='bbox 1387 3117 1630 3183; x_wconf 86' lang='lat' dir='ltr'><strong>civitate,</strong></span> <span class='ocrx_word' id='word_1_359' title='bbox 1658 3124 1683 3152; x_wconf 72' lang='grc' dir='ltr'>α</span> <span class='ocrx_word' id='word_1_360' title='bbox 1713 3123 1770 3169; x_wconf 91' lang='lat' dir='ltr'><strong>ut</strong></span> 
     </span>
    </p>
   </div>
   <div class='ocr_carea' id='block_1_50' title="bbox 1878 1897 3478 1973">
    <p class='ocr_par' dir='ltr' id='par_1_50' title="bbox 1878 1897 3478 1973">
     <span class='ocr_line' id='line_1_50' title="bbox 1878 1897 3478 1973; baseline 0.008 -23"><span class='ocrx_word' id='word_1_361' title='bbox 1878 1897 2188 1966; x_wconf 86' lang='lat' dir='ltr'><strong>paradisum</strong></span> <span class='ocrx_word' id='word_1_362' title='bbox 2219 1899 2506 1967; x_wconf 88' lang='lat' dir='ltr'><strong>latronem,</strong></span> <span class='ocrx_word' id='word_1_363' title='bbox 2567 1901 2665 1956; x_wconf 89' lang='lat' dir='ltr'><strong>sed</strong></span> <span class='ocrx_word' id='word_1_364' title='bbox 2711 1910 2836 1971; x_wconf 86' lang='lat' dir='ltr'><strong>post</strong></span> <span class='ocrx_word' id='word_1_365' title='bbox 2887 1904 3027 1973; x_wconf 89' lang='lat' dir='ltr'><strong>piam</strong></span> <span class='ocrx_word' id='word_1_366' title='bbox 3079 1905 3478 1962; x_wconf 89' lang='lat' dir='ltr'><strong>conlessionem</strong></span> 
     </span>
    </p>
   </div>
   <div class='ocr_carea' id='block_1_51' title="bbox 1873 1993 3477 2070">
    <p class='ocr_par' dir='ltr' id='par_1_51' title="bbox 1873 1993 3477 2070">
     <span class='ocr_line' id='line_1_51' title="bbox 1873 1993 3477 2070; baseline 0.006 -24"><span class='ocrx_word' id='word_1_367' title='bbox 1873 2001 2151 2064; x_wconf 88' lang='lat' dir='ltr'><strong>receptum</strong></span> <span class='ocrx_word' id='word_1_368' title='bbox 2178 1993 2348 2064; x_wconf 86' lang='lat' dir='ltr'><strong>(Luc.</strong></span> <span class='ocrx_word' id='word_1_369' title='bbox 2383 2010 2535 2061; x_wconf 87' lang='grc' dir='ltr'>χχιιι,</span> <span class='ocrx_word' id='word_1_370' title='bbox 2559 1993 2693 2066; x_wconf 72' lang='grc'><strong>45).</strong></span> <span class='ocrx_word' id='word_1_371' title='bbox 2727 1995 2968 2053; x_wconf 83' lang='lat' dir='ltr'><strong>Joannes</strong></span> <span class='ocrx_word' id='word_1_372' title='bbox 2992 1997 3180 2054; x_wconf 91' lang='lat' dir='ltr'><strong>docuit</strong></span> <span class='ocrx_word' id='word_1_373' title='bbox 3207 1999 3354 2070; x_wconf 91' lang='lat' dir='ltr'><strong>quod</strong></span> <span class='ocrx_word' id='word_1_374' title='bbox 3384 1999 3477 2055; x_wconf 90' lang='lat' dir='ltr'><strong>alii</strong></span> 
     </span>
    </p>
   </div>
   <div class='ocr_carea' id='block_1_52' title="bbox 1876 2086 3480 2163">
    <p class='ocr_par' dir='ltr' id='par_1_52' title="bbox 1876 2086 3480 2163">
     <span class='ocr_line' id='line_1_52' title="bbox 1876 2086 3480 2163; baseline 0.004 -23"><span class='ocrx_word' id='word_1_375' title='bbox 1876 2102 1982 2140; x_wconf 91' lang='lat' dir='ltr'><strong>non</strong></span> <span class='ocrx_word' id='word_1_376' title='bbox 2041 2086 2366 2154; x_wconf 91' lang='lat' dir='ltr'><strong>docuerunt,</strong></span> <span class='ocrx_word' id='word_1_377' title='bbox 2414 2087 2876 2158; x_wconf 89' lang='lat' dir='ltr'><strong>quemadmodum</strong></span> <span class='ocrx_word' id='word_1_378' title='bbox 2945 2090 2999 2145; x_wconf 93' lang='lat' dir='ltr'><strong>in</strong></span> <span class='ocrx_word' id='word_1_379' title='bbox 3055 2106 3218 2147; x_wconf 89' lang='lat' dir='ltr'><strong>cruce</strong></span> <span class='ocrx_word' id='word_1_380' title='bbox 3267 2092 3480 2163; x_wconf 90' lang='lat' dir='ltr'><strong>positus</strong></span> 
     </span>
    </p>
   </div>
   <div class='ocr_carea' id='block_1_53' title="bbox 1875 2182 3480 2260">
    <p class='ocr_par' dir='ltr' id='par_1_53' title="bbox 1875 2182 3480 2260">
     <span class='ocr_line' id='line_1_53' title="bbox 1875 2182 3480 2260; baseline 0.006 -26"><span class='ocrx_word' id='word_1_381' title='bbox 1875 2190 2104 2236; x_wconf 80' lang='lat' dir='ltr'><strong>matrem</strong></span> <span class='ocrx_word' id='word_1_382' title='bbox 2141 2182 2515 2252; x_wconf 87' lang='lat' dir='ltr'><strong>appellaverit,</strong></span> <span class='ocrx_word' id='word_1_383' title='bbox 2552 2183 2723 2252; x_wconf 80' lang='lat' dir='ltr'><strong>pluris</strong></span> <span class='ocrx_word' id='word_1_384' title='bbox 2752 2193 2950 2256; x_wconf 89' lang='lat' dir='ltr'><strong>putans</strong></span> <span class='ocrx_word' id='word_1_385' title='bbox 2979 2185 3121 2257; x_wconf 91' lang='lat' dir='ltr'><strong>quod</strong></span> <span class='ocrx_word' id='word_1_386' title='bbox 3148 2187 3320 2242; x_wconf 92' lang='lat' dir='ltr'><strong>victor</strong></span> <span class='ocrx_word' id='word_1_387' title='bbox 3350 2203 3480 2260; x_wconf 91' lang='lat' dir='ltr'><strong>sup-</strong></span> 
     </span>
    </p>
   </div>
   <div class='ocr_carea' id='block_1_54' title="bbox 1877 2272 3477 2350">
    <p class='ocr_par' dir='ltr' id='par_1_54' title="bbox 1877 2272 3477 2350">
     <span class='ocr_line' id='line_1_54' title="bbox 1877 2272 3477 2350; baseline 0.004 -23"><span class='ocrx_word' id='word_1_388' title='bbox 1877 2273 2160 2342; x_wconf 91' lang='lat' dir='ltr'><strong>pliciorum</strong></span> <span class='ocrx_word' id='word_1_389' title='bbox 2212 2273 2428 2342; x_wconf 88' lang='lat' dir='ltr'><strong>pietatis</strong></span> <span class='ocrx_word' id='word_1_390' title='bbox 2489 2272 2667 2329; x_wconf 89' lang='lat' dir='ltr'><strong>ofﬁcia</strong></span> <span class='ocrx_word' id='word_1_391' title='bbox 2722 2276 2882 2330; x_wconf 90' lang='lat' dir='ltr'><strong>matri</strong></span> <span class='ocrx_word' id='word_1_392' title='bbox 2935 2275 3248 2346; x_wconf 80' lang='lat' dir='ltr'><strong>exhibebat,</strong></span> <span class='ocrx_word' id='word_1_393' title='bbox 3314 2294 3477 2350; x_wconf 89' lang='lat' dir='ltr'><strong>quam</strong></span> 
     </span>
    </p>
   </div>
   <div class='ocr_carea' id='block_1_55' title="bbox 1875 2363 3480 2441">
    <p class='ocr_par' dir='ltr' id='par_1_55' title="bbox 1875 2363 3480 2441">
     <span class='ocr_line' id='line_1_55' title="bbox 1875 2363 3480 2441; baseline 0.007 -24"><span class='ocrx_word' id='word_1_394' title='bbox 1875 2363 2017 2433; x_wconf 91' lang='lat' dir='ltr'><strong>quod</strong></span> <span class='ocrx_word' id='word_1_395' title='bbox 2050 2379 2277 2435; x_wconf 91' lang='lat' dir='ltr'><strong>regnum</strong></span> <span class='ocrx_word' id='word_1_396' title='bbox 2321 2364 2546 2421; x_wconf 75' lang='lat' dir='ltr'><strong>cceleste</strong></span> <span class='ocrx_word' id='word_1_397' title='bbox 2577 2366 2837 2423; x_wconf 88' lang='lat' dir='ltr'><strong>donabat.</strong></span> <span class='ocrx_word' id='word_1_398' title='bbox 2890 2367 3025 2422; x_wconf 89' lang='lat' dir='ltr'><strong>Nam</strong></span> <span class='ocrx_word' id='word_1_399' title='bbox 3079 2370 3123 2424; x_wconf 91' lang='lat' dir='ltr'><strong>si</strong></span> <span class='ocrx_word' id='word_1_400' title='bbox 3165 2371 3480 2441; x_wconf 90' lang='lat' dir='ltr'><strong>religiosum</strong></span> 
     </span>
    </p>
   </div>
   <div class='ocr_carea' id='block_1_56' title="bbox 1874 2455 3482 2526">
    <p class='ocr_par' dir='ltr' id='par_1_56' title="bbox 1874 2455 3482 2526">
     <span class='ocr_line' id='line_1_56' title="bbox 1874 2455 3482 2526; baseline 0.007 -16"><span class='ocrx_word' id='word_1_401' title='bbox 1874 2465 1980 2520; x_wconf 89' lang='lat' dir='ltr'><strong>est,</strong></span> <span class='ocrx_word' id='word_1_402' title='bbox 2011 2457 2155 2525; x_wconf 89' lang='lat' dir='ltr'><strong>quod</strong></span> <span class='ocrx_word' id='word_1_403' title='bbox 2200 2457 2399 2511; x_wconf 90' lang='lat' dir='ltr'><strong>latroni</strong></span> <span class='ocrx_word' id='word_1_404' title='bbox 2455 2455 2691 2514; x_wconf 88' lang='lat' dir='ltr'><strong>donatur</strong></span> <span class='ocrx_word' id='word_1_405' title='bbox 2732 2459 2934 2526; x_wconf 82' lang='lat' dir='ltr'><strong>venia;</strong></span> <span class='ocrx_word' id='word_1_406' title='bbox 2985 2462 3161 2517; x_wconf 88' lang='lat' dir='ltr'><strong>multo</strong></span> <span class='ocrx_word' id='word_1_407' title='bbox 3210 2463 3482 2521; x_wconf 82' lang='lat' dir='ltr'><strong>uberioris</strong></span> 
     </span>
    </p>
   </div>
   <div class='ocr_carea' id='block_1_57' title="bbox 1875 2547 3483 2619">
    <p class='ocr_par' dir='ltr' id='par_1_57' title="bbox 1875 2547 3483 2619">
     <span class='ocr_line' id='line_1_57' title="bbox 1875 2547 3483 2619; baseline 0.007 -18"><span class='ocrx_word' id='word_1_408' title='bbox 1875 2547 2088 2617; x_wconf 89' lang='lat' dir='ltr'><strong>pietatis</strong></span> <span class='ocrx_word' id='word_1_409' title='bbox 2114 2559 2220 2615; x_wconf 91' lang='lat' dir='ltr'><strong>est,</strong></span> <span class='ocrx_word' id='word_1_410' title='bbox 2254 2548 2398 2619; x_wconf 91' lang='lat' dir='ltr'><strong>quod</strong></span> <span class='ocrx_word' id='word_1_411' title='bbox 2443 2564 2471 2603; x_wconf 90' lang='lat' dir='ltr'><strong>a</strong></span> <span class='ocrx_word' id='word_1_412' title='bbox 2523 2549 2638 2605; x_wconf 89' lang='lat' dir='ltr'><strong>ﬁlio</strong></span> <span class='ocrx_word' id='word_1_413' title='bbox 2668 2561 2848 2608; x_wconf 88' lang='lat' dir='ltr'><strong>mater</strong></span> <span class='ocrx_word' id='word_1_414' title='bbox 2897 2561 3049 2608; x_wconf 90' lang='lat' dir='ltr'><strong>tanto</strong></span> <span class='ocrx_word' id='word_1_415' title='bbox 3077 2553 3276 2611; x_wconf 80' lang='lat' dir='ltr'><strong>affectu</strong></span> <span class='ocrx_word' id='word_1_416' title='bbox 3308 2555 3483 2613; x_wconf 88' lang='lat' dir='ltr'><strong>hono-</strong></span> 
     </span>
    </p>
   </div>
   <div class='ocr_carea' id='block_1_58' title="bbox 1873 2639 3484 2712">
    <p class='ocr_par' dir='ltr' id='par_1_58' title="bbox 1873 2639 3484 2712">
     <span class='ocr_line' id='line_1_58' title="bbox 1873 2639 3484 2712; baseline 0.007 -18"><span class='ocrx_word' id='word_1_417' title='bbox 1873 2649 2025 2694; x_wconf 84' lang='lat' dir='ltr'><strong>ratur</strong></span> <span class='ocrx_word' id='word_1_418' title='bbox 2055 2658 2066 2692; x_wconf 92' lang='lat'><strong>:</strong></span> <span class='ocrx_word' id='word_1_419' title='bbox 2093 2639 2248 2706; x_wconf 86' lang='lat' dir='ltr'><strong>Ecce,</strong></span> <span class='ocrx_word' id='word_1_420' title='bbox 2305 2642 2502 2712; x_wconf 91' lang='lat' dir='ltr'><strong>inquit,</strong></span> <span class='ocrx_word' id='word_1_421' title='bbox 2533 2644 2678 2712; x_wconf 78' lang='lat' dir='ltr'><strong>ﬁlius</strong></span> <span class='ocrx_word' id='word_1_422' title='bbox 2734 2655 2948 2700; x_wconf 84' lang='lat' dir='ltr'><strong>tuus....</strong></span> <span class='ocrx_word' id='word_1_423' title='bbox 3008 2646 3147 2703; x_wconf 82' lang='lat' dir='ltr'><strong>Ecce</strong></span> <span class='ocrx_word' id='word_1_424' title='bbox 3184 2659 3348 2704; x_wconf 88' lang='lat' dir='ltr'><strong>mater</strong></span> <span class='ocrx_word' id='word_1_425' title='bbox 3393 2660 3484 2705; x_wconf 87' lang='lat' dir='ltr'><strong>tua</strong></span> 
     </span>
    </p>
   </div>
   <div class='ocr_carea' id='block_1_59' title="bbox 1874 2731 3482 2810">
    <p class='ocr_par' dir='ltr' id='par_1_59' title="bbox 1874 2731 3482 2810">
     <span class='ocr_line' id='line_1_59' title="bbox 1874 2731 3482 2810; baseline 0.011 -25"><span class='ocrx_word' id='word_1_426' title='bbox 1874 2731 2052 2804; x_wconf 85' lang='lat' dir='ltr'><strong>(Joan.</strong></span> <span class='ocrx_word' id='word_1_427' title='bbox 2077 2750 2168 2788; x_wconf 85' lang='grc' dir='ltr'><strong>χιχ</strong></span> <span class='ocrx_word' id='word_1_428' title='bbox 2180 2775 2194 2800; x_wconf 91' lang='grc'><strong>,</strong></span> <span class='ocrx_word' id='word_1_429' title='bbox 2213 2734 2306 2805; x_wconf 75' lang='lat'><strong>27)</strong></span> <span class='ocrx_word' id='word_1_430' title='bbox 2320 2775 2333 2789; x_wconf 95' lang='lat'><strong>.</strong></span> <span class='ocrx_word' id='word_1_431' title='bbox 2362 2734 2689 2792; x_wconf 87' lang='lat' dir='ltr'><strong>Testabatur</strong></span> <span class='ocrx_word' id='word_1_432' title='bbox 2709 2737 2777 2794; x_wconf 92' lang='lat' dir='ltr'><strong>de</strong></span> <span class='ocrx_word' id='word_1_433' title='bbox 2791 2753 2954 2796; x_wconf 89' lang='lat' dir='ltr'><strong>cruce</strong></span> <span class='ocrx_word' id='word_1_434' title='bbox 2968 2739 3244 2810; x_wconf 90' lang='lat' dir='ltr'><strong>Christus,</strong></span> <span class='ocrx_word' id='word_1_435' title='bbox 3262 2752 3315 2800; x_wconf 91' lang='lat' dir='ltr'><strong>et</strong></span> <span class='ocrx_word' id='word_1_436' title='bbox 3341 2745 3482 2801; x_wconf 88' lang='lat' dir='ltr'><strong>inter</strong></span> 
     </span>
    </p>
   </div>
   <div class='ocr_carea' id='block_1_60' title="bbox 1875 2827 3475 2904">
    <p class='ocr_par' dir='ltr' id='par_1_60' title="bbox 1875 2827 3475 2904">
     <span class='ocr_line' id='line_1_60' title="bbox 1875 2827 3475 2904; baseline 0.008 -24"><span class='ocrx_word' id='word_1_437' title='bbox 1875 2837 2102 2881; x_wconf 89' lang='lat' dir='ltr'><strong>matrem</strong></span> <span class='ocrx_word' id='word_1_438' title='bbox 2150 2838 2312 2899; x_wconf 88' lang='lat' dir='ltr'><strong>atque</strong></span> <span class='ocrx_word' id='word_1_439' title='bbox 2337 2827 2662 2900; x_wconf 91' lang='lat' dir='ltr'><strong>discipulum</strong></span> <span class='ocrx_word' id='word_1_440' title='bbox 2692 2831 2973 2890; x_wconf 87' lang='lat' dir='ltr'><strong>dividebat</strong></span> <span class='ocrx_word' id='word_1_441' title='bbox 3001 2834 3220 2904; x_wconf 90' lang='lat' dir='ltr'><strong>pietatis</strong></span> <span class='ocrx_word' id='word_1_442' title='bbox 3273 2837 3475 2893; x_wconf 87' lang='lat' dir='ltr'><strong>ofﬁcia.</strong></span> 
     </span>
    </p>
   </div>
   <div class='ocr_carea' id='block_1_61' title="bbox 1873 2918 3479 2998">
    <p class='ocr_par' dir='ltr' id='par_1_61' title="bbox 1873 2918 3479 2998">
     <span class='ocr_line' id='line_1_61' title="bbox 1873 2918 3479 2998; baseline 0.009 -24"><span class='ocrx_word' id='word_1_443' title='bbox 1873 2918 2152 2975; x_wconf 84' lang='lat' dir='ltr'><strong>Condebat</strong></span> <span class='ocrx_word' id='word_1_444' title='bbox 2184 2923 2444 2977; x_wconf 85' lang='lat' dir='ltr'><strong>Dominus</strong></span> <span class='ocrx_word' id='word_1_445' title='bbox 2470 2939 2575 2978; x_wconf 88' lang='lat' dir='ltr'><strong>non</strong></span> <span class='ocrx_word' id='word_1_446' title='bbox 2606 2925 2782 2980; x_wconf 89' lang='lat' dir='ltr'><strong>solum</strong></span> <span class='ocrx_word' id='word_1_447' title='bbox 2820 2928 3123 2998; x_wconf 84' lang='lat' dir='ltr'><strong>publicum,</strong></span> <span class='ocrx_word' id='word_1_448' title='bbox 3162 2931 3260 2987; x_wconf 91' lang='lat' dir='ltr'><strong>sed</strong></span> <span class='ocrx_word' id='word_1_449' title='bbox 3314 2933 3479 2990; x_wconf 89' lang='lat' dir='ltr'><strong>etiam</strong></span> 
     </span>
    </p>
   </div>
   <div class='ocr_carea' id='block_1_62' title="bbox 1875 3010 3482 3090">
    <p class='ocr_par' dir='ltr' id='par_1_62' title="bbox 1875 3010 3482 3090">
     <span class='ocr_line' id='line_1_62' title="bbox 1875 3010 3482 3090; baseline 0.01 -24"><span class='ocrx_word' id='word_1_450' title='bbox 1875 3010 2236 3069; x_wconf 86' lang='lat' dir='ltr'><strong>domesticum</strong></span> <span class='ocrx_word' id='word_1_451' title='bbox 2269 3024 2679 3083; x_wconf 87' lang='lat' dir='ltr'><strong>testamentum,</strong></span> <span class='ocrx_word' id='word_1_452' title='bbox 2704 3028 2759 3074; x_wconf 91' lang='lat' dir='ltr'><strong>et</strong></span> <span class='ocrx_word' id='word_1_453' title='bbox 2799 3018 2902 3074; x_wconf 88' lang='lat' dir='ltr'><strong>hoc</strong></span> <span class='ocrx_word' id='word_1_454' title='bbox 2933 3020 3054 3090; x_wconf 90' lang='lat' dir='ltr'><strong>ejus</strong></span> <span class='ocrx_word' id='word_1_455' title='bbox 3097 3032 3482 3082; x_wconf 90' lang='lat' dir='ltr'><strong>testamentum</strong></span> 
     </span>
    </p>
   </div>
   <div class='ocr_carea' id='block_1_63' title="bbox 1876 3102 3480 3178">
    <p class='ocr_par' dir='ltr' id='par_1_63' title="bbox 1876 3102 3480 3178">
     <span class='ocr_line' id='line_1_63' title="bbox 1876 3102 3480 3178; baseline 0.011 -22"><span class='ocrx_word' id='word_1_456' title='bbox 1876 3102 2124 3173; x_wconf 84' lang='lat' dir='ltr'><strong>signabat</strong></span> <span class='ocrx_word' id='word_1_457' title='bbox 2153 3103 2412 3173; x_wconf 89' lang='lat' dir='ltr'><strong>Joannes,</strong></span> <span class='ocrx_word' id='word_1_458' title='bbox 2446 3106 2644 3178; x_wconf 88' lang='lat' dir='ltr'><strong>dignus</strong></span> <span class='ocrx_word' id='word_1_459' title='bbox 2675 3117 2825 3163; x_wconf 90' lang='lat' dir='ltr'><strong>tanto</strong></span> <span class='ocrx_word' id='word_1_460' title='bbox 2873 3119 3134 3168; x_wconf 87' lang='lat' dir='ltr'><strong>testatore</strong></span> <span class='ocrx_word' id='word_1_461' title='bbox 3167 3115 3344 3170; x_wconf 88' lang='lat' dir='ltr'><strong>testis.</strong></span> <span class='ocrx_word' id='word_1_462' title='bbox 3377 3115 3480 3172; x_wconf 88' lang='lat' dir='ltr'><strong>Bo-</strong></span> 
     </span>
    </p>
   </div>
   <div class='ocr_carea' id='block_1_64' title="bbox 176 3202 3479 3278">
    <p class='ocr_par' dir='ltr' id='par_1_64' title="bbox 176 3202 3479 3278">
     <span class='ocr_line' id='line_1_64' title="bbox 176 3202 3479 3278; baseline -0.002 -14"><span class='ocrx_word' id='word_1_463' title='bbox 176 3225 275 3266; x_wconf 91' lang='lat' dir='ltr'><strong>vos</strong></span> <span class='ocrx_word' id='word_1_464' title='bbox 327 3217 588 3266; x_wconf 73' lang='lat' dir='ltr'><strong>exeuntes</strong></span> <span class='ocrx_word' id='word_1_465' title='bbox 637 3209 706 3265; x_wconf 91' lang='lat' dir='ltr'><strong>de</strong></span> <span class='ocrx_word' id='word_1_466' title='bbox 737 3209 840 3264; x_wconf 90' lang='lat' dir='ltr'><strong>hoc</strong></span> <span class='ocrx_word' id='word_1_467' title='bbox 872 3210 1098 3276; x_wconf 92' lang='lat' dir='ltr'><strong>mundo,</strong></span> <span class='ocrx_word' id='word_1_468' title='bbox 1147 3225 1308 3278; x_wconf 84' lang='lat' dir='ltr'><strong>supra</strong></span> <span class='ocrx_word' id='word_1_469' title='bbox 1340 3207 1597 3262; x_wconf 63' lang='lat' dir='ltr'><strong>mundum</strong></span> <span class='ocrx_word' id='word_1_470' title='bbox 1625 3207 1763 3261; x_wconf 89' lang='lat' dir='ltr'><strong>sitis.</strong></span> <span class='ocrx_word' id='word_1_471' title='bbox 1799 3202 1842 3265; x_wconf 89' lang='lat' dir='ltr'><strong>C</strong></span> <span class='ocrx_word' id='word_1_472' title='bbox 1877 3213 2002 3252; x_wconf 78' lang='lat' dir='ltr'><strong>&quot;um</strong></span> <span class='ocrx_word' id='word_1_473' title='bbox 2050 3207 2435 3255; x_wconf 74' lang='lat' dir='ltr'><strong>leSlalncnlum</strong></span> <span class='ocrx_word' id='word_1_474' title='bbox 2490 3217 2595 3256; x_wconf 77' lang='lat' dir='ltr'><strong>Non</strong></span> <span class='ocrx_word' id='word_1_475' title='bbox 2646 3202 2908 3272; x_wconf 68' lang='lat' dir='ltr'><strong>pecunize,</strong></span> <span class='ocrx_word' id='word_1_476' title='bbox 2938 3205 3034 3260; x_wconf 89' lang='lat' dir='ltr'><strong>sed</strong></span> <span class='ocrx_word' id='word_1_477' title='bbox 3069 3205 3192 3262; x_wconf 76' lang='lat' dir='ltr'><strong>vitm</strong></span> <span class='ocrx_word' id='word_1_478' title='bbox 3219 3217 3479 3265; x_wconf 70' lang='lat' dir='ltr'><strong>mternm;</strong></span> 
     </span>
    </p>
   </div>
   <div class='ocr_carea' id='block_1_65' title="bbox 174 3301 1770 3377">
    <p class='ocr_par' dir='ltr' id='par_1_65' title="bbox 174 3301 1770 3377">
     <span class='ocr_line' id='line_1_65' title="bbox 174 3301 1770 3377; baseline -0.004 -17"><span class='ocrx_word' id='word_1_479' title='bbox 174 3304 390 3377; x_wconf 82' lang='lat' dir='ltr'><strong>Moyses</strong></span> <span class='ocrx_word' id='word_1_480' title='bbox 411 3306 557 3360; x_wconf 91' lang='lat' dir='ltr'><strong>solus</strong></span> <span class='ocrx_word' id='word_1_481' title='bbox 583 3304 673 3376; x_wconf 89' lang='lat' dir='ltr'><strong>qui</strong></span> <span class='ocrx_word' id='word_1_482' title='bbox 703 3305 870 3360; x_wconf 90' lang='lat' dir='ltr'><strong>Deum</strong></span> <span class='ocrx_word' id='word_1_483' title='bbox 895 3303 1132 3370; x_wconf 86' lang='lat' dir='ltr'><strong>videbat,</strong></span> <span class='ocrx_word' id='word_1_484' title='bbox 1158 3313 1308 3359; x_wconf 63' lang='lat' dir='ltr'><strong>extra</strong></span> <span class='ocrx_word' id='word_1_485' title='bbox 1337 3312 1513 3357; x_wconf 88' lang='lat' dir='ltr'><strong>castra</strong></span> <span class='ocrx_word' id='word_1_486' title='bbox 1538 3301 1770 3356; x_wconf 89' lang='lat' dir='ltr'><strong>habebat</strong></span> 
     </span>
    </p>
   </div>
   <div class='ocr_carea' id='block_1_66' title="bbox 175 3393 1765 3470">
    <p class='ocr_par' dir='ltr' id='par_1_66' title="bbox 175 3393 1765 3470">
     <span class='ocr_line' id='line_1_66' title="bbox 175 3393 1765 3470; baseline -0.004 -16"><span class='ocrx_word' id='word_1_487' title='bbox 175 3398 606 3466; x_wconf 89' lang='lat' dir='ltr'><strong>tabernaculum,</strong></span> <span class='ocrx_word' id='word_1_488' title='bbox 642 3398 860 3470; x_wconf 88' lang='lat' dir='ltr'><strong>quando</strong></span> <span class='ocrx_word' id='word_1_489' title='bbox 893 3398 1212 3468; x_wconf 89' lang='lat' dir='ltr'><strong>loquebatur</strong></span> <span class='ocrx_word' id='word_1_490' title='bbox 1240 3412 1361 3452; x_wconf 92' lang='lat' dir='ltr'><strong>cum</strong></span> <span class='ocrx_word' id='word_1_491' title='bbox 1400 3395 1508 3450; x_wconf 91' lang='lat' dir='ltr'><strong>Deo</strong></span> <span class='ocrx_word' id='word_1_492' title='bbox 1539 3394 1557 3465; x_wconf 95' lang='lat'>(</span> <span class='ocrx_word' id='word_1_493' title='bbox 1592 3393 1765 3448; x_wconf 76' lang='lat' dir='ltr'><strong>Exod.</strong></span> 
     </span>
    </p>
   </div>
   <div class='ocr_carea' id='block_1_67' title="bbox 175 3491 1767 3563">
    <p class='ocr_par' dir='ltr' id='par_1_67' title="bbox 175 3491 1767 3563">
     <span class='ocr_line' id='line_1_67' title="bbox 175 3491 1767 3563; baseline -0.002 -15"><span class='ocrx_word' id='word_1_494' title='bbox 175 3507 371 3558; x_wconf 78' lang='grc' dir='ltr'>χχχιιι,</span> <span class='ocrx_word' id='word_1_495' title='bbox 390 3493 419 3544; x_wconf 87' lang='grc'>7</span> <span class='ocrx_word' id='word_1_496' title='bbox 449 3503 494 3546; x_wconf 90' lang='lat' dir='ltr'><strong>et</strong></span> <span class='ocrx_word' id='word_1_497' title='bbox 511 3509 617 3563; x_wconf 89' lang='lat' dir='ltr'><strong>seq.</strong></span> <span class='ocrx_word' id='word_1_498' title='bbox 642 3493 661 3560; x_wconf 89' lang='lat'><strong>)</strong></span> <span class='ocrx_word' id='word_1_499' title='bbox 689 3509 701 3546; x_wconf 89' lang='lat'><strong>:</strong></span> <span class='ocrx_word' id='word_1_500' title='bbox 727 3500 781 3546; x_wconf 90' lang='lat' dir='ltr'><strong>et</strong></span> <span class='ocrx_word' id='word_1_501' title='bbox 810 3491 1138 3558; x_wconf 90' lang='lat' dir='ltr'><strong>hostiarum,</strong></span> <span class='ocrx_word' id='word_1_502' title='bbox 1161 3507 1278 3562; x_wconf 72' lang='lat' dir='ltr'><strong>qua:</strong></span> <span class='ocrx_word' id='word_1_503' title='bbox 1298 3505 1395 3560; x_wconf 93' lang='lat' dir='ltr'><strong>pro</strong></span> <span class='ocrx_word' id='word_1_504' title='bbox 1423 3499 1643 3560; x_wconf 89' lang='lat' dir='ltr'><strong>peccato</strong></span> <span class='ocrx_word' id='word_1_505' title='bbox 1671 3491 1767 3545; x_wconf 84' lang='lat' dir='ltr'><strong>ﬁe-</strong></span> 
     </span>
    </p>
   </div>
   <div class='ocr_carea' id='block_1_68' title="bbox 175 3581 1764 3657">
    <p class='ocr_par' dir='ltr' id='par_1_68' title="bbox 175 3581 1764 3657">
     <span class='ocr_line' id='line_1_68' title="bbox 175 3581 1764 3657; baseline -0.004 -16"><span class='ocrx_word' id='word_1_506' title='bbox 175 3584 330 3652; x_wconf 87' lang='lat' dir='ltr'><strong>bant,</strong></span> <span class='ocrx_word' id='word_1_507' title='bbox 363 3586 580 3657; x_wconf 85' lang='lat' dir='ltr'><strong>sanguis</strong></span> <span class='ocrx_word' id='word_1_508' title='bbox 625 3585 843 3656; x_wconf 87' lang='lat' dir='ltr'><strong>quidem</strong></span> <span class='ocrx_word' id='word_1_509' title='bbox 871 3585 1137 3640; x_wconf 89' lang='lat' dir='ltr'><strong>altaribus</strong></span> <span class='ocrx_word' id='word_1_510' title='bbox 1166 3584 1497 3640; x_wconf 91' lang='lat' dir='ltr'><strong>inferebatur</strong></span> <span class='ocrx_word' id='word_1_511' title='bbox 1539 3582 1557 3656; x_wconf 90' lang='lat'>(</span> <span class='ocrx_word' id='word_1_512' title='bbox 1592 3581 1764 3637; x_wconf 75' lang='lat' dir='ltr'><strong>Exod.</strong></span> 
     </span>
    </p>
   </div>
   <div class='ocr_carea' id='block_1_69' title="bbox 174 3678 1768 3750">
    <p class='ocr_par' dir='ltr' id='par_1_69' title="bbox 174 3678 1768 3750">
     <span class='ocr_line' id='line_1_69' title="bbox 174 3678 1768 3750; baseline -0.001 -18"><span class='ocrx_word' id='word_1_513' title='bbox 174 3694 328 3744; x_wconf 78' lang='lat' dir='ltr'><strong>xxix,</strong></span> <span class='ocrx_word' id='word_1_514' title='bbox 359 3679 447 3744; x_wconf 72' lang='grc'><strong>12,</strong></span> <span class='ocrx_word' id='word_1_515' title='bbox 481 3680 549 3734; x_wconf 75' lang='grc'><strong>15</strong></span> <span class='ocrx_word' id='word_1_516' title='bbox 572 3678 614 3750; x_wconf 91' lang='grc'>),</span> <span class='ocrx_word' id='word_1_517' title='bbox 641 3693 871 3750; x_wconf 90' lang='lat' dir='ltr'><strong>corpora</strong></span> <span class='ocrx_word' id='word_1_518' title='bbox 899 3688 1080 3734; x_wconf 89' lang='lat' dir='ltr'><strong>autem</strong></span> <span class='ocrx_word' id='word_1_519' title='bbox 1126 3688 1278 3734; x_wconf 86' lang='lat' dir='ltr'><strong>extra</strong></span> <span class='ocrx_word' id='word_1_520' title='bbox 1308 3686 1506 3743; x_wconf 88' lang='lat' dir='ltr'><strong>castra,</strong></span> <span class='ocrx_word' id='word_1_521' title='bbox 1539 3679 1768 3732; x_wconf 81' lang='lat' dir='ltr'><strong>combu-</strong></span> 
     </span>
    </p>
   </div>
   <div class='ocr_carea' id='block_1_70' title="bbox 174 3769 1769 3842">
    <p class='ocr_par' dir='ltr' id='par_1_70' title="bbox 174 3769 1769 3842">
     <span class='ocr_line' id='line_1_70' title="bbox 174 3769 1769 3842; baseline -0.004 -14"><span class='ocrx_word' id='word_1_522' title='bbox 174 3771 479 3837; x_wconf 85' lang='lat' dir='ltr'><strong>rebantur;</strong></span> <span class='ocrx_word' id='word_1_523' title='bbox 533 3772 655 3842; x_wconf 90' lang='lat' dir='ltr'><strong>quia</strong></span> <span class='ocrx_word' id='word_1_524' title='bbox 712 3786 873 3826; x_wconf 82' lang='lat' dir='ltr'><strong>nento</strong></span> <span class='ocrx_word' id='word_1_525' title='bbox 913 3771 1053 3826; x_wconf 90' lang='lat' dir='ltr'><strong>intra</strong></span> <span class='ocrx_word' id='word_1_526' title='bbox 1080 3771 1266 3826; x_wconf 91' lang='lat' dir='ltr'><strong>mundi</strong></span> <span class='ocrx_word' id='word_1_527' title='bbox 1296 3771 1454 3840; x_wconf 91' lang='lat' dir='ltr'><strong>hujus</strong></span> <span class='ocrx_word' id='word_1_528' title='bbox 1505 3769 1635 3824; x_wconf 88' lang='lat' dir='ltr'><strong>vitia</strong></span> <span class='ocrx_word' id='word_1_529' title='bbox 1677 3786 1769 3842; x_wconf 92' lang='lat' dir='ltr'><strong>po-</strong></span> 
     </span>
    </p>
   </div>
   <div class='ocr_carea' id='block_1_71' title="bbox 175 3861 1766 3932">
    <p class='ocr_par' dir='ltr' id='par_1_71' title="bbox 175 3861 1766 3932">
     <span class='ocr_line' id='line_1_71' title="bbox 175 3861 1766 3932; baseline -0.001 -16"><span class='ocrx_word' id='word_1_530' title='bbox 175 3861 318 3917; x_wconf 91' lang='lat' dir='ltr'><strong>situs</strong></span> <span class='ocrx_word' id='word_1_531' title='bbox 349 3871 632 3932; x_wconf 88' lang='lat' dir='ltr'><strong>peccatum</strong></span> <span class='ocrx_word' id='word_1_532' title='bbox 673 3861 917 3932; x_wconf 89' lang='lat' dir='ltr'><strong>deponit,</strong></span> <span class='ocrx_word' id='word_1_533' title='bbox 953 3876 1053 3918; x_wconf 92' lang='lat' dir='ltr'><strong>nec</strong></span> <span class='ocrx_word' id='word_1_534' title='bbox 1081 3863 1300 3932; x_wconf 90' lang='lat' dir='ltr'><strong>sanguis</strong></span> <span class='ocrx_word' id='word_1_535' title='bbox 1349 3861 1465 3931; x_wconf 92' lang='lat' dir='ltr'><strong>ejus</strong></span> <span class='ocrx_word' id='word_1_536' title='bbox 1515 3870 1766 3931; x_wconf 89' lang='lat' dir='ltr'><strong>acceptus</strong></span> 
     </span>
    </p>
   </div>
   <div class='ocr_carea' id='block_1_72' title="bbox 175 3955 1765 4027">
    <p class='ocr_par' dir='ltr' id='par_1_72' title="bbox 175 3955 1765 4027">
     <span class='ocr_line' id='line_1_72' title="bbox 175 3955 1765 4027; baseline 0 -15"><span class='ocrx_word' id='word_1_537' title='bbox 175 3965 263 4012; x_wconf 89' lang='lat' dir='ltr'><strong>est</strong></span> <span class='ocrx_word' id='word_1_538' title='bbox 305 3955 437 4020; x_wconf 92' lang='lat' dir='ltr'><strong>Deo,</strong></span> <span class='ocrx_word' id='word_1_539' title='bbox 471 3956 571 4011; x_wconf 93' lang='lat' dir='ltr'><strong>nisi</strong></span> <span class='ocrx_word' id='word_1_540' title='bbox 595 3956 662 4012; x_wconf 93' lang='lat' dir='ltr'><strong>de</strong></span> <span class='ocrx_word' id='word_1_541' title='bbox 691 3958 936 4027; x_wconf 88' lang='lat' dir='ltr'><strong>corporis</strong></span> <span class='ocrx_word' id='word_1_542' title='bbox 963 3956 1124 4027; x_wconf 85' lang='lat' dir='ltr'><strong>hujus</strong></span> <span class='ocrx_word' id='word_1_543' title='bbox 1151 3965 1307 4012; x_wconf 81' lang='lat' dir='ltr'><strong>exeat</strong></span> <span class='ocrx_word' id='word_1_544' title='bbox 1339 3956 1765 4026; x_wconf 86' lang='lat' dir='ltr'><strong>inquinamento.</strong></span> 
     </span>
    </p>
   </div>
   <div class='ocr_carea' id='block_1_73' title="bbox 251 4049 1771 4122">
    <p class='ocr_par' dir='ltr' id='par_1_73' title="bbox 251 4049 1771 4122">
     <span class='ocr_line' id='line_1_73' title="bbox 251 4049 1771 4122; baseline 0.002 -19"><span class='ocrx_word' id='word_1_545' title='bbox 251 4049 378 4104; x_wconf 83' lang='grc'><strong>105.</strong></span> <span class='ocrx_word' id='word_1_546' title='bbox 422 4049 852 4119; x_wconf 62' lang='grc' dir='ltr'>Ηοειιίιριιὶιειιθιιι</span> <span class='ocrx_word' id='word_1_547' title='bbox 906 4049 1136 4120; x_wconf 88' lang='lat' dir='ltr'><strong>diligite,</strong></span> <span class='ocrx_word' id='word_1_548' title='bbox 1185 4066 1283 4122; x_wconf 89' lang='lat' dir='ltr'><strong>per</strong></span> <span class='ocrx_word' id='word_1_549' title='bbox 1333 4066 1490 4122; x_wconf 90' lang='lat' dir='ltr'><strong>quam</strong></span> <span class='ocrx_word' id='word_1_550' title='bbox 1548 4059 1771 4106; x_wconf 87' lang='lat' dir='ltr'><strong>sanctus</strong></span> 
     </span>
    </p>
   </div>
   <div class='ocr_carea' id='block_1_74' title="bbox 177 4131 1766 4214">
    <p class='ocr_par' dir='ltr' id='par_1_74' title="bbox 177 4131 1766 4214">
     <span class='ocr_line' id='line_1_74' title="bbox 177 4131 1766 4214; baseline -0.001 -17"><span class='ocrx_word' id='word_1_551' title='bbox 177 4139 454 4197; x_wconf 82' lang='lat' dir='ltr'><strong>Abraham</strong></span> <span class='ocrx_word' id='word_1_552' title='bbox 484 4141 511 4179; x_wconf 70' lang='grc' dir='ltr'>ιι</span> <span class='ocrx_word' id='word_1_553' title='bbox 556 4142 1009 4214; x_wconf 88' lang='lat' dir='ltr'><strong>invenitgratiam</strong></span> <span class='ocrx_word' id='word_1_554' title='bbox 1039 4144 1056 4214; x_wconf 91' lang='lat'>(</span> <span class='ocrx_word' id='word_1_555' title='bbox 1088 4142 1218 4198; x_wconf 80' lang='lat' dir='ltr'><strong>Gen.</strong></span> <span class='ocrx_word' id='word_1_556' title='bbox 1254 4131 1472 4210; x_wconf 75' lang='lat' dir='ltr'><strong>xvnt,3</strong></span> <span class='ocrx_word' id='word_1_557' title='bbox 1511 4153 1559 4198; x_wconf 90' lang='lat' dir='ltr'><strong>et</strong></span> <span class='ocrx_word' id='word_1_558' title='bbox 1597 4161 1702 4214; x_wconf 87' lang='lat' dir='ltr'><strong>seq.</strong></span> <span class='ocrx_word' id='word_1_559' title='bbox 1729 4148 1766 4212; x_wconf 78' lang='lat'><strong>),</strong></span> 
     </span>
    </p>
   </div>
   <div class='ocr_carea' id='block_1_75' title="bbox 174 4232 1770 4307">
    <p class='ocr_par' dir='ltr' id='par_1_75' title="bbox 174 4232 1770 4307">
     <span class='ocr_line' id='line_1_75' title="bbox 174 4232 1770 4307; baseline 0.004 -19"><span class='ocrx_word' id='word_1_560' title='bbox 174 4232 454 4288; x_wconf 88' lang='lat' dir='ltr'><strong>Christum</strong></span> <span class='ocrx_word' id='word_1_561' title='bbox 481 4234 715 4306; x_wconf 80' lang='lat' dir='ltr'><strong>hOSpitio</strong></span> <span class='ocrx_word' id='word_1_562' title='bbox 735 4238 996 4307; x_wconf 84' lang='lat' dir='ltr'><strong>suscepit,</strong></span> <span class='ocrx_word' id='word_1_563' title='bbox 1037 4235 1202 4292; x_wconf 90' lang='lat' dir='ltr'><strong>ﬁlium</strong></span> <span class='ocrx_word' id='word_1_564' title='bbox 1229 4237 1362 4293; x_wconf 86' lang='lat' dir='ltr'><strong>Sara</strong></span> <span class='ocrx_word' id='word_1_565' title='bbox 1385 4238 1584 4294; x_wconf 91' lang='lat' dir='ltr'><strong>meruit</strong></span> <span class='ocrx_word' id='word_1_566' title='bbox 1612 4237 1770 4294; x_wconf 80' lang='lat' dir='ltr'><strong>effeta</strong></span> 
     </span>
    </p>
   </div>
   <div class='ocr_carea' id='block_1_76' title="bbox 168 4324 1772 4400">
    <p class='ocr_par' dir='ltr' id='par_1_76' title="bbox 168 4324 1772 4400">
     <span class='ocr_line' id='line_1_76' title="bbox 168 4324 1772 4400; baseline 0.006 -22"><span class='ocrx_word' id='word_1_567' title='bbox 168 4324 288 4395; x_wconf 88' lang='lat' dir='ltr'><strong>jam</strong></span> <span class='ocrx_word' id='word_1_568' title='bbox 321 4335 602 4381; x_wconf 86' lang='lat' dir='ltr'><strong>senectute</strong></span> <span class='ocrx_word' id='word_1_569' title='bbox 631 4345 644 4382; x_wconf 89' lang='lat'>:</span> <span class='ocrx_word' id='word_1_570' title='bbox 679 4326 780 4382; x_wconf 89' lang='lat' dir='ltr'><strong>Lot</strong></span> <span class='ocrx_word' id='word_1_571' title='bbox 808 4343 1023 4400; x_wconf 89' lang='lat' dir='ltr'><strong>quoque</strong></span> <span class='ocrx_word' id='word_1_572' title='bbox 1047 4328 1390 4385; x_wconf 87' lang='lat' dir='ltr'><strong>Sodomitani</strong></span> <span class='ocrx_word' id='word_1_573' title='bbox 1420 4331 1615 4387; x_wconf 84' lang='lat' dir='ltr'><strong>excidii</strong></span> <span class='ocrx_word' id='word_1_574' title='bbox 1647 4347 1772 4387; x_wconf 87' lang='lat' dir='ltr'><strong>eva-</strong></span> 
     </span>
    </p>
   </div>
   <div class='ocr_carea' id='block_1_77' title="bbox 175 4418 1771 4495">
    <p class='ocr_par' dir='ltr' id='par_1_77' title="bbox 175 4418 1771 4495">
     <span class='ocr_line' id='line_1_77' title="bbox 175 4418 1771 4495; baseline 0.005 -23"><span class='ocrx_word' id='word_1_575' title='bbox 175 4422 252 4472; x_wconf 87' lang='lat' dir='ltr'><strong>sit</strong></span> <span class='ocrx_word' id='word_1_576' title='bbox 282 4418 457 4489; x_wconf 83' lang='lat' dir='ltr'><strong>ignem</strong></span> <span class='ocrx_word' id='word_1_577' title='bbox 493 4418 664 4490; x_wconf 81' lang='lat' dir='ltr'><strong>(Gen.</strong></span> <span class='ocrx_word' id='word_1_578' title='bbox 701 4437 812 4489; x_wconf 89' lang='grc' dir='ltr'>χιχ,</span> <span class='ocrx_word' id='word_1_579' title='bbox 842 4421 879 4476; x_wconf 72' lang='lat'><strong>2</strong></span> <span class='ocrx_word' id='word_1_580' title='bbox 908 4432 954 4477; x_wconf 90' lang='lat' dir='ltr'><strong>et</strong></span> <span class='ocrx_word' id='word_1_581' title='bbox 991 4439 1096 4493; x_wconf 88' lang='lat' dir='ltr'><strong>seq.</strong></span> <span class='ocrx_word' id='word_1_582' title='bbox 1118 4423 1162 4495; x_wconf 90' lang='lat'><strong>).</strong></span> <span class='ocrx_word' id='word_1_583' title='bbox 1194 4423 1260 4478; x_wconf 87' lang='lat' dir='ltr'><strong>Et</strong></span> <span class='ocrx_word' id='word_1_584' title='bbox 1289 4433 1345 4479; x_wconf 93' lang='lat' dir='ltr'><strong>tu</strong></span> <span class='ocrx_word' id='word_1_585' title='bbox 1401 4433 1556 4495; x_wconf 91' lang='lat' dir='ltr'><strong>potes</strong></span> <span class='ocrx_word' id='word_1_586' title='bbox 1600 4427 1771 4481; x_wconf 89' lang='lat' dir='ltr'><strong>susci-</strong></span> 
     </span>
    </p>
   </div>
   <div class='ocr_carea' id='block_1_78' title="bbox 177 4513 1768 4589">
    <p class='ocr_par' dir='ltr' id='par_1_78' title="bbox 177 4513 1768 4589">
     <span class='ocr_line' id='line_1_78' title="bbox 177 4513 1768 4589; baseline 0.007 -23"><span class='ocrx_word' id='word_1_587' title='bbox 177 4525 316 4582; x_wconf 87' lang='lat' dir='ltr'><strong>pere</strong></span> <span class='ocrx_word' id='word_1_588' title='bbox 337 4513 628 4584; x_wconf 88' lang='lat' dir='ltr'><strong>angelos,si</strong></span> <span class='ocrx_word' id='word_1_589' title='bbox 642 4516 1057 4573; x_wconf 85' lang='lat' dir='ltr'><strong>advenientibus</strong></span> <span class='ocrx_word' id='word_1_590' title='bbox 1076 4517 1368 4589; x_wconf 90' lang='lat' dir='ltr'><strong>hospitium</strong></span> <span class='ocrx_word' id='word_1_591' title='bbox 1387 4531 1534 4574; x_wconf 87' lang='lat' dir='ltr'><strong>tuum</strong></span> <span class='ocrx_word' id='word_1_592' title='bbox 1553 4519 1768 4577; x_wconf 77' lang='lat' dir='ltr'><strong>offeras.</strong></span> 
     </span>
    </p>
   </div>
   <div class='ocr_carea' id='block_1_79' title="bbox 1872 3291 3482 3371">
    <p class='ocr_par' dir='ltr' id='par_1_79' title="bbox 1872 3291 3482 3371">
     <span class='ocr_line' id='line_1_79' title="bbox 1872 3291 3482 3371; baseline 0.009 -26"><span class='ocrx_word' id='word_1_593' title='bbox 1872 3291 2014 3362; x_wconf 87' lang='lat' dir='ltr'><strong>quod</strong></span> <span class='ocrx_word' id='word_1_594' title='bbox 2044 3307 2149 3348; x_wconf 91' lang='lat' dir='ltr'><strong>non</strong></span> <span class='ocrx_word' id='word_1_595' title='bbox 2177 3303 2509 3350; x_wconf 88' lang='lat' dir='ltr'><strong>attramento</strong></span> <span class='ocrx_word' id='word_1_596' title='bbox 2539 3295 2802 3366; x_wconf 90' lang='lat' dir='ltr'><strong>scriptum</strong></span> <span class='ocrx_word' id='word_1_597' title='bbox 2845 3308 2968 3365; x_wconf 91' lang='lat' dir='ltr'><strong>est,</strong></span> <span class='ocrx_word' id='word_1_598' title='bbox 3001 3300 3097 3355; x_wconf 90' lang='lat' dir='ltr'><strong>sed</strong></span> <span class='ocrx_word' id='word_1_599' title='bbox 3146 3301 3352 3371; x_wconf 90' lang='lat' dir='ltr'><strong>Spiritu</strong></span> <span class='ocrx_word' id='word_1_600' title='bbox 3385 3303 3482 3360; x_wconf 86' lang='lat' dir='ltr'><strong>Dei</strong></span> 
     </span>
    </p>
   </div>
   <div class='ocr_carea' id='block_1_80' title="bbox 1876 3384 3478 3459">
    <p class='ocr_par' dir='ltr' id='par_1_80' title="bbox 1876 3384 3478 3459">
     <span class='ocr_line' id='line_1_80' title="bbox 1876 3384 3478 3459; baseline 0.01 -22"><span class='ocrx_word' id='word_1_601' title='bbox 1876 3384 2006 3451; x_wconf 80' lang='lat' dir='ltr'><strong>vivi,</strong></span> <span class='ocrx_word' id='word_1_602' title='bbox 2035 3385 2125 3451; x_wconf 90' lang='lat' dir='ltr'><strong>qui</strong></span> <span class='ocrx_word' id='word_1_603' title='bbox 2148 3386 2264 3441; x_wconf 89' lang='lat' dir='ltr'><strong>ait:</strong></span> <span class='ocrx_word' id='word_1_604' title='bbox 2313 3386 2518 3459; x_wconf 86' lang='lat' dir='ltr'><strong>Lingua</strong></span> <span class='ocrx_word' id='word_1_605' title='bbox 2562 3406 2676 3444; x_wconf 90' lang='lat' dir='ltr'><strong>mea</strong></span> <span class='ocrx_word' id='word_1_606' title='bbox 2726 3391 2959 3448; x_wconf 88' lang='lat' dir='ltr'><strong>calamus</strong></span> <span class='ocrx_word' id='word_1_607' title='bbox 3001 3394 3186 3450; x_wconf 70' lang='lat' dir='ltr'><strong>scribat</strong></span> <span class='ocrx_word' id='word_1_608' title='bbox 3233 3395 3478 3453; x_wconf 86' lang='lat' dir='ltr'><strong>velociter</strong></span> 
     </span>
    </p>
   </div>
   <div class='ocr_carea' id='block_1_81' title="bbox 1871 3479 2684 3555">
    <p class='ocr_par' dir='ltr' id='par_1_81' title="bbox 1871 3479 2684 3555">
     <span class='ocr_line' id='line_1_81' title="bbox 1871 3479 2684 3555; baseline 0.005 -23"><span class='ocrx_word' id='word_1_609' title='bbox 1871 3479 2137 3533; x_wconf 85' lang='lat' dir='ltr'><strong>scribentis</strong></span> <span class='ocrx_word' id='word_1_610' title='bbox 2171 3479 2189 3551; x_wconf 90' lang='lat'>(</span> <span class='ocrx_word' id='word_1_611' title='bbox 2222 3479 2366 3535; x_wconf 85' lang='lat' dir='ltr'><strong>Psal.</strong></span> <span class='ocrx_word' id='word_1_612' title='bbox 2407 3497 2532 3536; x_wconf 82' lang='lat' dir='ltr'><strong>xuv</strong></span> <span class='ocrx_word' id='word_1_613' title='bbox 2560 3524 2574 3549; x_wconf 90' lang='lat'><strong>,</strong></span> <span class='ocrx_word' id='word_1_614' title='bbox 2605 3482 2684 3555; x_wconf 73' lang='lat'><strong>2).</strong></span> 
     </span>
    </p>
   </div>
   <div class='ocr_carea' id='block_1_82' title="bbox 1945 3574 3484 3652">
    <p class='ocr_par' dir='ltr' id='par_1_82' title="bbox 1945 3574 3484 3652">
     <span class='ocr_line' id='line_1_82' title="bbox 1945 3574 3484 3652; baseline 0.009 -22"><span class='ocrx_word' id='word_1_615' title='bbox 1945 3575 2067 3630; x_wconf 83' lang='grc'><strong>110.</strong></span> <span class='ocrx_word' id='word_1_616' title='bbox 2117 3574 2224 3631; x_wconf 93' lang='lat' dir='ltr'><strong>Sed</strong></span> <span class='ocrx_word' id='word_1_617' title='bbox 2276 3591 2376 3632; x_wconf 89' lang='lat' dir='ltr'><strong>nec</strong></span> <span class='ocrx_word' id='word_1_618' title='bbox 2413 3577 2577 3632; x_wconf 82' lang='lat' dir='ltr'><strong>Maria</strong></span> <span class='ocrx_word' id='word_1_619' title='bbox 2601 3578 2800 3647; x_wconf 92' lang='lat' dir='ltr'><strong>minor,</strong></span> <span class='ocrx_word' id='word_1_620' title='bbox 2831 3595 2991 3652; x_wconf 89' lang='lat' dir='ltr'><strong>quam</strong></span> <span class='ocrx_word' id='word_1_621' title='bbox 3019 3593 3250 3641; x_wconf 90' lang='lat' dir='ltr'><strong>matrem</strong></span> <span class='ocrx_word' id='word_1_622' title='bbox 3275 3585 3484 3644; x_wconf 86' lang='lat' dir='ltr'><strong>Christi</strong></span> 
     </span>
    </p>
   </div>
   <div class='ocr_carea' id='block_1_83' title="bbox 1871 3667 3477 3748">
    <p class='ocr_par' dir='ltr' id='par_1_83' title="bbox 1871 3667 3477 3748">
     <span class='ocr_line' id='line_1_83' title="bbox 1871 3667 3477 3748; baseline 0.006 -23"><span class='ocrx_word' id='word_1_623' title='bbox 1871 3668 2119 3726; x_wconf 82' lang='lat' dir='ltr'><strong>decebat.</strong></span> <span class='ocrx_word' id='word_1_624' title='bbox 2149 3667 2505 3739; x_wconf 90' lang='lat' dir='ltr'><strong>Fugientibus</strong></span> <span class='ocrx_word' id='word_1_625' title='bbox 2537 3670 2817 3740; x_wconf 88' lang='lat' dir='ltr'><strong>apostolis,</strong></span> <span class='ocrx_word' id='word_1_626' title='bbox 2849 3683 2973 3729; x_wconf 88' lang='lat' dir='ltr'><strong>ante</strong></span> <span class='ocrx_word' id='word_1_627' title='bbox 3003 3691 3224 3733; x_wconf 90' lang='lat' dir='ltr'><strong>crucem</strong></span> <span class='ocrx_word' id='word_1_628' title='bbox 3269 3679 3477 3748; x_wconf 90' lang='lat' dir='ltr'><strong>stabat,</strong></span> 
     </span>
    </p>
   </div>
   <div class='ocr_carea' id='block_1_84' title="bbox 1871 3761 3479 3843">
    <p class='ocr_par' dir='ltr' id='par_1_84' title="bbox 1871 3761 3479 3843">
     <span class='ocr_line' id='line_1_84' title="bbox 1871 3761 3479 3843; baseline 0.008 -26"><span class='ocrx_word' id='word_1_629' title='bbox 1871 3775 1924 3818; x_wconf 92' lang='lat' dir='ltr'><strong>et</strong></span> <span class='ocrx_word' id='word_1_630' title='bbox 1958 3761 2062 3833; x_wconf 89' lang='lat' dir='ltr'><strong>piis</strong></span> <span class='ocrx_word' id='word_1_631' title='bbox 2103 3761 2385 3832; x_wconf 88' lang='lat' dir='ltr'><strong>spectabat</strong></span> <span class='ocrx_word' id='word_1_632' title='bbox 2429 3762 2600 3818; x_wconf 91' lang='lat' dir='ltr'><strong>oculis</strong></span> <span class='ocrx_word' id='word_1_633' title='bbox 2649 3763 2746 3819; x_wconf 92' lang='lat' dir='ltr'><strong>lilii</strong></span> <span class='ocrx_word' id='word_1_634' title='bbox 2792 3765 3056 3834; x_wconf 89' lang='lat' dir='ltr'><strong>vulnera;</strong></span> <span class='ocrx_word' id='word_1_635' title='bbox 3112 3770 3239 3841; x_wconf 88' lang='lat' dir='ltr'><strong>quia</strong></span> <span class='ocrx_word' id='word_1_636' title='bbox 3279 3787 3479 3843; x_wconf 81' lang='lat' dir='ltr'><strong>exspe-</strong></span> 
     </span>
    </p>
   </div>
   <div class='ocr_carea' id='block_1_85' title="bbox 1871 3856 3490 3928">
    <p class='ocr_par' dir='ltr' id='par_1_85' title="bbox 1871 3856 3490 3928">
     <span class='ocr_line' id='line_1_85' title="bbox 1871 3856 3490 3928; baseline 0.007 -16"><span class='ocrx_word' id='word_1_637' title='bbox 1871 3857 2048 3912; x_wconf 82' lang='lat' dir='ltr'><strong>ctabat</strong></span> <span class='ocrx_word' id='word_1_638' title='bbox 2073 3872 2178 3911; x_wconf 91' lang='lat' dir='ltr'><strong>non</strong></span> <span class='ocrx_word' id='word_1_639' title='bbox 2207 3856 2446 3928; x_wconf 89' lang='lat' dir='ltr'><strong>pignoris</strong></span> <span class='ocrx_word' id='word_1_640' title='bbox 2468 3866 2726 3924; x_wconf 90' lang='lat' dir='ltr'><strong>mortem,</strong></span> <span class='ocrx_word' id='word_1_641' title='bbox 2758 3858 2855 3914; x_wconf 92' lang='lat' dir='ltr'><strong>sed</strong></span> <span class='ocrx_word' id='word_1_642' title='bbox 2883 3862 3069 3917; x_wconf 90' lang='lat' dir='ltr'><strong>mundi</strong></span> <span class='ocrx_word' id='word_1_643' title='bbox 3096 3864 3351 3922; x_wconf 89' lang='lat' dir='ltr'><strong>salutem.</strong></span> <span class='ocrx_word' id='word_1_644' title='bbox 3377 3866 3490 3924; x_wconf 91' lang='lat' dir='ltr'><strong>Aut</strong></span> 
     </span>
    </p>
   </div>
   <div class='ocr_carea' id='block_1_86' title="bbox 1874 3949 3480 4022">
    <p class='ocr_par' dir='ltr' id='par_1_86' title="bbox 1874 3949 3480 4022">
     <span class='ocr_line' id='line_1_86' title="bbox 1874 3949 3480 4022; baseline 0.01 -20"><span class='ocrx_word' id='word_1_645' title='bbox 1874 3949 2107 4005; x_wconf 91' lang='lat' dir='ltr'><strong>fortasse</strong></span> <span class='ocrx_word' id='word_1_646' title='bbox 2156 3951 2279 4019; x_wconf 91' lang='lat' dir='ltr'><strong>quia</strong></span> <span class='ocrx_word' id='word_1_647' title='bbox 2330 3961 2663 4019; x_wconf 88' lang='lat' dir='ltr'><strong>cognoverat</strong></span> <span class='ocrx_word' id='word_1_648' title='bbox 2719 3966 2818 4022; x_wconf 90' lang='lat' dir='ltr'><strong>per</strong></span> <span class='ocrx_word' id='word_1_649' title='bbox 2869 3951 2960 4008; x_wconf 92' lang='lat' dir='ltr'><strong>ﬁlii</strong></span> <span class='ocrx_word' id='word_1_650' title='bbox 3007 3965 3242 4014; x_wconf 89' lang='lat' dir='ltr'><strong>mortem</strong></span> <span class='ocrx_word' id='word_1_651' title='bbox 3293 3959 3480 4018; x_wconf 89' lang='lat' dir='ltr'><strong>mundi</strong></span> 
     </span>
    </p>
   </div>
   <div class='ocr_carea' id='block_1_87' title="bbox 1873 4043 3489 4123">
    <p class='ocr_par' dir='ltr' id='par_1_87' title="bbox 1873 4043 3489 4123">
     <span class='ocr_line' id='line_1_87' title="bbox 1873 4043 3489 4123; baseline 0.009 -27"><span class='ocrx_word' id='word_1_652' title='bbox 1873 4043 2306 4113; x_wconf 90' lang='lat' dir='ltr'><strong>redemptionem</strong></span> <span class='ocrx_word' id='word_1_653' title='bbox 2335 4044 2454 4098; x_wconf 91' lang='lat' dir='ltr'><strong>aula</strong></span> <span class='ocrx_word' id='word_1_654' title='bbox 2481 4043 2701 4115; x_wconf 88' lang='lat' dir='ltr'><strong>regalis,</strong></span> <span class='ocrx_word' id='word_1_655' title='bbox 2725 4047 2890 4101; x_wconf 88' lang='lat' dir='ltr'><strong>etiam</strong></span> <span class='ocrx_word' id='word_1_656' title='bbox 2919 4062 3016 4103; x_wconf 89' lang='lat' dir='ltr'><strong>sua</strong></span> <span class='ocrx_word' id='word_1_657' title='bbox 3050 4061 3233 4108; x_wconf 89' lang='lat' dir='ltr'><strong>morte</strong></span> <span class='ocrx_word' id='word_1_658' title='bbox 3263 4054 3489 4123; x_wconf 88' lang='lat' dir='ltr'><strong>putabat</strong></span> 
     </span>
    </p>
   </div>
   <div class='ocr_carea' id='block_1_88' title="bbox 1873 4135 3480 4208">
    <p class='ocr_par' dir='ltr' id='par_1_88' title="bbox 1873 4135 3480 4208">
     <span class='ocr_line' id='line_1_88' title="bbox 1873 4135 3480 4208; baseline 0.008 -16"><span class='ocrx_word' id='word_1_659' title='bbox 1873 4152 1933 4192; x_wconf 91' lang='lat' dir='ltr'><strong>se</strong></span> <span class='ocrx_word' id='word_1_660' title='bbox 1975 4137 2180 4207; x_wconf 88' lang='lat' dir='ltr'><strong>aliquid</strong></span> <span class='ocrx_word' id='word_1_661' title='bbox 2204 4137 2422 4208; x_wconf 92' lang='lat' dir='ltr'><strong>publico</strong></span> <span class='ocrx_word' id='word_1_662' title='bbox 2444 4135 2752 4193; x_wconf 88' lang='lat' dir='ltr'><strong>addituram</strong></span> <span class='ocrx_word' id='word_1_663' title='bbox 2781 4142 3015 4197; x_wconf 90' lang='lat' dir='ltr'><strong>muneri.</strong></span> <span class='ocrx_word' id='word_1_664' title='bbox 3045 4143 3152 4200; x_wconf 88' lang='lat' dir='ltr'><strong>Sed</strong></span> <span class='ocrx_word' id='word_1_665' title='bbox 3184 4145 3344 4202; x_wconf 88' lang='lat' dir='ltr'><strong>Jesus</strong></span> <span class='ocrx_word' id='word_1_666' title='bbox 3372 4163 3480 4206; x_wconf 90' lang='lat' dir='ltr'><strong>nou</strong></span> 
     </span>
    </p>
   </div>
   <div class='ocr_carea' id='block_1_89' title="bbox 1875 4228 3484 4313">
    <p class='ocr_par' dir='ltr' id='par_1_89' title="bbox 1875 4228 3484 4313">
     <span class='ocr_line' id='line_1_89' title="bbox 1875 4228 3484 4313; baseline 0.01 -29"><span class='ocrx_word' id='word_1_667' title='bbox 1875 4230 2067 4299; x_wconf 88' lang='lat' dir='ltr'><strong>egebat</strong></span> <span class='ocrx_word' id='word_1_668' title='bbox 2127 4229 2377 4299; x_wconf 87' lang='lat' dir='ltr'><strong>adjutore</strong></span> <span class='ocrx_word' id='word_1_669' title='bbox 2425 4228 2494 4284; x_wconf 89' lang='lat' dir='ltr'><strong>ad</strong></span> <span class='ocrx_word' id='word_1_670' title='bbox 2560 4230 2995 4302; x_wconf 88' lang='lat' dir='ltr'><strong>redemptionem</strong></span> <span class='ocrx_word' id='word_1_671' title='bbox 3045 4239 3288 4294; x_wconf 90' lang='lat' dir='ltr'><strong>onmium</strong></span> <span class='ocrx_word' id='word_1_672' title='bbox 3322 4281 3338 4307; x_wconf 94' lang='lat'><strong>,</strong></span> <span class='ocrx_word' id='word_1_673' title='bbox 3387 4243 3484 4313; x_wconf 88' lang='lat' dir='ltr'><strong>qui</strong></span> 
     </span>
    </p>
   </div>
   <div class='ocr_carea' id='block_1_90' title="bbox 1874 4321 3485 4394">
    <p class='ocr_par' dir='ltr' id='par_1_90' title="bbox 1874 4321 3485 4394">
     <span class='ocr_line' id='line_1_90' title="bbox 1874 4321 3485 4394; baseline 0.006 -14"><span class='ocrx_word' id='word_1_674' title='bbox 1874 4338 2066 4380; x_wconf 91' lang='lat' dir='ltr'><strong>omnes</strong></span> <span class='ocrx_word' id='word_1_675' title='bbox 2094 4323 2213 4378; x_wconf 91' lang='lat' dir='ltr'><strong>sine</strong></span> <span class='ocrx_word' id='word_1_676' title='bbox 2237 4321 2487 4394; x_wconf 92' lang='lat' dir='ltr'><strong>adjutore</strong></span> <span class='ocrx_word' id='word_1_677' title='bbox 2513 4324 2774 4380; x_wconf 87' lang='lat' dir='ltr'><strong>servavit.</strong></span> <span class='ocrx_word' id='word_1_678' title='bbox 2806 4324 2964 4384; x_wconf 90' lang='lat' dir='ltr'><strong>Unde</strong></span> <span class='ocrx_word' id='word_1_679' title='bbox 2990 4337 3046 4384; x_wconf 91' lang='lat' dir='ltr'><strong>et</strong></span> <span class='ocrx_word' id='word_1_680' title='bbox 3079 4329 3212 4386; x_wconf 89' lang='lat' dir='ltr'><strong>dicit</strong></span> <span class='ocrx_word' id='word_1_681' title='bbox 3237 4350 3251 4386; x_wconf 91' lang='lat'><strong>:</strong></span> <span class='ocrx_word' id='word_1_682' title='bbox 3286 4331 3485 4390; x_wconf 85' lang='lat' dir='ltr'><strong>Factus</strong></span> 
     </span>
    </p>
   </div>
   <div class='ocr_carea' id='block_1_91' title="bbox 1875 4417 3486 4491">
    <p class='ocr_par' dir='ltr' id='par_1_91' title="bbox 1875 4417 3486 4491">
     <span class='ocr_line' id='line_1_91' title="bbox 1875 4417 3486 4491; baseline 0.009 -20"><span class='ocrx_word' id='word_1_683' title='bbox 1875 4435 1988 4472; x_wconf 88' lang='lat' dir='ltr'><strong>sum</strong></span> <span class='ocrx_word' id='word_1_684' title='bbox 2040 4418 2170 4472; x_wconf 85' lang='lat' dir='ltr'><strong>sicut</strong></span> <span class='ocrx_word' id='word_1_685' title='bbox 2216 4418 2366 4471; x_wconf 83' lang='lat' dir='ltr'><strong>homo</strong></span> <span class='ocrx_word' id='word_1_686' title='bbox 2420 4417 2532 4472; x_wconf 87' lang='lat' dir='ltr'><strong>sine</strong></span> <span class='ocrx_word' id='word_1_687' title='bbox 2583 4418 2849 4491; x_wconf 86' lang='lat' dir='ltr'><strong>adjutorio</strong></span> <span class='ocrx_word' id='word_1_688' title='bbox 2907 4423 3038 4478; x_wconf 89' lang='lat' dir='ltr'><strong>inter</strong></span> <span class='ocrx_word' id='word_1_689' title='bbox 3092 4435 3324 4484; x_wconf 78' lang='lat' dir='ltr'><strong>mortuos</strong></span> <span class='ocrx_word' id='word_1_690' title='bbox 3358 4428 3486 4485; x_wconf 89' lang='lat' dir='ltr'><strong>liber</strong></span> 
     </span>
    </p>
   </div>
   <div class='ocr_carea' id='block_1_92' title="bbox 1877 4511 3485 4593">
    <p class='ocr_par' dir='ltr' id='par_1_92' title="bbox 1877 4511 3485 4593">
     <span class='ocr_line' id='line_1_92' title="bbox 1877 4511 3485 4593; baseline 0.009 -29"><span class='ocrx_word' id='word_1_691' title='bbox 1877 4511 2069 4582; x_wconf 85' lang='lat' dir='ltr'><strong>(Psal.</strong></span> <span class='ocrx_word' id='word_1_692' title='bbox 2101 4527 2340 4578; x_wconf 74' lang='lat' dir='ltr'><strong>Lxxxvn,</strong></span> <span class='ocrx_word' id='word_1_693' title='bbox 2373 4511 2458 4582; x_wconf 86' lang='lat'><strong>5).</strong></span> <span class='ocrx_word' id='word_1_694' title='bbox 2515 4511 2767 4584; x_wconf 87' lang='lat' dir='ltr'><strong>Suscepit</strong></span> <span class='ocrx_word' id='word_1_695' title='bbox 2817 4514 3036 4586; x_wconf 89' lang='lat' dir='ltr'><strong>quidem</strong></span> <span class='ocrx_word' id='word_1_696' title='bbox 3079 4511 3342 4576; x_wconf 61' lang='lat' dir='ltr'><strong>&#39;aﬂ’ectum</strong></span> <span class='ocrx_word' id='word_1_697' title='bbox 3389 4537 3485 4593; x_wconf 90' lang='lat' dir='ltr'><strong>pa-</strong></span> 
     </span>
    </p>
   </div>
   <div class='ocr_carea' id='block_1_93' title="bbox 175 4601 1767 4682">
    <p class='ocr_par' dir='ltr' id='par_1_93' title="bbox 175 4602 1767 4682">
     <span class='ocr_line' id='line_1_93' title="bbox 175 4602 1767 4682; baseline 0.009 -25"><span class='ocrx_word' id='word_1_698' title='bbox 175 4602 321 4672; x_wconf 83' lang='lat' dir='ltr'><strong>Quid</strong></span> <span class='ocrx_word' id='word_1_699' title='bbox 349 4603 416 4660; x_wconf 92' lang='lat' dir='ltr'><strong>de</strong></span> <span class='ocrx_word' id='word_1_700' title='bbox 466 4606 652 4663; x_wconf 81' lang='lat' dir='ltr'><strong>Rahab</strong></span> <span class='ocrx_word' id='word_1_701' title='bbox 681 4609 880 4677; x_wconf 86' lang='lat' dir='ltr'><strong>dicam,</strong></span> <span class='ocrx_word' id='word_1_702' title='bbox 912 4627 1032 4682; x_wconf 73' lang='lat' dir='ltr'><strong>qua:</strong></span> <span class='ocrx_word' id='word_1_703' title='bbox 1060 4612 1161 4668; x_wconf 89' lang='lat' dir='ltr'><strong>hoc</strong></span> <span class='ocrx_word' id='word_1_704' title='bbox 1189 4628 1413 4670; x_wconf 90' lang='lat' dir='ltr'><strong>munere</strong></span> <span class='ocrx_word' id='word_1_705' title='bbox 1452 4615 1659 4670; x_wconf 91' lang='lat' dir='ltr'><strong>invenit</strong></span> <span class='ocrx_word' id='word_1_706' title='bbox 1687 4631 1767 4670; x_wconf 91' lang='lat' dir='ltr'><strong>sa-</strong></span> 
     </span>
    </p>
   </div>
   <div class='ocr_carea' id='block_1_94' title="bbox 1882 4601 3172 4682">
    <p class='ocr_par' dir='ltr' id='par_1_94' title="bbox 1882 4603 3172 4675">
     <span class='ocr_line' id='line_1_94' title="bbox 1882 4603 3172 4675; baseline 0.008 -17"><span class='ocrx_word' id='word_1_707' title='bbox 1882 4603 2066 4670; x_wconf 91' lang='lat' dir='ltr'><strong>rentis,</strong></span> <span class='ocrx_word' id='word_1_708' title='bbox 2096 4603 2190 4658; x_wconf 90' lang='lat' dir='ltr'><strong>sed</strong></span> <span class='ocrx_word' id='word_1_709' title='bbox 2222 4619 2328 4658; x_wconf 93' lang='lat' dir='ltr'><strong>non</strong></span> <span class='ocrx_word' id='word_1_710' title='bbox 2360 4605 2611 4675; x_wconf 77' lang='lat' dir='ltr'><strong>qutesivit</strong></span> <span class='ocrx_word' id='word_1_711' title='bbox 2634 4606 2862 4663; x_wconf 89' lang='lat' dir='ltr'><strong>alterius</strong></span> <span class='ocrx_word' id='word_1_712' title='bbox 2891 4610 3172 4668; x_wconf 79' lang='lat' dir='ltr'><strong>auxilium.</strong></span> 
     </span>
    </p>
   </div>
   <div class='ocr_carea' id='block_1_95' title="bbox 177 4696 1023 4774">
    <p class='ocr_par' dir='ltr' id='par_1_95' title="bbox 177 4696 1023 4774">
     <span class='ocr_line' id='line_1_95' title="bbox 177 4696 1023 4774; baseline 0.008 -24"><span class='ocrx_word' id='word_1_713' title='bbox 177 4696 347 4751; x_wconf 91' lang='lat' dir='ltr'><strong>lutem</strong></span> <span class='ocrx_word' id='word_1_714' title='bbox 389 4697 580 4769; x_wconf 87' lang='lat' dir='ltr'><strong>(Josue</strong></span> <span class='ocrx_word' id='word_1_715' title='bbox 607 4715 660 4766; x_wconf 87' lang='grc' dir='ltr'><strong>ιι,</strong></span> <span class='ocrx_word' id='word_1_716' title='bbox 692 4701 715 4755; x_wconf 88' lang='grc'><strong>1</strong></span> <span class='ocrx_word' id='word_1_717' title='bbox 751 4711 798 4756; x_wconf 87' lang='lat' dir='ltr'><strong>et</strong></span> <span class='ocrx_word' id='word_1_718' title='bbox 827 4719 932 4774; x_wconf 84' lang='lat' dir='ltr'><strong>seq.</strong></span> <span class='ocrx_word' id='word_1_719' title='bbox 959 4703 1023 4774; x_wconf 80' lang='lat' dir='ltr'><strong>)‘t</strong></span> 
     </span>
    </p>
   </div>
   <div class='ocr_carea' id='block_1_96' title="bbox 257 4790 1776 4870">
    <p class='ocr_par' dir='ltr' id='par_1_96' title="bbox 257 4790 1776 4870">
     <span class='ocr_line' id='line_1_96' title="bbox 257 4790 1776 4870; baseline 0.007 -25"><span class='ocrx_word' id='word_1_720' title='bbox 257 4790 382 4846; x_wconf 85' lang='grc'><strong>106.</strong></span> <span class='ocrx_word' id='word_1_721' title='bbox 422 4793 810 4864; x_wconf 87' lang='lat' dir='ltr'><strong>Compatimini</strong></span> <span class='ocrx_word' id='word_1_722' title='bbox 856 4797 922 4852; x_wconf 90' lang='lat' dir='ltr'><strong>iis</strong></span> <span class='ocrx_word' id='word_1_723' title='bbox 971 4799 1061 4865; x_wconf 89' lang='lat' dir='ltr'><strong>qui</strong></span> <span class='ocrx_word' id='word_1_724' title='bbox 1104 4799 1307 4870; x_wconf 87' lang='lat' dir='ltr'><strong>alligati</strong></span> <span class='ocrx_word' id='word_1_725' title='bbox 1355 4809 1610 4856; x_wconf 88' lang='lat' dir='ltr'><strong>tenentur</strong></span> <span class='ocrx_word' id='word_1_726' title='bbox 1658 4802 1776 4855; x_wconf 80' lang='lat' dir='ltr'><strong>vin-</strong></span> 
     </span>
    </p>
   </div>
   <div class='ocr_carea' id='block_1_97' title="bbox 177 4882 1776 4960">
    <p class='ocr_par' dir='ltr' id='par_1_97' title="bbox 177 4882 1776 4960">
     <span class='ocr_line' id='line_1_97' title="bbox 177 4882 1776 4960; baseline 0.004 -20"><span class='ocrx_word' id='word_1_727' title='bbox 177 4882 342 4950; x_wconf 89' lang='lat' dir='ltr'><strong>culis,</strong></span> <span class='ocrx_word' id='word_1_728' title='bbox 391 4893 664 4955; x_wconf 88' lang='lat' dir='ltr'><strong>tamquam</strong></span> <span class='ocrx_word' id='word_1_729' title='bbox 713 4887 872 4943; x_wconf 90' lang='lat' dir='ltr'><strong>simul</strong></span> <span class='ocrx_word' id='word_1_730' title='bbox 893 4889 1118 4960; x_wconf 88' lang='lat' dir='ltr'><strong>alligati.</strong></span> <span class='ocrx_word' id='word_1_731' title='bbox 1152 4889 1520 4946; x_wconf 90' lang='lat' dir='ltr'><strong>Consolamini</strong></span> <span class='ocrx_word' id='word_1_732' title='bbox 1545 4892 1596 4946; x_wconf 89' lang='lat' dir='ltr'><strong>in</strong></span> <span class='ocrx_word' id='word_1_733' title='bbox 1630 4891 1776 4947; x_wconf 91' lang='lat' dir='ltr'><strong>luctu</strong></span> 
     </span>
    </p>
   </div>
   <div class='ocr_carea' id='block_1_98' title="bbox 179 4978 1778 5056">
    <p class='ocr_par' dir='ltr' id='par_1_98' title="bbox 179 4978 1778 5056">
     <span class='ocr_line' id='line_1_98' title="bbox 179 4978 1778 5056; baseline 0.004 -22"><span class='ocrx_word' id='word_1_734' title='bbox 179 4978 392 5050; x_wconf 87' lang='lat' dir='ltr'><strong>positos</strong></span> <span class='ocrx_word' id='word_1_735' title='bbox 422 4998 434 5034; x_wconf 92' lang='lat'>:</span> <span class='ocrx_word' id='word_1_736' title='bbox 471 4980 663 5036; x_wconf 79' lang='lat' dir='ltr'><strong>Melius</strong></span> <span class='ocrx_word' id='word_1_737' title='bbox 693 4992 766 5039; x_wconf 87' lang='lat' dir='ltr'><strong>est</strong></span> <span class='ocrx_word' id='word_1_738' title='bbox 793 4988 928 5038; x_wconf 86' lang='lat' dir='ltr'><strong>enim</strong></span> <span class='ocrx_word' id='word_1_739' title='bbox 957 4984 1034 5039; x_wconf 86' lang='lat' dir='ltr'><strong>ire</strong></span> <span class='ocrx_word' id='word_1_740' title='bbox 1055 4986 1107 5039; x_wconf 88' lang='lat' dir='ltr'><strong>in</strong></span> <span class='ocrx_word' id='word_1_741' title='bbox 1136 4985 1343 5040; x_wconf 88' lang='lat' dir='ltr'><strong>domum</strong></span> <span class='ocrx_word' id='word_1_742' title='bbox 1391 4987 1577 5049; x_wconf 80' lang='lat' dir='ltr'><strong>luctus,</strong></span> <span class='ocrx_word' id='word_1_743' title='bbox 1623 5003 1778 5056; x_wconf 84' lang='lat' dir='ltr'><strong>quant</strong></span> 
     </span>
    </p>
   </div>
   <div class='ocr_carea' id='block_1_99' title="bbox 178 5072 1773 5148">
    <p class='ocr_par' dir='ltr' id='par_1_99' title="bbox 178 5072 1773 5148">
     <span class='ocr_line' id='line_1_99' title="bbox 178 5072 1773 5148; baseline 0.004 -22"><span class='ocrx_word' id='word_1_744' title='bbox 178 5073 236 5126; x_wconf 85' lang='lat' dir='ltr'><strong>in</strong></span> <span class='ocrx_word' id='word_1_745' title='bbox 263 5072 475 5128; x_wconf 83' lang='lat' dir='ltr'><strong>domum</strong></span> <span class='ocrx_word' id='word_1_746' title='bbox 500 5075 681 5144; x_wconf 87' lang='lat' dir='ltr'><strong>gaudii</strong></span> <span class='ocrx_word' id='word_1_747' title='bbox 712 5075 733 5147; x_wconf 95' lang='lat'>(</span> <span class='ocrx_word' id='word_1_748' title='bbox 759 5075 904 5132; x_wconf 84' lang='lat' dir='ltr'><strong>Eccl.</strong></span> <span class='ocrx_word' id='word_1_749' title='bbox 938 5093 1033 5141; x_wconf 86' lang='lat' dir='ltr'><strong>vn,</strong></span> <span class='ocrx_word' id='word_1_750' title='bbox 1061 5077 1096 5132; x_wconf 81' lang='lat'><strong>‘5</strong></span> <span class='ocrx_word' id='word_1_751' title='bbox 1119 5077 1157 5148; x_wconf 94' lang='lat'><strong>).</strong></span> <span class='ocrx_word' id='word_1_752' title='bbox 1192 5077 1306 5132; x_wconf 86' lang='lat' dir='ltr'><strong>Illic</strong></span> <span class='ocrx_word' id='word_1_753' title='bbox 1329 5077 1490 5132; x_wconf 91' lang='lat' dir='ltr'><strong>ofﬁcii</strong></span> <span class='ocrx_word' id='word_1_754' title='bbox 1521 5080 1773 5132; x_wconf 85' lang='lat' dir='ltr'><strong>meritum</strong></span> 
     </span>
    </p>
   </div>
   <div class='ocr_carea' id='block_1_100' title="bbox 180 5164 1778 5239">
    <p class='ocr_par' dir='ltr' id='par_1_100' title="bbox 180 5164 1778 5239">
     <span class='ocr_line' id='line_1_100' title="bbox 180 5164 1778 5239; baseline 0.004 -20"><span class='ocrx_word' id='word_1_755' title='bbox 180 5164 338 5231; x_wconf 88' lang='lat' dir='ltr'><strong>boni,</strong></span> <span class='ocrx_word' id='word_1_756' title='bbox 379 5165 466 5221; x_wconf 90' lang='lat' dir='ltr'><strong>hic</strong></span> <span class='ocrx_word' id='word_1_757' title='bbox 524 5166 712 5222; x_wconf 78' lang='lat' dir='ltr'><strong>vitium</strong></span> <span class='ocrx_word' id='word_1_758' title='bbox 759 5167 940 5239; x_wconf 89' lang='lat' dir='ltr'><strong>lapsus</strong></span> <span class='ocrx_word' id='word_1_759' title='bbox 987 5169 1242 5225; x_wconf 83' lang='lat' dir='ltr'><strong>refertur.</strong></span> <span class='ocrx_word' id='word_1_760' title='bbox 1291 5169 1577 5225; x_wconf 91' lang='lat' dir='ltr'><strong>Postremo</strong></span> <span class='ocrx_word' id='word_1_761' title='bbox 1628 5170 1778 5226; x_wconf 85' lang='lat' dir='ltr'><strong>illinc</strong></span> 
     </span>
    </p>
   </div>
   <div class='ocr_carea' id='block_1_101' title="bbox 180 5257 1778 5336">
    <p class='ocr_par' dir='ltr' id='par_1_101' title="bbox 180 5257 1778 5336">
     <span class='ocr_line' id='line_1_101' title="bbox 180 5257 1778 5336; baseline 0.006 -24"><span class='ocrx_word' id='word_1_762' title='bbox 180 5257 494 5313; x_wconf 88' lang='lat' dir='ltr'><strong>mercedem</strong></span> <span class='ocrx_word' id='word_1_763' title='bbox 528 5274 774 5328; x_wconf 91' lang='lat' dir='ltr'><strong>sperans,</strong></span> <span class='ocrx_word' id='word_1_764' title='bbox 807 5260 894 5317; x_wconf 92' lang='lat' dir='ltr'><strong>hic</strong></span> <span class='ocrx_word' id='word_1_765' title='bbox 918 5263 1192 5333; x_wconf 89' lang='lat' dir='ltr'><strong>recepisti.</strong></span> <span class='ocrx_word' id='word_1_766' title='bbox 1227 5262 1437 5319; x_wconf 88' lang='lat' dir='ltr'><strong>Sentite</strong></span> <span class='ocrx_word' id='word_1_767' title='bbox 1468 5262 1681 5336; x_wconf 61' lang='lat'><strong>105.8</strong></span> <span class='ocrx_word' id='word_1_768' title='bbox 1708 5263 1778 5321; x_wconf 91' lang='lat' dir='ltr'><strong>de</strong></span> 
     </span>
    </p>
   </div>
   <div class='ocr_carea' id='block_1_102' title="bbox 179 5351 1413 5425">
    <p class='ocr_par' dir='ltr' id='par_1_102' title="bbox 179 5351 1413 5425">
     <span class='ocr_line' id='line_1_102' title="bbox 179 5351 1413 5425; baseline 0.003 -18"><span class='ocrx_word' id='word_1_769' title='bbox 179 5351 560 5409; x_wconf 86' lang='lat' dir='ltr'><strong>laborantibus</strong></span> <span class='ocrx_word' id='word_1_770' title='bbox 596 5365 869 5425; x_wconf 88' lang='lat' dir='ltr'><strong>tamquam</strong></span> <span class='ocrx_word' id='word_1_771' title='bbox 903 5357 1060 5413; x_wconf 92' lang='lat' dir='ltr'><strong>simul</strong></span> <span class='ocrx_word' id='word_1_772' title='bbox 1085 5357 1413 5413; x_wconf 89' lang='lat' dir='ltr'><strong>laborantes.</strong></span> 
     </span>
    </p>
   </div>
   <div class='ocr_carea' id='block_1_103' title="bbox 178 5486 1745 5559">
    <p class='ocr_par' dir='ltr' id='par_1_103' title="bbox 178 5486 1745 5559">
     <span class='ocr_line' id='line_1_103' title="bbox 178 5486 1745 5559; baseline 0.004 -23"><span class='ocrx_word' id='word_1_773' title='bbox 178 5492 201 5536; x_wconf 88' lang='lat'><strong>:‘.</strong></span> <span class='ocrx_word' id='word_1_774' title='bbox 256 5495 283 5524; x_wconf 71' lang='grc' dir='ltr'>α</span> <span class='ocrx_word' id='word_1_775' title='bbox 319 5487 461 5559; x_wconf 75' lang='lat' dir='ltr'><strong>Mss.</strong></span> <span class='ocrx_word' id='word_1_776' title='bbox 513 5486 736 5558; x_wconf 89' lang='lat' dir='ltr'><strong>aliquot,</strong></span> <span class='ocrx_word' id='word_1_777' title='bbox 771 5501 825 5542; x_wconf 84' lang='lat' dir='ltr'><strong>ut</strong></span> <span class='ocrx_word' id='word_1_778' title='bbox 855 5507 1042 5545; x_wconf 84' lang='lat' dir='ltr'><strong>nos....</strong></span> <span class='ocrx_word' id='word_1_779' title='bbox 1093 5508 1253 5559; x_wconf 87' lang='lat' dir='ltr'><strong>supra</strong></span> <span class='ocrx_word' id='word_1_780' title='bbox 1281 5491 1531 5545; x_wconf 86' lang='lat' dir='ltr'><strong>mundum</strong></span> <span class='ocrx_word' id='word_1_781' title='bbox 1561 5491 1745 5545; x_wconf 89' lang='lat' dir='ltr'><strong>simus.</strong></span> 
     </span>
    </p>
   </div>
   <div class='ocr_carea' id='block_1_104' title="bbox 255 5558 1776 5636">
    <p class='ocr_par' dir='ltr' id='par_1_104' title="bbox 255 5558 1776 5636">
     <span class='ocr_line' id='line_1_104' title="bbox 255 5558 1776 5636; baseline 0.003 -24"><span class='ocrx_word' id='word_1_782' title='bbox 255 5563 284 5603; x_wconf 69' lang='grc' dir='ltr'><strong>ιι</strong></span> <span class='ocrx_word' id='word_1_783' title='bbox 317 5558 436 5636; x_wconf 66' lang='lat' dir='ltr'><strong>vet.</strong></span> <span class='ocrx_word' id='word_1_784' title='bbox 469 5561 624 5626; x_wconf 87' lang='lat' dir='ltr'><strong>edit.,</strong></span> <span class='ocrx_word' id='word_1_785' title='bbox 656 5561 844 5636; x_wconf 81' lang='lat' dir='ltr'><strong>invenit</strong></span> <span class='ocrx_word' id='word_1_786' title='bbox 870 5565 1106 5636; x_wconf 82' lang='lat' dir='ltr'><strong>gratiam.</strong></span> <span class='ocrx_word' id='word_1_787' title='bbox 1141 5558 1386 5636; x_wconf 85' lang='lat' dir='ltr'><strong>Hospitio</strong></span> <span class='ocrx_word' id='word_1_788' title='bbox 1413 5564 1673 5636; x_wconf 67' lang='lat' dir='ltr'><strong>suscipere</strong></span> <span class='ocrx_word' id='word_1_789' title='bbox 1711 5562 1776 5630; x_wconf 81' lang='lat' dir='ltr'><strong>[i-</strong></span> 
     </span>
    </p>
   </div>
   <div class='ocr_carea' id='block_1_105' title="bbox 180 5630 1770 5704">
    <p class='ocr_par' dir='ltr' id='par_1_105' title="bbox 180 5630 1770 5704">
     <span class='ocr_line' id='line_1_105' title="bbox 180 5630 1770 5704; baseline 0 -18"><span class='ocrx_word' id='word_1_790' title='bbox 180 5630 511 5704; x_wconf 8' lang='lat' dir='ltr'><strong>liumrS’arra</strong></span> <span class='ocrx_word' id='word_1_791' title='bbox 543 5630 934 5704; x_wconf 20' lang='lat' dir='ltr'><strong>meruitgins’s.</strong></span> <span class='ocrx_word' id='word_1_792' title='bbox 962 5635 1209 5704; x_wconf 82' lang='lat' dir='ltr'><strong>aliquot,</strong></span> <span class='ocrx_word' id='word_1_793' title='bbox 1251 5630 1439 5688; x_wconf 79' lang='lat' dir='ltr'><strong>invenit</strong></span> <span class='ocrx_word' id='word_1_794' title='bbox 1487 5630 1770 5698; x_wconf 70' lang='lat' dir='ltr'><strong>Christum,</strong></span> 
     </span>
    </p>
   </div>
   <div class='ocr_carea' id='block_1_106' title="bbox 181 5703 1773 5773">
    <p class='ocr_par' dir='ltr' id='par_1_106' title="bbox 181 5703 1773 5773">
     <span class='ocr_line' id='line_1_106' title="bbox 181 5703 1773 5773; baseline 0.002 -17"><span class='ocrx_word' id='word_1_795' title='bbox 181 5703 409 5773; x_wconf 77' lang='lat' dir='ltr'><strong>hospitio</strong></span> <span class='ocrx_word' id='word_1_796' title='bbox 434 5703 676 5773; x_wconf 74' lang='lat' dir='ltr'><strong>suscepit,</strong></span> <span class='ocrx_word' id='word_1_797' title='bbox 729 5703 893 5769; x_wconf 74' lang='lat' dir='ltr'><strong>ﬁlium</strong></span> <span class='ocrx_word' id='word_1_798' title='bbox 939 5703 1104 5758; x_wconf 85' lang='lat' dir='ltr'><strong>Sarra</strong></span> <span class='ocrx_word' id='word_1_799' title='bbox 1139 5707 1360 5771; x_wconf 87' lang='lat' dir='ltr'><strong>meruit;</strong></span> <span class='ocrx_word' id='word_1_800' title='bbox 1415 5705 1596 5761; x_wconf 63' lang='lat' dir='ltr'><strong>caeteri</strong></span> <span class='ocrx_word' id='word_1_801' title='bbox 1645 5719 1773 5760; x_wconf 89' lang='lat' dir='ltr'><strong>vero</strong></span> 
     </span>
    </p>
   </div>
   <div class='ocr_carea' id='block_1_107' title="bbox 181 5772 1242 5830">
    <p class='ocr_par' dir='ltr' id='par_1_107' title="bbox 181 5772 1242 5830">
     <span class='ocr_line' id='line_1_107' title="bbox 181 5772 1242 5830; baseline -0.002 0"><span class='ocrx_word' id='word_1_802' title='bbox 181 5772 318 5830; x_wconf 88' lang='lat' dir='ltr'><strong>mss.</strong></span> <span class='ocrx_word' id='word_1_803' title='bbox 357 5787 422 5826; x_wconf 90' lang='lat' dir='ltr'><strong>ac</strong></span> <span class='ocrx_word' id='word_1_804' title='bbox 449 5772 606 5827; x_wconf 83' lang='lat' dir='ltr'><strong>Rom.</strong></span> <span class='ocrx_word' id='word_1_805' title='bbox 638 5773 767 5827; x_wconf 83' lang='lat' dir='ltr'><strong>edit.</strong></span> <span class='ocrx_word' id='word_1_806' title='bbox 796 5774 928 5828; x_wconf 91' lang='lat' dir='ltr'><strong>utin</strong></span> <span class='ocrx_word' id='word_1_807' title='bbox 959 5785 1242 5830; x_wconf 77' lang='lat' dir='ltr'><strong>contextu.</strong></span> 
     </span>
    </p>
   </div>
   <div class='ocr_carea' id='block_1_108' title="bbox 259 5843 1774 5917">
    <p class='ocr_par' dir='ltr' id='par_1_108' title="bbox 259 5843 1774 5917">
     <span class='ocr_line' id='line_1_108' title="bbox 259 5843 1774 5917; baseline 0.005 -20"><span class='ocrx_word' id='word_1_808' title='bbox 259 5855 283 5884; x_wconf 77' lang='grc' dir='ltr'><strong>ε</strong></span> <span class='ocrx_word' id='word_1_809' title='bbox 315 5843 590 5914; x_wconf 86' lang='lat' dir='ltr'><strong>Quidquid</strong></span> <span class='ocrx_word' id='word_1_810' title='bbox 616 5844 718 5900; x_wconf 93' lang='lat' dir='ltr'><strong>hoc</strong></span> <span class='ocrx_word' id='word_1_811' title='bbox 739 5853 852 5901; x_wconf 92' lang='lat' dir='ltr'><strong>toto</strong></span> <span class='ocrx_word' id='word_1_812' title='bbox 879 5863 1124 5913; x_wconf 80' lang='lat' dir='ltr'><strong>numero,</strong></span> <span class='ocrx_word' id='word_1_813' title='bbox 1172 5857 1226 5903; x_wconf 88' lang='lat' dir='ltr'><strong>et</strong></span> <span class='ocrx_word' id='word_1_814' title='bbox 1277 5849 1446 5917; x_wconf 74' lang='lat' dir='ltr'><strong>prima</strong></span> <span class='ocrx_word' id='word_1_815' title='bbox 1498 5847 1774 5917; x_wconf 84' lang='lat' dir='ltr'><strong>sequentis</strong></span> 
     </span>
    </p>
   </div>
   <div class='ocr_carea' id='block_1_109' title="bbox 1954 4697 3485 4780">
    <p class='ocr_par' dir='ltr' id='par_1_109' title="bbox 1954 4697 3485 4780">
     <span class='ocr_line' id='line_1_109' title="bbox 1954 4697 3485 4780; baseline 0.01 -28"><span class='ocrx_word' id='word_1_816' title='bbox 1954 4699 2079 4754; x_wconf 88' lang='grc'><strong>111.</strong></span> <span class='ocrx_word' id='word_1_817' title='bbox 2114 4698 2262 4754; x_wconf 87' lang='lat' dir='ltr'><strong>lianc</strong></span> <span class='ocrx_word' id='word_1_818' title='bbox 2285 4697 2596 4766; x_wconf 88' lang='lat' dir='ltr'><strong>imitamini,</strong></span> <span class='ocrx_word' id='word_1_819' title='bbox 2625 4710 2830 4757; x_wconf 84' lang='lat' dir='ltr'><strong>matres</strong></span> <span class='ocrx_word' id='word_1_820' title='bbox 2856 4714 3080 4775; x_wconf 63' lang='lat' dir='ltr'><strong>sancta),</strong></span> <span class='ocrx_word' id='word_1_821' title='bbox 3103 4724 3224 4780; x_wconf 72' lang='lat' dir='ltr'><strong>qua:</strong></span> <span class='ocrx_word' id='word_1_822' title='bbox 3242 4710 3296 4766; x_wconf 92' lang='lat' dir='ltr'><strong>in</strong></span> <span class='ocrx_word' id='word_1_823' title='bbox 3323 4711 3485 4768; x_wconf 90' lang='lat' dir='ltr'><strong>unico</strong></span> 
     </span>
    </p>
   </div>
   <div class='ocr_carea' id='block_1_110' title="bbox 1881 4791 3484 4877">
    <p class='ocr_par' dir='ltr' id='par_1_110' title="bbox 1881 4791 3484 4877">
     <span class='ocr_line' id='line_1_110' title="bbox 1881 4791 3484 4877; baseline 0.011 -30"><span class='ocrx_word' id='word_1_824' title='bbox 1881 4791 1991 4848; x_wconf 90' lang='lat' dir='ltr'><strong>ﬁlio</strong></span> <span class='ocrx_word' id='word_1_825' title='bbox 2012 4793 2366 4848; x_wconf 91' lang='lat' dir='ltr'><strong>dilectissimo</strong></span> <span class='ocrx_word' id='word_1_826' title='bbox 2393 4802 2598 4850; x_wconf 89' lang='lat' dir='ltr'><strong>tantum</strong></span> <span class='ocrx_word' id='word_1_827' title='bbox 2628 4805 2890 4854; x_wconf 79' lang='lat' dir='ltr'><strong>materna:</strong></span> <span class='ocrx_word' id='word_1_828' title='bbox 2919 4801 3132 4858; x_wconf 90' lang='lat' dir='ltr'><strong>virtutis</strong></span> <span class='ocrx_word' id='word_1_829' title='bbox 3173 4806 3484 4877; x_wconf 77' lang='lat' dir='ltr'><strong>exemplum</strong></span> 
     </span>
    </p>
   </div>
   <div class='ocr_carea' id='block_1_111' title="bbox 1879 4886 3482 4969">
    <p class='ocr_par' dir='ltr' id='par_1_111' title="bbox 1879 4886 3482 4969">
     <span class='ocr_line' id='line_1_111' title="bbox 1879 4886 3482 4969; baseline 0.009 -27"><span class='ocrx_word' id='word_1_830' title='bbox 1879 4886 2088 4952; x_wconf 89' lang='lat' dir='ltr'><strong>edidit;</strong></span> <span class='ocrx_word' id='word_1_831' title='bbox 2123 4901 2298 4955; x_wconf 91' lang='lat' dir='ltr'><strong>neque</strong></span> <span class='ocrx_word' id='word_1_832' title='bbox 2327 4889 2472 4942; x_wconf 91' lang='lat' dir='ltr'><strong>enim</strong></span> <span class='ocrx_word' id='word_1_833' title='bbox 2534 4902 2629 4943; x_wconf 90' lang='lat' dir='ltr'><strong>vos</strong></span> <span class='ocrx_word' id='word_1_834' title='bbox 2673 4889 2948 4950; x_wconf 90' lang='lat' dir='ltr'><strong>dulciores</strong></span> <span class='ocrx_word' id='word_1_835' title='bbox 2995 4892 3195 4953; x_wconf 89' lang='lat' dir='ltr'><strong>liberos</strong></span> <span class='ocrx_word' id='word_1_836' title='bbox 3246 4898 3482 4969; x_wconf 85' lang='lat' dir='ltr'><strong>habetis,</strong></span> 
     </span>
    </p>
   </div>
   <div class='ocr_carea' id='block_1_112' title="bbox 1879 4977 3480 5059">
    <p class='ocr_par' dir='ltr' id='par_1_112' title="bbox 1879 4977 3480 5059">
     <span class='ocr_line' id='line_1_112' title="bbox 1879 4977 3480 5059; baseline 0.01 -26"><span class='ocrx_word' id='word_1_837' title='bbox 1879 4977 1905 5015; x_wconf 74' lang='grc' dir='ltr'>ἀ</span> <span class='ocrx_word' id='word_1_838' title='bbox 1945 4994 2119 5050; x_wconf 87' lang='lat' dir='ltr'><strong>neque</strong></span> <span class='ocrx_word' id='word_1_839' title='bbox 2176 4977 2308 5032; x_wconf 91' lang='lat' dir='ltr'><strong>illud</strong></span> <span class='ocrx_word' id='word_1_840' title='bbox 2339 4977 2506 5048; x_wconf 78' lang='lat' dir='ltr'><strong>Virgo</strong></span> <span class='ocrx_word' id='word_1_841' title='bbox 2536 4982 2812 5050; x_wconf 65' lang='lat' dir='ltr'><strong>quaerebat</strong></span> <span class='ocrx_word' id='word_1_842' title='bbox 2841 4985 3115 5056; x_wconf 81' lang='lat' dir='ltr'><strong>solatium,</strong></span> <span class='ocrx_word' id='word_1_843' title='bbox 3147 4989 3287 5059; x_wconf 89' lang='lat' dir='ltr'><strong>quod</strong></span> <span class='ocrx_word' id='word_1_844' title='bbox 3316 4991 3480 5051; x_wconf 90' lang='lat' dir='ltr'><strong>alium</strong></span> 
     </span>
    </p>
   </div>
   <div class='ocr_carea' id='block_1_113' title="bbox 1883 5071 2582 5145">
    <p class='ocr_par' dir='ltr' id='par_1_113' title="bbox 1883 5071 2582 5145">
     <span class='ocr_line' id='line_1_113' title="bbox 1883 5071 2582 5145; baseline 0.001 -17"><span class='ocrx_word' id='word_1_845' title='bbox 1883 5081 2067 5145; x_wconf 90' lang='lat' dir='ltr'><strong>posset</strong></span> <span class='ocrx_word' id='word_1_846' title='bbox 2101 5086 2364 5142; x_wconf 87' lang='lat' dir='ltr'><strong>generare</strong></span> <span class='ocrx_word' id='word_1_847' title='bbox 2393 5071 2582 5129; x_wconf 89' lang='lat' dir='ltr'><strong>ﬁlium.</strong></span> 
     </span>
    </p>
   </div>
   <div class='ocr_carea' id='block_1_114' title="bbox 1957 5163 3487 5242">
    <p class='ocr_par' dir='ltr' id='par_1_114' title="bbox 1957 5163 3487 5242">
     <span class='ocr_line' id='line_1_114' title="bbox 1957 5163 3487 5242; baseline 0.011 -23"><span class='ocrx_word' id='word_1_848' title='bbox 1957 5164 2083 5220; x_wconf 72' lang='lat'><strong>112.</strong></span> <span class='ocrx_word' id='word_1_849' title='bbox 2115 5163 2329 5218; x_wconf 90' lang='lat' dir='ltr'><strong>Domini</strong></span> <span class='ocrx_word' id='word_1_850' title='bbox 2361 5165 2537 5220; x_wconf 89' lang='lat' dir='ltr'><strong>servis</strong></span> <span class='ocrx_word' id='word_1_851' title='bbox 2569 5165 2836 5238; x_wconf 87' lang='lat' dir='ltr'><strong>imperate</strong></span> <span class='ocrx_word' id='word_1_852' title='bbox 2858 5184 2966 5226; x_wconf 93' lang='lat' dir='ltr'><strong>non</strong></span> <span class='ocrx_word' id='word_1_853' title='bbox 2995 5172 3149 5242; x_wconf 87' lang='lat' dir='ltr'><strong>quasi</strong></span> <span class='ocrx_word' id='word_1_854' title='bbox 3177 5174 3487 5236; x_wconf 89' lang='lat' dir='ltr'><strong>conditione</strong></span> 
     </span>
    </p>
   </div>
   <div class='ocr_carea' id='block_1_115' title="bbox 1883 5255 3482 5340">
    <p class='ocr_par' dir='ltr' id='par_1_115' title="bbox 1883 5255 3482 5340">
     <span class='ocr_line' id='line_1_115' title="bbox 1883 5255 3482 5340; baseline 0.007 -26"><span class='ocrx_word' id='word_1_855' title='bbox 1883 5257 2138 5323; x_wconf 79' lang='lat' dir='ltr'><strong>subditis,</strong></span> <span class='ocrx_word' id='word_1_856' title='bbox 2167 5255 2262 5312; x_wconf 89' lang='lat' dir='ltr'><strong>sed</strong></span> <span class='ocrx_word' id='word_1_857' title='bbox 2296 5255 2369 5312; x_wconf 90' lang='lat' dir='ltr'><strong>ita</strong></span> <span class='ocrx_word' id='word_1_858' title='bbox 2399 5265 2457 5312; x_wconf 93' lang='lat' dir='ltr'><strong>ut</strong></span> <span class='ocrx_word' id='word_1_859' title='bbox 2501 5268 2712 5314; x_wconf 86' lang='lat' dir='ltr'><strong>naturae</strong></span> <span class='ocrx_word' id='word_1_860' title='bbox 2737 5261 2981 5332; x_wconf 90' lang='lat' dir='ltr'><strong>ejusdem</strong></span> <span class='ocrx_word' id='word_1_861' title='bbox 3005 5263 3161 5330; x_wconf 88' lang='lat' dir='ltr'><strong>cujus</strong></span> <span class='ocrx_word' id='word_1_862' title='bbox 3190 5280 3286 5322; x_wconf 92' lang='lat' dir='ltr'><strong>vos</strong></span> <span class='ocrx_word' id='word_1_863' title='bbox 3327 5269 3482 5340; x_wconf 89' lang='lat' dir='ltr'><strong>estis,</strong></span> 
     </span>
    </p>
   </div>
   <div class='ocr_carea' id='block_1_116' title="bbox 1889 5351 3486 5429">
    <p class='ocr_par' dir='ltr' id='par_1_116' title="bbox 1889 5351 3486 5429">
     <span class='ocr_line' id='line_1_116' title="bbox 1889 5351 3486 5429; baseline 0.006 -21"><span class='ocrx_word' id='word_1_864' title='bbox 1889 5364 1910 5389; x_wconf 72' lang='grc' dir='ltr'>ιε</span> <span class='ocrx_word' id='word_1_865' title='bbox 1927 5360 2210 5408; x_wconf 90' lang='lat' dir='ltr'><strong>consortes</strong></span> <span class='ocrx_word' id='word_1_866' title='bbox 2235 5365 2330 5407; x_wconf 91' lang='lat' dir='ltr'><strong>eos</strong></span> <span class='ocrx_word' id='word_1_867' title='bbox 2347 5365 2471 5408; x_wconf 91' lang='lat' dir='ltr'><strong>esse</strong></span> <span class='ocrx_word' id='word_1_868' title='bbox 2489 5351 2845 5408; x_wconf 88' lang='lat' dir='ltr'><strong>memineritis</strong></span> <span class='ocrx_word' id='word_1_869' title='bbox 2873 5352 2920 5425; x_wconf 91' lang='grc' dir='ltr'>(ι</span> <span class='ocrx_word' id='word_1_870' title='bbox 2935 5352 3083 5408; x_wconf 88' lang='lat' dir='ltr'><strong>Petr.</strong></span> <span class='ocrx_word' id='word_1_871' title='bbox 3106 5371 3162 5424; x_wconf 88' lang='grc' dir='ltr'><strong>ιι,</strong></span> <span class='ocrx_word' id='word_1_872' title='bbox 3189 5357 3302 5429; x_wconf 88' lang='grc'><strong>18).</strong></span> <span class='ocrx_word' id='word_1_873' title='bbox 3328 5357 3486 5417; x_wconf 85' lang='lat' dir='ltr'><strong>Servi</strong></span> 
     </span>
    </p>
   </div>
   <div class='ocr_carea' id='block_1_117' title="bbox 1885 5485 3486 5562">
    <p class='ocr_par' dir='ltr' id='par_1_117' title="bbox 1885 5485 3486 5562">
     <span class='ocr_line' id='line_1_117' title="bbox 1885 5485 3486 5562; baseline 0.006 -21"><span class='ocrx_word' id='word_1_874' title='bbox 1885 5497 2037 5562; x_wconf 82' lang='lat' dir='ltr'><strong>parte</strong></span> <span class='ocrx_word' id='word_1_875' title='bbox 2079 5485 2410 5562; x_wconf 71' lang='lat' dir='ltr'><strong>continetur,</strong></span> <span class='ocrx_word' id='word_1_876' title='bbox 2446 5500 2516 5540; x_wconf 84' lang='lat' dir='ltr'><strong>ex</strong></span> <span class='ocrx_word' id='word_1_877' title='bbox 2545 5485 2642 5562; x_wconf 87' lang='lat' dir='ltr'><strong>_li_b.</strong></span> <span class='ocrx_word' id='word_1_878' title='bbox 2669 5501 2702 5539; x_wconf 83' lang='lat' dir='ltr'><strong>x</strong></span> <span class='ocrx_word' id='word_1_879' title='bbox 2749 5488 2804 5540; x_wconf 94' lang='lat' dir='ltr'><strong>in</strong></span> <span class='ocrx_word' id='word_1_880' title='bbox 2852 5485 3186 5562; x_wconf 87' lang='lat' dir='ltr'><strong>Luc._num.</strong></span> <span class='ocrx_word' id='word_1_881' title='bbox 3241 5493 3366 5562; x_wconf 75' lang='grc'><strong>129,</strong></span> <span class='ocrx_word' id='word_1_882' title='bbox 3420 5511 3486 5556; x_wconf 87' lang='lat' dir='ltr'><strong>ac</strong></span> 
     </span>
    </p>
   </div>
   <div class='ocr_carea' id='block_1_118' title="bbox 1885 5555 3480 5642">
    <p class='ocr_par' dir='ltr' id='par_1_118' title="bbox 1885 5555 3480 5642">
     <span class='ocr_line' id='line_1_118' title="bbox 1885 5555 3480 5642; baseline 0.006 -28"><span class='ocrx_word' id='word_1_883' title='bbox 1885 5555 2057 5642; x_wconf 64' lang='lat' dir='ltr'><strong>iribus</strong></span> <span class='ocrx_word' id='word_1_884' title='bbox 2087 5555 2438 5628; x_wconf 89' lang='lat' dir='ltr'><strong>sequentibus</strong></span> <span class='ocrx_word' id='word_1_885' title='bbox 2461 5555 2685 5610; x_wconf 91' lang='lat' dir='ltr'><strong>totidem</strong></span> <span class='ocrx_word' id='word_1_886' title='bbox 2722 5570 2862 5626; x_wconf 90' lang='lat' dir='ltr'><strong>pene</strong></span> <span class='ocrx_word' id='word_1_887' title='bbox 2905 5560 3092 5617; x_wconf 87' lang='lat' dir='ltr'><strong>verbis</strong></span> <span class='ocrx_word' id='word_1_888' title='bbox 3134 5555 3480 5636; x_wconf 81' lang='lat' dir='ltr'><strong>desumptum</strong></span> 
     </span>
    </p>
   </div>
   <div class='ocr_carea' id='block_1_119' title="bbox 1881 5634 3309 5776">
    <p class='ocr_par' dir='ltr' id='par_1_119' title="bbox 1881 5634 3309 5776">
     <span class='ocr_line' id='line_1_119' title="bbox 1881 5634 3309 5776; baseline 0.005 -25"><span class='ocrx_word' id='word_1_889' title='bbox 1881 5634 2135 5776; x_wconf 37' lang='lat' dir='ltr'><strong>mlioljon</strong></span> <span class='ocrx_word' id='word_1_890' title='bbox 2187 5697 2340 5776; x_wconf 81' lang='lat' dir='ltr'><strong>pauci</strong></span> <span class='ocrx_word' id='word_1_891' title='bbox 2374 5709 2532 5761; x_wconf 91' lang='lat' dir='ltr'><strong>mss.,</strong></span> <span class='ocrx_word' id='word_1_892' title='bbox 2559 5713 2721 5764; x_wconf 85' lang='lat' dir='ltr'><strong>neque</strong></span> <span class='ocrx_word' id='word_1_893' title='bbox 2767 5698 2932 5754; x_wconf 80' lang='lat' dir='ltr'><strong>ullum</strong></span> <span class='ocrx_word' id='word_1_894' title='bbox 2985 5700 3168 5776; x_wconf 56' lang='grc' dir='ltr'><strong>Κεῖῳ,</strong></span> <span class='ocrx_word' id='word_1_895' title='bbox 3202 5716 3309 5765; x_wconf 84' lang='lat' dir='ltr'><strong>etc.</strong></span> 
     </span>
    </p>
   </div>
   <div class='ocr_carea' id='block_1_120' title="bbox 1959 5769 3486 5844">
    <p class='ocr_par' dir='ltr' id='par_1_120' title="bbox 1959 5769 3486 5844">
     <span class='ocr_line' id='line_1_120' title="bbox 1959 5769 3486 5844; baseline 0.014 -21"><span class='ocrx_word' id='word_1_896' title='bbox 1959 5784 1980 5810; x_wconf 76' lang='grc' dir='ltr'><strong>ο</strong></span> <span class='ocrx_word' id='word_1_897' title='bbox 2030 5771 2191 5844; x_wconf 69' lang='lat' dir='ltr'><strong>Rom.</strong></span> <span class='ocrx_word' id='word_1_898' title='bbox 2219 5769 2370 5833; x_wconf 86' lang='lat' dir='ltr'><strong>edit.,</strong></span> <span class='ocrx_word' id='word_1_899' title='bbox 2407 5778 2666 5844; x_wconf 75' lang='lat' dir='ltr'><strong>consortes</strong></span> <span class='ocrx_word' id='word_1_900' title='bbox 2691 5785 2801 5823; x_wconf 89' lang='lat' dir='ltr'><strong>esse</strong></span> <span class='ocrx_word' id='word_1_901' title='bbox 2828 5769 3244 5844; x_wconf 20' lang='lat' dir='ltr'><strong>vosuForta’sse</strong></span> <span class='ocrx_word' id='word_1_902' title='bbox 3283 5781 3372 5840; x_wconf 85' lang='lat' dir='ltr'><strong>hic</strong></span> <span class='ocrx_word' id='word_1_903' title='bbox 3411 5785 3486 5844; x_wconf 85' lang='lat' dir='ltr'><strong>sit</strong></span> 
     </span>
    </p>
   </div>
   <div class='ocr_carea' id='block_1_121' title="bbox 1879 5837 3482 5926">
    <p class='ocr_par' dir='ltr' id='par_1_121' title="bbox 1879 5837 3482 5926">
     <span class='ocr_line' id='line_1_121' title="bbox 1879 5837 3482 5926; baseline 0.017 -33"><span class='ocrx_word' id='word_1_904' title='bbox 1879 5858 2167 5916; x_wconf 87' lang='lat' dir='ltr'><strong>operarum</strong></span> <span class='ocrx_word' id='word_1_905' title='bbox 2181 5837 2486 5909; x_wconf 84' lang='lat' dir='ltr'><strong>lapsus,scd</strong></span> <span class='ocrx_word' id='word_1_906' title='bbox 2502 5840 2554 5894; x_wconf 89' lang='lat' dir='ltr'><strong>in</strong></span> <span class='ocrx_word' id='word_1_907' title='bbox 2573 5853 2762 5898; x_wconf 86' lang='lat' dir='ltr'><strong>omnes</strong></span> <span class='ocrx_word' id='word_1_908' title='bbox 2775 5841 3030 5916; x_wconf 87' lang='lat' dir='ltr'><strong>seq.edit.</strong></span> <span class='ocrx_word' id='word_1_909' title='bbox 3037 5837 3368 5926; x_wconf 71' lang='lat' dir='ltr'><strong>propagatus</strong></span> <span class='ocrx_word' id='word_1_910' title='bbox 3375 5837 3482 5922; x_wconf 58' lang='lat' dir='ltr'><strong>est;</strong></span> 
     </span>
    </p>
   </div>
  </div>
