  <div class='ocr_page' id='page_1' title='image "/cluster/home/n/w/nwhite01/storage/ocr_20150623/16/hvd.32044015471998/615.png"; bbox 0 0 3932 6296; ppageno 0'>
   <div class='ocr_carea' id='block_1_1' title="bbox 1791 242 2407 306">
    <p class='ocr_par' dir='ltr' id='par_1_1' title="bbox 1791 242 2407 306">
     <span class='ocr_line' id='line_1_1' title="bbox 1791 242 2407 306; baseline -0.006 0"><span class='ocrx_word' id='word_1_1' title='bbox 1791 242 2041 306; x_wconf 68' lang='grc' dir='ltr'><strong>εΑΝατι</strong></span> <span class='ocrx_word' id='word_1_2' title='bbox 2079 242 2407 306; x_wconf 71' lang='lat' dir='ltr'><strong>AMBROSII</strong></span> 
     </span>
    </p>
   </div>
   <div class='ocr_carea' id='block_1_2' title="bbox 3646 242 3756 306">
    <p class='ocr_par' dir='ltr' id='par_1_2' title="bbox 3646 242 3756 306">
     <span class='ocr_line' id='line_1_2' title="bbox 3646 242 3756 306; baseline 0 0"><span class='ocrx_word' id='word_1_3' title='bbox 3646 242 3756 306; x_wconf 61' lang='lat' dir='ltr'><strong>im</strong></span> 
     </span>
    </p>
   </div>
   <div class='ocr_carea' id='block_1_3' title="bbox 463 362 3759 438">
    <p class='ocr_par' dir='ltr' id='par_1_3' title="bbox 463 362 3759 438">
     <span class='ocr_line' id='line_1_3' title="bbox 463 362 3759 438; baseline -0.001 -17"><span class='ocrx_word' id='word_1_4' title='bbox 463 363 652 423; x_wconf 77' lang='lat' dir='ltr'><strong>rabilis</strong></span> <span class='ocrx_word' id='word_1_5' title='bbox 681 363 752 421; x_wconf 86' lang='lat' dir='ltr'><strong>sit</strong></span> <span class='ocrx_word' id='word_1_6' title='bbox 782 363 882 421; x_wconf 88' lang='lat' dir='ltr'><strong>ista</strong></span> <span class='ocrx_word' id='word_1_7' title='bbox 908 364 1192 437; x_wconf 82' lang='lat' dir='ltr'><strong>sanguinis</strong></span> <span class='ocrx_word' id='word_1_8' title='bbox 1216 364 1435 434; x_wconf 87' lang='lat' dir='ltr'><strong>divisio,</strong></span> <span class='ocrx_word' id='word_1_9' title='bbox 1469 366 1711 424; x_wconf 84' lang='lat' dir='ltr'><strong>reticere</strong></span> <span class='ocrx_word' id='word_1_10' title='bbox 1745 381 1851 423; x_wconf 90' lang='lat' dir='ltr'><strong>non</strong></span> <span class='ocrx_word' id='word_1_11' title='bbox 1898 380 2062 436; x_wconf 91' lang='lat' dir='ltr'><strong>queo.</strong></span> <span class='ocrx_word' id='word_1_12' title='bbox 2096 375 2147 434; x_wconf 76' lang='grc' dir='ltr'>Α</span> <span class='ocrx_word' id='word_1_13' title='bbox 2244 366 2298 420; x_wconf 88' lang='grc'><strong>7.</strong></span> <span class='ocrx_word' id='word_1_14' title='bbox 2340 366 2428 421; x_wconf 84' lang='lat' dir='ltr'><strong>Fit</strong></span> <span class='ocrx_word' id='word_1_15' title='bbox 2469 379 2601 436; x_wconf 88' lang='lat' dir='ltr'><strong>ergo</strong></span> <span class='ocrx_word' id='word_1_16' title='bbox 2634 365 2833 421; x_wconf 76' lang='lat' dir='ltr'><strong>divisio</strong></span> <span class='ocrx_word' id='word_1_17' title='bbox 2849 364 3100 438; x_wconf 65' lang='lat' dir='ltr'><strong>mystica</strong></span> <span class='ocrx_word' id='word_1_18' title='bbox 3120 364 3294 430; x_wconf 89' lang='lat' dir='ltr'><strong>illius,</strong></span> <span class='ocrx_word' id='word_1_19' title='bbox 3329 363 3438 421; x_wconf 91' lang='lat' dir='ltr'><strong>hoc</strong></span> <span class='ocrx_word' id='word_1_20' title='bbox 3455 372 3562 428; x_wconf 84' lang='lat' dir='ltr'><strong>est,</strong></span> <span class='ocrx_word' id='word_1_21' title='bbox 3587 362 3759 419; x_wconf 73' lang='lat' dir='ltr'><strong>divina:</strong></span> 
     </span>
    </p>
   </div>
   <div class='ocr_carea' id='block_1_4' title="bbox 462 457 2068 531">
    <p class='ocr_par' dir='ltr' id='par_1_4' title="bbox 462 457 2068 531">
     <span class='ocr_line' id='line_1_4' title="bbox 462 457 2068 531; baseline 0.001 -18"><span class='ocrx_word' id='word_1_22' title='bbox 462 458 596 514; x_wconf 88' lang='lat' dir='ltr'><strong>Pars</strong></span> <span class='ocrx_word' id='word_1_23' title='bbox 617 457 762 514; x_wconf 88' lang='lat' dir='ltr'><strong>enim</strong></span> <span class='ocrx_word' id='word_1_24' title='bbox 794 458 913 530; x_wconf 86' lang='lat' dir='ltr'><strong>ejus</strong></span> <span class='ocrx_word' id='word_1_25' title='bbox 937 458 1198 516; x_wconf 82' lang='lat' dir='ltr'><strong>moralem</strong></span> <span class='ocrx_word' id='word_1_26' title='bbox 1233 460 1514 531; x_wconf 75' lang='lat' dir='ltr'><strong>sapientia:</strong></span> <span class='ocrx_word' id='word_1_27' title='bbox 1543 459 1883 530; x_wconf 87' lang='lat' dir='ltr'><strong>disciplinam</strong></span> <span class='ocrx_word' id='word_1_28' title='bbox 1915 458 2068 514; x_wconf 88' lang='lat' dir='ltr'><strong>vide-</strong></span> 
     </span>
    </p>
   </div>
   <div class='ocr_carea' id='block_1_5' title="bbox 465 549 2067 623">
    <p class='ocr_par' dir='ltr' id='par_1_5' title="bbox 465 549 2067 623">
     <span class='ocr_line' id='line_1_5' title="bbox 465 549 2067 623; baseline -0.001 -17"><span class='ocrx_word' id='word_1_29' title='bbox 465 559 553 606; x_wconf 89' lang='lat' dir='ltr'><strong>tur</strong></span> <span class='ocrx_word' id='word_1_30' title='bbox 598 549 930 622; x_wconf 73' lang='lat' dir='ltr'><strong>significare,</strong></span> <span class='ocrx_word' id='word_1_31' title='bbox 965 566 1089 623; x_wconf 83' lang='lat' dir='ltr'><strong>pars</strong></span> <span class='ocrx_word' id='word_1_32' title='bbox 1117 552 1421 622; x_wconf 79' lang='lat' dir='ltr'><strong>mysticam.</strong></span> <span class='ocrx_word' id='word_1_33' title='bbox 1454 552 1544 607; x_wconf 87' lang='lat' dir='ltr'><strong>Illa</strong></span> <span class='ocrx_word' id='word_1_34' title='bbox 1592 568 1713 623; x_wconf 70' lang='lat' dir='ltr'><strong>quae</strong></span> <span class='ocrx_word' id='word_1_35' title='bbox 1742 550 1797 606; x_wconf 90' lang='lat' dir='ltr'><strong>in</strong></span> <span class='ocrx_word' id='word_1_36' title='bbox 1824 559 2067 607; x_wconf 79' lang='lat' dir='ltr'><strong>crateras</strong></span> 
     </span>
    </p>
   </div>
   <div class='ocr_carea' id='block_1_6' title="bbox 463 642 2063 715">
    <p class='ocr_par' dir='ltr' id='par_1_6' title="bbox 463 642 2063 715">
     <span class='ocr_line' id='line_1_6' title="bbox 463 642 2063 715; baseline 0.001 -17"><span class='ocrx_word' id='word_1_37' title='bbox 463 642 720 713; x_wconf 87' lang='lat' dir='ltr'><strong>mittitur,</strong></span> <span class='ocrx_word' id='word_1_38' title='bbox 749 643 972 700; x_wconf 84' lang='lat' dir='ltr'><strong>moralis</strong></span> <span class='ocrx_word' id='word_1_39' title='bbox 999 652 1084 700; x_wconf 85' lang='lat' dir='ltr'><strong>est</strong></span> <span class='ocrx_word' id='word_1_40' title='bbox 1112 661 1125 699; x_wconf 90' lang='lat'><strong>:</strong></span> <span class='ocrx_word' id='word_1_41' title='bbox 1154 643 1271 701; x_wconf 73' lang='lat' dir='ltr'><strong>hzec</strong></span> <span class='ocrx_word' id='word_1_42' title='bbox 1296 660 1416 715; x_wconf 66' lang='lat' dir='ltr'><strong>quae</strong></span> <span class='ocrx_word' id='word_1_43' title='bbox 1445 645 1512 700; x_wconf 90' lang='lat' dir='ltr'><strong>ad</strong></span> <span class='ocrx_word' id='word_1_44' title='bbox 1545 646 1717 702; x_wconf 84' lang='lat' dir='ltr'><strong>altare</strong></span> <span class='ocrx_word' id='word_1_45' title='bbox 1745 644 2063 709; x_wconf 72' lang='lat' dir='ltr'><strong>eﬂunditur,</strong></span> 
     </span>
    </p>
   </div>
   <div class='ocr_carea' id='block_1_7' title="bbox 465 737 2067 810">
    <p class='ocr_par' dir='ltr' id='par_1_7' title="bbox 465 737 2067 810">
     <span class='ocr_line' id='line_1_7' title="bbox 465 737 2067 810; baseline 0.001 -18"><span class='ocrx_word' id='word_1_46' title='bbox 465 737 725 809; x_wconf 81' lang='lat' dir='ltr'><strong>mystica;</strong></span> <span class='ocrx_word' id='word_1_47' title='bbox 753 753 819 794; x_wconf 90' lang='lat' dir='ltr'><strong>eo</strong></span> <span class='ocrx_word' id='word_1_48' title='bbox 844 737 984 810; x_wconf 91' lang='lat' dir='ltr'><strong>quod</strong></span> <span class='ocrx_word' id='word_1_49' title='bbox 1012 737 1197 792; x_wconf 85' lang='lat' dir='ltr'><strong>divino</strong></span> <span class='ocrx_word' id='word_1_50' title='bbox 1226 753 1455 794; x_wconf 88' lang='lat' dir='ltr'><strong>munere</strong></span> <span class='ocrx_word' id='word_1_51' title='bbox 1484 749 1540 795; x_wconf 89' lang='lat' dir='ltr'><strong>et</strong></span> <span class='ocrx_word' id='word_1_52' title='bbox 1569 738 1903 810; x_wconf 86' lang='lat' dir='ltr'><strong>aspiratione</strong></span> <span class='ocrx_word' id='word_1_53' title='bbox 1930 754 2067 810; x_wconf 86' lang='lat' dir='ltr'><strong>qua-</strong></span> 
     </span>
    </p>
   </div>
   <div class='ocr_carea' id='block_1_8' title="bbox 459 830 2066 901">
    <p class='ocr_par' dir='ltr' id='par_1_8' title="bbox 459 830 2066 901">
     <span class='ocr_line' id='line_1_8' title="bbox 459 830 2066 901; baseline 0.002 -14"><span class='ocrx_word' id='word_1_54' title='bbox 459 830 583 887; x_wconf 89' lang='lat' dir='ltr'><strong>dam</strong></span> <span class='ocrx_word' id='word_1_55' title='bbox 634 830 886 887; x_wconf 84' lang='lat' dir='ltr'><strong>humanis</strong></span> <span class='ocrx_word' id='word_1_56' title='bbox 932 830 1247 888; x_wconf 77' lang='lat' dir='ltr'><strong>infundatur</strong></span> <span class='ocrx_word' id='word_1_57' title='bbox 1270 833 1565 901; x_wconf 85' lang='lat' dir='ltr'><strong>mentibus,</strong></span> <span class='ocrx_word' id='word_1_58' title='bbox 1589 842 1649 890; x_wconf 91' lang='lat' dir='ltr'><strong>ut</strong></span> <span class='ocrx_word' id='word_1_59' title='bbox 1677 834 2066 892; x_wconf 87' lang='lat' dir='ltr'><strong>convenientia</strong></span> 
     </span>
    </p>
   </div>
   <div class='ocr_carea' id='block_1_9' title="bbox 465 923 1370 997">
    <p class='ocr_par' dir='ltr' id='par_1_9' title="bbox 465 923 1370 997">
     <span class='ocr_line' id='line_1_9' title="bbox 465 923 1370 997; baseline 0.002 -17"><span class='ocrx_word' id='word_1_60' title='bbox 465 932 522 980; x_wconf 92' lang='lat' dir='ltr'><strong>et</strong></span> <span class='ocrx_word' id='word_1_61' title='bbox 552 923 673 981; x_wconf 88' lang='lat' dir='ltr'><strong>tidei</strong></span> <span class='ocrx_word' id='word_1_62' title='bbox 697 924 852 997; x_wconf 89' lang='lat' dir='ltr'><strong>plena</strong></span> <span class='ocrx_word' id='word_1_63' title='bbox 876 924 944 980; x_wconf 89' lang='lat' dir='ltr'><strong>de</strong></span> <span class='ocrx_word' id='word_1_64' title='bbox 967 923 1080 981; x_wconf 90' lang='lat' dir='ltr'><strong>Deo</strong></span> <span class='ocrx_word' id='word_1_65' title='bbox 1109 926 1370 983; x_wconf 81' lang='lat' dir='ltr'><strong>sentiant.</strong></span> 
     </span>
    </p>
   </div>
   <div class='ocr_carea' id='block_1_10' title="bbox 538 1017 2068 1094">
    <p class='ocr_par' dir='ltr' id='par_1_10' title="bbox 538 1017 2068 1094">
     <span class='ocr_line' id='line_1_10' title="bbox 538 1017 2068 1094; baseline 0.002 -20"><span class='ocrx_word' id='word_1_66' title='bbox 538 1018 593 1074; x_wconf 82' lang='lat'><strong>3.</strong></span> <span class='ocrx_word' id='word_1_67' title='bbox 637 1017 879 1090; x_wconf 91' lang='lat' dir='ltr'><strong>Denique</strong></span> <span class='ocrx_word' id='word_1_68' title='bbox 897 1018 988 1089; x_wconf 88' lang='lat' dir='ltr'><strong>qui</strong></span> <span class='ocrx_word' id='word_1_69' title='bbox 1020 1018 1188 1075; x_wconf 92' lang='lat' dir='ltr'><strong>locuti</strong></span> <span class='ocrx_word' id='word_1_70' title='bbox 1218 1030 1347 1077; x_wconf 90' lang='lat' dir='ltr'><strong>sunt</strong></span> <span class='ocrx_word' id='word_1_71' title='bbox 1370 1023 1440 1079; x_wconf 87' lang='lat' dir='ltr'><strong>de</strong></span> <span class='ocrx_word' id='word_1_72' title='bbox 1456 1022 1575 1094; x_wconf 88' lang='lat' dir='ltr'><strong>ejus</strong></span> <span class='ocrx_word' id='word_1_73' title='bbox 1589 1024 1895 1094; x_wconf 82' lang='lat' dir='ltr'><strong>majestate,</strong></span> <span class='ocrx_word' id='word_1_74' title='bbox 1920 1031 1976 1078; x_wconf 91' lang='lat' dir='ltr'><strong>et</strong></span> <span class='ocrx_word' id='word_1_75' title='bbox 1997 1021 2068 1078; x_wconf 90' lang='lat' dir='ltr'><strong>de</strong></span> 
     </span>
    </p>
   </div>
   <div class='ocr_carea' id='block_1_11' title="bbox 468 1112 2070 1190">
    <p class='ocr_par' dir='ltr' id='par_1_11' title="bbox 468 1112 2070 1190">
     <span class='ocr_line' id='line_1_11' title="bbox 468 1112 2070 1190; baseline 0.003 -21"><span class='ocrx_word' id='word_1_76' title='bbox 468 1112 802 1180; x_wconf 84' lang='lat' dir='ltr'><strong>ctelestibus,</strong></span> <span class='ocrx_word' id='word_1_77' title='bbox 835 1114 918 1169; x_wconf 90' lang='lat' dir='ltr'><strong>vel</strong></span> <span class='ocrx_word' id='word_1_78' title='bbox 946 1116 1202 1186; x_wconf 88' lang='lat' dir='ltr'><strong>apostoli,</strong></span> <span class='ocrx_word' id='word_1_79' title='bbox 1235 1118 1318 1174; x_wconf 87' lang='lat' dir='ltr'><strong>vel</strong></span> <span class='ocrx_word' id='word_1_80' title='bbox 1360 1120 1533 1175; x_wconf 88' lang='lat' dir='ltr'><strong>sancti</strong></span> <span class='ocrx_word' id='word_1_81' title='bbox 1574 1118 1873 1190; x_wconf 73' lang='lat' dir='ltr'><strong>pr0phetae,</strong></span> <span class='ocrx_word' id='word_1_82' title='bbox 1932 1133 2070 1174; x_wconf 90' lang='lat' dir='ltr'><strong>non-</strong></span> 
     </span>
    </p>
   </div>
   <div class='ocr_carea' id='block_1_12' title="bbox 467 1206 2065 1285">
    <p class='ocr_par' dir='ltr' id='par_1_12' title="bbox 467 1206 2065 1285">
     <span class='ocr_line' id='line_1_12' title="bbox 467 1206 2065 1285; baseline 0.002 -22"><span class='ocrx_word' id='word_1_83' title='bbox 467 1207 570 1263; x_wconf 88' lang='lat' dir='ltr'><strong>nisi</strong></span> <span class='ocrx_word' id='word_1_84' title='bbox 601 1224 667 1264; x_wconf 80' lang='lat' dir='ltr'><strong>es</strong></span> <span class='ocrx_word' id='word_1_85' title='bbox 693 1206 1023 1266; x_wconf 89' lang='lat' dir='ltr'><strong>revelatione</strong></span> <span class='ocrx_word' id='word_1_86' title='bbox 1070 1208 1441 1269; x_wconf 89' lang='lat' dir='ltr'><strong>demonstrata</strong></span> <span class='ocrx_word' id='word_1_87' title='bbox 1472 1212 1577 1269; x_wconf 84' lang='lat' dir='ltr'><strong>sibi</strong></span> <span class='ocrx_word' id='word_1_88' title='bbox 1608 1215 1753 1285; x_wconf 88' lang='lat' dir='ltr'><strong>loqui</strong></span> <span class='ocrx_word' id='word_1_89' title='bbox 1781 1213 1899 1269; x_wconf 87' lang='lat' dir='ltr'><strong>ausi</strong></span> <span class='ocrx_word' id='word_1_90' title='bbox 1919 1221 2065 1269; x_wconf 86' lang='lat' dir='ltr'><strong>sunt.</strong></span> 
     </span>
    </p>
   </div>
   <div class='ocr_carea' id='block_1_13' title="bbox 472 1301 2070 1378">
    <p class='ocr_par' dir='ltr' id='par_1_13' title="bbox 472 1301 2070 1378">
     <span class='ocr_line' id='line_1_13' title="bbox 472 1301 2070 1378; baseline 0.004 -21"><span class='ocrx_word' id='word_1_91' title='bbox 472 1301 622 1358; x_wconf 88' lang='lat' dir='ltr'><strong>Unde</strong></span> <span class='ocrx_word' id='word_1_92' title='bbox 648 1301 853 1360; x_wconf 84' lang='lat' dir='ltr'><strong>Paulus</strong></span> <span class='ocrx_word' id='word_1_93' title='bbox 880 1311 935 1360; x_wconf 92' lang='lat' dir='ltr'><strong>et</strong></span> <span class='ocrx_word' id='word_1_94' title='bbox 981 1312 1195 1376; x_wconf 88' lang='lat' dir='ltr'><strong>raptum</strong></span> <span class='ocrx_word' id='word_1_95' title='bbox 1224 1320 1286 1362; x_wconf 91' lang='lat' dir='ltr'><strong>se</strong></span> <span class='ocrx_word' id='word_1_96' title='bbox 1317 1306 1371 1361; x_wconf 90' lang='lat' dir='ltr'><strong>in</strong></span> <span class='ocrx_word' id='word_1_97' title='bbox 1403 1306 1738 1378; x_wconf 89' lang='lat' dir='ltr'><strong>paradisum,</strong></span> <span class='ocrx_word' id='word_1_98' title='bbox 1770 1315 1826 1364; x_wconf 90' lang='lat' dir='ltr'><strong>et</strong></span> <span class='ocrx_word' id='word_1_99' title='bbox 1851 1306 2070 1363; x_wconf 86' lang='lat' dir='ltr'><strong>audisse</strong></span> 
     </span>
    </p>
   </div>
   <div class='ocr_carea' id='block_1_14' title="bbox 466 1394 2069 1471">
    <p class='ocr_par' dir='ltr' id='par_1_14' title="bbox 466 1394 2069 1471">
     <span class='ocr_line' id='line_1_14' title="bbox 466 1394 2069 1471; baseline 0.002 -22"><span class='ocrx_word' id='word_1_100' title='bbox 466 1409 526 1450; x_wconf 88' lang='lat' dir='ltr'><strong>se</strong></span> <span class='ocrx_word' id='word_1_101' title='bbox 547 1394 731 1462; x_wconf 88' lang='lat' dir='ltr'><strong>verba,</strong></span> <span class='ocrx_word' id='word_1_102' title='bbox 760 1410 885 1466; x_wconf 77' lang='lat' dir='ltr'><strong>quae</strong></span> <span class='ocrx_word' id='word_1_103' title='bbox 904 1409 1011 1452; x_wconf 94' lang='lat' dir='ltr'><strong>non</strong></span> <span class='ocrx_word' id='word_1_104' title='bbox 1037 1396 1163 1453; x_wconf 90' lang='lat' dir='ltr'><strong>licet</strong></span> <span class='ocrx_word' id='word_1_105' title='bbox 1194 1398 1401 1454; x_wconf 88' lang='lat' dir='ltr'><strong>homini</strong></span> <span class='ocrx_word' id='word_1_106' title='bbox 1429 1399 1597 1469; x_wconf 86' lang='lat' dir='ltr'><strong>loqui,</strong></span> <span class='ocrx_word' id='word_1_107' title='bbox 1634 1399 1688 1455; x_wconf 93' lang='lat' dir='ltr'><strong>in</strong></span> <span class='ocrx_word' id='word_1_108' title='bbox 1714 1398 1944 1471; x_wconf 89' lang='lat' dir='ltr'><strong>epistola</strong></span> <span class='ocrx_word' id='word_1_109' title='bbox 1972 1413 2069 1455; x_wconf 87' lang='lat' dir='ltr'><strong>sua</strong></span> 
     </span>
    </p>
   </div>
   <div class='ocr_carea' id='block_1_15' title="bbox 465 1487 2068 1564">
    <p class='ocr_par' dir='ltr' id='par_1_15' title="bbox 465 1487 2068 1564">
     <span class='ocr_line' id='line_1_15' title="bbox 465 1487 2068 1564; baseline 0.004 -23"><span class='ocrx_word' id='word_1_110' title='bbox 465 1487 783 1544; x_wconf 81' lang='lat' dir='ltr'><strong>testiﬁcatus</strong></span> <span class='ocrx_word' id='word_1_111' title='bbox 809 1499 894 1546; x_wconf 90' lang='lat' dir='ltr'><strong>est</strong></span> <span class='ocrx_word' id='word_1_112' title='bbox 916 1489 983 1562; x_wconf 92' lang='lat' dir='ltr'><strong>(ll</strong></span> <span class='ocrx_word' id='word_1_113' title='bbox 1019 1489 1143 1545; x_wconf 89' lang='lat' dir='ltr'><strong>Cor.</strong></span> <span class='ocrx_word' id='word_1_114' title='bbox 1173 1506 1251 1559; x_wconf 75' lang='grc' dir='ltr'><strong>ιι,</strong></span> <span class='ocrx_word' id='word_1_115' title='bbox 1273 1490 1331 1563; x_wconf 65' lang='grc' dir='ltr'><strong>Δ)</strong></span> <span class='ocrx_word' id='word_1_116' title='bbox 1360 1510 1373 1545; x_wconf 84' lang='grc'>;</span> <span class='ocrx_word' id='word_1_117' title='bbox 1406 1491 1717 1563; x_wconf 86' lang='lat' dir='ltr'><strong>Stephanus</strong></span> <span class='ocrx_word' id='word_1_118' title='bbox 1741 1508 1960 1564; x_wconf 89' lang='lat' dir='ltr'><strong>quoque</strong></span> <span class='ocrx_word' id='word_1_119' title='bbox 1983 1493 2068 1547; x_wconf 81' lang='lat' dir='ltr'><strong>vi-</strong></span> 
     </span>
    </p>
   </div>
   <div class='ocr_carea' id='block_1_16' title="bbox 465 1580 2069 1653">
    <p class='ocr_par' dir='ltr' id='par_1_16' title="bbox 465 1580 2069 1653">
     <span class='ocr_line' id='line_1_16' title="bbox 465 1580 2069 1653; baseline 0.002 -17"><span class='ocrx_word' id='word_1_120' title='bbox 465 1580 547 1636; x_wconf 87' lang='lat' dir='ltr'><strong>dit</strong></span> <span class='ocrx_word' id='word_1_121' title='bbox 568 1581 740 1638; x_wconf 71' lang='lat' dir='ltr'><strong>eteius</strong></span> <span class='ocrx_word' id='word_1_122' title='bbox 760 1591 1075 1653; x_wconf 86' lang='lat' dir='ltr'><strong>apertos,et</strong></span> <span class='ocrx_word' id='word_1_123' title='bbox 1099 1583 1286 1641; x_wconf 84' lang='lat' dir='ltr'><strong>Jesum</strong></span> <span class='ocrx_word' id='word_1_124' title='bbox 1315 1585 1383 1640; x_wconf 89' lang='lat' dir='ltr'><strong>ad</strong></span> <span class='ocrx_word' id='word_1_125' title='bbox 1400 1585 1687 1643; x_wconf 76' lang='lat' dir='ltr'><strong>dexteram</strong></span> <span class='ocrx_word' id='word_1_126' title='bbox 1715 1587 1807 1643; x_wconf 90' lang='lat' dir='ltr'><strong>Dei</strong></span> <span class='ocrx_word' id='word_1_127' title='bbox 1836 1594 2069 1643; x_wconf 86' lang='lat' dir='ltr'><strong>stantem</strong></span> 
     </span>
    </p>
   </div>
   <div class='ocr_carea' id='block_1_17' title="bbox 468 1671 2070 1748">
    <p class='ocr_par' dir='ltr' id='par_1_17' title="bbox 468 1671 2070 1748">
     <span class='ocr_line' id='line_1_17' title="bbox 468 1671 2070 1748; baseline 0.004 -21"><span class='ocrx_word' id='word_1_128' title='bbox 468 1672 607 1742; x_wconf 81' lang='lat' dir='ltr'><strong>(Act.</strong></span> <span class='ocrx_word' id='word_1_129' title='bbox 651 1689 767 1741; x_wconf 87' lang='lat' dir='ltr'><strong>vn,</strong></span> <span class='ocrx_word' id='word_1_130' title='bbox 800 1671 892 1746; x_wconf 74' lang='grc'><strong>55)</strong></span> <span class='ocrx_word' id='word_1_131' title='bbox 920 1692 934 1727; x_wconf 91' lang='lat'><strong>:</strong></span> <span class='ocrx_word' id='word_1_132' title='bbox 958 1683 987 1713; x_wconf 72' lang='grc' dir='ltr'><strong>ι</strong></span> <span class='ocrx_word' id='word_1_133' title='bbox 1036 1685 1091 1730; x_wconf 92' lang='lat' dir='ltr'><strong>et</strong></span> <span class='ocrx_word' id='word_1_134' title='bbox 1118 1675 1290 1731; x_wconf 84' lang='lat' dir='ltr'><strong>David</strong></span> <span class='ocrx_word' id='word_1_135' title='bbox 1322 1677 1590 1748; x_wconf 84' lang='lat' dir='ltr'><strong>prepheta</strong></span> <span class='ocrx_word' id='word_1_136' title='bbox 1631 1677 1761 1734; x_wconf 83' lang='lat' dir='ltr'><strong>vidit</strong></span> <span class='ocrx_word' id='word_1_137' title='bbox 1790 1678 2070 1735; x_wconf 88' lang='lat' dir='ltr'><strong>sedentem</strong></span> 
     </span>
    </p>
   </div>
   <div class='ocr_carea' id='block_1_18' title="bbox 2172 456 3761 534">
    <p class='ocr_par' dir='ltr' id='par_1_18' title="bbox 2172 456 3761 534">
     <span class='ocr_line' id='line_1_18' title="bbox 2172 456 3761 534; baseline 0.001 -22"><span class='ocrx_word' id='word_1_138' title='bbox 2172 457 2505 529; x_wconf 87' lang='lat' dir='ltr'><strong>moralisque</strong></span> <span class='ocrx_word' id='word_1_139' title='bbox 2530 458 2835 529; x_wconf 74' lang='lat' dir='ltr'><strong>sapientiae.</strong></span> <span class='ocrx_word' id='word_1_140' title='bbox 2867 456 3030 534; x_wconf 72' lang='grc' dir='ltr'><strong>Λόγος</strong></span> <span class='ocrx_word' id='word_1_141' title='bbox 3060 458 3210 514; x_wconf 90' lang='lat' dir='ltr'><strong>enim</strong></span> <span class='ocrx_word' id='word_1_142' title='bbox 3232 456 3446 512; x_wconf 90' lang='lat' dir='ltr'><strong>divisor</strong></span> <span class='ocrx_word' id='word_1_143' title='bbox 3470 465 3559 512; x_wconf 86' lang='lat' dir='ltr'><strong>est</strong></span> <span class='ocrx_word' id='word_1_144' title='bbox 3584 458 3761 513; x_wconf 84' lang='lat' dir='ltr'><strong>anima-</strong></span> 
     </span>
    </p>
   </div>
   <div class='ocr_carea' id='block_1_19' title="bbox 2171 551 3762 626">
    <p class='ocr_par' dir='ltr' id='par_1_19' title="bbox 2171 551 3762 626">
     <span class='ocr_line' id='line_1_19' title="bbox 2171 551 3762 626; baseline 0 -19"><span class='ocrx_word' id='word_1_145' title='bbox 2171 567 2292 607; x_wconf 90' lang='lat' dir='ltr'><strong>rum</strong></span> <span class='ocrx_word' id='word_1_146' title='bbox 2312 560 2476 623; x_wconf 86' lang='lat' dir='ltr'><strong>atque</strong></span> <span class='ocrx_word' id='word_1_147' title='bbox 2505 556 2761 608; x_wconf 89' lang='lat' dir='ltr'><strong>virtutum</strong></span> <span class='ocrx_word' id='word_1_148' title='bbox 2794 570 2809 609; x_wconf 90' lang='lat'><strong>:</strong></span> <span class='ocrx_word' id='word_1_149' title='bbox 2841 553 2991 626; x_wconf 72' lang='grc' dir='ltr'><strong>λόγος</strong></span> <span class='ocrx_word' id='word_1_150' title='bbox 3020 562 3207 610; x_wconf 88' lang='lat' dir='ltr'><strong>autem</strong></span> <span class='ocrx_word' id='word_1_151' title='bbox 3244 551 3480 609; x_wconf 86' lang='lat' dir='ltr'><strong>verbum</strong></span> <span class='ocrx_word' id='word_1_152' title='bbox 3520 551 3618 608; x_wconf 85' lang='lat' dir='ltr'><strong>Dei</strong></span> <span class='ocrx_word' id='word_1_153' title='bbox 3652 552 3762 607; x_wconf 82' lang='lat' dir='ltr'><strong>vali-</strong></span> 
     </span>
    </p>
   </div>
   <div class='ocr_carea' id='block_1_20' title="bbox 2171 646 3762 719">
    <p class='ocr_par' dir='ltr' id='par_1_20' title="bbox 2171 646 3762 719">
     <span class='ocr_line' id='line_1_20' title="bbox 2171 646 3762 719; baseline 0.001 -16"><span class='ocrx_word' id='word_1_154' title='bbox 2171 647 2298 703; x_wconf 89' lang='lat' dir='ltr'><strong>dum</strong></span> <span class='ocrx_word' id='word_1_155' title='bbox 2341 656 2397 704; x_wconf 89' lang='lat' dir='ltr'><strong>et</strong></span> <span class='ocrx_word' id='word_1_156' title='bbox 2421 656 2666 716; x_wconf 86' lang='lat' dir='ltr'><strong>acutum,</strong></span> <span class='ocrx_word' id='word_1_157' title='bbox 2715 646 2861 719; x_wconf 91' lang='lat' dir='ltr'><strong>quod</strong></span> <span class='ocrx_word' id='word_1_158' title='bbox 2913 648 3221 719; x_wconf 85' lang='lat' dir='ltr'><strong>pertransit</strong></span> <span class='ocrx_word' id='word_1_159' title='bbox 3242 662 3309 704; x_wconf 89' lang='lat' dir='ltr'><strong>ac</strong></span> <span class='ocrx_word' id='word_1_160' title='bbox 3330 655 3588 719; x_wconf 83' lang='lat' dir='ltr'><strong>penetrat</strong></span> <span class='ocrx_word' id='word_1_161' title='bbox 3617 661 3762 714; x_wconf 68' lang='lat' dir='ltr'><strong>usque</strong></span> 
     </span>
    </p>
   </div>
   <div class='ocr_carea' id='block_1_21' title="bbox 2171 740 3763 813">
    <p class='ocr_par' dir='ltr' id='par_1_21' title="bbox 2171 740 3763 813">
     <span class='ocr_line' id='line_1_21' title="bbox 2171 740 3763 813; baseline 0 -18"><span class='ocrx_word' id='word_1_162' title='bbox 2171 740 2239 796; x_wconf 90' lang='lat' dir='ltr'><strong>ad</strong></span> <span class='ocrx_word' id='word_1_163' title='bbox 2263 740 2592 798; x_wconf 88' lang='lat' dir='ltr'><strong>divisionem</strong></span> <span class='ocrx_word' id='word_1_164' title='bbox 2637 740 2857 809; x_wconf 68' lang='lat' dir='ltr'><strong>animm,</strong></span> <span class='ocrx_word' id='word_1_165' title='bbox 2902 742 3140 798; x_wconf 85' lang='lat' dir='ltr'><strong>virtutes</strong></span> <span class='ocrx_word' id='word_1_166' title='bbox 3167 756 3394 813; x_wconf 86' lang='lat' dir='ltr'><strong>quoque</strong></span> <span class='ocrx_word' id='word_1_167' title='bbox 3421 740 3697 812; x_wconf 74' lang='lat' dir='ltr'><strong>distinguit</strong></span> <span class='ocrx_word' id='word_1_168' title='bbox 3718 748 3763 795; x_wconf 84' lang='lat' dir='ltr'><strong>et</strong></span> 
     </span>
    </p>
   </div>
   <div class='ocr_carea' id='block_1_22' title="bbox 2170 834 3764 909">
    <p class='ocr_par' dir='ltr' id='par_1_22' title="bbox 2170 834 3764 909">
     <span class='ocr_line' id='line_1_22' title="bbox 2170 834 3764 909; baseline 0 -18"><span class='ocrx_word' id='word_1_169' title='bbox 2170 834 2366 891; x_wconf 88' lang='lat' dir='ltr'><strong>dividit</strong></span> <span class='ocrx_word' id='word_1_170' title='bbox 2416 834 2604 909; x_wconf 83' lang='lat' dir='ltr'><strong>(Hebr.</strong></span> <span class='ocrx_word' id='word_1_171' title='bbox 2644 852 2718 904; x_wconf 86' lang='lat' dir='ltr'><strong>tv,</strong></span> <span class='ocrx_word' id='word_1_172' title='bbox 2779 834 3087 907; x_wconf 69' lang='lat' dir='ltr'><strong>12);cujus</strong></span> <span class='ocrx_word' id='word_1_173' title='bbox 3134 835 3395 891; x_wconf 85' lang='lat' dir='ltr'><strong>minister</strong></span> <span class='ocrx_word' id='word_1_174' title='bbox 3417 834 3764 907; x_wconf 71' lang='lat' dir='ltr'><strong>Moysesdivi-</strong></span> 
     </span>
    </p>
   </div>
   <div class='ocr_carea' id='block_1_23' title="bbox 2171 925 3459 999">
    <p class='ocr_par' dir='ltr' id='par_1_23' title="bbox 2171 925 3459 999">
     <span class='ocr_line' id='line_1_23' title="bbox 2171 925 3459 999; baseline -0.003 -15"><span class='ocrx_word' id='word_1_175' title='bbox 2171 928 2327 984; x_wconf 86' lang='lat' dir='ltr'><strong>sione</strong></span> <span class='ocrx_word' id='word_1_176' title='bbox 2352 927 2634 999; x_wconf 76' lang='lat' dir='ltr'><strong>sanguinis</strong></span> <span class='ocrx_word' id='word_1_177' title='bbox 2656 928 2914 983; x_wconf 85' lang='lat' dir='ltr'><strong>virtutum</strong></span> <span class='ocrx_word' id='word_1_178' title='bbox 2943 941 3149 998; x_wconf 84' lang='lat' dir='ltr'><strong>genera</strong></span> <span class='ocrx_word' id='word_1_179' title='bbox 3181 925 3459 982; x_wconf 77' lang='lat' dir='ltr'><strong>distinxit.</strong></span> 
     </span>
    </p>
   </div>
   <div class='ocr_carea' id='block_1_24' title="bbox 2243 1019 3758 1095">
    <p class='ocr_par' dir='ltr' id='par_1_24' title="bbox 2243 1019 3758 1095">
     <span class='ocr_line' id='line_1_24' title="bbox 2243 1019 3758 1095; baseline -0.002 -17"><span class='ocrx_word' id='word_1_180' title='bbox 2243 1022 2299 1078; x_wconf 90' lang='lat'><strong>8.</strong></span> <span class='ocrx_word' id='word_1_181' title='bbox 2341 1021 2410 1079; x_wconf 90' lang='lat' dir='ltr'><strong>Et</strong></span> <span class='ocrx_word' id='word_1_182' title='bbox 2454 1023 2580 1095; x_wconf 88' lang='lat' dir='ltr'><strong>quia</strong></span> <span class='ocrx_word' id='word_1_183' title='bbox 2611 1022 2747 1079; x_wconf 90' lang='lat' dir='ltr'><strong>nihil</strong></span> <span class='ocrx_word' id='word_1_184' title='bbox 2779 1038 2888 1093; x_wconf 80' lang='lat' dir='ltr'><strong>pra:</strong></span> <span class='ocrx_word' id='word_1_185' title='bbox 2917 1023 3132 1079; x_wconf 66' lang='lat' dir='ltr'><strong>caeteris</strong></span> <span class='ocrx_word' id='word_1_186' title='bbox 3161 1023 3218 1077; x_wconf 90' lang='lat' dir='ltr'><strong>in</strong></span> <span class='ocrx_word' id='word_1_187' title='bbox 3244 1021 3415 1093; x_wconf 81' lang='lat' dir='ltr'><strong>Lege,</strong></span> <span class='ocrx_word' id='word_1_188' title='bbox 3442 1021 3553 1076; x_wconf 86' lang='lat' dir='ltr'><strong>nisi</strong></span> <span class='ocrx_word' id='word_1_189' title='bbox 3579 1019 3758 1076; x_wconf 82' lang='lat' dir='ltr'><strong>Christi</strong></span> 
     </span>
    </p>
   </div>
   <div class='ocr_carea' id='block_1_25' title="bbox 2170 1112 3760 1186">
    <p class='ocr_par' dir='ltr' id='par_1_25' title="bbox 2170 1112 3760 1186">
     <span class='ocr_line' id='line_1_25' title="bbox 2170 1112 3760 1186; baseline 0 -16"><span class='ocrx_word' id='word_1_190' title='bbox 2170 1112 2436 1171; x_wconf 85' lang='lat' dir='ltr'><strong>adventus</strong></span> <span class='ocrx_word' id='word_1_191' title='bbox 2463 1116 2833 1183; x_wconf 90' lang='lat' dir='ltr'><strong>annuntiatur,</strong></span> <span class='ocrx_word' id='word_1_192' title='bbox 2858 1124 3022 1186; x_wconf 87' lang='lat' dir='ltr'><strong>atque</strong></span> <span class='ocrx_word' id='word_1_193' title='bbox 3043 1114 3163 1186; x_wconf 87' lang='lat' dir='ltr'><strong>ejus</strong></span> <span class='ocrx_word' id='word_1_194' title='bbox 3178 1112 3568 1186; x_wconf 62' lang='lat' dir='ltr'><strong>praeﬁguntur</strong></span> <span class='ocrx_word' id='word_1_195' title='bbox 3586 1113 3760 1185; x_wconf 83' lang='lat' dir='ltr'><strong>passio:</strong></span> 
     </span>
    </p>
   </div>
   <div class='ocr_carea' id='block_1_26' title="bbox 2174 1205 3763 1278">
    <p class='ocr_par' dir='ltr' id='par_1_26' title="bbox 2174 1205 3763 1278">
     <span class='ocr_line' id='line_1_26' title="bbox 2174 1205 3763 1278; baseline 0 -18"><span class='ocrx_word' id='word_1_196' title='bbox 2174 1206 2301 1263; x_wconf 88' lang='lat' dir='ltr'><strong>vide</strong></span> <span class='ocrx_word' id='word_1_197' title='bbox 2326 1222 2395 1263; x_wconf 91' lang='lat' dir='ltr'><strong>ne</strong></span> <span class='ocrx_word' id='word_1_198' title='bbox 2415 1208 2516 1263; x_wconf 89' lang='lat' dir='ltr'><strong>ista</strong></span> <span class='ocrx_word' id='word_1_199' title='bbox 2541 1207 2617 1264; x_wconf 88' lang='lat' dir='ltr'><strong>sit</strong></span> <span class='ocrx_word' id='word_1_200' title='bbox 2643 1206 2821 1263; x_wconf 86' lang='lat' dir='ltr'><strong>hostia</strong></span> <span class='ocrx_word' id='word_1_201' title='bbox 2848 1206 3131 1273; x_wconf 87' lang='lat' dir='ltr'><strong>salutaris,</strong></span> <span class='ocrx_word' id='word_1_202' title='bbox 3168 1221 3332 1278; x_wconf 88' lang='lat' dir='ltr'><strong>quam</strong></span> <span class='ocrx_word' id='word_1_203' title='bbox 3376 1205 3622 1262; x_wconf 80' lang='lat' dir='ltr'><strong>Verbum</strong></span> <span class='ocrx_word' id='word_1_204' title='bbox 3646 1206 3763 1261; x_wconf 71' lang='lat' dir='ltr'><strong>Deus</strong></span> 
     </span>
    </p>
   </div>
   <div class='ocr_carea' id='block_1_27' title="bbox 2175 1299 3759 1374">
    <p class='ocr_par' dir='ltr' id='par_1_27' title="bbox 2175 1299 3759 1374">
     <span class='ocr_line' id='line_1_27' title="bbox 2175 1299 3759 1374; baseline -0.003 -18"><span class='ocrx_word' id='word_1_205' title='bbox 2175 1300 2229 1356; x_wconf 93' lang='lat' dir='ltr'><strong>in</strong></span> <span class='ocrx_word' id='word_1_206' title='bbox 2241 1301 2540 1372; x_wconf 87' lang='lat' dir='ltr'><strong>semetipso</strong></span> <span class='ocrx_word' id='word_1_207' title='bbox 2559 1301 2778 1369; x_wconf 91' lang='lat' dir='ltr'><strong>obtulit,</strong></span> <span class='ocrx_word' id='word_1_208' title='bbox 2803 1301 3031 1374; x_wconf 87' lang='lat' dir='ltr'><strong>atquein</strong></span> <span class='ocrx_word' id='word_1_209' title='bbox 3051 1316 3153 1356; x_wconf 90' lang='lat' dir='ltr'><strong>suo</strong></span> <span class='ocrx_word' id='word_1_210' title='bbox 3177 1299 3491 1355; x_wconf 80' lang='lat' dir='ltr'><strong>immolavit</strong></span> <span class='ocrx_word' id='word_1_211' title='bbox 3512 1313 3759 1369; x_wconf 87' lang='lat' dir='ltr'><strong>corpore:</strong></span> 
     </span>
    </p>
   </div>
   <div class='ocr_carea' id='block_1_28' title="bbox 2174 1391 3761 1467">
    <p class='ocr_par' dir='ltr' id='par_1_28' title="bbox 2174 1391 3761 1467">
     <span class='ocr_line' id='line_1_28' title="bbox 2174 1391 3761 1467; baseline -0.002 -17"><span class='ocrx_word' id='word_1_212' title='bbox 2174 1394 2318 1465; x_wconf 91' lang='lat' dir='ltr'><strong>quod</strong></span> <span class='ocrx_word' id='word_1_213' title='bbox 2349 1395 2525 1466; x_wconf 90' lang='lat' dir='ltr'><strong>primo</strong></span> <span class='ocrx_word' id='word_1_214' title='bbox 2553 1394 2885 1451; x_wconf 85' lang='lat' dir='ltr'><strong>tuoralemin</strong></span> <span class='ocrx_word' id='word_1_215' title='bbox 2902 1393 3219 1467; x_wconf 85' lang='lat' dir='ltr'><strong>Evangelia,</strong></span> <span class='ocrx_word' id='word_1_216' title='bbox 3243 1392 3341 1450; x_wconf 84' lang='lat' dir='ltr'><strong>sed</strong></span> <span class='ocrx_word' id='word_1_217' title='bbox 3367 1393 3543 1448; x_wconf 88' lang='lat' dir='ltr'><strong>etiam</strong></span> <span class='ocrx_word' id='word_1_218' title='bbox 3572 1392 3625 1447; x_wconf 93' lang='lat' dir='ltr'><strong>in</strong></span> <span class='ocrx_word' id='word_1_219' title='bbox 3643 1391 3761 1463; x_wconf 79' lang='lat' dir='ltr'><strong>Lege</strong></span> 
     </span>
    </p>
   </div>
   <div class='ocr_carea' id='block_1_29' title="bbox 2175 1485 3760 1560">
    <p class='ocr_par' dir='ltr' id='par_1_29' title="bbox 2175 1485 3760 1560">
     <span class='ocr_line' id='line_1_29' title="bbox 2175 1485 3760 1560; baseline -0.004 -15"><span class='ocrx_word' id='word_1_220' title='bbox 2175 1487 2360 1545; x_wconf 90' lang='lat' dir='ltr'><strong>docuit</strong></span> <span class='ocrx_word' id='word_1_221' title='bbox 2381 1488 2748 1560; x_wconf 87' lang='lat' dir='ltr'><strong>disciplinam,</strong></span> <span class='ocrx_word' id='word_1_222' title='bbox 2780 1498 2838 1544; x_wconf 93' lang='lat' dir='ltr'><strong>ct</strong></span> <span class='ocrx_word' id='word_1_223' title='bbox 2874 1489 2925 1545; x_wconf 94' lang='lat' dir='ltr'><strong>in</strong></span> <span class='ocrx_word' id='word_1_224' title='bbox 2957 1504 3054 1544; x_wconf 89' lang='lat' dir='ltr'><strong>sua</strong></span> <span class='ocrx_word' id='word_1_225' title='bbox 3100 1487 3368 1559; x_wconf 88' lang='lat' dir='ltr'><strong>patientia</strong></span> <span class='ocrx_word' id='word_1_226' title='bbox 3395 1485 3640 1555; x_wconf 88' lang='lat' dir='ltr'><strong>atquein</strong></span> <span class='ocrx_word' id='word_1_227' title='bbox 3666 1485 3760 1555; x_wconf 80' lang='lat' dir='ltr'><strong>ipso</strong></span> 
     </span>
    </p>
   </div>
   <div class='ocr_carea' id='block_1_30' title="bbox 2175 1581 3757 1654">
    <p class='ocr_par' dir='ltr' id='par_1_30' title="bbox 2175 1581 3757 1654">
     <span class='ocr_line' id='line_1_30' title="bbox 2175 1581 3757 1654; baseline -0.002 -16"><span class='ocrx_word' id='word_1_228' title='bbox 2175 1592 2300 1639; x_wconf 89' lang='lat' dir='ltr'><strong>actu</strong></span> <span class='ocrx_word' id='word_1_229' title='bbox 2320 1592 2375 1640; x_wconf 92' lang='lat' dir='ltr'><strong>et</strong></span> <span class='ocrx_word' id='word_1_230' title='bbox 2399 1598 2566 1654; x_wconf 91' lang='lat' dir='ltr'><strong>opere</strong></span> <span class='ocrx_word' id='word_1_231' title='bbox 2594 1585 2946 1649; x_wconf 85' lang='lat' dir='ltr'><strong>monstravit,</strong></span> <span class='ocrx_word' id='word_1_232' title='bbox 2991 1593 3272 1654; x_wconf 84' lang='lat' dir='ltr'><strong>tamquam</strong></span> <span class='ocrx_word' id='word_1_233' title='bbox 3323 1581 3383 1637; x_wconf 89' lang='lat' dir='ltr'><strong>in</strong></span> <span class='ocrx_word' id='word_1_234' title='bbox 3411 1591 3673 1648; x_wconf 82' lang='lat' dir='ltr'><strong>crateras,</strong></span> <span class='ocrx_word' id='word_1_235' title='bbox 3700 1581 3757 1636; x_wconf 87' lang='lat' dir='ltr'><strong>ita</strong></span> 
     </span>
    </p>
   </div>
   <div class='ocr_carea' id='block_1_31' title="bbox 2178 1674 3759 1749">
    <p class='ocr_par' dir='ltr' id='par_1_31' title="bbox 2178 1674 3759 1749">
     <span class='ocr_line' id='line_1_31' title="bbox 2178 1674 3759 1749; baseline 0 -18"><span class='ocrx_word' id='word_1_236' title='bbox 2178 1676 2234 1731; x_wconf 91' lang='lat' dir='ltr'><strong>in</strong></span> <span class='ocrx_word' id='word_1_237' title='bbox 2256 1692 2438 1734; x_wconf 88' lang='lat' dir='ltr'><strong>mores</strong></span> <span class='ocrx_word' id='word_1_238' title='bbox 2464 1686 2687 1735; x_wconf 87' lang='lat' dir='ltr'><strong>nostros</strong></span> <span class='ocrx_word' id='word_1_239' title='bbox 2707 1692 3010 1749; x_wconf 86' lang='lat' dir='ltr'><strong>sensusque</strong></span> <span class='ocrx_word' id='word_1_240' title='bbox 3037 1675 3429 1733; x_wconf 77' lang='lat' dir='ltr'><strong>transfundens</strong></span> <span class='ocrx_word' id='word_1_241' title='bbox 3477 1676 3627 1730; x_wconf 90' lang='lat' dir='ltr'><strong>velut</strong></span> <span class='ocrx_word' id='word_1_242' title='bbox 3660 1674 3759 1731; x_wconf 81' lang='lat' dir='ltr'><strong>sub-</strong></span> 
     </span>
    </p>
   </div>
   <div class='ocr_carea' id='block_1_32' title="bbox 464 1767 3758 1843">
    <p class='ocr_par' dir='ltr' id='par_1_32' title="bbox 464 1767 3758 1843">
     <span class='ocr_line' id='line_1_32' title="bbox 464 1767 3758 1843; baseline 0.001 -22"><span class='ocrx_word' id='word_1_243' title='bbox 464 1767 643 1837; x_wconf 87' lang='lat' dir='ltr'><strong>(Psal.</strong></span> <span class='ocrx_word' id='word_1_244' title='bbox 668 1784 755 1826; x_wconf 80' lang='lat' dir='ltr'><strong>crs</strong></span> <span class='ocrx_word' id='word_1_245' title='bbox 774 1809 791 1838; x_wconf 93' lang='lat'><strong>,</strong></span> <span class='ocrx_word' id='word_1_246' title='bbox 827 1768 901 1838; x_wconf 80' lang='lat' dir='ltr'><strong>l).</strong></span> <span class='ocrx_word' id='word_1_247' title='bbox 931 1769 1064 1825; x_wconf 81' lang='lat' dir='ltr'><strong>Nam</strong></span> <span class='ocrx_word' id='word_1_248' title='bbox 1095 1769 1163 1826; x_wconf 90' lang='lat' dir='ltr'><strong>de</strong></span> <span class='ocrx_word' id='word_1_249' title='bbox 1193 1769 1379 1842; x_wconf 79' lang='lat' dir='ltr'><strong>Moyse</strong></span> <span class='ocrx_word' id='word_1_250' title='bbox 1418 1770 1550 1843; x_wconf 91' lang='lat' dir='ltr'><strong>quid</strong></span> <span class='ocrx_word' id='word_1_251' title='bbox 1600 1770 1813 1843; x_wconf 88' lang='lat' dir='ltr'><strong>loquar,</strong></span> <span class='ocrx_word' id='word_1_252' title='bbox 1855 1771 1925 1829; x_wconf 91' lang='lat' dir='ltr'><strong>de</strong></span> <span class='ocrx_word' id='word_1_253' title='bbox 1966 1785 2074 1843; x_wconf 92' lang='lat' dir='ltr'><strong>quo</strong></span> <span class='ocrx_word' id='word_1_254' title='bbox 2103 1775 2153 1837; x_wconf 87' lang='grc' dir='ltr'><strong>Β</strong></span> <span class='ocrx_word' id='word_1_255' title='bbox 2179 1768 2437 1825; x_wconf 82' lang='lat' dir='ltr'><strong>stantiam</strong></span> <span class='ocrx_word' id='word_1_256' title='bbox 2480 1767 2770 1841; x_wconf 86' lang='lat' dir='ltr'><strong>quamdam</strong></span> <span class='ocrx_word' id='word_1_257' title='bbox 2806 1779 2863 1826; x_wconf 93' lang='lat' dir='ltr'><strong>et</strong></span> <span class='ocrx_word' id='word_1_258' title='bbox 2898 1770 3084 1825; x_wconf 87' lang='lat' dir='ltr'><strong>vitalia</strong></span> <span class='ocrx_word' id='word_1_259' title='bbox 3114 1769 3234 1840; x_wconf 82' lang='lat' dir='ltr'><strong>ipsa</strong></span> <span class='ocrx_word' id='word_1_260' title='bbox 3256 1769 3568 1840; x_wconf 69' lang='lat' dir='ltr'><strong>sapientiae,</strong></span> <span class='ocrx_word' id='word_1_261' title='bbox 3593 1770 3758 1840; x_wconf 79' lang='lat' dir='ltr'><strong>quibus</strong></span> 
     </span>
    </p>
   </div>
   <div class='ocr_carea' id='block_1_33' title="bbox 468 1862 2072 1936">
    <p class='ocr_par' dir='ltr' id='par_1_33' title="bbox 468 1862 2072 1936">
     <span class='ocr_line' id='line_1_33' title="bbox 468 1862 2072 1936; baseline 0.003 -20"><span class='ocrx_word' id='word_1_262' title='bbox 468 1862 602 1918; x_wconf 88' lang='lat' dir='ltr'><strong>dicit</strong></span> <span class='ocrx_word' id='word_1_263' title='bbox 618 1862 920 1932; x_wconf 89' lang='lat' dir='ltr'><strong>Scriptura,</strong></span> <span class='ocrx_word' id='word_1_264' title='bbox 949 1862 1094 1934; x_wconf 90' lang='lat' dir='ltr'><strong>quod</strong></span> <span class='ocrx_word' id='word_1_265' title='bbox 1122 1877 1232 1919; x_wconf 91' lang='lat' dir='ltr'><strong>non</strong></span> <span class='ocrx_word' id='word_1_266' title='bbox 1263 1864 1504 1920; x_wconf 81' lang='lat' dir='ltr'><strong>surrexit</strong></span> <span class='ocrx_word' id='word_1_267' title='bbox 1544 1865 1778 1935; x_wconf 79' lang='lat' dir='ltr'><strong>amplius</strong></span> <span class='ocrx_word' id='word_1_268' title='bbox 1808 1865 2072 1936; x_wconf 71' lang='lat' dir='ltr'><strong>propinata</strong></span> 
     </span>
    </p>
   </div>
   <div class='ocr_carea' id='block_1_34' title="bbox 466 1952 2073 2028">
    <p class='ocr_par' dir='ltr' id='par_1_34' title="bbox 466 1952 2073 2028">
     <span class='ocr_line' id='line_1_34' title="bbox 466 1952 2073 2028; baseline 0.003 -18"><span class='ocrx_word' id='word_1_269' title='bbox 466 1954 521 2010; x_wconf 92' lang='lat' dir='ltr'><strong>in</strong></span> <span class='ocrx_word' id='word_1_270' title='bbox 543 1952 733 2022; x_wconf 86' lang='lat' dir='ltr'><strong>Israel,</strong></span> <span class='ocrx_word' id='word_1_271' title='bbox 761 1954 906 2011; x_wconf 89' lang='lat' dir='ltr'><strong>sicut</strong></span> <span class='ocrx_word' id='word_1_272' title='bbox 944 1953 1176 2027; x_wconf 83' lang='lat' dir='ltr'><strong>Moyses,</strong></span> <span class='ocrx_word' id='word_1_273' title='bbox 1210 1956 1302 2028; x_wconf 93' lang='lat' dir='ltr'><strong>qui</strong></span> <span class='ocrx_word' id='word_1_274' title='bbox 1330 1956 1491 2013; x_wconf 87' lang='lat' dir='ltr'><strong>scivit</strong></span> <span class='ocrx_word' id='word_1_275' title='bbox 1517 1957 1808 2014; x_wconf 90' lang='lat' dir='ltr'><strong>Dominum</strong></span> <span class='ocrx_word' id='word_1_276' title='bbox 1835 1956 1975 2015; x_wconf 81' lang='lat' dir='ltr'><strong>facie</strong></span> <span class='ocrx_word' id='word_1_277' title='bbox 2005 1958 2073 2015; x_wconf 90' lang='lat' dir='ltr'><strong>ad</strong></span> 
     </span>
    </p>
   </div>
   <div class='ocr_carea' id='block_1_35' title="bbox 467 2048 2071 2125">
    <p class='ocr_par' dir='ltr' id='par_1_35' title="bbox 467 2048 2071 2125">
     <span class='ocr_line' id='line_1_35' title="bbox 467 2048 2071 2125; baseline 0.004 -22"><span class='ocrx_word' id='word_1_278' title='bbox 467 2048 684 2115; x_wconf 79' lang='lat' dir='ltr'><strong>faciem,</strong></span> <span class='ocrx_word' id='word_1_279' title='bbox 727 2048 779 2104; x_wconf 93' lang='lat' dir='ltr'><strong>in</strong></span> <span class='ocrx_word' id='word_1_280' title='bbox 804 2049 1060 2106; x_wconf 90' lang='lat' dir='ltr'><strong>omnibus</strong></span> <span class='ocrx_word' id='word_1_281' title='bbox 1079 2050 1253 2123; x_wconf 79' lang='lat' dir='ltr'><strong>signis</strong></span> <span class='ocrx_word' id='word_1_282' title='bbox 1278 2060 1334 2107; x_wconf 92' lang='lat' dir='ltr'><strong>et</strong></span> <span class='ocrx_word' id='word_1_283' title='bbox 1353 2051 1636 2125; x_wconf 89' lang='lat' dir='ltr'><strong>prodigiis,</strong></span> <span class='ocrx_word' id='word_1_284' title='bbox 1688 2068 1812 2125; x_wconf 72' lang='lat' dir='ltr'><strong>quze</strong></span> <span class='ocrx_word' id='word_1_285' title='bbox 1855 2052 1995 2110; x_wconf 78' lang='lat' dir='ltr'><strong>iecit</strong></span> <span class='ocrx_word' id='word_1_286' title='bbox 2018 2054 2071 2109; x_wconf 92' lang='lat' dir='ltr'><strong>in</strong></span> 
     </span>
    </p>
   </div>
   <div class='ocr_carea' id='block_1_36' title="bbox 468 2139 1571 2216">
    <p class='ocr_par' dir='ltr' id='par_1_36' title="bbox 468 2139 1571 2216">
     <span class='ocr_line' id='line_1_36' title="bbox 468 2139 1571 2216; baseline 0.003 -20"><span class='ocrx_word' id='word_1_287' title='bbox 468 2150 614 2198; x_wconf 86' lang='lat' dir='ltr'><strong>terra</strong></span> <span class='ocrx_word' id='word_1_288' title='bbox 644 2140 862 2214; x_wconf 69' lang='lat' dir='ltr'><strong>Aigypti</strong></span> <span class='ocrx_word' id='word_1_289' title='bbox 884 2139 1068 2216; x_wconf 79' lang='lat' dir='ltr'><strong>(Deut.</strong></span> <span class='ocrx_word' id='word_1_290' title='bbox 1102 2158 1295 2212; x_wconf 79' lang='lat' dir='ltr'><strong>xxxrv,</strong></span> <span class='ocrx_word' id='word_1_291' title='bbox 1337 2146 1426 2212; x_wconf 81' lang='grc'><strong>10,</strong></span> <span class='ocrx_word' id='word_1_292' title='bbox 1458 2142 1571 2216; x_wconf 78' lang='lat' dir='ltr'><strong>ll).</strong></span> 
     </span>
    </p>
   </div>
   <div class='ocr_carea' id='block_1_37' title="bbox 539 2233 2075 2310">
    <p class='ocr_par' dir='ltr' id='par_1_37' title="bbox 539 2233 2075 2310">
     <span class='ocr_line' id='line_1_37' title="bbox 539 2233 2075 2310; baseline 0.005 -20"><span class='ocrx_word' id='word_1_293' title='bbox 539 2233 597 2291; x_wconf 69' lang='grc'><strong>4.</strong></span> <span class='ocrx_word' id='word_1_294' title='bbox 628 2233 656 2273; x_wconf 71' lang='grc' dir='ltr'>ι’</span> <span class='ocrx_word' id='word_1_295' title='bbox 678 2234 903 2308; x_wconf 77' lang='lat' dir='ltr'><strong>Mystica</strong></span> <span class='ocrx_word' id='word_1_296' title='bbox 931 2251 1061 2309; x_wconf 84' lang='lat' dir='ltr'><strong>ergo</strong></span> <span class='ocrx_word' id='word_1_297' title='bbox 1084 2236 1432 2304; x_wconf 87' lang='lat' dir='ltr'><strong>Deolihatur,</strong></span> <span class='ocrx_word' id='word_1_298' title='bbox 1450 2239 1543 2309; x_wconf 90' lang='lat' dir='ltr'><strong>qui</strong></span> <span class='ocrx_word' id='word_1_299' title='bbox 1572 2239 1862 2310; x_wconf 90' lang='lat' dir='ltr'><strong>splendore</strong></span> <span class='ocrx_word' id='word_1_300' title='bbox 1876 2239 2075 2297; x_wconf 78' lang='lat' dir='ltr'><strong>divina:</strong></span> 
     </span>
    </p>
   </div>
   <div class='ocr_carea' id='block_1_38' title="bbox 469 2329 2072 2404">
    <p class='ocr_par' dir='ltr' id='par_1_38' title="bbox 469 2329 2072 2404">
     <span class='ocr_line' id='line_1_38' title="bbox 469 2329 2072 2404; baseline 0.002 -18"><span class='ocrx_word' id='word_1_301' title='bbox 469 2329 777 2402; x_wconf 65' lang='lat' dir='ltr'><strong>sapientiae,</strong></span> <span class='ocrx_word' id='word_1_302' title='bbox 804 2330 961 2401; x_wconf 89' lang='lat' dir='ltr'><strong>cujus</strong></span> <span class='ocrx_word' id='word_1_303' title='bbox 984 2340 1135 2402; x_wconf 90' lang='lat' dir='ltr'><strong>pater</strong></span> <span class='ocrx_word' id='word_1_304' title='bbox 1169 2339 1227 2388; x_wconf 92' lang='lat' dir='ltr'><strong>et</strong></span> <span class='ocrx_word' id='word_1_305' title='bbox 1265 2333 1478 2404; x_wconf 84' lang='lat' dir='ltr'><strong>genitor</strong></span> <span class='ocrx_word' id='word_1_306' title='bbox 1493 2342 1599 2401; x_wconf 89' lang='lat' dir='ltr'><strong>est,</strong></span> <span class='ocrx_word' id='word_1_307' title='bbox 1629 2333 1927 2389; x_wconf 79' lang='lat' dir='ltr'><strong>inﬂammat</strong></span> <span class='ocrx_word' id='word_1_308' title='bbox 1952 2334 2072 2389; x_wconf 91' lang='lat' dir='ltr'><strong>ani-</strong></span> 
     </span>
    </p>
   </div>
   <div class='ocr_carea' id='block_1_39' title="bbox 472 2422 2072 2495">
    <p class='ocr_par' dir='ltr' id='par_1_39' title="bbox 472 2422 2072 2495">
     <span class='ocr_line' id='line_1_39' title="bbox 472 2422 2072 2495; baseline 0.002 -17"><span class='ocrx_word' id='word_1_309' title='bbox 472 2437 578 2478; x_wconf 76' lang='lat' dir='ltr'><strong>mte</strong></span> <span class='ocrx_word' id='word_1_310' title='bbox 603 2422 845 2493; x_wconf 86' lang='lat' dir='ltr'><strong>vigorem</strong></span> <span class='ocrx_word' id='word_1_311' title='bbox 885 2437 950 2479; x_wconf 91' lang='lat' dir='ltr'><strong>ac</strong></span> <span class='ocrx_word' id='word_1_312' title='bbox 989 2431 1229 2480; x_wconf 91' lang='lat' dir='ltr'><strong>mentem</strong></span> <span class='ocrx_word' id='word_1_313' title='bbox 1255 2423 1545 2481; x_wconf 87' lang='lat' dir='ltr'><strong>illuminat.</strong></span> <span class='ocrx_word' id='word_1_314' title='bbox 1593 2424 1871 2495; x_wconf 74' lang='lat' dir='ltr'><strong>Sapientia</strong></span> <span class='ocrx_word' id='word_1_315' title='bbox 1891 2434 2072 2482; x_wconf 85' lang='lat' dir='ltr'><strong>autem</strong></span> 
     </span>
    </p>
   </div>
   <div class='ocr_carea' id='block_1_40' title="bbox 475 2512 2077 2589">
    <p class='ocr_par' dir='ltr' id='par_1_40' title="bbox 475 2512 2077 2589">
     <span class='ocr_line' id='line_1_40' title="bbox 475 2512 2077 2589; baseline 0.004 -20"><span class='ocrx_word' id='word_1_316' title='bbox 475 2514 570 2570; x_wconf 91' lang='lat' dir='ltr'><strong>Dei</strong></span> <span class='ocrx_word' id='word_1_317' title='bbox 608 2512 879 2582; x_wconf 90' lang='lat' dir='ltr'><strong>Christus,</strong></span> <span class='ocrx_word' id='word_1_318' title='bbox 910 2515 966 2571; x_wconf 92' lang='lat' dir='ltr'><strong>in</strong></span> <span class='ocrx_word' id='word_1_319' title='bbox 1005 2515 1163 2587; x_wconf 90' lang='lat' dir='ltr'><strong>cujus</strong></span> <span class='ocrx_word' id='word_1_320' title='bbox 1185 2524 1409 2589; x_wconf 89' lang='lat' dir='ltr'><strong>pectore</strong></span> <span class='ocrx_word' id='word_1_321' title='bbox 1444 2517 1798 2573; x_wconf 86' lang='lat' dir='ltr'><strong>recumbebat</strong></span> <span class='ocrx_word' id='word_1_322' title='bbox 1836 2519 2077 2575; x_wconf 83' lang='lat' dir='ltr'><strong>Joannes</strong></span> 
     </span>
    </p>
   </div>
   <div class='ocr_carea' id='block_1_41' title="bbox 473 2607 2078 2684">
    <p class='ocr_par' dir='ltr' id='par_1_41' title="bbox 473 2607 2078 2684">
     <span class='ocr_line' id='line_1_41' title="bbox 473 2607 2078 2684; baseline 0.003 -20"><span class='ocrx_word' id='word_1_323' title='bbox 473 2607 657 2680; x_wconf 84' lang='lat' dir='ltr'><strong>(Joan.</strong></span> <span class='ocrx_word' id='word_1_324' title='bbox 685 2624 806 2679; x_wconf 80' lang='lat' dir='ltr'><strong>snt,</strong></span> <span class='ocrx_word' id='word_1_325' title='bbox 850 2609 968 2682; x_wconf 67' lang='lat'><strong>35),</strong></span> <span class='ocrx_word' id='word_1_326' title='bbox 1001 2619 1061 2666; x_wconf 92' lang='lat' dir='ltr'><strong>ut</strong></span> <span class='ocrx_word' id='word_1_327' title='bbox 1097 2609 1168 2666; x_wconf 92' lang='lat' dir='ltr'><strong>de</strong></span> <span class='ocrx_word' id='word_1_328' title='bbox 1195 2610 1488 2682; x_wconf 89' lang='lat' dir='ltr'><strong>principali</strong></span> <span class='ocrx_word' id='word_1_329' title='bbox 1523 2612 1615 2668; x_wconf 92' lang='lat' dir='ltr'><strong>illo</strong></span> <span class='ocrx_word' id='word_1_330' title='bbox 1642 2621 1964 2684; x_wconf 87' lang='lat' dir='ltr'><strong>secretoque</strong></span> <span class='ocrx_word' id='word_1_331' title='bbox 1990 2629 2078 2669; x_wconf 87' lang='lat' dir='ltr'><strong>sa-</strong></span> 
     </span>
    </p>
   </div>
   <div class='ocr_carea' id='block_1_42' title="bbox 472 2700 2076 2778">
    <p class='ocr_par' dir='ltr' id='par_1_42' title="bbox 472 2700 2076 2778">
     <span class='ocr_line' id='line_1_42' title="bbox 472 2700 2076 2778; baseline 0.004 -22"><span class='ocrx_word' id='word_1_332' title='bbox 472 2700 691 2772; x_wconf 66' lang='lat' dir='ltr'><strong>pientiae</strong></span> <span class='ocrx_word' id='word_1_333' title='bbox 712 2700 957 2759; x_wconf 88' lang='lat' dir='ltr'><strong>hausisse</strong></span> <span class='ocrx_word' id='word_1_334' title='bbox 977 2701 1162 2759; x_wconf 88' lang='lat' dir='ltr'><strong>divina</strong></span> <span class='ocrx_word' id='word_1_335' title='bbox 1182 2702 1508 2774; x_wconf 85' lang='lat' dir='ltr'><strong>proderetur</strong></span> <span class='ocrx_word' id='word_1_336' title='bbox 1526 2705 1804 2776; x_wconf 84' lang='lat' dir='ltr'><strong>mysteria.</strong></span> <span class='ocrx_word' id='word_1_337' title='bbox 1830 2704 2076 2778; x_wconf 89' lang='lat' dir='ltr'><strong>Denique</strong></span> 
     </span>
    </p>
   </div>
   <div class='ocr_carea' id='block_1_43' title="bbox 473 2790 2077 2870">
    <p class='ocr_par' dir='ltr' id='par_1_43' title="bbox 473 2790 2077 2870">
     <span class='ocr_line' id='line_1_43' title="bbox 473 2790 2077 2870; baseline 0.006 -23"><span class='ocrx_word' id='word_1_338' title='bbox 473 2790 591 2864; x_wconf 86' lang='lat' dir='ltr'><strong>ipse</strong></span> <span class='ocrx_word' id='word_1_339' title='bbox 620 2794 872 2850; x_wconf 90' lang='lat' dir='ltr'><strong>conscius</strong></span> <span class='ocrx_word' id='word_1_340' title='bbox 894 2795 1135 2851; x_wconf 90' lang='lat' dir='ltr'><strong>muneris</strong></span> <span class='ocrx_word' id='word_1_341' title='bbox 1165 2794 1270 2852; x_wconf 92' lang='lat' dir='ltr'><strong>hoc</strong></span> <span class='ocrx_word' id='word_1_342' title='bbox 1288 2796 1531 2868; x_wconf 88' lang='lat' dir='ltr'><strong>scripsit,</strong></span> <span class='ocrx_word' id='word_1_343' title='bbox 1557 2797 1649 2868; x_wconf 92' lang='lat' dir='ltr'><strong>qui</strong></span> <span class='ocrx_word' id='word_1_344' title='bbox 1677 2798 1802 2867; x_wconf 89' lang='lat' dir='ltr'><strong>sibi,</strong></span> <span class='ocrx_word' id='word_1_345' title='bbox 1818 2798 1965 2870; x_wconf 89' lang='lat' dir='ltr'><strong>quod</strong></span> <span class='ocrx_word' id='word_1_346' title='bbox 1986 2814 2077 2856; x_wconf 89' lang='lat' dir='ltr'><strong>ac-</strong></span> 
     </span>
    </p>
   </div>
   <div class='ocr_carea' id='block_1_44' title="bbox 470 2886 2077 2962">
    <p class='ocr_par' dir='ltr' id='par_1_44' title="bbox 470 2886 2077 2962">
     <span class='ocr_line' id='line_1_44' title="bbox 470 2886 2077 2962; baseline 0.004 -19"><span class='ocrx_word' id='word_1_347' title='bbox 470 2895 712 2958; x_wconf 90' lang='lat' dir='ltr'><strong>ceperat,</strong></span> <span class='ocrx_word' id='word_1_348' title='bbox 745 2886 1047 2958; x_wconf 88' lang='lat' dir='ltr'><strong>viudicare,</strong></span> <span class='ocrx_word' id='word_1_349' title='bbox 1074 2896 1129 2945; x_wconf 92' lang='lat' dir='ltr'><strong>et</strong></span> <span class='ocrx_word' id='word_1_350' title='bbox 1144 2904 1247 2944; x_wconf 89' lang='lat' dir='ltr'><strong>suo</strong></span> <span class='ocrx_word' id='word_1_351' title='bbox 1278 2889 1560 2962; x_wconf 86' lang='lat' dir='ltr'><strong>assignare</strong></span> <span class='ocrx_word' id='word_1_352' title='bbox 1591 2891 1810 2961; x_wconf 86' lang='lat' dir='ltr'><strong>ingenio</strong></span> <span class='ocrx_word' id='word_1_353' title='bbox 1826 2892 2077 2950; x_wconf 80' lang='lat' dir='ltr'><strong>reformi-</strong></span> 
     </span>
    </p>
   </div>
   <div class='ocr_carea' id='block_1_45' title="bbox 471 2976 2074 3054">
    <p class='ocr_par' dir='ltr' id='par_1_45' title="bbox 471 2976 2074 3054">
     <span class='ocr_line' id='line_1_45' title="bbox 471 2976 2074 3054; baseline 0.004 -19"><span class='ocrx_word' id='word_1_354' title='bbox 471 2977 654 3035; x_wconf 87' lang='lat' dir='ltr'><strong>dabat.</strong></span> <span class='ocrx_word' id='word_1_355' title='bbox 677 2976 784 3035; x_wconf 89' lang='lat' dir='ltr'><strong>Sed</strong></span> <span class='ocrx_word' id='word_1_356' title='bbox 800 2988 856 3035; x_wconf 93' lang='lat' dir='ltr'><strong>et</strong></span> <span class='ocrx_word' id='word_1_357' title='bbox 875 2979 990 3050; x_wconf 92' lang='lat' dir='ltr'><strong>ipse</strong></span> <span class='ocrx_word' id='word_1_358' title='bbox 1020 2980 1284 3039; x_wconf 89' lang='lat' dir='ltr'><strong>Dominus</strong></span> <span class='ocrx_word' id='word_1_359' title='bbox 1307 2981 1525 3039; x_wconf 88' lang='lat' dir='ltr'><strong>dicebat</strong></span> <span class='ocrx_word' id='word_1_360' title='bbox 1538 2983 1825 3054; x_wconf 89' lang='lat' dir='ltr'><strong>apostolis,</strong></span> <span class='ocrx_word' id='word_1_361' title='bbox 1842 3000 2074 3042; x_wconf 86' lang='lat' dir='ltr'><strong>ossuum</strong></span> 
     </span>
    </p>
   </div>
   <div class='ocr_carea' id='block_1_46' title="bbox 472 3073 2072 3151">
    <p class='ocr_par' dir='ltr' id='par_1_46' title="bbox 472 3073 2072 3151">
     <span class='ocr_line' id='line_1_46' title="bbox 472 3073 2072 3151; baseline 0.004 -23"><span class='ocrx_word' id='word_1_362' title='bbox 472 3074 760 3145; x_wconf 86' lang='lat' dir='ltr'><strong>aperiens:</strong></span> <span class='ocrx_word' id='word_1_363' title='bbox 785 3073 1016 3146; x_wconf 81' lang='lat' dir='ltr'><strong>Accipite</strong></span> <span class='ocrx_word' id='word_1_364' title='bbox 1038 3075 1296 3144; x_wconf 78' lang='lat' dir='ltr'><strong>Spiritum</strong></span> <span class='ocrx_word' id='word_1_365' title='bbox 1326 3086 1563 3131; x_wconf 84' lang='lat' dir='ltr'><strong>sanctum</strong></span> <span class='ocrx_word' id='word_1_366' title='bbox 1596 3076 1775 3149; x_wconf 83' lang='lat' dir='ltr'><strong>(Joan.</strong></span> <span class='ocrx_word' id='word_1_367' title='bbox 1811 3094 1906 3144; x_wconf 81' lang='lat' dir='ltr'><strong>xx,</strong></span> <span class='ocrx_word' id='word_1_368' title='bbox 1938 3077 2072 3151; x_wconf 72' lang='lat'><strong>22);</strong></span> 
     </span>
    </p>
   </div>
   <div class='ocr_carea' id='block_1_47' title="bbox 2178 1859 3759 1927">
    <p class='ocr_par' dir='ltr' id='par_1_47' title="bbox 2178 1859 3759 1927">
     <span class='ocr_line' id='line_1_47' title="bbox 2178 1859 3759 1927; baseline 0.001 -12"><span class='ocrx_word' id='word_1_369' title='bbox 2178 1869 2390 1917; x_wconf 90' lang='lat' dir='ltr'><strong>mentes</strong></span> <span class='ocrx_word' id='word_1_370' title='bbox 2406 1859 2687 1917; x_wconf 86' lang='lat' dir='ltr'><strong>hominum</strong></span> <span class='ocrx_word' id='word_1_371' title='bbox 2703 1861 2998 1918; x_wconf 87' lang='lat' dir='ltr'><strong>vivilicavit</strong></span> <span class='ocrx_word' id='word_1_372' title='bbox 3013 1862 3082 1917; x_wconf 92' lang='lat' dir='ltr'><strong>ad</strong></span> <span class='ocrx_word' id='word_1_373' title='bbox 3096 1862 3317 1919; x_wconf 82' lang='lat' dir='ltr'><strong>virtutis</strong></span> <span class='ocrx_word' id='word_1_374' title='bbox 3337 1861 3705 1927; x_wconf 87' lang='lat' dir='ltr'><strong>seminarium,</strong></span> <span class='ocrx_word' id='word_1_375' title='bbox 3719 1869 3759 1917; x_wconf 76' lang='lat' dir='ltr'><strong>et</strong></span> 
     </span>
    </p>
   </div>
   <div class='ocr_carea' id='block_1_48' title="bbox 2178 1954 3755 2027">
    <p class='ocr_par' dir='ltr' id='par_1_48' title="bbox 2178 1954 3755 2027">
     <span class='ocr_line' id='line_1_48' title="bbox 2178 1954 3755 2027; baseline 0.001 -18"><span class='ocrx_word' id='word_1_376' title='bbox 2178 1954 2423 2011; x_wconf 88' lang='lat' dir='ltr'><strong>instituta</strong></span> <span class='ocrx_word' id='word_1_377' title='bbox 2447 1956 2666 2027; x_wconf 88' lang='lat' dir='ltr'><strong>pietatis</strong></span> <span class='ocrx_word' id='word_1_378' title='bbox 2699 1973 2713 2009; x_wconf 89' lang='lat'><strong>:</strong></span> <span class='ocrx_word' id='word_1_379' title='bbox 2746 1955 2943 2014; x_wconf 88' lang='lat' dir='ltr'><strong>deinde</strong></span> <span class='ocrx_word' id='word_1_380' title='bbox 2976 1956 3251 2014; x_wconf 87' lang='lat' dir='ltr'><strong>accedens</strong></span> <span class='ocrx_word' id='word_1_381' title='bbox 3274 1956 3344 2014; x_wconf 86' lang='lat' dir='ltr'><strong>ad</strong></span> <span class='ocrx_word' id='word_1_382' title='bbox 3372 1956 3574 2022; x_wconf 85' lang='lat' dir='ltr'><strong>altare,</strong></span> <span class='ocrx_word' id='word_1_383' title='bbox 3596 1954 3755 2012; x_wconf 66' lang='lat' dir='ltr'><strong>euadit</strong></span> 
     </span>
    </p>
   </div>
   <div class='ocr_carea' id='block_1_49' title="bbox 2178 2047 2877 2121">
    <p class='ocr_par' dir='ltr' id='par_1_49' title="bbox 2178 2047 2877 2121">
     <span class='ocr_line' id='line_1_49' title="bbox 2178 2047 2877 2121; baseline 0.003 -19"><span class='ocrx_word' id='word_1_384' title='bbox 2178 2047 2371 2105; x_wconf 68' lang='lat' dir='ltr'><strong>hostia:</strong></span> <span class='ocrx_word' id='word_1_385' title='bbox 2393 2063 2507 2104; x_wconf 70' lang='lat' dir='ltr'><strong>sua:</strong></span> <span class='ocrx_word' id='word_1_386' title='bbox 2535 2050 2877 2121; x_wconf 82' lang='lat' dir='ltr'><strong>sanguinem.</strong></span> 
     </span>
    </p>
   </div>
   <div class='ocr_carea' id='block_1_50' title="bbox 2248 2141 3751 2216">
    <p class='ocr_par' dir='ltr' id='par_1_50' title="bbox 2248 2141 3751 2216">
     <span class='ocr_line' id='line_1_50' title="bbox 2248 2141 3751 2216; baseline 0 -17"><span class='ocrx_word' id='word_1_387' title='bbox 2248 2143 2305 2199; x_wconf 89' lang='lat'><strong>9.</strong></span> <span class='ocrx_word' id='word_1_388' title='bbox 2345 2141 2534 2213; x_wconf 87' lang='lat' dir='ltr'><strong>Itaque</strong></span> <span class='ocrx_word' id='word_1_389' title='bbox 2561 2143 2680 2201; x_wconf 89' lang='lat' dir='ltr'><strong>sive</strong></span> <span class='ocrx_word' id='word_1_390' title='bbox 2720 2145 2791 2200; x_wconf 91' lang='lat' dir='ltr'><strong>ita</strong></span> <span class='ocrx_word' id='word_1_391' title='bbox 2822 2144 2940 2200; x_wconf 72' lang='lat' dir='ltr'><strong>lucc</strong></span> <span class='ocrx_word' id='word_1_392' title='bbox 2975 2145 3239 2216; x_wconf 87' lang='lat' dir='ltr'><strong>accipias,</strong></span> <span class='ocrx_word' id='word_1_393' title='bbox 3274 2145 3418 2213; x_wconf 91' lang='lat' dir='ltr'><strong>pius,</strong></span> <span class='ocrx_word' id='word_1_394' title='bbox 3442 2153 3504 2199; x_wconf 92' lang='lat' dir='ltr'><strong>ut</strong></span> <span class='ocrx_word' id='word_1_395' title='bbox 3530 2143 3751 2205; x_wconf 79' lang='lat' dir='ltr'><strong>arbitror.</strong></span> 
     </span>
    </p>
   </div>
   <div class='ocr_carea' id='block_1_51' title="bbox 2176 2234 3751 2300">
    <p class='ocr_par' dir='ltr' id='par_1_51' title="bbox 2176 2234 3751 2300">
     <span class='ocr_line' id='line_1_51' title="bbox 2176 2234 3751 2300; baseline 0 -9"><span class='ocrx_word' id='word_1_396' title='bbox 2176 2247 2374 2292; x_wconf 89' lang='lat' dir='ltr'><strong>sensus</strong></span> <span class='ocrx_word' id='word_1_397' title='bbox 2390 2243 2474 2291; x_wconf 87' lang='lat' dir='ltr'><strong>est</strong></span> <span class='ocrx_word' id='word_1_398' title='bbox 2506 2252 2520 2290; x_wconf 91' lang='lat'><strong>:</strong></span> <span class='ocrx_word' id='word_1_399' title='bbox 2550 2234 2668 2292; x_wconf 90' lang='lat' dir='ltr'><strong>sive</strong></span> <span class='ocrx_word' id='word_1_400' title='bbox 2711 2235 3013 2293; x_wconf 89' lang='lat' dir='ltr'><strong>secundum</strong></span> <span class='ocrx_word' id='word_1_401' title='bbox 3049 2235 3406 2293; x_wconf 89' lang='lat' dir='ltr'><strong>Salomonem</strong></span> <span class='ocrx_word' id='word_1_402' title='bbox 3452 2236 3614 2300; x_wconf 88' lang='lat' dir='ltr'><strong>velis,</strong></span> <span class='ocrx_word' id='word_1_403' title='bbox 3648 2249 3751 2291; x_wconf 83' lang='lat' dir='ltr'><strong>con-</strong></span> 
     </span>
    </p>
   </div>
   <div class='ocr_carea' id='block_1_52' title="bbox 2179 2325 3754 2399">
    <p class='ocr_par' dir='ltr' id='par_1_52' title="bbox 2179 2325 3754 2399">
     <span class='ocr_line' id='line_1_52' title="bbox 2179 2325 3754 2399; baseline 0.001 -19"><span class='ocrx_word' id='word_1_404' title='bbox 2179 2325 2352 2381; x_wconf 90' lang='lat' dir='ltr'><strong>currit</strong></span> <span class='ocrx_word' id='word_1_405' title='bbox 2390 2340 2567 2398; x_wconf 69' lang='lat' dir='ltr'><strong>seque,</strong></span> <span class='ocrx_word' id='word_1_406' title='bbox 2613 2335 2673 2382; x_wconf 91' lang='lat' dir='ltr'><strong>ut</strong></span> <span class='ocrx_word' id='word_1_407' title='bbox 2721 2327 2848 2398; x_wconf 88' lang='lat' dir='ltr'><strong>quia</strong></span> <span class='ocrx_word' id='word_1_408' title='bbox 2893 2329 3216 2399; x_wconf 85' lang='lat' dir='ltr'><strong>sanguinem</strong></span> <span class='ocrx_word' id='word_1_409' title='bbox 3268 2327 3422 2384; x_wconf 81' lang='lat' dir='ltr'><strong>misit</strong></span> <span class='ocrx_word' id='word_1_410' title='bbox 3464 2328 3519 2382; x_wconf 90' lang='lat' dir='ltr'><strong>in</strong></span> <span class='ocrx_word' id='word_1_411' title='bbox 3548 2336 3754 2383; x_wconf 83' lang='lat' dir='ltr'><strong>crateras</strong></span> 
     </span>
    </p>
   </div>
   <div class='ocr_carea' id='block_1_53' title="bbox 2178 2418 3746 2493">
    <p class='ocr_par' dir='ltr' id='par_1_53' title="bbox 2178 2418 3746 2493">
     <span class='ocr_line' id='line_1_53' title="bbox 2178 2418 3746 2493; baseline 0.002 -19"><span class='ocrx_word' id='word_1_412' title='bbox 2178 2418 2391 2490; x_wconf 83' lang='lat' dir='ltr'><strong>Moyses</strong></span> <span class='ocrx_word' id='word_1_413' title='bbox 2419 2421 2707 2491; x_wconf 81' lang='lat' dir='ltr'><strong>propheta,</strong></span> <span class='ocrx_word' id='word_1_414' title='bbox 2751 2435 3048 2492; x_wconf 87' lang='lat' dir='ltr'><strong>cognoscas</strong></span> <span class='ocrx_word' id='word_1_415' title='bbox 3073 2420 3255 2491; x_wconf 85' lang='lat' dir='ltr'><strong>ipsum</strong></span> <span class='ocrx_word' id='word_1_416' title='bbox 3285 2435 3415 2478; x_wconf 87' lang='lat' dir='ltr'><strong>esse</strong></span> <span class='ocrx_word' id='word_1_417' title='bbox 3434 2422 3746 2493; x_wconf 83' lang='lat' dir='ltr'><strong>sanguinem,</strong></span> 
     </span>
    </p>
   </div>
   <div class='ocr_carea' id='block_1_54' title="bbox 2177 2508 3755 2586">
    <p class='ocr_par' dir='ltr' id='par_1_54' title="bbox 2177 2508 3755 2586">
     <span class='ocr_line' id='line_1_54' title="bbox 2177 2508 3755 2586; baseline 0.003 -20"><span class='ocrx_word' id='word_1_418' title='bbox 2177 2508 2247 2567; x_wconf 90' lang='lat' dir='ltr'><strong>de</strong></span> <span class='ocrx_word' id='word_1_419' title='bbox 2274 2525 2383 2582; x_wconf 87' lang='lat' dir='ltr'><strong>quo</strong></span> <span class='ocrx_word' id='word_1_420' title='bbox 2409 2513 2668 2582; x_wconf 85' lang='lat' dir='ltr'><strong>scriptum</strong></span> <span class='ocrx_word' id='word_1_421' title='bbox 2690 2523 2776 2569; x_wconf 89' lang='lat' dir='ltr'><strong>est</strong></span> <span class='ocrx_word' id='word_1_422' title='bbox 2801 2514 2929 2583; x_wconf 89' lang='lat' dir='ltr'><strong>quia</strong></span> <span class='ocrx_word' id='word_1_423' title='bbox 2951 2514 3222 2586; x_wconf 84' lang='lat' dir='ltr'><strong>sapientia</strong></span> <span class='ocrx_word' id='word_1_424' title='bbox 3238 2514 3463 2570; x_wconf 82' lang='lat' dir='ltr'><strong>miscuit</strong></span> <span class='ocrx_word' id='word_1_425' title='bbox 3492 2514 3549 2569; x_wconf 93' lang='lat' dir='ltr'><strong>in</strong></span> <span class='ocrx_word' id='word_1_426' title='bbox 3576 2523 3755 2571; x_wconf 75' lang='lat' dir='ltr'><strong>cratere</strong></span> 
     </span>
    </p>
   </div>
   <div class='ocr_carea' id='block_1_55' title="bbox 2178 2603 3755 2681">
    <p class='ocr_par' dir='ltr' id='par_1_55' title="bbox 2178 2603 3755 2681">
     <span class='ocr_line' id='line_1_55' title="bbox 2178 2603 3755 2681; baseline 0.002 -23"><span class='ocrx_word' id='word_1_427' title='bbox 2178 2604 2363 2659; x_wconf 89' lang='lat' dir='ltr'><strong>vinum</strong></span> <span class='ocrx_word' id='word_1_428' title='bbox 2388 2620 2544 2660; x_wconf 87' lang='lat' dir='ltr'><strong>suum</strong></span> <span class='ocrx_word' id='word_1_429' title='bbox 2567 2603 2749 2677; x_wconf 82' lang='lat' dir='ltr'><strong>(Prov.</strong></span> <span class='ocrx_word' id='word_1_430' title='bbox 2784 2622 2861 2673; x_wconf 83' lang='lat' dir='ltr'><strong>ts,</strong></span> <span class='ocrx_word' id='word_1_431' title='bbox 2886 2607 2972 2678; x_wconf 73' lang='lat'><strong>2),</strong></span> <span class='ocrx_word' id='word_1_432' title='bbox 3000 2608 3195 2664; x_wconf 90' lang='lat' dir='ltr'><strong>dicens</strong></span> <span class='ocrx_word' id='word_1_433' title='bbox 3225 2618 3286 2664; x_wconf 91' lang='lat' dir='ltr'><strong>ut</strong></span> <span class='ocrx_word' id='word_1_434' title='bbox 3306 2607 3674 2681; x_wconf 86' lang='lat' dir='ltr'><strong>relinquerent</strong></span> <span class='ocrx_word' id='word_1_435' title='bbox 3692 2607 3755 2662; x_wconf 48' lang='lat' dir='ltr'><strong>in-</strong></span> 
     </span>
    </p>
   </div>
   <div class='ocr_carea' id='block_1_56' title="bbox 2178 2697 3756 2774">
    <p class='ocr_par' dir='ltr' id='par_1_56' title="bbox 2178 2697 3756 2774">
     <span class='ocr_line' id='line_1_56' title="bbox 2178 2697 3756 2774; baseline 0.003 -22"><span class='ocrx_word' id='word_1_436' title='bbox 2178 2697 2515 2769; x_wconf 88' lang='lat' dir='ltr'><strong>sipientiam,</strong></span> <span class='ocrx_word' id='word_1_437' title='bbox 2553 2710 2608 2754; x_wconf 90' lang='lat' dir='ltr'><strong>et</strong></span> <span class='ocrx_word' id='word_1_438' title='bbox 2646 2708 2956 2770; x_wconf 81' lang='lat' dir='ltr'><strong>quaererent</strong></span> <span class='ocrx_word' id='word_1_439' title='bbox 3002 2701 3355 2774; x_wconf 87' lang='lat' dir='ltr'><strong>sapientiam.</strong></span> <span class='ocrx_word' id='word_1_440' title='bbox 3382 2702 3756 2772; x_wconf 69' lang='lat' dir='ltr'><strong>Hauriturergo</strong></span> 
     </span>
    </p>
   </div>
   <div class='ocr_carea' id='block_1_57' title="bbox 2177 2791 3757 2868">
    <p class='ocr_par' dir='ltr' id='par_1_57' title="bbox 2177 2791 3757 2868">
     <span class='ocr_line' id='line_1_57' title="bbox 2177 2791 3757 2868; baseline 0.001 -21"><span class='ocrx_word' id='word_1_441' title='bbox 2177 2791 2247 2849; x_wconf 91' lang='lat' dir='ltr'><strong>de</strong></span> <span class='ocrx_word' id='word_1_442' title='bbox 2268 2800 2479 2848; x_wconf 89' lang='lat' dir='ltr'><strong>cratere</strong></span> <span class='ocrx_word' id='word_1_443' title='bbox 2508 2793 2801 2863; x_wconf 86' lang='lat' dir='ltr'><strong>sapientia,</strong></span> <span class='ocrx_word' id='word_1_444' title='bbox 2819 2795 3068 2851; x_wconf 90' lang='lat' dir='ltr'><strong>hauritur</strong></span> <span class='ocrx_word' id='word_1_445' title='bbox 3085 2795 3407 2868; x_wconf 89' lang='lat' dir='ltr'><strong>disciplina,</strong></span> <span class='ocrx_word' id='word_1_446' title='bbox 3431 2795 3671 2852; x_wconf 83' lang='lat' dir='ltr'><strong>hauritur</strong></span> <span class='ocrx_word' id='word_1_447' title='bbox 3693 2795 3757 2850; x_wconf 77' lang='lat' dir='ltr'><strong>iu-</strong></span> 
     </span>
    </p>
   </div>
   <div class='ocr_carea' id='block_1_58' title="bbox 2178 2884 3754 2957">
    <p class='ocr_par' dir='ltr' id='par_1_58' title="bbox 2178 2884 3754 2957">
     <span class='ocr_line' id='line_1_58' title="bbox 2178 2884 3754 2957; baseline 0.001 -16"><span class='ocrx_word' id='word_1_448' title='bbox 2178 2884 2455 2953; x_wconf 88' lang='lat' dir='ltr'><strong>tellectus,</strong></span> <span class='ocrx_word' id='word_1_449' title='bbox 2490 2884 2739 2942; x_wconf 90' lang='lat' dir='ltr'><strong>hauritur</strong></span> <span class='ocrx_word' id='word_1_450' title='bbox 2761 2888 3058 2957; x_wconf 87' lang='lat' dir='ltr'><strong>correctio,</strong></span> <span class='ocrx_word' id='word_1_451' title='bbox 3087 2888 3345 2945; x_wconf 87' lang='lat' dir='ltr'><strong>hauritur</strong></span> <span class='ocrx_word' id='word_1_452' title='bbox 3370 2889 3506 2944; x_wconf 67' lang='lat' dir='ltr'><strong>vita:</strong></span> <span class='ocrx_word' id='word_1_453' title='bbox 3532 2887 3754 2944; x_wconf 84' lang='lat' dir='ltr'><strong>emenda-</strong></span> 
     </span>
    </p>
   </div>
   <div class='ocr_carea' id='block_1_59' title="bbox 2180 2977 3755 3055">
    <p class='ocr_par' dir='ltr' id='par_1_59' title="bbox 2180 2977 3755 3055">
     <span class='ocr_line' id='line_1_59' title="bbox 2180 2977 3755 3055; baseline 0.003 -23"><span class='ocrx_word' id='word_1_454' title='bbox 2180 2977 2278 3045; x_wconf 91' lang='lat' dir='ltr'><strong>tio,</strong></span> <span class='ocrx_word' id='word_1_455' title='bbox 2303 2977 2556 3036; x_wconf 90' lang='lat' dir='ltr'><strong>hauritur</strong></span> <span class='ocrx_word' id='word_1_456' title='bbox 2583 2995 2797 3038; x_wconf 91' lang='lat' dir='ltr'><strong>morum</strong></span> <span class='ocrx_word' id='word_1_457' title='bbox 2824 2990 2881 3039; x_wconf 92' lang='lat' dir='ltr'><strong>et</strong></span> <span class='ocrx_word' id='word_1_458' title='bbox 2905 2982 3269 3040; x_wconf 87' lang='lat' dir='ltr'><strong>consiliorum</strong></span> <span class='ocrx_word' id='word_1_459' title='bbox 3296 2984 3647 3055; x_wconf 86' lang='lat' dir='ltr'><strong>temperatio,</strong></span> <span class='ocrx_word' id='word_1_460' title='bbox 3667 2984 3755 3054; x_wconf 80' lang='lat' dir='ltr'><strong>pic-</strong></span> 
     </span>
    </p>
   </div>
   <div class='ocr_carea' id='block_1_60' title="bbox 2180 3070 3687 3142">
    <p class='ocr_par' dir='ltr' id='par_1_60' title="bbox 2180 3070 3687 3142">
     <span class='ocr_line' id='line_1_60' title="bbox 2180 3070 3687 3142; baseline 0.001 -17"><span class='ocrx_word' id='word_1_461' title='bbox 2180 3070 2306 3126; x_wconf 90' lang='lat' dir='ltr'><strong>tatis</strong></span> <span class='ocrx_word' id='word_1_462' title='bbox 2328 3071 2528 3142; x_wconf 88' lang='lat' dir='ltr'><strong>gratia,</strong></span> <span class='ocrx_word' id='word_1_463' title='bbox 2553 3070 2773 3130; x_wconf 87' lang='lat' dir='ltr'><strong>virtutis</strong></span> <span class='ocrx_word' id='word_1_464' title='bbox 2801 3073 3225 3141; x_wconf 87' lang='lat' dir='ltr'><strong>incrementum,</strong></span> <span class='ocrx_word' id='word_1_465' title='bbox 3256 3072 3386 3130; x_wconf 78' lang='lat' dir='ltr'><strong>fons</strong></span> <span class='ocrx_word' id='word_1_466' title='bbox 3413 3074 3687 3130; x_wconf 82' lang='lat' dir='ltr'><strong>ubertatis.</strong></span> 
     </span>
    </p>
   </div>
   <div class='ocr_carea' id='block_1_61' title="bbox 473 3164 3757 3244">
    <p class='ocr_par' dir='ltr' id='par_1_61' title="bbox 473 3164 3757 3244">
     <span class='ocr_line' id='line_1_61' title="bbox 473 3164 3757 3244; baseline 0.001 -25"><span class='ocrx_word' id='word_1_467' title='bbox 473 3182 583 3239; x_wconf 85' lang='lat' dir='ltr'><strong>quo</strong></span> <span class='ocrx_word' id='word_1_468' title='bbox 623 3168 921 3225; x_wconf 80' lang='lat' dir='ltr'><strong>declaravit</strong></span> <span class='ocrx_word' id='word_1_469' title='bbox 955 3169 1168 3242; x_wconf 74' lang='lat'><strong>1053</strong></span> <span class='ocrx_word' id='word_1_470' title='bbox 1210 3184 1271 3226; x_wconf 73' lang='lat' dir='ltr'><strong>se</strong></span> <span class='ocrx_word' id='word_1_471' title='bbox 1315 3185 1459 3239; x_wconf 73' lang='lat' dir='ltr'><strong>esse,</strong></span> <span class='ocrx_word' id='word_1_472' title='bbox 1491 3171 1583 3243; x_wconf 83' lang='lat' dir='ltr'><strong>qui</strong></span> <span class='ocrx_word' id='word_1_473' title='bbox 1624 3170 1794 3244; x_wconf 74' lang='lat' dir='ltr'><strong>Moysi</strong></span> <span class='ocrx_word' id='word_1_474' title='bbox 1824 3171 2074 3230; x_wconf 65' lang='lat' dir='ltr'><strong>dixerat;</strong></span> <span class='ocrx_word' id='word_1_475' title='bbox 2107 3169 2152 3231; x_wconf 68' lang='grc' dir='ltr'><strong>ρ</strong></span> <span class='ocrx_word' id='word_1_476' title='bbox 2257 3164 2344 3221; x_wconf 77' lang='grc'><strong>10.</strong></span> <span class='ocrx_word' id='word_1_477' title='bbox 2385 3164 2544 3233; x_wconf 85' lang='lat' dir='ltr'><strong>Quod</strong></span> <span class='ocrx_word' id='word_1_478' title='bbox 2573 3180 2706 3222; x_wconf 89' lang='lat' dir='ltr'><strong>vero</strong></span> <span class='ocrx_word' id='word_1_479' title='bbox 2729 3166 2796 3222; x_wconf 85' lang='lat' dir='ltr'><strong>ad</strong></span> <span class='ocrx_word' id='word_1_480' title='bbox 2823 3167 3000 3223; x_wconf 89' lang='lat' dir='ltr'><strong>altare</strong></span> <span class='ocrx_word' id='word_1_481' title='bbox 3024 3166 3257 3224; x_wconf 81' lang='lat' dir='ltr'><strong>ell‘undit</strong></span> <span class='ocrx_word' id='word_1_482' title='bbox 3296 3168 3640 3241; x_wconf 86' lang='lat' dir='ltr'><strong>sanguinem,</strong></span> <span class='ocrx_word' id='word_1_483' title='bbox 3661 3165 3683 3203; x_wconf 79' lang='grc'><em>⁴</em></span> <span class='ocrx_word' id='word_1_484' title='bbox 3710 3175 3757 3221; x_wconf 85' lang='grc' dir='ltr'><strong>ιιι</strong></span> 
     </span>
    </p>
   </div>
   <div class='ocr_carea' id='block_1_62' title="bbox 477 3261 2091 3339">
    <p class='ocr_par' dir='ltr' id='par_1_62' title="bbox 477 3261 2091 3339">
     <span class='ocr_line' id='line_1_62' title="bbox 477 3261 2091 3339; baseline 0.004 -22"><span class='ocrx_word' id='word_1_485' title='bbox 477 3261 589 3336; x_wconf 81' lang='lat' dir='ltr'><strong>Ego</strong></span> <span class='ocrx_word' id='word_1_486' title='bbox 611 3264 841 3335; x_wconf 81' lang='lat' dir='ltr'><strong>aperiam</strong></span> <span class='ocrx_word' id='word_1_487' title='bbox 860 3280 917 3319; x_wconf 89' lang='lat' dir='ltr'><strong>os</strong></span> <span class='ocrx_word' id='word_1_488' title='bbox 940 3272 1103 3332; x_wconf 85' lang='lat' dir='ltr'><strong>tuum,</strong></span> <span class='ocrx_word' id='word_1_489' title='bbox 1127 3273 1174 3318; x_wconf 91' lang='lat' dir='ltr'><strong>et</strong></span> <span class='ocrx_word' id='word_1_490' title='bbox 1218 3264 1471 3320; x_wconf 82' lang='lat' dir='ltr'><strong>instruam</strong></span> <span class='ocrx_word' id='word_1_491' title='bbox 1497 3274 1545 3321; x_wconf 90' lang='lat' dir='ltr'><strong>te</strong></span> <span class='ocrx_word' id='word_1_492' title='bbox 1563 3265 1689 3337; x_wconf 79' lang='lat' dir='ltr'><strong>quid</strong></span> <span class='ocrx_word' id='word_1_493' title='bbox 1714 3265 1901 3323; x_wconf 83' lang='lat' dir='ltr'><strong>debeas</strong></span> <span class='ocrx_word' id='word_1_494' title='bbox 1939 3268 2091 3339; x_wconf 85' lang='lat' dir='ltr'><strong>loqui</strong></span> 
     </span>
    </p>
   </div>
   <div class='ocr_carea' id='block_1_63' title="bbox 481 3354 2083 3429">
    <p class='ocr_par' dir='ltr' id='par_1_63' title="bbox 481 3354 2083 3429">
     <span class='ocr_line' id='line_1_63' title="bbox 481 3354 2083 3429; baseline 0.003 -18"><span class='ocrx_word' id='word_1_495' title='bbox 481 3354 683 3426; x_wconf 71' lang='lat' dir='ltr'><strong>(Exod.</strong></span> <span class='ocrx_word' id='word_1_496' title='bbox 715 3372 791 3423; x_wconf 82' lang='lat' dir='ltr'><strong>tv,</strong></span> <span class='ocrx_word' id='word_1_497' title='bbox 820 3356 935 3429; x_wconf 74' lang='grc'><strong>12).</strong></span> <span class='ocrx_word' id='word_1_498' title='bbox 968 3356 1112 3428; x_wconf 85' lang='lat' dir='ltr'><strong>Ergo</strong></span> <span class='ocrx_word' id='word_1_499' title='bbox 1142 3355 1262 3412; x_wconf 65' lang='lat' dir='ltr'><strong>haec</strong></span> <span class='ocrx_word' id='word_1_500' title='bbox 1283 3358 1545 3429; x_wconf 90' lang='lat' dir='ltr'><strong>sapientia</strong></span> <span class='ocrx_word' id='word_1_501' title='bbox 1565 3357 1770 3424; x_wconf 88' lang='lat' dir='ltr'><strong>divina,</strong></span> <span class='ocrx_word' id='word_1_502' title='bbox 1802 3360 2083 3417; x_wconf 88' lang='lat' dir='ltr'><strong>inenarra-</strong></span> 
     </span>
    </p>
   </div>
   <div class='ocr_carea' id='block_1_64' title="bbox 475 3447 2082 3521">
    <p class='ocr_par' dir='ltr' id='par_1_64' title="bbox 475 3447 2082 3521">
     <span class='ocr_line' id='line_1_64' title="bbox 475 3447 2082 3521; baseline 0.002 -16"><span class='ocrx_word' id='word_1_503' title='bbox 475 3447 623 3515; x_wconf 85' lang='lat' dir='ltr'><strong>bilis,</strong></span> <span class='ocrx_word' id='word_1_504' title='bbox 654 3448 1002 3521; x_wconf 81' lang='lat' dir='ltr'><strong>impermixta</strong></span> <span class='ocrx_word' id='word_1_505' title='bbox 1023 3456 1188 3520; x_wconf 89' lang='lat' dir='ltr'><strong>atque</strong></span> <span class='ocrx_word' id='word_1_506' title='bbox 1214 3449 1528 3521; x_wconf 87' lang='lat' dir='ltr'><strong>incorrupta</strong></span> <span class='ocrx_word' id='word_1_507' title='bbox 1550 3459 1864 3508; x_wconf 88' lang='lat' dir='ltr'><strong>sanctorum</strong></span> <span class='ocrx_word' id='word_1_508' title='bbox 1885 3452 2082 3508; x_wconf 89' lang='lat' dir='ltr'><strong>animis</strong></span> 
     </span>
    </p>
   </div>
   <div class='ocr_carea' id='block_1_65' title="bbox 477 3540 2082 3616">
    <p class='ocr_par' dir='ltr' id='par_1_65' title="bbox 477 3540 2082 3616">
     <span class='ocr_line' id='line_1_65' title="bbox 477 3540 2082 3616; baseline 0.001 -18"><span class='ocrx_word' id='word_1_509' title='bbox 477 3541 562 3599; x_wconf 88' lang='lat' dir='ltr'><strong>sui</strong></span> <span class='ocrx_word' id='word_1_510' title='bbox 604 3540 843 3597; x_wconf 76' lang='lat' dir='ltr'><strong>infundit</strong></span> <span class='ocrx_word' id='word_1_511' title='bbox 861 3540 1113 3613; x_wconf 88' lang='lat' dir='ltr'><strong>gratiam,</strong></span> <span class='ocrx_word' id='word_1_512' title='bbox 1140 3551 1196 3598; x_wconf 91' lang='lat' dir='ltr'><strong>et</strong></span> <span class='ocrx_word' id='word_1_513' title='bbox 1219 3543 1588 3615; x_wconf 88' lang='lat' dir='ltr'><strong>cognitionem</strong></span> <span class='ocrx_word' id='word_1_514' title='bbox 1621 3544 1853 3611; x_wconf 89' lang='lat' dir='ltr'><strong>revelat,</strong></span> <span class='ocrx_word' id='word_1_515' title='bbox 1878 3554 1936 3600; x_wconf 90' lang='lat' dir='ltr'><strong>ut</strong></span> <span class='ocrx_word' id='word_1_516' title='bbox 1955 3558 2082 3616; x_wconf 89' lang='lat' dir='ltr'><strong>spe-</strong></span> 
     </span>
    </p>
   </div>
   <div class='ocr_carea' id='block_1_66' title="bbox 479 3634 1161 3705">
    <p class='ocr_par' dir='ltr' id='par_1_66' title="bbox 479 3634 1161 3705">
     <span class='ocr_line' id='line_1_66' title="bbox 479 3634 1161 3705; baseline 0 -15"><span class='ocrx_word' id='word_1_517' title='bbox 479 3634 733 3691; x_wconf 88' lang='lat' dir='ltr'><strong>culentur</strong></span> <span class='ocrx_word' id='word_1_518' title='bbox 760 3634 881 3705; x_wconf 88' lang='lat' dir='ltr'><strong>ejus</strong></span> <span class='ocrx_word' id='word_1_519' title='bbox 908 3634 1161 3704; x_wconf 87' lang='lat' dir='ltr'><strong>gloriam.</strong></span> 
     </span>
    </p>
   </div>
   <div class='ocr_carea' id='block_1_67' title="bbox 549 3718 2105 3803">
    <p class='ocr_par' dir='ltr' id='par_1_67' title="bbox 549 3718 2105 3803">
     <span class='ocr_line' id='line_1_67' title="bbox 549 3718 2105 3803; baseline 0.003 -21"><span class='ocrx_word' id='word_1_520' title='bbox 549 3726 604 3782; x_wconf 81' lang='lat'><strong>5.</strong></span> <span class='ocrx_word' id='word_1_521' title='bbox 647 3726 741 3783; x_wconf 88' lang='lat' dir='ltr'><strong>Illa</strong></span> <span class='ocrx_word' id='word_1_522' title='bbox 767 3736 948 3784; x_wconf 90' lang='lat' dir='ltr'><strong>autem</strong></span> <span class='ocrx_word' id='word_1_523' title='bbox 998 3727 1223 3785; x_wconf 92' lang='lat' dir='ltr'><strong>moralis</strong></span> <span class='ocrx_word' id='word_1_524' title='bbox 1275 3730 1563 3801; x_wconf 83' lang='lat' dir='ltr'><strong>sapientiae</strong></span> <span class='ocrx_word' id='word_1_525' title='bbox 1611 3731 1900 3803; x_wconf 88' lang='lat' dir='ltr'><strong>disciplina</strong></span> <span class='ocrx_word' id='word_1_526' title='bbox 1953 3718 2105 3799; x_wconf 69' lang='lat' dir='ltr'><strong>est,</strong></span> 
     </span>
    </p>
   </div>
   <div class='ocr_carea' id='block_1_68' title="bbox 438 3821 2083 3898">
    <p class='ocr_par' dir='ltr' id='par_1_68' title="bbox 438 3821 2083 3898">
     <span class='ocr_line' id='line_1_68' title="bbox 438 3821 2083 3898; baseline 0.003 -21"><span class='ocrx_word' id='word_1_527' title='bbox 438 3874 441 3877; x_wconf 35' lang='grc' dir='ltr'><strong><em>λ</em></strong></span> <span class='ocrx_word' id='word_1_528' title='bbox 475 3838 597 3895; x_wconf 69' lang='grc' dir='ltr'><strong>(ιυεὲ</strong></span> <span class='ocrx_word' id='word_1_529' title='bbox 616 3822 853 3878; x_wconf 92' lang='lat' dir='ltr'><strong>mittitur</strong></span> <span class='ocrx_word' id='word_1_530' title='bbox 881 3821 938 3878; x_wconf 90' lang='lat' dir='ltr'><strong>in</strong></span> <span class='ocrx_word' id='word_1_531' title='bbox 967 3830 1235 3891; x_wconf 88' lang='lat' dir='ltr'><strong>crateras,</strong></span> <span class='ocrx_word' id='word_1_532' title='bbox 1264 3832 1320 3880; x_wconf 93' lang='lat' dir='ltr'><strong>et</strong></span> <span class='ocrx_word' id='word_1_533' title='bbox 1347 3839 1413 3882; x_wconf 76' lang='lat' dir='ltr'><strong>ex</strong></span> <span class='ocrx_word' id='word_1_534' title='bbox 1453 3824 1561 3881; x_wconf 92' lang='lat' dir='ltr'><strong>illis</strong></span> <span class='ocrx_word' id='word_1_535' title='bbox 1589 3825 1891 3897; x_wconf 88' lang='lat' dir='ltr'><strong>percipitur</strong></span> <span class='ocrx_word' id='word_1_536' title='bbox 1919 3835 2083 3898; x_wconf 88' lang='lat' dir='ltr'><strong>atque</strong></span> 
     </span>
    </p>
   </div>
   <div class='ocr_carea' id='block_1_69' title="bbox 479 3913 2083 3987">
    <p class='ocr_par' dir='ltr' id='par_1_69' title="bbox 479 3913 2083 3987">
     <span class='ocr_line' id='line_1_69' title="bbox 479 3913 2083 3987; baseline 0.003 -17"><span class='ocrx_word' id='word_1_537' title='bbox 479 3913 750 3972; x_wconf 89' lang='lat' dir='ltr'><strong>hauritur.</strong></span> <span class='ocrx_word' id='word_1_538' title='bbox 795 3914 1051 3972; x_wconf 82' lang='lat' dir='ltr'><strong>Crateres</strong></span> <span class='ocrx_word' id='word_1_539' title='bbox 1074 3914 1240 3987; x_wconf 89' lang='lat' dir='ltr'><strong>igitur</strong></span> <span class='ocrx_word' id='word_1_540' title='bbox 1265 3930 1521 3973; x_wconf 90' lang='lat' dir='ltr'><strong>sensuum</strong></span> <span class='ocrx_word' id='word_1_541' title='bbox 1551 3918 1917 3986; x_wconf 88' lang='lat' dir='ltr'><strong>receptacula.</strong></span> <span class='ocrx_word' id='word_1_542' title='bbox 1951 3917 2083 3975; x_wconf 90' lang='lat' dir='ltr'><strong>Cra-</strong></span> 
     </span>
    </p>
   </div>
   <div class='ocr_carea' id='block_1_70' title="bbox 478 4008 2084 4082">
    <p class='ocr_par' dir='ltr' id='par_1_70' title="bbox 478 4008 2084 4082">
     <span class='ocr_line' id='line_1_70' title="bbox 478 4008 2084 4082; baseline 0 -15"><span class='ocrx_word' id='word_1_543' title='bbox 478 4018 625 4068; x_wconf 88' lang='lat' dir='ltr'><strong>teres</strong></span> <span class='ocrx_word' id='word_1_544' title='bbox 654 4009 800 4067; x_wconf 89' lang='lat' dir='ltr'><strong>oculi</strong></span> <span class='ocrx_word' id='word_1_545' title='bbox 839 4016 971 4065; x_wconf 90' lang='lat' dir='ltr'><strong>sunt</strong></span> <span class='ocrx_word' id='word_1_546' title='bbox 988 4008 1121 4076; x_wconf 91' lang='lat' dir='ltr'><strong>duo,</strong></span> <span class='ocrx_word' id='word_1_547' title='bbox 1137 4023 1301 4065; x_wconf 80' lang='lat' dir='ltr'><strong>auras</strong></span> <span class='ocrx_word' id='word_1_548' title='bbox 1314 4019 1462 4077; x_wconf 90' lang='lat' dir='ltr'><strong>sunt,</strong></span> <span class='ocrx_word' id='word_1_549' title='bbox 1493 4023 1654 4066; x_wconf 91' lang='lat' dir='ltr'><strong>nares</strong></span> <span class='ocrx_word' id='word_1_550' title='bbox 1679 4018 1828 4075; x_wconf 87' lang='lat' dir='ltr'><strong>sunt,</strong></span> <span class='ocrx_word' id='word_1_551' title='bbox 1860 4024 1923 4066; x_wconf 91' lang='lat' dir='ltr'><strong>os</strong></span> <span class='ocrx_word' id='word_1_552' title='bbox 1948 4025 2084 4082; x_wconf 88' lang='lat' dir='ltr'><strong>quo-</strong></span> 
     </span>
    </p>
   </div>
   <div class='ocr_carea' id='block_1_71' title="bbox 469 4102 2081 4176">
    <p class='ocr_par' dir='ltr' id='par_1_71' title="bbox 469 4102 2081 4176">
     <span class='ocr_line' id='line_1_71' title="bbox 469 4102 2081 4176; baseline -0.001 -16"><span class='ocrx_word' id='word_1_553' title='bbox 469 4118 597 4176; x_wconf 89' lang='lat' dir='ltr'><strong>que,</strong></span> <span class='ocrx_word' id='word_1_554' title='bbox 624 4112 682 4161; x_wconf 91' lang='lat' dir='ltr'><strong>et</strong></span> <span class='ocrx_word' id='word_1_555' title='bbox 709 4102 832 4160; x_wconf 74' lang='lat' dir='ltr'><strong>alite</strong></span> <span class='ocrx_word' id='word_1_556' title='bbox 852 4110 1035 4175; x_wconf 88' lang='lat' dir='ltr'><strong>partes</strong></span> <span class='ocrx_word' id='word_1_557' title='bbox 1064 4103 1462 4160; x_wconf 83' lang='lat' dir='ltr'><strong>convenientes</strong></span> <span class='ocrx_word' id='word_1_558' title='bbox 1481 4103 1727 4171; x_wconf 90' lang='lat' dir='ltr'><strong>muneri;</strong></span> <span class='ocrx_word' id='word_1_559' title='bbox 1761 4103 1905 4160; x_wconf 92' lang='lat' dir='ltr'><strong>oculi</strong></span> <span class='ocrx_word' id='word_1_560' title='bbox 1936 4104 2081 4159; x_wconf 90' lang='lat' dir='ltr'><strong>enim</strong></span> 
     </span>
    </p>
   </div>
   <div class='ocr_carea' id='block_1_72' title="bbox 476 4195 2082 4269">
    <p class='ocr_par' dir='ltr' id='par_1_72' title="bbox 476 4195 2082 4269">
     <span class='ocr_line' id='line_1_72' title="bbox 476 4195 2082 4269; baseline 0.001 -16"><span class='ocrx_word' id='word_1_561' title='bbox 476 4197 649 4254; x_wconf 89' lang='lat' dir='ltr'><strong>visum</strong></span> <span class='ocrx_word' id='word_1_562' title='bbox 681 4195 951 4269; x_wconf 89' lang='lat' dir='ltr'><strong>recipiunt</strong></span> <span class='ocrx_word' id='word_1_563' title='bbox 970 4196 1373 4264; x_wconf 75' lang='lat' dir='ltr'><strong>etministraut,</strong></span> <span class='ocrx_word' id='word_1_564' title='bbox 1393 4196 1632 4253; x_wconf 89' lang='lat' dir='ltr'><strong>auditum</strong></span> <span class='ocrx_word' id='word_1_565' title='bbox 1657 4212 1838 4265; x_wconf 87' lang='lat' dir='ltr'><strong>aures,</strong></span> <span class='ocrx_word' id='word_1_566' title='bbox 1859 4196 2082 4255; x_wconf 91' lang='lat' dir='ltr'><strong>odorem</strong></span> 
     </span>
    </p>
   </div>
   <div class='ocr_carea' id='block_1_73' title="bbox 477 4293 2085 4362">
    <p class='ocr_par' dir='ltr' id='par_1_73' title="bbox 477 4293 2085 4362">
     <span class='ocr_line' id='line_1_73' title="bbox 477 4293 2085 4362; baseline 0.001 -14"><span class='ocrx_word' id='word_1_567' title='bbox 477 4306 661 4357; x_wconf 87' lang='lat' dir='ltr'><strong>nares.</strong></span> <span class='ocrx_word' id='word_1_568' title='bbox 691 4306 787 4348; x_wconf 88' lang='lat' dir='ltr'><strong>ora</strong></span> <span class='ocrx_word' id='word_1_569' title='bbox 809 4299 1108 4362; x_wconf 85' lang='lat' dir='ltr'><strong>gustatum,</strong></span> <span class='ocrx_word' id='word_1_570' title='bbox 1131 4300 1187 4349; x_wconf 92' lang='lat' dir='ltr'><strong>et</strong></span> <span class='ocrx_word' id='word_1_571' title='bbox 1212 4299 1435 4349; x_wconf 78' lang='lat' dir='ltr'><strong>etetera.</strong></span> <span class='ocrx_word' id='word_1_572' title='bbox 1458 4293 1517 4349; x_wconf 91' lang='lat' dir='ltr'><strong>In</strong></span> <span class='ocrx_word' id='word_1_573' title='bbox 1540 4293 1675 4349; x_wconf 87' lang='lat' dir='ltr'><strong>istos</strong></span> <span class='ocrx_word' id='word_1_574' title='bbox 1694 4302 1933 4351; x_wconf 88' lang='lat' dir='ltr'><strong>crateres</strong></span> <span class='ocrx_word' id='word_1_575' title='bbox 1947 4293 2085 4351; x_wconf 80' lang='lat' dir='ltr'><strong>Ver-</strong></span> 
     </span>
    </p>
   </div>
   <div class='ocr_carea' id='block_1_74' title="bbox 476 4382 2086 4458">
    <p class='ocr_par' dir='ltr' id='par_1_74' title="bbox 476 4382 2086 4458">
     <span class='ocr_line' id='line_1_74' title="bbox 476 4382 2086 4458; baseline 0.001 -18"><span class='ocrx_word' id='word_1_576' title='bbox 476 4384 607 4440; x_wconf 89' lang='lat' dir='ltr'><strong>bum</strong></span> <span class='ocrx_word' id='word_1_577' title='bbox 641 4382 797 4450; x_wconf 92' lang='lat' dir='ltr'><strong>illud,</strong></span> <span class='ocrx_word' id='word_1_578' title='bbox 829 4384 883 4440; x_wconf 90' lang='lat' dir='ltr'><strong>iu</strong></span> <span class='ocrx_word' id='word_1_579' title='bbox 905 4398 1015 4455; x_wconf 89' lang='lat' dir='ltr'><strong>quo</strong></span> <span class='ocrx_word' id='word_1_580' title='bbox 1040 4393 1126 4440; x_wconf 90' lang='lat' dir='ltr'><strong>est</strong></span> <span class='ocrx_word' id='word_1_581' title='bbox 1158 4384 1501 4456; x_wconf 89' lang='lat' dir='ltr'><strong>principatus</strong></span> <span class='ocrx_word' id='word_1_582' title='bbox 1523 4385 1931 4442; x_wconf 40' lang='lat' dir='ltr'><strong>sacerdotiivvel</strong></span> <span class='ocrx_word' id='word_1_583' title='bbox 1960 4401 2086 4458; x_wconf 86' lang='lat' dir='ltr'><strong>pro-</strong></span> 
     </span>
    </p>
   </div>
   <div class='ocr_carea' id='block_1_75' title="bbox 472 4474 2082 4549">
    <p class='ocr_par' dir='ltr' id='par_1_75' title="bbox 472 4474 2082 4549">
     <span class='ocr_line' id='line_1_75' title="bbox 472 4474 2082 4549; baseline 0.002 -18"><span class='ocrx_word' id='word_1_584' title='bbox 472 4475 695 4547; x_wconf 84' lang='lat' dir='ltr'><strong>phetiae,</strong></span> <span class='ocrx_word' id='word_1_585' title='bbox 726 4474 956 4532; x_wconf 84' lang='lat' dir='ltr'><strong>ell&#39;undit</strong></span> <span class='ocrx_word' id='word_1_586' title='bbox 986 4475 1268 4549; x_wconf 85' lang='lat' dir='ltr'><strong>sanguinis</strong></span> <span class='ocrx_word' id='word_1_587' title='bbox 1295 4477 1379 4533; x_wconf 90' lang='lat' dir='ltr'><strong>sui</strong></span> <span class='ocrx_word' id='word_1_588' title='bbox 1410 4486 1594 4549; x_wconf 90' lang='lat' dir='ltr'><strong>partes</strong></span> <span class='ocrx_word' id='word_1_589' title='bbox 1614 4520 1629 4545; x_wconf 91' lang='lat'><strong>,</strong></span> <span class='ocrx_word' id='word_1_590' title='bbox 1656 4489 1716 4536; x_wconf 90' lang='lat' dir='ltr'><strong>ut</strong></span> <span class='ocrx_word' id='word_1_591' title='bbox 1740 4479 1977 4536; x_wconf 82' lang='lat' dir='ltr'><strong>viviﬂcet</strong></span> <span class='ocrx_word' id='word_1_592' title='bbox 1996 4489 2082 4535; x_wconf 89' lang='lat' dir='ltr'><strong>at-</strong></span> 
     </span>
    </p>
   </div>
   <div class='ocr_carea' id='block_1_76' title="bbox 2188 3258 3758 3331">
    <p class='ocr_par' dir='ltr' id='par_1_76' title="bbox 2188 3258 3758 3331">
     <span class='ocr_line' id='line_1_76' title="bbox 2188 3258 3758 3331; baseline 0.001 -16"><span class='ocrx_word' id='word_1_593' title='bbox 2188 3258 2465 3331; x_wconf 87' lang='lat' dir='ltr'><strong>iutelligas</strong></span> <span class='ocrx_word' id='word_1_594' title='bbox 2514 3260 2643 3318; x_wconf 90' lang='lat' dir='ltr'><strong>licet</strong></span> <span class='ocrx_word' id='word_1_595' title='bbox 2717 3261 3053 3317; x_wconf 88' lang='lat' dir='ltr'><strong>ablutionem</strong></span> <span class='ocrx_word' id='word_1_596' title='bbox 3108 3262 3340 3331; x_wconf 90' lang='lat' dir='ltr'><strong>mundi,</strong></span> <span class='ocrx_word' id='word_1_597' title='bbox 3406 3263 3758 3320; x_wconf 77' lang='lat' dir='ltr'><strong>remissionem</strong></span> 
     </span>
    </p>
   </div>
   <div class='ocr_carea' id='block_1_77' title="bbox 2191 3349 3763 3426">
    <p class='ocr_par' dir='ltr' id='par_1_77' title="bbox 2191 3349 3763 3426">
     <span class='ocr_line' id='line_1_77' title="bbox 2191 3349 3763 3426; baseline -0.003 -17"><span class='ocrx_word' id='word_1_598' title='bbox 2191 3349 2408 3424; x_wconf 59' lang='lat'><strong>1055</strong></span> <span class='ocrx_word' id='word_1_599' title='bbox 2443 3351 2691 3408; x_wconf 91' lang='lat' dir='ltr'><strong>omnium</strong></span> <span class='ocrx_word' id='word_1_600' title='bbox 2720 3360 3093 3422; x_wconf 89' lang='lat' dir='ltr'><strong>peccatorum.</strong></span> <span class='ocrx_word' id='word_1_601' title='bbox 3137 3352 3356 3409; x_wconf 83' lang='lat' dir='ltr'><strong>Etenim</strong></span> <span class='ocrx_word' id='word_1_602' title='bbox 3388 3354 3700 3426; x_wconf 83' lang='lat' dir='ltr'><strong>sanguinem</strong></span> <span class='ocrx_word' id='word_1_603' title='bbox 3713 3352 3763 3406; x_wconf 85' lang='lat' dir='ltr'><strong>il-</strong></span> 
     </span>
    </p>
   </div>
   <div class='ocr_carea' id='block_1_78' title="bbox 2184 3442 3759 3517">
    <p class='ocr_par' dir='ltr' id='par_1_78' title="bbox 2184 3442 3759 3517">
     <span class='ocr_line' id='line_1_78' title="bbox 2184 3442 3759 3517; baseline 0.002 -19"><span class='ocrx_word' id='word_1_604' title='bbox 2184 3444 2296 3499; x_wconf 89' lang='lat' dir='ltr'><strong>lum</strong></span> <span class='ocrx_word' id='word_1_605' title='bbox 2325 3442 2395 3499; x_wconf 90' lang='lat' dir='ltr'><strong>ad</strong></span> <span class='ocrx_word' id='word_1_606' title='bbox 2424 3444 2600 3502; x_wconf 86' lang='lat' dir='ltr'><strong>altare</strong></span> <span class='ocrx_word' id='word_1_607' title='bbox 2630 3446 2786 3517; x_wconf 88' lang='lat' dir='ltr'><strong>quasi</strong></span> <span class='ocrx_word' id='word_1_608' title='bbox 2835 3446 3069 3503; x_wconf 86' lang='lat' dir='ltr'><strong>hostiam</strong></span> <span class='ocrx_word' id='word_1_609' title='bbox 3112 3446 3347 3504; x_wconf 77' lang='lat' dir='ltr'><strong>eﬁ‘undit</strong></span> <span class='ocrx_word' id='word_1_610' title='bbox 3384 3447 3459 3504; x_wconf 88' lang='lat' dir='ltr'><strong>ad</strong></span> <span class='ocrx_word' id='word_1_611' title='bbox 3497 3449 3759 3504; x_wconf 70' lang='lat' dir='ltr'><strong>multorum</strong></span> 
     </span>
    </p>
   </div>
   <div class='ocr_carea' id='block_1_79' title="bbox 2183 3538 3759 3613">
    <p class='ocr_par' dir='ltr' id='par_1_79' title="bbox 2183 3538 3759 3613">
     <span class='ocr_line' id='line_1_79' title="bbox 2183 3538 3759 3613; baseline 0.001 -18"><span class='ocrx_word' id='word_1_612' title='bbox 2183 3538 2556 3596; x_wconf 78' lang='lat' dir='ltr'><strong>exhaurienda</strong></span> <span class='ocrx_word' id='word_1_613' title='bbox 2608 3551 2856 3612; x_wconf 88' lang='lat' dir='ltr'><strong>peccata.</strong></span> <span class='ocrx_word' id='word_1_614' title='bbox 2907 3542 3095 3613; x_wconf 84' lang='lat' dir='ltr'><strong>Agnus</strong></span> <span class='ocrx_word' id='word_1_615' title='bbox 3139 3542 3289 3598; x_wconf 90' lang='lat' dir='ltr'><strong>enim</strong></span> <span class='ocrx_word' id='word_1_616' title='bbox 3347 3541 3537 3600; x_wconf 87' lang='lat' dir='ltr'><strong>hostia</strong></span> <span class='ocrx_word' id='word_1_617' title='bbox 3565 3539 3759 3613; x_wconf 78' lang='lat' dir='ltr'><strong>est,sed</strong></span> 
     </span>
    </p>
   </div>
   <div class='ocr_carea' id='block_1_80' title="bbox 2183 3637 3760 3710">
    <p class='ocr_par' dir='ltr' id='par_1_80' title="bbox 2183 3637 3760 3710">
     <span class='ocr_line' id='line_1_80' title="bbox 2183 3637 3760 3710; baseline 0 -18"><span class='ocrx_word' id='word_1_618' title='bbox 2183 3650 2359 3708; x_wconf 91' lang='lat' dir='ltr'><strong>agnus</strong></span> <span class='ocrx_word' id='word_1_619' title='bbox 2394 3652 2504 3692; x_wconf 89' lang='lat' dir='ltr'><strong>non</strong></span> <span class='ocrx_word' id='word_1_620' title='bbox 2536 3637 2930 3694; x_wconf 86' lang='lat' dir='ltr'><strong>irrationabilis</strong></span> <span class='ocrx_word' id='word_1_621' title='bbox 2957 3646 3194 3707; x_wconf 73' lang='lat' dir='ltr'><strong>naturae,</strong></span> <span class='ocrx_word' id='word_1_622' title='bbox 3223 3637 3325 3695; x_wconf 89' lang='lat' dir='ltr'><strong>sed</strong></span> <span class='ocrx_word' id='word_1_623' title='bbox 3362 3637 3572 3694; x_wconf 78' lang='lat' dir='ltr'><strong>divina:</strong></span> <span class='ocrx_word' id='word_1_624' title='bbox 3597 3646 3760 3710; x_wconf 84' lang='lat' dir='ltr'><strong>poten-</strong></span> 
     </span>
    </p>
   </div>
   <div class='ocr_carea' id='block_1_81' title="bbox 2185 3728 3762 3803">
    <p class='ocr_par' dir='ltr' id='par_1_81' title="bbox 2185 3728 3762 3803">
     <span class='ocr_line' id='line_1_81' title="bbox 2185 3728 3762 3803; baseline -0.003 -18"><span class='ocrx_word' id='word_1_625' title='bbox 2185 3728 2298 3799; x_wconf 66' lang='lat' dir='ltr'><strong>tiae,</strong></span> <span class='ocrx_word' id='word_1_626' title='bbox 2328 3728 2398 3786; x_wconf 93' lang='lat' dir='ltr'><strong>de</strong></span> <span class='ocrx_word' id='word_1_627' title='bbox 2424 3744 2533 3801; x_wconf 91' lang='lat' dir='ltr'><strong>quo</strong></span> <span class='ocrx_word' id='word_1_628' title='bbox 2571 3728 2777 3787; x_wconf 90' lang='lat' dir='ltr'><strong>dictum</strong></span> <span class='ocrx_word' id='word_1_629' title='bbox 2821 3739 2907 3787; x_wconf 89' lang='lat' dir='ltr'><strong>est</strong></span> <span class='ocrx_word' id='word_1_630' title='bbox 2949 3747 2962 3783; x_wconf 90' lang='lat'><strong>:</strong></span> <span class='ocrx_word' id='word_1_631' title='bbox 2996 3730 3130 3786; x_wconf 78' lang='lat' dir='ltr'><strong>Ecce</strong></span> <span class='ocrx_word' id='word_1_632' title='bbox 3176 3747 3346 3803; x_wconf 74' lang='lat' dir='ltr'><strong>agnus</strong></span> <span class='ocrx_word' id='word_1_633' title='bbox 3374 3728 3504 3798; x_wconf 83' lang='lat' dir='ltr'><strong>Dei,</strong></span> <span class='ocrx_word' id='word_1_634' title='bbox 3555 3747 3665 3786; x_wconf 75' lang='lat' dir='ltr'><strong>ecce</strong></span> <span class='ocrx_word' id='word_1_635' title='bbox 3695 3728 3762 3799; x_wconf 68' lang='lat' dir='ltr'><strong>qui</strong></span> 
     </span>
    </p>
   </div>
   <div class='ocr_carea' id='block_1_82' title="bbox 2188 3822 3759 3897">
    <p class='ocr_par' dir='ltr' id='par_1_82' title="bbox 2188 3822 3759 3897">
     <span class='ocr_line' id='line_1_82' title="bbox 2188 3822 3759 3897; baseline 0.001 -21"><span class='ocrx_word' id='word_1_636' title='bbox 2188 3822 2325 3878; x_wconf 84' lang='lat' dir='ltr'><strong>tollit</strong></span> <span class='ocrx_word' id='word_1_637' title='bbox 2352 3831 2561 3896; x_wconf 86' lang='lat' dir='ltr'><strong>peccata</strong></span> <span class='ocrx_word' id='word_1_638' title='bbox 2603 3824 2784 3879; x_wconf 83' lang='lat' dir='ltr'><strong>mundi</strong></span> <span class='ocrx_word' id='word_1_639' title='bbox 2809 3824 2993 3897; x_wconf 82' lang='lat' dir='ltr'><strong>(Joan.</strong></span> <span class='ocrx_word' id='word_1_640' title='bbox 3023 3840 3064 3890; x_wconf 88' lang='grc' dir='ltr'><strong>ι,</strong></span> <span class='ocrx_word' id='word_1_641' title='bbox 3088 3823 3207 3897; x_wconf 75' lang='lat'><strong>29).</strong></span> <span class='ocrx_word' id='word_1_642' title='bbox 3254 3823 3375 3881; x_wconf 84' lang='lat' dir='ltr'><strong>Non</strong></span> <span class='ocrx_word' id='word_1_643' title='bbox 3420 3825 3600 3882; x_wconf 86' lang='lat' dir='ltr'><strong>solum</strong></span> <span class='ocrx_word' id='word_1_644' title='bbox 3643 3822 3759 3879; x_wconf 84' lang='lat' dir='ltr'><strong>enim</strong></span> 
     </span>
    </p>
   </div>
   <div class='ocr_carea' id='block_1_83' title="bbox 2186 3914 3759 3987">
    <p class='ocr_par' dir='ltr' id='par_1_83' title="bbox 2186 3914 3759 3987">
     <span class='ocr_line' id='line_1_83' title="bbox 2186 3914 3759 3987; baseline -0.001 -18"><span class='ocrx_word' id='word_1_645' title='bbox 2186 3914 2758 3987; x_wconf 87' lang='lat' dir='ltr'><strong>mundavitsanguine</strong></span> <span class='ocrx_word' id='word_1_646' title='bbox 2800 3915 2996 3973; x_wconf 85' lang='lat' dir='ltr'><strong>delicta</strong></span> <span class='ocrx_word' id='word_1_647' title='bbox 3030 3916 3453 3985; x_wconf 89' lang='lat' dir='ltr'><strong>universorum,</strong></span> <span class='ocrx_word' id='word_1_648' title='bbox 3504 3916 3603 3974; x_wconf 87' lang='lat' dir='ltr'><strong>sed</strong></span> <span class='ocrx_word' id='word_1_649' title='bbox 3629 3916 3759 3972; x_wconf 80' lang='lat' dir='ltr'><strong>etiam</strong></span> 
     </span>
    </p>
   </div>
   <div class='ocr_carea' id='block_1_84' title="bbox 2184 4005 3759 4079">
    <p class='ocr_par' dir='ltr' id='par_1_84' title="bbox 2184 4005 3759 4079">
     <span class='ocr_line' id='line_1_84' title="bbox 2184 4005 3759 4079; baseline 0 -17"><span class='ocrx_word' id='word_1_650' title='bbox 2184 4005 2367 4062; x_wconf 86' lang='lat' dir='ltr'><strong>divina</strong></span> <span class='ocrx_word' id='word_1_651' title='bbox 2402 4016 2672 4079; x_wconf 83' lang='lat' dir='ltr'><strong>petestate</strong></span> <span class='ocrx_word' id='word_1_652' title='bbox 2696 4008 2939 4066; x_wconf 87' lang='lat' dir='ltr'><strong>donavit.</strong></span> <span class='ocrx_word' id='word_1_653' title='bbox 2988 4011 3068 4066; x_wconf 83' lang='lat' dir='ltr'><strong>An</strong></span> <span class='ocrx_word' id='word_1_654' title='bbox 3115 4025 3223 4066; x_wconf 88' lang='lat' dir='ltr'><strong>nou</strong></span> <span class='ocrx_word' id='word_1_655' title='bbox 3265 4010 3365 4067; x_wconf 87' lang='lat' dir='ltr'><strong>tibi</strong></span> <span class='ocrx_word' id='word_1_656' title='bbox 3411 4010 3630 4067; x_wconf 85' lang='lat' dir='ltr'><strong>videtur</strong></span> <span class='ocrx_word' id='word_1_657' title='bbox 3656 4008 3759 4065; x_wconf 69' lang='lat' dir='ltr'><strong>edu-</strong></span> 
     </span>
    </p>
   </div>
   <div class='ocr_carea' id='block_1_85' title="bbox 2189 4100 3759 4177">
    <p class='ocr_par' dir='ltr' id='par_1_85' title="bbox 2189 4100 3759 4177">
     <span class='ocr_line' id='line_1_85' title="bbox 2189 4100 3759 4177; baseline -0.001 -20"><span class='ocrx_word' id='word_1_658' title='bbox 2189 4100 2338 4159; x_wconf 88' lang='lat' dir='ltr'><strong>disse</strong></span> <span class='ocrx_word' id='word_1_659' title='bbox 2365 4103 2689 4175; x_wconf 87' lang='lat' dir='ltr'><strong>sanguinem</strong></span> <span class='ocrx_word' id='word_1_660' title='bbox 2721 4119 2900 4174; x_wconf 92' lang='lat' dir='ltr'><strong>suum,</strong></span> <span class='ocrx_word' id='word_1_661' title='bbox 2936 4104 3007 4162; x_wconf 94' lang='lat' dir='ltr'><strong>de</strong></span> <span class='ocrx_word' id='word_1_662' title='bbox 3033 4104 3193 4177; x_wconf 91' lang='lat' dir='ltr'><strong>cujus</strong></span> <span class='ocrx_word' id='word_1_663' title='bbox 3219 4103 3397 4161; x_wconf 91' lang='lat' dir='ltr'><strong>latere</strong></span> <span class='ocrx_word' id='word_1_664' title='bbox 3428 4121 3600 4177; x_wconf 88' lang='lat' dir='ltr'><strong>supra</strong></span> <span class='ocrx_word' id='word_1_665' title='bbox 3620 4104 3759 4174; x_wconf 83' lang='lat' dir='ltr'><strong>ipsum</strong></span> 
     </span>
    </p>
   </div>
   <div class='ocr_carea' id='block_1_86' title="bbox 2190 4195 3755 4271">
    <p class='ocr_par' dir='ltr' id='par_1_86' title="bbox 2190 4195 3755 4271">
     <span class='ocr_line' id='line_1_86' title="bbox 2190 4195 3755 4271; baseline -0.001 -21"><span class='ocrx_word' id='word_1_666' title='bbox 2190 4195 2468 4265; x_wconf 90' lang='lat' dir='ltr'><strong>passionis</strong></span> <span class='ocrx_word' id='word_1_667' title='bbox 2489 4195 2664 4254; x_wconf 89' lang='lat' dir='ltr'><strong>altare</strong></span> <span class='ocrx_word' id='word_1_668' title='bbox 2690 4211 2830 4270; x_wconf 88' lang='lat' dir='ltr'><strong>aqua</strong></span> <span class='ocrx_word' id='word_1_669' title='bbox 2855 4198 3102 4254; x_wconf 88' lang='lat' dir='ltr'><strong>cucurrit</strong></span> <span class='ocrx_word' id='word_1_670' title='bbox 3130 4208 3189 4255; x_wconf 89' lang='lat' dir='ltr'><strong>et</strong></span> <span class='ocrx_word' id='word_1_671' title='bbox 3217 4199 3445 4271; x_wconf 87' lang='lat' dir='ltr'><strong>sanguis</strong></span> <span class='ocrx_word' id='word_1_672' title='bbox 3469 4197 3649 4271; x_wconf 76' lang='lat' dir='ltr'><strong>(Joan.</strong></span> <span class='ocrx_word' id='word_1_673' title='bbox 3670 4211 3755 4263; x_wconf 79' lang='lat' dir='ltr'><strong>su,</strong></span> 
     </span>
    </p>
   </div>
   <div class='ocr_carea' id='block_1_87' title="bbox 2186 4286 3687 4364">
    <p class='ocr_par' dir='ltr' id='par_1_87' title="bbox 2186 4286 3687 4364">
     <span class='ocr_line' id='line_1_87' title="bbox 2186 4286 3687 4364; baseline -0.001 -20"><span class='ocrx_word' id='word_1_674' title='bbox 2186 4286 2320 4359; x_wconf 65' lang='lat'><strong>54)?</strong></span> <span class='ocrx_word' id='word_1_675' title='bbox 2351 4287 2506 4357; x_wconf 78' lang='lat' dir='ltr'><strong>Vale,</strong></span> <span class='ocrx_word' id='word_1_676' title='bbox 2532 4300 2587 4347; x_wconf 92' lang='lat' dir='ltr'><strong>et</strong></span> <span class='ocrx_word' id='word_1_677' title='bbox 2614 4305 2718 4347; x_wconf 88' lang='lat' dir='ltr'><strong>nos</strong></span> <span class='ocrx_word' id='word_1_678' title='bbox 2746 4291 2986 4363; x_wconf 87' lang='lat' dir='ltr'><strong>parentis</strong></span> <span class='ocrx_word' id='word_1_679' title='bbox 3006 4290 3206 4349; x_wconf 79' lang='lat' dir='ltr'><strong>affectu</strong></span> <span class='ocrx_word' id='word_1_680' title='bbox 3232 4291 3425 4364; x_wconf 87' lang='lat' dir='ltr'><strong>dilige,</strong></span> <span class='ocrx_word' id='word_1_681' title='bbox 3459 4302 3520 4348; x_wconf 91' lang='lat' dir='ltr'><strong>ut</strong></span> <span class='ocrx_word' id='word_1_682' title='bbox 3550 4289 3687 4346; x_wconf 82' lang='lat' dir='ltr'><strong>lacis.</strong></span> 
     </span>
    </p>
   </div>
   <div class='ocr_carea' id='block_1_88' title="bbox 2710 4442 3277 4502">
    <p class='ocr_par' dir='ltr' id='par_1_88' title="bbox 2710 4442 3277 4502">
     <span class='ocr_line' id='line_1_88' title="bbox 2710 4442 3277 4502; baseline -0.002 -2"><span class='ocrx_word' id='word_1_683' title='bbox 2710 4442 3048 4502; x_wconf 78' lang='lat' dir='ltr'><strong>EPISTOLA</strong></span> <span class='ocrx_word' id='word_1_684' title='bbox 3088 4444 3277 4501; x_wconf 76' lang='lat' dir='ltr'><strong>LXVI.</strong></span> 
     </span>
    </p>
   </div>
   <div class='ocr_carea' id='block_1_89' title="bbox 473 4562 3755 4654">
    <p class='ocr_par' dir='ltr' id='par_1_89' title="bbox 473 4562 3755 4654">
     <span class='ocr_line' id='line_1_89' title="bbox 473 4562 3755 4654; baseline 0.002 -30"><span class='ocrx_word' id='word_1_685' title='bbox 473 4583 582 4641; x_wconf 91' lang='lat' dir='ltr'><strong>que</strong></span> <span class='ocrx_word' id='word_1_686' title='bbox 607 4568 1232 4628; x_wconf 88' lang='lat' dir='ltr'><strong>animetirrationabiles</strong></span> <span class='ocrx_word' id='word_1_687' title='bbox 1264 4571 1560 4642; x_wconf 90' lang='lat' dir='ltr'><strong>portiones,</strong></span> <span class='ocrx_word' id='word_1_688' title='bbox 1579 4582 1634 4629; x_wconf 89' lang='lat' dir='ltr'><strong>et</strong></span> <span class='ocrx_word' id='word_1_689' title='bbox 1662 4572 1823 4629; x_wconf 87' lang='lat' dir='ltr'><strong>faciat</strong></span> <span class='ocrx_word' id='word_1_690' title='bbox 1844 4572 2085 4631; x_wconf 78' lang='lat' dir='ltr'><strong>rationa-</strong></span> <span class='ocrx_word' id='word_1_691' title='bbox 2109 4562 2162 4623; x_wconf 82' lang='grc' dir='ltr'><strong>Ι)</strong></span> <span class='ocrx_word' id='word_1_692' title='bbox 2188 4579 2472 4637; x_wconf 72' lang='lat' dir='ltr'><strong>Promissa</strong></span> <span class='ocrx_word' id='word_1_693' title='bbox 2516 4582 2672 4637; x_wconf 76' lang='lat' dir='ltr'><strong>laude</strong></span> <span class='ocrx_word' id='word_1_694' title='bbox 2694 4583 3058 4654; x_wconf 76' lang='lat' dir='ltr'><strong>epistularum,</strong></span> <span class='ocrx_word' id='word_1_695' title='bbox 3086 4583 3311 4638; x_wconf 68' lang='lat' dir='ltr'><strong>maxime</strong></span> <span class='ocrx_word' id='word_1_696' title='bbox 3353 4598 3477 4653; x_wconf 67' lang='lat' dir='ltr'><strong>qua</strong></span> <span class='ocrx_word' id='word_1_697' title='bbox 3504 4583 3571 4638; x_wconf 87' lang='lat' dir='ltr'><strong>de</strong></span> <span class='ocrx_word' id='word_1_698' title='bbox 3595 4601 3646 4638; x_wconf 87' lang='lat' dir='ltr'><strong>re</strong></span> <span class='ocrx_word' id='word_1_699' title='bbox 3665 4576 3755 4635; x_wconf 75' lang='lat' dir='ltr'><strong>stili</strong></span> 
     </span>
    </p>
   </div>
   <div class='ocr_carea' id='block_1_90' title="bbox 484 4662 647 4721">
    <p class='ocr_par' dir='ltr' id='par_1_90' title="bbox 484 4662 647 4721">
     <span class='ocr_line' id='line_1_90' title="bbox 484 4662 647 4721; baseline -0.018 0"><span class='ocrx_word' id='word_1_700' title='bbox 484 4662 647 4721; x_wconf 90' lang='lat' dir='ltr'><strong>biles.</strong></span> 
     </span>
    </p>
   </div>
   <div class='ocr_carea' id='block_1_91' title="bbox 550 4758 2083 4836">
    <p class='ocr_par' dir='ltr' id='par_1_91' title="bbox 550 4758 2083 4836">
     <span class='ocr_line' id='line_1_91' title="bbox 550 4758 2083 4836; baseline 0.003 -21"><span class='ocrx_word' id='word_1_701' title='bbox 550 4758 606 4815; x_wconf 86' lang='lat'><strong>6.</strong></span> <span class='ocrx_word' id='word_1_702' title='bbox 649 4758 892 4830; x_wconf 89' lang='lat' dir='ltr'><strong>Denique</strong></span> <span class='ocrx_word' id='word_1_703' title='bbox 918 4758 1011 4816; x_wconf 89' lang='lat' dir='ltr'><strong>ubi</strong></span> <span class='ocrx_word' id='word_1_704' title='bbox 1037 4759 1198 4834; x_wconf 87' lang='lat' dir='ltr'><strong>Legis</strong></span> <span class='ocrx_word' id='word_1_705' title='bbox 1228 4772 1499 4833; x_wconf 63' lang='lat' dir='ltr'><strong>praecepta</strong></span> <span class='ocrx_word' id='word_1_706' title='bbox 1547 4763 1889 4820; x_wconf 88' lang='lat' dir='ltr'><strong>enumeravit</strong></span> <span class='ocrx_word' id='word_1_707' title='bbox 1916 4774 2083 4836; x_wconf 88' lang='lat' dir='ltr'><strong>atque</strong></span> 
     </span>
    </p>
   </div>
   <div class='ocr_carea' id='block_1_92' title="bbox 480 4851 2082 4928">
    <p class='ocr_par' dir='ltr' id='par_1_92' title="bbox 480 4851 2082 4928">
     <span class='ocr_line' id='line_1_92' title="bbox 480 4851 2082 4928; baseline 0.004 -20"><span class='ocrx_word' id='word_1_708' title='bbox 480 4851 823 4908; x_wconf 85' lang='lat' dir='ltr'><strong>annuntiavit</strong></span> <span class='ocrx_word' id='word_1_709' title='bbox 840 4852 1063 4923; x_wconf 92' lang='lat' dir='ltr'><strong>populo,</strong></span> <span class='ocrx_word' id='word_1_710' title='bbox 1077 4853 1344 4911; x_wconf 90' lang='lat' dir='ltr'><strong>theoriam</strong></span> <span class='ocrx_word' id='word_1_711' title='bbox 1359 4870 1545 4927; x_wconf 87' lang='lat' dir='ltr'><strong>postea</strong></span> <span class='ocrx_word' id='word_1_712' title='bbox 1568 4855 1921 4928; x_wconf 85' lang='lat' dir='ltr'><strong>iutelligibilis</strong></span> <span class='ocrx_word' id='word_1_713' title='bbox 1939 4856 2082 4914; x_wconf 91' lang='lat' dir='ltr'><strong>illius</strong></span> 
     </span>
    </p>
   </div>
   <div class='ocr_carea' id='block_1_93' title="bbox 478 4946 2075 5022">
    <p class='ocr_par' dir='ltr' id='par_1_93' title="bbox 478 4946 2075 5022">
     <span class='ocr_line' id='line_1_93' title="bbox 478 4946 2075 5022; baseline 0.004 -20"><span class='ocrx_word' id='word_1_714' title='bbox 478 4960 619 5003; x_wconf 67' lang='lat' dir='ltr'><strong>arcte</strong></span> <span class='ocrx_word' id='word_1_715' title='bbox 643 4946 968 5014; x_wconf 89' lang='lat' dir='ltr'><strong>testimonii,</strong></span> <span class='ocrx_word' id='word_1_716' title='bbox 996 4946 1087 5004; x_wconf 90' lang='lat' dir='ltr'><strong>vel</strong></span> <span class='ocrx_word' id='word_1_717' title='bbox 1118 4947 1458 5017; x_wconf 87' lang='lat' dir='ltr'><strong>candelabri,</strong></span> <span class='ocrx_word' id='word_1_718' title='bbox 1488 4960 1509 4987; x_wconf 73' lang='grc' dir='ltr'><strong>ο</strong></span> <span class='ocrx_word' id='word_1_719' title='bbox 1541 4949 1627 5006; x_wconf 87' lang='lat' dir='ltr'><strong>vel</strong></span> <span class='ocrx_word' id='word_1_720' title='bbox 1654 4950 2075 5022; x_wconf 84' lang='lat' dir='ltr'><strong>thyntiamaterii</strong></span> 
     </span>
    </p>
   </div>
   <div class='ocr_carea' id='block_1_94' title="bbox 478 5037 2073 5115">
    <p class='ocr_par' dir='ltr' id='par_1_94' title="bbox 478 5037 2073 5115">
     <span class='ocr_line' id='line_1_94' title="bbox 478 5037 2073 5115; baseline 0.004 -22"><span class='ocrx_word' id='word_1_721' title='bbox 478 5037 780 5106; x_wconf 88' lang='lat' dir='ltr'><strong>locuturus,</strong></span> <span class='ocrx_word' id='word_1_722' title='bbox 832 5038 1137 5095; x_wconf 89' lang='lat' dir='ltr'><strong>immolavit</strong></span> <span class='ocrx_word' id='word_1_723' title='bbox 1188 5040 1394 5097; x_wconf 89' lang='lat' dir='ltr'><strong>hostias</strong></span> <span class='ocrx_word' id='word_1_724' title='bbox 1429 5050 1485 5097; x_wconf 92' lang='lat' dir='ltr'><strong>et</strong></span> <span class='ocrx_word' id='word_1_725' title='bbox 1533 5040 1743 5110; x_wconf 90' lang='lat' dir='ltr'><strong>libavit,</strong></span> <span class='ocrx_word' id='word_1_726' title='bbox 1793 5043 2073 5115; x_wconf 88' lang='lat' dir='ltr'><strong>sanguinis</strong></span> 
     </span>
    </p>
   </div>
   <div class='ocr_carea' id='block_1_95' title="bbox 370 5131 2077 5205">
    <p class='ocr_par' dir='ltr' id='par_1_95' title="bbox 370 5131 2077 5205">
     <span class='ocr_line' id='line_1_95' title="bbox 370 5131 2077 5205; baseline 0.004 -17"><span class='ocrx_word' id='word_1_727' title='bbox 370 5168 379 5174; x_wconf 84' lang='lat'><strong>-</strong></span> <span class='ocrx_word' id='word_1_728' title='bbox 477 5141 690 5205; x_wconf 87' lang='lat' dir='ltr'><strong>partem</strong></span> <span class='ocrx_word' id='word_1_729' title='bbox 712 5131 997 5189; x_wconf 73' lang='lat' dir='ltr'><strong>aﬂundens</strong></span> <span class='ocrx_word' id='word_1_730' title='bbox 1023 5132 1286 5189; x_wconf 90' lang='lat' dir='ltr'><strong>altaribus</strong></span> <span class='ocrx_word' id='word_1_731' title='bbox 1309 5134 1501 5201; x_wconf 89' lang='lat' dir='ltr'><strong>sacris,</strong></span> <span class='ocrx_word' id='word_1_732' title='bbox 1534 5144 1743 5203; x_wconf 87' lang='lat' dir='ltr'><strong>partem</strong></span> <span class='ocrx_word' id='word_1_733' title='bbox 1773 5145 1952 5193; x_wconf 89' lang='lat' dir='ltr'><strong>autem</strong></span> <span class='ocrx_word' id='word_1_734' title='bbox 1994 5137 2077 5194; x_wconf 85' lang='lat' dir='ltr'><strong>in-</strong></span> 
     </span>
    </p>
   </div>
   <div class='ocr_carea' id='block_1_96' title="bbox 471 5226 1762 5303">
    <p class='ocr_par' dir='ltr' id='par_1_96' title="bbox 471 5226 1762 5303">
     <span class='ocr_line' id='line_1_96' title="bbox 471 5226 1762 5303; baseline 0.002 -20"><span class='ocrx_word' id='word_1_735' title='bbox 471 5226 708 5285; x_wconf 83' lang='lat' dir='ltr'><strong>tundens</strong></span> <span class='ocrx_word' id='word_1_736' title='bbox 727 5229 1031 5287; x_wconf 88' lang='lat' dir='ltr'><strong>crateribus</strong></span> <span class='ocrx_word' id='word_1_737' title='bbox 1059 5226 1257 5303; x_wconf 73' lang='lat' dir='ltr'><strong>(Exod.</strong></span> <span class='ocrx_word' id='word_1_738' title='bbox 1284 5244 1411 5297; x_wconf 81' lang='lat' dir='ltr'><strong>xxv,</strong></span> <span class='ocrx_word' id='word_1_739' title='bbox 1441 5231 1507 5286; x_wconf 78' lang='grc'><strong>51</strong></span> <span class='ocrx_word' id='word_1_740' title='bbox 1538 5239 1585 5285; x_wconf 89' lang='lat' dir='ltr'><strong>et</strong></span> <span class='ocrx_word' id='word_1_741' title='bbox 1605 5229 1762 5303; x_wconf 57' lang='grc' dir='ltr'><strong>θαι).</strong></span> 
     </span>
    </p>
   </div>
   <div class='ocr_carea' id='block_1_97' title="bbox 546 5361 2074 5434">
    <p class='ocr_par' dir='ltr' id='par_1_97' title="bbox 546 5361 2074 5434">
     <span class='ocr_line' id='line_1_97' title="bbox 546 5361 2074 5434; baseline 0.002 -16"><span class='ocrx_word' id='word_1_742' title='bbox 546 5370 573 5402; x_wconf 71' lang='grc' dir='ltr'>α</span> <span class='ocrx_word' id='word_1_743' title='bbox 611 5361 838 5434; x_wconf 48' lang='lat' dir='ltr'><strong>ualuas.</strong></span> <span class='ocrx_word' id='word_1_744' title='bbox 875 5377 1043 5434; x_wconf 90' lang='lat' dir='ltr'><strong>prope</strong></span> <span class='ocrx_word' id='word_1_745' title='bbox 1072 5362 1140 5419; x_wconf 86' lang='lat' dir='ltr'><strong>ad</strong></span> <span class='ocrx_word' id='word_1_746' title='bbox 1170 5377 1338 5420; x_wconf 86' lang='lat' dir='ltr'><strong>unum</strong></span> <span class='ocrx_word' id='word_1_747' title='bbox 1369 5379 1382 5415; x_wconf 89' lang='lat'><strong>:</strong></span> <span class='ocrx_word' id='word_1_748' title='bbox 1414 5361 1548 5434; x_wconf 80' lang='lat' dir='ltr'><strong>edit.</strong></span> <span class='ocrx_word' id='word_1_749' title='bbox 1580 5373 1760 5420; x_wconf 88' lang='lat' dir='ltr'><strong>autem</strong></span> <span class='ocrx_word' id='word_1_750' title='bbox 1792 5379 1824 5421; x_wconf 91' lang='lat' dir='ltr'><strong>e</strong></span> <span class='ocrx_word' id='word_1_751' title='bbox 1854 5372 2074 5421; x_wconf 88' lang='lat' dir='ltr'><strong>contra-</strong></span> 
     </span>
    </p>
   </div>
   <div class='ocr_carea' id='block_1_98' title="bbox 469 5432 2076 5506">
    <p class='ocr_par' dir='ltr' id='par_1_98' title="bbox 469 5432 2076 5506">
     <span class='ocr_line' id='line_1_98' title="bbox 469 5432 2076 5506; baseline 0.002 -16"><span class='ocrx_word' id='word_1_752' title='bbox 469 5432 577 5506; x_wconf 82' lang='lat' dir='ltr'><strong>rio,</strong></span> <span class='ocrx_word' id='word_1_753' title='bbox 600 5443 647 5489; x_wconf 91' lang='lat' dir='ltr'><strong>et</strong></span> <span class='ocrx_word' id='word_1_754' title='bbox 675 5432 864 5490; x_wconf 82' lang='lat' dir='ltr'><strong>Esaias</strong></span> <span class='ocrx_word' id='word_1_755' title='bbox 878 5432 1163 5506; x_wconf 65' lang='lat' dir='ltr'><strong>propheta.</strong></span> <span class='ocrx_word' id='word_1_756' title='bbox 1186 5434 1292 5492; x_wconf 89' lang='lat' dir='ltr'><strong>Sed</strong></span> <span class='ocrx_word' id='word_1_757' title='bbox 1337 5432 1690 5489; x_wconf 83' lang='lat' dir='ltr'><strong>verisimilius</strong></span> <span class='ocrx_word' id='word_1_758' title='bbox 1726 5446 1809 5492; x_wconf 89' lang='lat' dir='ltr'><strong>est</strong></span> <span class='ocrx_word' id='word_1_759' title='bbox 1834 5437 2076 5494; x_wconf 90' lang='lat' dir='ltr'><strong>editores</strong></span> 
     </span>
    </p>
   </div>
   <div class='ocr_carea' id='block_1_99' title="bbox 470 5504 2074 5577">
    <p class='ocr_par' dir='ltr' id='par_1_99' title="bbox 470 5504 2074 5577">
     <span class='ocr_line' id='line_1_99' title="bbox 470 5504 2074 5577; baseline 0.003 -18"><span class='ocrx_word' id='word_1_760' title='bbox 470 5504 598 5562; x_wconf 89' lang='lat' dir='ltr'><strong>ideo</strong></span> <span class='ocrx_word' id='word_1_761' title='bbox 626 5504 899 5577; x_wconf 76' lang='lat' dir='ltr'><strong>posuisse</strong></span> <span class='ocrx_word' id='word_1_762' title='bbox 920 5504 1221 5577; x_wconf 62' lang='lat' dir='ltr'><strong>rb&#39;Esaias,</strong></span> <span class='ocrx_word' id='word_1_763' title='bbox 1259 5506 1403 5577; x_wconf 88' lang='lat' dir='ltr'><strong>quod</strong></span> <span class='ocrx_word' id='word_1_764' title='bbox 1427 5506 1569 5576; x_wconf 90' lang='lat' dir='ltr'><strong>apud</strong></span> <span class='ocrx_word' id='word_1_765' title='bbox 1597 5520 1721 5562; x_wconf 91' lang='lat' dir='ltr'><strong>eum</strong></span> <span class='ocrx_word' id='word_1_766' title='bbox 1751 5509 2074 5577; x_wconf 85' lang='lat' dir='ltr'><strong>prephetam</strong></span> 
     </span>
    </p>
   </div>
   <div class='ocr_carea' id='block_1_100' title="bbox 470 5575 2073 5647">
    <p class='ocr_par' dir='ltr' id='par_1_100' title="bbox 470 5575 2073 5647">
     <span class='ocr_line' id='line_1_100' title="bbox 470 5575 2073 5647; baseline 0.002 -16"><span class='ocrx_word' id='word_1_767' title='bbox 470 5588 549 5643; x_wconf 82' lang='lat' dir='ltr'><strong>vr,</strong></span> <span class='ocrx_word' id='word_1_768' title='bbox 578 5575 805 5644; x_wconf 17' lang='lat' dir='ltr'><strong>{,7clare</strong></span> <span class='ocrx_word' id='word_1_769' title='bbox 853 5576 1143 5647; x_wconf 84' lang='lat' dir='ltr'><strong>habeatur,</strong></span> <span class='ocrx_word' id='word_1_770' title='bbox 1183 5575 1303 5632; x_wconf 78' lang='lat' dir='ltr'><strong>Vidi</strong></span> <span class='ocrx_word' id='word_1_771' title='bbox 1348 5575 1629 5633; x_wconf 86' lang='lat' dir='ltr'><strong>Dominum</strong></span> <span class='ocrx_word' id='word_1_772' title='bbox 1652 5575 1934 5645; x_wconf 81' lang='lat' dir='ltr'><strong>sedentem,</strong></span> <span class='ocrx_word' id='word_1_773' title='bbox 1965 5587 2073 5636; x_wconf 90' lang='lat' dir='ltr'><strong>etc.</strong></span> 
     </span>
    </p>
   </div>
   <div class='ocr_carea' id='block_1_101' title="bbox 471 5647 2077 5719">
    <p class='ocr_par' dir='ltr' id='par_1_101' title="bbox 471 5647 2077 5719">
     <span class='ocr_line' id='line_1_101' title="bbox 471 5647 2077 5719; baseline 0.005 -19"><span class='ocrx_word' id='word_1_774' title='bbox 471 5658 633 5715; x_wconf 89' lang='lat' dir='ltr'><strong>quam</strong></span> <span class='ocrx_word' id='word_1_775' title='bbox 662 5661 694 5700; x_wconf 90' lang='lat' dir='ltr'><strong>a</strong></span> <span class='ocrx_word' id='word_1_776' title='bbox 720 5647 1079 5719; x_wconf 76' lang='lat' dir='ltr'><strong>scriptoribus</strong></span> <span class='ocrx_word' id='word_1_777' title='bbox 1104 5664 1204 5716; x_wconf 91' lang='lat' dir='ltr'><strong>pro</strong></span> <span class='ocrx_word' id='word_1_778' title='bbox 1234 5648 1393 5705; x_wconf 88' lang='lat' dir='ltr'><strong>Esaia</strong></span> <span class='ocrx_word' id='word_1_779' title='bbox 1416 5648 1773 5706; x_wconf 88' lang='lat' dir='ltr'><strong>substitutum</strong></span> <span class='ocrx_word' id='word_1_780' title='bbox 1804 5649 1996 5718; x_wconf 78' lang='lat' dir='ltr'><strong>David,</strong></span> <span class='ocrx_word' id='word_1_781' title='bbox 2009 5651 2077 5708; x_wconf 88' lang='lat' dir='ltr'><strong>ad</strong></span> 
     </span>
    </p>
   </div>
   <div class='ocr_carea' id='block_1_102' title="bbox 473 5716 1953 5784">
    <p class='ocr_par' dir='ltr' id='par_1_102' title="bbox 473 5716 1953 5784">
     <span class='ocr_line' id='line_1_102' title="bbox 473 5716 1953 5784; baseline 0.005 -16"><span class='ocrx_word' id='word_1_782' title='bbox 473 5728 636 5784; x_wconf 83' lang='lat' dir='ltr'><strong>quem</strong></span> <span class='ocrx_word' id='word_1_783' title='bbox 660 5716 871 5774; x_wconf 81' lang='lat' dir='ltr'><strong>scilicet</strong></span> <span class='ocrx_word' id='word_1_784' title='bbox 898 5718 1188 5774; x_wconf 86' lang='lat' dir='ltr'><strong>obscurius</strong></span> <span class='ocrx_word' id='word_1_785' title='bbox 1214 5719 1451 5776; x_wconf 82' lang='lat' dir='ltr'><strong>refertur</strong></span> <span class='ocrx_word' id='word_1_786' title='bbox 1472 5721 1755 5777; x_wconf 80' lang='lat' dir='ltr'><strong>Ambrosii</strong></span> <span class='ocrx_word' id='word_1_787' title='bbox 1781 5721 1953 5778; x_wconf 89' lang='lat' dir='ltr'><strong>locus.</strong></span> 
     </span>
    </p>
   </div>
   <div class='ocr_carea' id='block_1_103' title="bbox 548 5783 2083 5875">
    <p class='ocr_par' dir='ltr' id='par_1_103' title="bbox 548 5783 2083 5875">
     <span class='ocr_line' id='line_1_103' title="bbox 548 5783 2083 5875; baseline 0.009 -37"><span class='ocrx_word' id='word_1_788' title='bbox 548 5783 578 5823; x_wconf 72' lang='grc' dir='ltr'>ι)</span> <span class='ocrx_word' id='word_1_789' title='bbox 617 5784 823 5842; x_wconf 88' lang='lat' dir='ltr'><strong>Omnes</strong></span> <span class='ocrx_word' id='word_1_790' title='bbox 853 5787 1015 5858; x_wconf 90' lang='lat' dir='ltr'><strong>edit.,</strong></span> <span class='ocrx_word' id='word_1_791' title='bbox 1075 5789 1298 5875; x_wconf 65' lang='lat' dir='ltr'><strong>Mystica</strong></span> <span class='ocrx_word' id='word_1_792' title='bbox 1322 5807 1443 5863; x_wconf 84' lang='lat' dir='ltr'><strong>ergo</strong></span> <span class='ocrx_word' id='word_1_793' title='bbox 1473 5790 1585 5849; x_wconf 90' lang='lat' dir='ltr'><strong>Deo</strong></span> <span class='ocrx_word' id='word_1_794' title='bbox 1610 5793 1877 5864; x_wconf 81' lang='lat' dir='ltr'><strong>libantur;</strong></span> <span class='ocrx_word' id='word_1_795' title='bbox 1907 5792 2083 5852; x_wconf 75' lang='lat' dir='ltr'><strong>codex</strong></span> 
     </span>
    </p>
   </div>
   <div class='ocr_carea' id='block_1_104' title="bbox 2257 4673 3755 4747">
    <p class='ocr_par' dir='ltr' id='par_1_104' title="bbox 2257 4673 3755 4747">
     <span class='ocr_line' id='line_1_104' title="bbox 2257 4673 3755 4747; baseline 0.001 -20"><span class='ocrx_word' id='word_1_796' title='bbox 2257 4673 2614 4742; x_wconf 82' lang='lat' dir='ltr'><strong>instituuntur,</strong></span> <span class='ocrx_word' id='word_1_797' title='bbox 2665 4674 2811 4730; x_wconf 86' lang='lat' dir='ltr'><strong>docet</strong></span> <span class='ocrx_word' id='word_1_798' title='bbox 2862 4691 2954 4747; x_wconf 88' lang='lat' dir='ltr'><strong>per</strong></span> <span class='ocrx_word' id='word_1_799' title='bbox 3000 4674 3055 4729; x_wconf 88' lang='lat' dir='ltr'><strong>id</strong></span> <span class='ocrx_word' id='word_1_800' title='bbox 3093 4674 3247 4747; x_wconf 74' lang='lat' dir='ltr'><strong>quod‘</strong></span> <span class='ocrx_word' id='word_1_801' title='bbox 3284 4674 3465 4731; x_wconf 73' lang='lat' dir='ltr'><strong>Aaron</strong></span> <span class='ocrx_word' id='word_1_802' title='bbox 3516 4676 3755 4730; x_wconf 66' lang='lat' dir='ltr'><strong>mulieris!</strong></span> 
     </span>
    </p>
   </div>
   <div class='ocr_carea' id='block_1_105' title="bbox 2257 4766 3753 4843">
    <p class='ocr_par' dir='ltr' id='par_1_105' title="bbox 2257 4766 3753 4843">
     <span class='ocr_line' id='line_1_105' title="bbox 2257 4766 3753 4843; baseline 0.003 -23"><span class='ocrx_word' id='word_1_803' title='bbox 2257 4766 2465 4822; x_wconf 82' lang='lat' dir='ltr'><strong>inaures</strong></span> <span class='ocrx_word' id='word_1_804' title='bbox 2485 4768 2539 4822; x_wconf 86' lang='lat' dir='ltr'><strong>in</strong></span> <span class='ocrx_word' id='word_1_805' title='bbox 2559 4768 2710 4823; x_wconf 80' lang='lat' dir='ltr'><strong>vituli</strong></span> <span class='ocrx_word' id='word_1_806' title='bbox 2728 4778 2885 4839; x_wconf 76' lang='lat' dir='ltr'><strong>caput</strong></span> <span class='ocrx_word' id='word_1_807' title='bbox 2902 4770 3232 4840; x_wconf 74' lang='lat' dir='ltr'><strong>conﬂauerit,</strong></span> <span class='ocrx_word' id='word_1_808' title='bbox 3254 4770 3549 4843; x_wconf 75' lang='lat' dir='ltr'><strong>signiﬁcari</strong></span> <span class='ocrx_word' id='word_1_809' title='bbox 3561 4777 3753 4841; x_wconf 65' lang='lat' dir='ltr'><strong>erepta!</strong></span> 
     </span>
    </p>
   </div>
   <div class='ocr_carea' id='block_1_106' title="bbox 2251 4859 3753 4934">
    <p class='ocr_par' dir='ltr' id='par_1_106' title="bbox 2251 4859 3753 4934">
     <span class='ocr_line' id='line_1_106' title="bbox 2251 4859 3753 4934; baseline 0.001 -21"><span class='ocrx_word' id='word_1_810' title='bbox 2251 4860 2562 4931; x_wconf 85' lang='lat' dir='ltr'><strong>serpentinis</strong></span> <span class='ocrx_word' id='word_1_811' title='bbox 2574 4859 2784 4931; x_wconf 77' lang='lat' dir='ltr'><strong>ﬂatibus</strong></span> <span class='ocrx_word' id='word_1_812' title='bbox 2809 4860 2936 4930; x_wconf 78' lang='lat' dir='ltr'><strong>fidei</strong></span> <span class='ocrx_word' id='word_1_813' title='bbox 2958 4861 3307 4934; x_wconf 75' lang='lat' dir='ltr'><strong>signaculum,</strong></span> <span class='ocrx_word' id='word_1_814' title='bbox 3340 4878 3405 4916; x_wconf 86' lang='lat' dir='ltr'><strong>ac</strong></span> <span class='ocrx_word' id='word_1_815' title='bbox 3424 4867 3753 4933; x_wconf 66' lang='grc' dir='ltr'><strong>ρτωιιοιυιηο</strong></span> 
     </span>
    </p>
   </div>
   <div class='ocr_carea' id='block_1_107' title="bbox 2254 4951 3752 5028">
    <p class='ocr_par' dir='ltr' id='par_1_107' title="bbox 2254 4951 3752 5028">
     <span class='ocr_line' id='line_1_107' title="bbox 2254 4951 3752 5028; baseline -0.001 -21"><span class='ocrx_word' id='word_1_816' title='bbox 2254 4962 2360 5007; x_wconf 87' lang='lat' dir='ltr'><strong>tam</strong></span> <span class='ocrx_word' id='word_1_817' title='bbox 2384 4951 2691 5008; x_wconf 74' lang='lat' dir='ltr'><strong>Judteorum</strong></span> <span class='ocrx_word' id='word_1_818' title='bbox 2717 4953 3068 5009; x_wconf 87' lang='lat' dir='ltr'><strong>idololatriam</strong></span> <span class='ocrx_word' id='word_1_819' title='bbox 3092 4972 3112 5010; x_wconf 88' lang='lat'><strong><em>:</em></strong></span> <span class='ocrx_word' id='word_1_820' title='bbox 3134 4972 3227 5027; x_wconf 89' lang='lat' dir='ltr'><strong>per</strong></span> <span class='ocrx_word' id='word_1_821' title='bbox 3242 4955 3299 5010; x_wconf 88' lang='lat' dir='ltr'><strong>id</strong></span> <span class='ocrx_word' id='word_1_822' title='bbox 3313 4971 3435 5012; x_wconf 75' lang='lat' dir='ltr'><strong>vero</strong></span> <span class='ocrx_word' id='word_1_823' title='bbox 3456 4955 3591 5028; x_wconf 77' lang='lat' dir='ltr'><strong>quod</strong></span> <span class='ocrx_word' id='word_1_824' title='bbox 3606 4952 3752 5026; x_wconf 76' lang='lat' dir='ltr'><strong>[rectis</strong></span> 
     </span>
    </p>
   </div>
   <div class='ocr_carea' id='block_1_108' title="bbox 2250 5047 3750 5120">
    <p class='ocr_par' dir='ltr' id='par_1_108' title="bbox 2250 5047 3750 5120">
     <span class='ocr_line' id='line_1_108' title="bbox 2250 5047 3750 5120; baseline 0.001 -19"><span class='ocrx_word' id='word_1_825' title='bbox 2250 5047 2438 5104; x_wconf 86' lang='lat' dir='ltr'><strong>tabulis</strong></span> <span class='ocrx_word' id='word_1_826' title='bbox 2462 5047 2671 5120; x_wconf 79' lang='lat' dir='ltr'><strong>Moyses</strong></span> <span class='ocrx_word' id='word_1_827' title='bbox 2693 5048 2911 5104; x_wconf 76' lang='lat' dir='ltr'><strong>vitulum</strong></span> <span class='ocrx_word' id='word_1_828' title='bbox 2935 5051 3256 5116; x_wconf 78' lang='lat' dir='ltr'><strong>comminuit,</strong></span> <span class='ocrx_word' id='word_1_829' title='bbox 3276 5047 3750 5107; x_wconf 65' lang='lat' dir='ltr'><strong>indicaridelendsl</strong></span> 
     </span>
    </p>
   </div>
   <div class='ocr_carea' id='block_1_109' title="bbox 2257 5139 3749 5216">
    <p class='ocr_par' dir='ltr' id='par_1_109' title="bbox 2257 5139 3749 5216">
     <span class='ocr_line' id='line_1_109' title="bbox 2257 5139 3749 5216; baseline 0.004 -21"><span class='ocrx_word' id='word_1_830' title='bbox 2257 5140 2558 5212; x_wconf 83' lang='lat' dir='ltr'><strong>superbiam</strong></span> <span class='ocrx_word' id='word_1_831' title='bbox 2599 5157 2660 5196; x_wconf 88' lang='lat' dir='ltr'><strong>ac</strong></span> <span class='ocrx_word' id='word_1_832' title='bbox 2696 5143 2976 5213; x_wconf 80' lang='lat' dir='ltr'><strong>perﬁdiam</strong></span> <span class='ocrx_word' id='word_1_833' title='bbox 3009 5160 3029 5198; x_wconf 89' lang='lat'><strong><em>:</em></strong></span> <span class='ocrx_word' id='word_1_834' title='bbox 3056 5160 3150 5216; x_wconf 84' lang='lat' dir='ltr'><strong>per</strong></span> <span class='ocrx_word' id='word_1_835' title='bbox 3166 5144 3304 5200; x_wconf 82' lang='lat' dir='ltr'><strong>illud</strong></span> <span class='ocrx_word' id='word_1_836' title='bbox 3335 5144 3547 5200; x_wconf 73' lang='lat' dir='ltr'><strong>tandem</strong></span> <span class='ocrx_word' id='word_1_837' title='bbox 3568 5140 3692 5214; x_wconf 60' lang='lat' dir='ltr'><strong>quod</strong></span> <span class='ocrx_word' id='word_1_838' title='bbox 3710 5139 3749 5189; x_wconf 71' lang='lat' dir='ltr'><strong>il</strong></span> 
     </span>
    </p>
   </div>
   <div class='ocr_carea' id='block_1_110' title="bbox 2259 5230 3750 5308">
    <p class='ocr_par' dir='ltr' id='par_1_110' title="bbox 2259 5230 3750 5308">
     <span class='ocr_line' id='line_1_110' title="bbox 2259 5230 3750 5308; baseline 0 -18"><span class='ocrx_word' id='word_1_839' title='bbox 2259 5235 2555 5305; x_wconf 69' lang='lat' dir='ltr'><strong>proximum</strong></span> <span class='ocrx_word' id='word_1_840' title='bbox 2568 5236 2939 5308; x_wconf 74' lang='lat' dir='ltr'><strong>jassitstevire,</strong></span> <span class='ocrx_word' id='word_1_841' title='bbox 2967 5251 3060 5292; x_wconf 87' lang='lat' dir='ltr'><strong>nos</strong></span> <span class='ocrx_word' id='word_1_842' title='bbox 3079 5236 3372 5306; x_wconf 86' lang='lat' dir='ltr'><strong>admoneri,</strong></span> <span class='ocrx_word' id='word_1_843' title='bbox 3401 5247 3460 5293; x_wconf 79' lang='lat' dir='ltr'><strong>ut</strong></span> <span class='ocrx_word' id='word_1_844' title='bbox 3480 5230 3750 5305; x_wconf 64' lang='lat' dir='ltr'><strong>commani-</strong></span> 
     </span>
    </p>
   </div>
   <div class='ocr_carea' id='block_1_111' title="bbox 2179 5365 3747 5444">
    <p class='ocr_par' dir='ltr' id='par_1_111' title="bbox 2179 5365 3747 5444">
     <span class='ocr_line' id='line_1_111' title="bbox 2179 5365 3747 5444; baseline 0.001 -23"><span class='ocrx_word' id='word_1_845' title='bbox 2179 5365 2340 5444; x_wconf 73' lang='lat' dir='ltr'><strong>Ltut.,</strong></span> <span class='ocrx_word' id='word_1_846' title='bbox 2375 5366 2603 5440; x_wconf 76' lang='lat' dir='ltr'><strong>Mystica</strong></span> <span class='ocrx_word' id='word_1_847' title='bbox 2621 5384 2744 5444; x_wconf 81' lang='lat' dir='ltr'><strong>pars</strong></span> <span class='ocrx_word' id='word_1_848' title='bbox 2772 5380 3041 5444; x_wconf 81' lang='lat' dir='ltr'><strong>ergo,etc._</strong></span> <span class='ocrx_word' id='word_1_849' title='bbox 3073 5388 3089 5436; x_wconf 88' lang='lat'><strong>;</strong></span> <span class='ocrx_word' id='word_1_850' title='bbox 3121 5371 3222 5429; x_wconf 83' lang='lat' dir='ltr'><strong>sed</strong></span> <span class='ocrx_word' id='word_1_851' title='bbox 3243 5371 3542 5444; x_wconf 85' lang='lat' dir='ltr'><strong>elegantius</strong></span> <span class='ocrx_word' id='word_1_852' title='bbox 3569 5373 3617 5426; x_wconf 90' lang='lat' dir='ltr'><strong>in</strong></span> <span class='ocrx_word' id='word_1_853' title='bbox 3645 5366 3747 5423; x_wconf 73' lang='lat' dir='ltr'><strong>reli-</strong></span> 
     </span>
    </p>
   </div>
   <div class='ocr_carea' id='block_1_112' title="bbox 2180 5439 3744 5515">
    <p class='ocr_par' dir='ltr' id='par_1_112' title="bbox 2180 5439 3744 5515">
     <span class='ocr_line' id='line_1_112' title="bbox 2180 5439 3744 5515; baseline 0.004 -24"><span class='ocrx_word' id='word_1_854' title='bbox 2180 5439 2303 5509; x_wconf 87' lang='lat' dir='ltr'><strong>quis</strong></span> <span class='ocrx_word' id='word_1_855' title='bbox 2320 5449 2503 5515; x_wconf 73' lang='lat' dir='ltr'><strong>mente</strong></span> <span class='ocrx_word' id='word_1_856' title='bbox 2528 5439 3165 5515; x_wconf 36' lang='lat' dir='ltr'><strong>sujipletur,fdisciplina;</strong></span> <span class='ocrx_word' id='word_1_857' title='bbox 3194 5444 3248 5499; x_wconf 93' lang='lat' dir='ltr'><strong>in</strong></span> <span class='ocrx_word' id='word_1_858' title='bbox 3270 5439 3455 5515; x_wconf 67' lang='lat' dir='ltr'><strong>paucis</strong></span> <span class='ocrx_word' id='word_1_859' title='bbox 3478 5452 3643 5498; x_wconf 87' lang='lat' dir='ltr'><strong>autem</strong></span> <span class='ocrx_word' id='word_1_860' title='bbox 3662 5451 3744 5493; x_wconf 74' lang='lat' dir='ltr'><strong>m8-</strong></span> 
     </span>
    </p>
   </div>
   <div class='ocr_carea' id='block_1_113' title="bbox 2183 5509 3741 5591">
    <p class='ocr_par' dir='ltr' id='par_1_113' title="bbox 2183 5509 3741 5591">
     <span class='ocr_line' id='line_1_113' title="bbox 2183 5509 3741 5591; baseline 0.011 -27"><span class='ocrx_word' id='word_1_861' title='bbox 2183 5524 2284 5580; x_wconf 87' lang='lat' dir='ltr'><strong>pro</strong></span> <span class='ocrx_word' id='word_1_862' title='bbox 2316 5509 2780 5591; x_wconf 52' lang='lat' dir='ltr'><strong>libaturjegimus</strong></span> <span class='ocrx_word' id='word_1_863' title='bbox 2819 5509 2995 5567; x_wconf 58' lang='grc' dir='ltr'><strong>ιίιοαι.⁷</strong></span> <span class='ocrx_word' id='word_1_864' title='bbox 3034 5584 3073 5591; x_wconf 83' lang='lat'><strong>__</strong></span> <span class='ocrx_word' id='word_1_865' title='bbox 3425 5589 3435 5591; x_wconf 76' lang='lat'><strong><em>_</em></strong></span> <span class='ocrx_word' id='word_1_866' title='bbox 3575 5587 3587 5591; x_wconf 85' lang='lat'>_</span> 
     </span>
    </p>
   </div>
   <div class='ocr_carea' id='block_1_114' title="bbox 2260 5581 3741 5660">
    <p class='ocr_par' dir='ltr' id='par_1_114' title="bbox 2260 5581 3741 5660">
     <span class='ocr_line' id='line_1_114' title="bbox 2260 5581 3741 5660; baseline -0.002 -23"><span class='ocrx_word' id='word_1_867' title='bbox 2260 5591 2305 5660; x_wconf 51' lang='grc' dir='ltr'>ᾖ</span> <span class='ocrx_word' id='word_1_868' title='bbox 2322 5581 2577 5660; x_wconf 65' lang='lat' dir='ltr'><strong>Nonnulli</strong></span> <span class='ocrx_word' id='word_1_869' title='bbox 2605 5581 2742 5660; x_wconf 79' lang='lat' dir='ltr'><strong>inss.</strong></span> <span class='ocrx_word' id='word_1_870' title='bbox 2773 5592 2831 5660; x_wconf 81' lang='lat' dir='ltr'><strong>et</strong></span> <span class='ocrx_word' id='word_1_871' title='bbox 2847 5593 2963 5660; x_wconf 82' lang='lat' dir='ltr'><strong>vet.</strong></span> <span class='ocrx_word' id='word_1_872' title='bbox 2983 5584 3148 5651; x_wconf 88' lang='lat' dir='ltr'><strong>edit.,</strong></span> <span class='ocrx_word' id='word_1_873' title='bbox 3174 5588 3255 5643; x_wconf 77' lang='lat' dir='ltr'><strong>uel</strong></span> <span class='ocrx_word' id='word_1_874' title='bbox 3274 5587 3646 5660; x_wconf 69' lang='lat' dir='ltr'><strong>thymiamatis,-</strong></span> <span class='ocrx_word' id='word_1_875' title='bbox 3670 5581 3741 5637; x_wconf 88' lang='lat' dir='ltr'><strong>alii</strong></span> 
     </span>
    </p>
   </div>
   <div class='ocr_carea' id='block_1_115' title="bbox 2184 5653 3401 5731">
    <p class='ocr_par' dir='ltr' id='par_1_115' title="bbox 2184 5653 3401 5731">
     <span class='ocr_line' id='line_1_115' title="bbox 2184 5653 3401 5731; baseline 0.007 -22"><span class='ocrx_word' id='word_1_876' title='bbox 2184 5658 2243 5709; x_wconf 91' lang='lat' dir='ltr'><strong>et</strong></span> <span class='ocrx_word' id='word_1_877' title='bbox 2269 5653 2429 5731; x_wconf 61' lang='lat' dir='ltr'><strong>item.</strong></span> <span class='ocrx_word' id='word_1_878' title='bbox 2460 5654 2619 5721; x_wconf 90' lang='lat' dir='ltr'><strong>edit.,</strong></span> <span class='ocrx_word' id='word_1_879' title='bbox 2647 5654 2729 5731; x_wconf 62' lang='lat' dir='ltr'><strong>uel</strong></span> <span class='ocrx_word' id='word_1_880' title='bbox 2756 5656 3179 5731; x_wconf 77' lang='lat' dir='ltr'><strong>thymiamaterii.</strong></span> <span class='ocrx_word' id='word_1_881' title='bbox 3290 5730 3297 5731; x_wconf 16' lang='grc' dir='ltr'>ί</span> <span class='ocrx_word' id='word_1_882' title='bbox 3331 5653 3354 5660; x_wconf 65' lang='grc'><strong>⁷</strong></span> <span class='ocrx_word' id='word_1_883' title='bbox 3396 5726 3401 5731; x_wconf 12' lang='grc' dir='ltr'><em>Η</em></span> 
     </span>
    </p>
   </div>
   <div class='ocr_carea' id='block_1_116' title="bbox 2258 5721 3412 5803">
    <p class='ocr_par' dir='ltr' id='par_1_116' title="bbox 2258 5721 3412 5803">
     <span class='ocr_line' id='line_1_116' title="bbox 2258 5721 3412 5803; baseline 0.005 -24"><span class='ocrx_word' id='word_1_884' title='bbox 2258 5721 2286 5762; x_wconf 77' lang='grc' dir='ltr'>ἀ</span> <span class='ocrx_word' id='word_1_885' title='bbox 2326 5724 2402 5780; x_wconf 89' lang='lat' dir='ltr'><strong>Ita</strong></span> <span class='ocrx_word' id='word_1_886' title='bbox 2433 5726 2734 5793; x_wconf 89' lang='lat' dir='ltr'><strong>mss.;edit.</strong></span> <span class='ocrx_word' id='word_1_887' title='bbox 2770 5721 2923 5794; x_wconf 79' lang='lat' dir='ltr'><strong>véro,</strong></span> <span class='ocrx_word' id='word_1_888' title='bbox 2958 5729 3252 5803; x_wconf 79' lang='lat' dir='ltr'><strong>intelligere</strong></span> <span class='ocrx_word' id='word_1_889' title='bbox 3278 5726 3412 5787; x_wconf 70' lang='lat' dir='ltr'><strong>licet.</strong></span> 
     </span>
    </p>
   </div>
  </div>
