3932 6296
129 309 262 373 ωδ

1311 300 1806 360 εΡιδϊοιΑιίυΜ
1842 300 2120 361 CLASSIS
2159 302 2221 362 ll.

3286 310 3423 370 i226

192 437 312 477 neos
333 419 727 491 post/labentum
749 420 1007 492 religioni,
1031 427 1077 474 et
1095 417 1342 490 quidquid
1370 416 1480 474 Deo
1500 418 1554 472 in
1577 417 1718 472 nobis
1744 419 1797 479 Α
1825 425 1930 484 ret,
1963 416 2060 473 sed
2085 414 2231 488 quod
2254 415 2402 472 viros
2432 430 2540 471 non
2571 415 2776 473 habere
2825 367 3224 478 manifestaret.
3278 367 3425 482 Con;

193 516 409 582 resistit,
450 515 816 587 prtecidamus.

622 608 932 665 Aunnosws
969 607 1217 663 Rouuw.

194 708 244 763 l.
289 706 655 779 Epistolarum
685 719 861 776 genus
883 709 1175 774 propterea
1207 708 1579 770 repertum,ut
1604 698 1721 770 qui-

122 801 245 857 dam
272 800 433 858 nobis
463 815 587 856 cum
611 797 930 854 absentibus
959 809 1146 851 sermo
1177 792 1271 857 sit,
1299 791 1351 847 in
1371 790 1595 847 dubium
1611 806 1721 847 non

123 895 272 951 venit
304 893 440 950 :sed
481 893 541 948 ﬁt
581 891 686 947 hoc
716 904 817 946 usu
839 887 1202 959 exemploque
1226 883 1531 956 pulchrius,
1563 885 1611 941 si
1639 884 1722 939 in-

123 998 207 1044 ter
251 995 531 1058 parentem
568 999 632 1041 ac
673 984 816 1058 ﬁlios
842 982 1035 1039 crebra
1067 991 1122 1038 et
1155 978 1399 1052 jucunda
1427 987 1453 1014 ει
1481 978 1723 1048 alloquia

125 1080 442 1146 cwdantur;
475 1088 536 1134 ut
561 1092 692 1134 vere
715 1076 857 1132 inter
886 1073 1192 1145 disjunctos
1214 1086 1443 1142 corpore
1473 1069 1722 1142 quaedam

126 1175 306 1245 imago
333 1175 604 1230 referatur
635 1169 942 1242 praesentia:
975 1185 988 1221 :
1021 1168 1107 1222 his
1135 1166 1284 1223 enim
1315 1164 1578 1221 adolescit
1607 1163 1726 1218 olﬁ-

126 1269 226 1326 ciis
253 1284 430 1336 amor,
465 1266 492 1305 ι)
525 1267 669 1322 sicut
699 1267 803 1320 tuis
835 1263 901 1318 ad
932 1277 1041 1328 me,
1075 1272 1167 1315 aut
1206 1259 1344 1316 meis
1368 1258 1434 1313 ad
1465 1269 1517 1313 te
1557 1273 1724 1328 auge-

127 1372 214 1418 tur
243 1361 467 1418 litteris.
498 1359 606 1417 Sed
639 1359 742 1414 hoc
766 1357 938 1412 multo
968 1353 1296 1426 locupletius
1316 1352 1589 1423 proximis
1621 1359 1728 1405 tua:

125 1455 436 1513 dilecﬁonis
468 1450 716 1526 experiri
745 1450 887 1521 coepi
929 1447 1215 1513 affatibus,
1255 1446 1455 1518 quibus
1477 1459 1566 1501 me
1591 1459 1727 1500 con-

124 1551 420 1608 sulendum
445 1548 670 1620 putasti,
697 1546 825 1617 quid
847 1544 948 1600 sibi
975 1541 1300 1614 velletquod
1326 1542 1507 1596 Aaron
1535 1552 1727 1594 aurum

1819 528 1955 584 grue
1981 527 2196 583 quoque
2228 512 2453 568 inaures
2475 511 2798 570 auferuntur
2835 515 3192 587 mulieribus,
3227 535 3294 577 ne
3321 522 3426 579 ite-

1822 620 1940 660 rum
1969 603 2082 659 Eva
2102 618 2292 660 vocem
2313 605 2587 676 serpentis
2611 605 2844 664 audiret.

1891 697 1946 752 4.
1987 698 2054 754 Et
2081 698 2203 755 ideo
2245 699 2371 770 quia
2423 700 2765 772 sacrilegium
2817 703 3124 771 audierant,
3170 707 3427 767 conﬂatis

1821 807 2008 848 earum
2044 791 2346 860 inauribus,
2376 790 2608 848 conﬂata
2651 802 2736 849 est
2786 795 2965 867 imago
2992 797 3303 870 sacrilegii;
3335 803 3428 873 qui

1821 885 1968 941 enim
1995 883 2138 941 male
2163 883 2335 952 audit,
2359 883 2595 942 conﬂare
2634 886 2977 958 sacrilegium
3009 889 3170 946 solet.
3203 890 3312 948 Cur
3337 908 3433 949 au-

1823 987 1932 1035 tem
1959 989 2126 1049 caput
2168 979 2317 1035 vituli
2365 981 2581 1048 exierit,
2615 983 2901 1053 sequentia
2927 983 3159 1041 docent:
3199 989 3324 1057 quia
3360 989 3436 1046 si—

1823 1071 2178 1144 gniﬁcabatur
2199 1073 2440 1130 futurum
2461 1075 2604 1145 quod
2626 1075 2952 1133 Hieroboam
2972 1082 3275 1149 posteriore
3299 1092 3435 1140 tem-

1826 1180 1958 1236 pore
1991 1164 2094 1221 hoc
2126 1181 2299 1237 genus
2329 1168 2597 1240 sacrilegii
2628 1169 2936 1238 induceret;
2972 1181 3030 1228 ut
3068 1175 3302 1244 pepulus
3325 1178 3436 1233 lle-

1827 1259 2095 1316 braeorum
2124 1261 2379 1318 adoraret
2406 1272 2429 1300 θ
2454 1263 2656 1320 vitulas
2682 1280 2878 1322 aureas
2902 1268 2920 1337 (
2940 1266 3152 1339 lllReg.
3186 1285 3280 1333 xu,
3309 1272 3434 1344 50):

1828 1352 1945 1408 sive
1985 1353 2130 1424 quod
2159 1355 2339 1422 omnis
2371 1355 2597 1425 perﬁdia
2649 1358 2844 1414 similis
2890 1358 3245 1418 immanitatis
3275 1373 3441 1434 atque
3521 1385 3532 1391 -

1831 1445 2159 1518 insipientia:
2182 1447 2429 1504 bestialis
2452 1450 2544 1504 sit.

1902 1539 1955 1592 5.
1998 1539 2167 1610 Cujus
2229 1541 2308 1596 rei
2354 1541 2682 1612 indignitate
2736 1547 2975 1613 percitus
3024 1546 3185 1618 fregit
3231 1548 3442 1606 tabulas

126 1645 434 1701 detraxerit
483 1641 683 1714 populo
725 1639 973 1711 poscenti
1007 1637 1109 1694 sibi
1157 1637 1276 1692 ﬁeri
1314 1637 1466 1702 deos,
1503 1643 1558 1691 et
1584 1632 1732 1705 quod
1834 1631 2068 1704 Moyses,
2118 1642 2174 1688 et
2215 1634 2540 1690 comminuit
2570 1636 2725 1691 vituli
2757 1650 2940 1709 caput,
2973 1650 3135 1712 atque
3173 1643 3229 1698 in
3259 1644 3445 1714 pulve-

125 1754 196 1795 eo
227 1753 360 1793 auro
384 1737 672 1808 ﬁguratum
694 1735 767 1791 sit
793 1731 952 1789 vituli
973 1741 1159 1803 caput,
1194 1731 1283 1786 vel
1325 1728 1467 1801 quod
1516 1728 1733 1800 Moyses
1833 1743 1949 1783 rem
1991 1727 2228 1799 redegit;
2261 1738 2320 1784 ut
2365 1730 2550 1786 omnia
2578 1730 2873 1801 impietatis
2909 1733 3160 1791 aboleret
3189 1736 3440 1808 vestigia.

131 1840 239 1886 tam
261 1831 400 1886 dure
424 1829 736 1900 indignatus
766 1826 857 1892 sit,
888 1833 950 1881 ut
971 1823 1185 1896 juberet
1208 1822 1514 1893 proximum
1539 1835 1731 1891 quem-
1758 1819 1807 1880 B
1839 1818 1856 1857 ί
1888 1821 2100 1876 Fracta:
2138 1830 2266 1877 sunt
2294 1823 2442 1878 enim
2471 1823 2660 1892 prima;
2687 1823 2920 1890 tabulm;
2969 1834 3027 1882 ut
3054 1839 3448 1899 repararentur

127 1939 235 1990 que
266 1923 552 1993 insurgere
579 1919 775 1992 gladiis
815 1919 868 1972 in
906 1933 1101 1974 necem
1141 1914 1377 1988 proximi
1415 1913 1499 1969 sui
1531 1911 1732 1985 (Exod.

129 2031 303 2080 xxxii,
349 2013 456 2070 Set
478 2015 640 2084 seq.).
669 2011 920 2083 Magnum
951 2018 1036 2064 est
1072 2009 1220 2066 enim
1253 2007 1463 2062 nullum
1498 2005 1608 2077 pati
1638 2005 1735 2060 ab-

127 2105 384 2162 sentibus
411 2105 670 2162 damnum
722 2103 988 2173 irrepere,
1033 2116 1141 2158 non
1187 2101 1368 2156 solum
1424 2097 1733 2164 suavitatis,

125 2197 222 2254 sed
245 2197 414 2252 etiam
441 2196 754 2253 collationis
769 2203 825 2250 et
848 2194 1091 2250 liberalis
1114 2192 1382 2249 scientiae.
1406 2191 1551 2259 Quid
1573 2192 1737 2263 igitur

126 2290 196 2347 dc
224 2305 291 2346 eo
317 2291 574 2358 sentiam,
601 2289 862 2361 quoniam
891 2287 1165 2358 exposcis,
1213 2285 1534 2343 conferendi
1562 2286 1736 2355 magis

129 2400 291 2456 quam
314 2382 624 2456 exponendi
652 2381 836 2438 studio
866 2380 1082 2452 loquar.

201 2478 256 2532 ‘2.
297 2476 435 2531 Cum
465 2475 680 2547 Moyses
717 2473 772 2529 in
805 2480 994 2528 monte
1024 2471 1156 2528 Sina
1200 2469 1374 2542 legem
1415 2469 1735 2540 acciperet,

132 2568 366 2642 populus
388 2576 512 2624 erat
537 2581 665 2623 cum
701 2565 888 2622 Aaron
917 2561 1241 2629 sacerdote;
1275 2570 1330 2619 et
1357 2561 1607 2633 quamvis
1633 2559 1740 2617 ire-

134 2669 370 2733 quenter
410 2658 479 2716 ad
520 2659 744 2731 culpam
784 2657 1066 2724 lubricus,
1121 2664 1301 2711 tamen
1346 2651 1606 2725 quamdiu
1649 2651 1740 2709 lex

135 2755 387 2823 dabatur,
419 2753 713 2825 sacrilegio
741 2767 960 2809 errasse
987 2765 1094 2807 non
1126 2749 1400 2822 proditur.
1422 2748 1627 2805 Verum
1648 2747 1738 2804 ubi

1833 1915 2110 1982 secundae,
2138 1915 2334 1986 quibus
2364 1931 2464 1987 per
2489 1917 2770 1988 Evangelii
2809 1919 3256 1988 praedicationem
3285 1925 3450 1993 perli-

1833 2007 1920 2063 dia
1959 2008 2288 2064 comminuta
2335 2010 2574 2065 evanuit.
2608 2009 2696 2066 Sic
2725 2012 2938 2085 Moyses
2961 2023 2987 2061 ε
3015 2014 3242 2086 typhum
3289 2016 3446 2072 illum

1835 2098 2118 2170 dissipavit
2159 2099 2498 2172 Egyptium,
2540 2111 2594 2157 et
2635 2102 2981 2161 altitudinem
3003 2107 3362 2164 extollentem
3391 2125 3454 2164 se

1837 2195 2166 2265 compressit
2187 2203 2411 2251 aeterna:
2437 2195 2575 2267 legis
2615 2199 2966 2256 auctoritate.
2997 2199 3154 2257 Unde
3182 2210 3237 2258 et
3276 2202 3450 2258 David

1837 2287 1952 2342 ait:
1993 2285 2063 2341 Et
2090 2289 2382 2360 confringet
2407 2287 2663 2344 Dominus
2703 2290 2885 2346 cedros
2915 2292 3116 2363 Libani,
3153 2306 3200 2350 et
3228 2297 3444 2352 commi-

1838 2389 1960 2434 nuet
1985 2396 2074 2435 eas
2096 2389 2360 2450 tamquam
2377 2382 2597 2436 vitulum
2625 2381 2810 2439 Libani
2832 2386 2850 2456 (
2870 2373 3019 2442 Psal.
3048 2404 3236 2456 xxvrtt,
3263 2391 3318 2456 5,
3348 2392 3381 2446 6
3408 2395 3449 2463 ).

1911 2471 1966 2528 6.
2003 2471 2191 2543 Itaque
2217 2473 2500 2530 absorbuit
2531 2477 2766 2546 pepulus
2806 2492 3026 2536 omnem
3075 2483 3354 2551 perﬁdiam
3385 2502 3451 2541 ac

1839 2565 2175 2637 superbiam,
2212 2582 2282 2623 ne
2308 2582 2432 2624 eum
2461 2568 2790 2626 absorberet
2825 2571 3078 2643 impietas
3105 2585 3160 2631 et
3189 2591 3455 2648 arrogan-

1843 2658 1936 2715 tia.
1963 2658 2154 2715 Melius
2182 2667 2267 2716 est
2291 2661 2463 2726 enim,
2493 2669 2552 2716 ut
2583 2662 2958 2733 unusquisque
2983 2668 3280 2735 prmvalcat
3299 2674 3453 2728 carni

1842 2761 1897 2809 et
1927 2752 2073 2809 vitiis
2112 2753 2266 2823 ejus,
2301 2769 2370 2809 ne
2410 2752 2625 2809 dicatur
2651 2754 2720 2810 de
2746 2771 2814 2812 eo
2852 2758 2977 2828 quia
3013 2758 3300 2817 devoravit
3325 2779 3450 2819 eum

137 2849 381 2906 divinum
435 2846 703 2904 conticuit
729 2845 1039 2909 oraculum,
1072 2853 1362 2915 peccatum
1408 2843 1654 2914 irrepsit,
1687 2851 1748 2897 ut
1845 2860 1996 2902 mors
2022 2845 2323 2916 praevalens
2357 2843 2550 2916 (Esai.
2586 2862 2710 2913 xxv,
2736 2849 2839 2918 8),
2863 2850 2961 2905 sed
2993 2850 3209 2908 dicatur
3238 2857 3412 2925 magis
3440 2879 3452 2912 ;

144 2952 398 3009 peterent
425 2942 530 2999 sibi
561 2939 683 2997 ﬁeri
717 2939 872 2996 deos.
906 2950 928 2978 ε
959 2938 1198 2996 Coactus
1248 2939 1433 2995 Aaron
1464 2937 1623 3009 petiit
1648 2951 1744 2993 an-

142 3041 302 3096 nulos
345 3052 558 3103 eorum,
591 3043 647 3092 et
675 3035 898 3090 inaures
946 3034 1240 3090 mulierum
1267 3051 1280 3088 :
1307 3047 1430 3103 quae
1457 3030 1657 3088 tradita
1691 3030 1744 3086 in

139 3139 322 3206 ignem
347 3129 513 3196 misit,
541 3139 595 3185 et
615 3127 912 3184 conﬂatum
942 3135 1030 3183 est
1056 3125 1212 3182 vituli
1240 3134 1422 3198 caput.

1847 2937 2107 2994 Decorum
2131 2947 2205 2994 est
2232 2954 2368 2992 mors
2404 2939 2458 2992 in
2486 2939 2722 2993 victoria.
2762 2940 2862 2995 Ubi
2907 2953 3006 3009 est,
3054 2961 3211 3012 mors,
3241 2948 3458 3002 uictoria

1849 3032 1974 3086 tua?
2007 3031 2107 3086 Ubi
2136 3041 2233 3099 est,
2266 3047 2428 3098 mors,
2478 3032 2692 3088 aculeus
2720 3043 2837 3087 tuus
2857 3033 2901 3104 (Ι
2923 3033 3045 3090 Cor.
3076 3052 3166 3105 xv,
3189 3038 3284 3105 54,
3310 3039 3378 3094 55
3402 3040 3458 3111 )?

1848 3125 1916 3181 Et
1946 3126 2013 3182 de
2043 3125 2270 3180 Domino
2288 3123 2494 3179 dictum
2521 3141 2534 3178 :
2558 3123 2641 3179 De
2668 3134 2893 3182 torrente
2912 3127 2968 3180 in
2994 3128 3076 3183 uia
3101 3127 3274 3203 bibet(
3304 3129 3454 3186 Psal.

216 3227 268 3281 3.
310 3223 494 3294 Neque
519 3235 786 3278 excusare
812 3228 1025 3276 tantum
1056 3218 1398 3275 sacerdotem
1429 3223 1743 3289 possumus,
1775 3219 1821 3281 C
1851 3234 1968 3286 ctx,
1990 3219 2025 3275 ’1
2048 3218 2089 3291 );
2112 3219 2238 3290 quia
2264 3228 2480 3275 acetum
2530 3221 2764 3289 accepit,
2802 3229 2859 3276 ut
2889 3221 3208 3280 absorberet
3241 3225 3456 3282 univer-

142 3333 322 3391 neque
363 3314 734 3373 condemnare
777 3313 1070 3371 audemus.
1130 3311 1250 3369 Non
1307 3312 1636 3384 imprudens
1663 3321 1744 3368 ta-

141 3427 291 3479 men,
321 3409 412 3482 qui
435 3407 665 3464 annulos
685 3405 896 3464 Judaeis
920 3406 1216 3464 etinaures
1245 3405 1511 3471 abstulit;
1541 3405 1743 3460 etenim

141 3505 237 3577 qui
265 3501 616 3574 sacrilegium
644 3501 1038 3570 moliebantur,
1074 3516 1178 3558 nec
1223 3499 1354 3557 ﬁdei
1401 3500 1744 3572 signaculum

140 3599 348 3656 habere
370 3605 644 3670 poterant,
673 3611 776 3652 nec
805 3605 1132 3652 ornamenta
1158 3595 1394 3651 aurium.
1424 3593 1670 3664 Denique
1691 3601 1750 3650 et

143 3690 453 3764 patriarcha
477 3687 647 3746 Jacob
679 3688 892 3762 1055
929 3687 1220 3745 abscondit
1246 3688 1467 3744 inaures
1493 3702 1618 3743 cum
1671 3686 1748 3742 si-

1846 3328 2033 3370 sorum
2067 3312 2414 3369 tentationes.

1919 3410 1971 3462 7.
2013 3406 2168 3475 Quod
2210 3415 2391 3462 autem
2423 3407 2601 3464 occidi
2631 3407 2759 3464 fecit
2797 3424 2827 3463 a
2857 3411 3124 3480 proximis
3156 3414 3453 3484 proximos,

1850 3500 1994 3556 ﬁlios
2019 3516 2048 3554 a
2076 3499 2445 3571 parentibus,'
2478 3515 2507 3554 a
2556 3499 2821 3558 fratribus
2871 3501 3094 3572 fratres,
3127 3519 3456 3579 praeceptum

1847 3593 2093 3660 evidens,
2123 3592 2251 3665 quia
2297 3593 2636 3664 praeferenda
2683 3602 2770 3651 est
2819 3595 3014 3668 religio
3043 3601 3454 3669 necessitudini,

1850 3689 2023 3760 pietas
2057 3687 2446 3759 prepinquitati
2477 3706 2490 3741 :
2523 3703 2591 3744 ea
2634 3696 2720 3745 est
2761 3692 2904 3745 enim
2948 3707 3076 3748 vera
3117 3694 3311 3763 pietas,
3337 3714 3459 3765 qua:

143 3783 407 3842 mulacris
459 3782 746 3854 gentium,
777 3781 997 3852 quando
1051 3783 1103 3836 in
1155 3780 1414 3838 Sicbimis
1460 3780 1752 3837 abscondit
1853 3783 2121 3854 praeponit
2164 3781 2347 3837 divina
2389 3780 2669 3847 humanis,
2731 3793 2990 3854 perpetua
3045 3789 3456 3856 temporalibus.

148 3879 307 3954 (Gen.
334 3892 504 3944 xxxv,
536 3876 633 3948 4);
660 3886 719 3931 ut
748 3876 930 3932 nullus
951 3876 1165 3932 audiret
1179 3874 1597 3947 superstitiones
1615 3890 1747 3946 gen-

145 3974 345 4029 tilium.
369 3968 604 4026 Pulchre
627 3977 809 4024 autem
834 3967 999 4025 dixit:
1021 3966 1276 4039 Deponite
1288 3967 1509 4022 annulos
1530 3978 1576 4022 et
1597 3967 1744 4022 inau-

145 4083 228 4122 res
249 4079 434 4120 aureas
455 4104 471 4130 ,
503 4057 529 4098 ἀ
560 4077 675 4130 qua:
720 4071 839 4117 sunt
887 4052 1097 4114 inaures
1144 4059 1420 4114 mulierum
1458 4067 1746 4115 vestrarum

147 4158 350 4230 (Exod.
374 4173 554 4226 xxxn,
585 4155 668 4228 2);
697 4171 807 4213 non
838 4170 945 4227 quo
968 4154 1208 4211 virorum
1233 4154 1452 4210 inaures
1475 4153 1752 4225 relinque-

223 4313 248 4337 ει
289 4297 548 4356 Nonnulli
577 4310 709 4353 mss.
741 4305 798 4354 et
826 4295 1073 4367 quaedam
1105 4295 1281 4353 Paris.
1314 4294 1485 4361 edit.,
1517 4293 1749 4367 alloquio

147 4375 445 4438 cuduntur;
474 4371 633 4425 Rom.
666 4368 811 4435 sola,
841 4366 1078 4436 alloquio
1098 4369 1459 4432 conferantur;
1491 4366 1580 4438 alii
1613 4381 1746 4424 mss.

144 4441 596 4517 frequentissimi,
657 4454 723 4517 a_c
777 4448 889 4517 vet.
932 4440 1090 4506 edit.,
1147 4440 1377 4517 alloquio
1413 4511 1423 4517 _
1455 4437 1745 4517 “edantur.

148 4509 265 4587 Qua
291 4516 510 4587 quidem
539 4512 813 4587 locutione
835 4511 946 4583 jam
976 4529 1133 4587 usum
1168 4509 1747 4587 videasﬁmbrosium

148 4581 325 4661 Epist.-
357 4589 450 4661 1577,
506 4600 658 4661 num.
687 4585 742 4650 1,
773 4581 968 4661 estque
999 4584 1341 4661 ir_nitat_io,ﬂut
1367 4581 1611 4661 Nannius
1645 4581 1747 4636 ad-

149 4652 338 4725 vertit,
368 4659 692 4714 Terentiano
727 4671 745 4712 :
783 4652 995 4719 Verum,
1035 4654 1212 4725 inquit
1238 4652 1746 4725 Comicus,interea

1853 3874 2009 3932 Unde
2033 3884 2086 3930 et
2118 3875 2234 3946 ipse
2262 3875 2479 3946 Moyses
2505 3873 2529 3912 ιι
2562 3875 2629 3930 ad
2679 3875 2819 3930 ﬁlios
2849 3874 2976 3932 Levi
3015 3877 3153 3934 dixit
3183 3897 3195 3933 :
3229 3882 3331 3949 Qui
3366 3902 3460 3954 pa-

1851 3977 1993 4024 ratus
2022 3976 2147 4022 esta
2173 3966 2420 4032 Domino,
2460 3968 2630 4021 veniat
2651 3967 2719 4021 ad
2746 3983 2845 4022 me.
2877 3966 2948 4022 Et
2978 3969 3113 4024 dixit
3140 3970 3250 4026 illis
3275 3989 3294 4026 :
3331 3973 3457 4030 Ηατιτ

1848 4061 1982 4117 dixit
2008 4059 2261 4114 Dominus
2287 4059 2425 4114 Deus
2452 4058 2619 4115 Israel
2641 4077 2659 4115 :
2690 4061 2938 4134 imponite
2966 4066 3319 4137 unusquisque
3345 4070 3456 4139 gla-

1854 4153 1997 4209 dium
2016 4169 2166 4210 suum
2189 4152 2244 4206 in
2265 4155 2460 4223 femore
2471 4169 2585 4220 suo,
2604 4163 2649 4209 et
2666 4155 3180 4228 pertransite(Num.
3197 4148 3354 4231 xvm,
3370 4163 3450 4235 6);

1857 4307 1988 4420 gnra
2007 4292 2321 4419 linsignitis,
2350 4290 2420 4348 de
2456 4291 2651 4363 quibus
2682 4293 2906 4350 consule
2932 4294 3179 4354 Grotium
3211 4299 3277 4357 ad
3307 4318 3453 4360 eum-

1896 4380 1982 4420 em
2027 4379 2206 4420 ocum.

1896 4380 1982 4422 em
2007 4379 2206 4420 locum.

1934 4447 1957 4474 ε
1998 4436 2200 4492 Omnes
2219 4435 2351 4493 edit.
2376 4449 2441 4492 ac
2470 4450 2604 4494 mss.
2633 4435 2860 4507 aliquot,
2889 4441 3074 4496 vitulos
3101 4458 3288 4500 aureos
3316 4463 3334 4502 :
3364 4448 3457 4505 alii

1857 4523 1990 4590 vero
2018 4508 2224 4591 .plures
2269 4519 2324 4564 et
2367 4509 2618 4591 _p9tiores
2647 4509 2835 4591 vitulos
2865 4512 3264 4591 au_reas._‘Hanc
3294 4533 3457 4590 porro

1857 4579 2120 4662 insaniam
2143 4578 2405 4636 adorandi
2421 4578 2588 4662 boves
2607 4582 2904 4662 retulerant
2924 4582 3273 4662 lsraelitarex
3294 4578 3456 4662 iongo

1857 4650 2239 4723 Egyptiorum
2290 4665 2390 4723 usu
2435 4651 2574 4720 Apin
2609 4650 2724 4706 sive
2752 4650 3069 4722 Serapidem
3115 4657 3218 4714 sub
3261 4650 3456 4718 bovina

151 4716 278 4786 dum
326 4716 594 4786 sermones
625 4727 910 4793 caedimus;
967 4716 1061 4782 ubi
1100 4716 1262 4782 etiam
1320 4716 1746 4796 aliqui‘legunt,
1773 4716 1828 4776 D
1855 4716 2026 4796 ﬁgura
2063 4721 2464 4796 venerantium.

151 4803 416 4860 cudimus.
448 4800 576 4856 Haec
604 4799 716 4855 ille.

228 4875 254 4913 ι’
295 4873 423 4930 Mss.
457 4887 562 4926 non
595 4868 774 4941 pauci,
806 4871 851 4926 si
867 4879 956 4924 aut
996 4871 1498 4941 tuis.....g_attgelur
1540 4866 1745 4933 litteris,

153 4962 320 5008 unus,
361 4939 610 5015 augeatur
635 4943 859 4998 litteris:
890 4942 1038 5015 quod
1063 4955 1173 5015 non
1184 5013 1191 5015 _
1209 4939 1483 5015 displicet.

232 5030 254 5058 α
283 5007 457 5071 Rom:
488 5015 618 5070 edit.
645 5015 782 5078 sola,
822 5007 921 5070 Sic'
958 5014 1103 5082 enim,
1138 5007 1317 5082 dicunt
1347 5025 1366 5064 :
1397 5007 1569 5080 Surge
1597 5019 1644 5064 et
1667 5012 1752 5080 [ac

154 5091 304 5146 nobis
325 5088 471 5152 deos,
502 5089 589 5157 qui
613 5085 1037 5158 prtecedantnos.
1069 5081 1287 5138 Coactus
1316 5095 1462 5158 ergo.

229 5160 257 5200 ά
297 5160 374 5216 Ita
401 5151 524 5214 vet;
539 5151 670 5213 edit.
697 5173 761 5211 ac
790 5157 976 5227 plures
1003 5171 1162 5221 mss.,
1194 5151 1438 5227 nonnulli
1470 5165 1605 5227 vero
1637 5160 1753 5206 tan-

159 5245 274 5290 tum
298 5229 579 5296 exhibent,
607 5244 723 5299 qua:
749 5221 868 5283 sunt
896 5229 1201 5293 mulierum;
1225 5224 1454 5299 atRom.
1484 5221 1616 5279 edit.
1637 5237 1754 5277 ma-

155 5305 282 5370 luit,
314 5317 427 5370 qua:
455 5295 572 5354 sunt
596 5295 650 5354 in
685 5299 895 5354 auribus
925 5299 1217 5354 mulierum.
1263 5295 1347 5354 Ad
1388 5295 1753 5370 huncautem

154 5365 340 5435 locum
376 5374 612 5442 loquitur
646 5370 884 5426 Nannius
915 5371 970 5442 in
1009 5373 1123 5426 haec
1165 5370 1330 5425 verba
1363 5365 1629 5442 :_Sa:p_ius
1669 5380 1756 5442 me

155 5448 305 5506 male
325 5436 510 5499 habuit
526 5483 540 5505 ,
557 5458 655 5497 cur
673 5442 886 5496 inaures
899 5441 968 5496 ab
986 5442 1311 5498 idololatria:
1329 5438 1476 5494 cultu
1498 5436 1758 5492 diversis-

155 5520 330 5578 simas
359 5513 634 5583 sepelierit
654 5512 822 5568 Jacoh
845 5530 946 5567 una
968 5529 1088 5568 cum
1117 5512 1293 5568 idolis.
1313 5510 1418 5583 Sed
1443 5509 1592 5583 hunc
1605 5523 1759 5583 scru-

157 5591 350 5665 pulum
368 5580 525 5665 _mihi
555 5584 754 5665 eripuit
779 5583 1039 5665 Hebraeus
1071 5593 1254 5665 noster
1275 5582 1536 5638 Andrazas
1561 5580 1755 5665 Balea-

157 5652 259 5729 sis,
290 5659 383 5729 qui
412 5652 692 5729 reSpond'it
717 5657 934 5711 inaures
962 5657 1035 5710 ibi
1071 5654 1276 5729 vocari,
1305 5669 1412 5729 quo
1441 5652 1758 5729 sacerdotes

159 5738 216 5793 in
241 5721 393 5788 cuitu
425 5721 660 5783 nuiniuis
683 5740 846 5781 aures
869 5734 1075 5795 tegunt,
1093 5725 1282 5796 quales
1309 5721 1461 5781 fuere
1489 5722 1632 5794 apud
1658 5721 1761 5777 Ro-

160 5816 358 5862 manos
380 5797 585 5853 infulae.
609 5801 861 5868 Attamen
886 5795 1168 5852 mallemus
1187 5796 1584 5868 intelligerede
1610 5795 1764 5868 inau-

161 5875 322 5936 ribus
348 5869 510 5928 alicui
556 5869 761 5924 numini
792 5867 1004 5933 dicatis,
1053 5868 1279 5938 ejusque
1322 5863 1416 5925 aut
1461 5863 1765 5925 sideraliﬁ-

635 5961 911 6022 PATROL.
961 5958 1131 6023 XVI.

1930 4791 1971 4874 τι
1993 4791 2152 4874 Rom:
2185 4792 2317 4849 edit.
2336 4792 2490 4874 .sola,
2523 4790 2664 4874 Dicit
2689 4793 2826 4847 enim
2845 4811 2876 4874 ,ε
2909 4795 3086 4874 iratus
3127 4799 3213 4874 ira
3247 4801 3457 4874 Moyses

1855 4865 2072 4936 projecit
2115 4864 2179 4918 de
2208 4864 2443 4942 manibus
2473 4863 2579 4942 suis
2611 4864 2742 4918 duas
2787 4864 2984 4942 tabulas
3010 4877 3058 4923 et
3086 4863 3458 4942 confregit'sub

1855 4933 2047 5008 monte,
2078 4944 2126 4990 et
2148 4936 2407 5005 accipiens
2433 4933 2652 5008 uitulum
2698 4951 2847 5008 quem
2901 4941 3149 5008 fecerant,
3179 4933 3456 5000 combussit

1856 5006 2171 5082 illum_ign_e,
2203 5018 2249 5061 et
2278 5005 2534 5082 contrivit,
2561 5014 2666 5060 etc.
2699 5005 2910 5082 Fractai
2929 5020 3048 5082 sunt
3077 5027 3218 5082 ergo.

1931 5076 2209 5156 s‘Typhus
2225 5077 2366 5156 apud
2387 5088 2634 5156 auctores
2657 5079 3056 5156 ecclesiasticos
3085 5076 3183 5156 pro
3204 5087 3456 5156 superbia

1863 5147 2096 5229 enfasin
2125 5147 2540 5229 sumituranam
2573 5161 2679 5203 vox
2706 5155 2885 5223 τῦφος,
2916 5150 3059 5206 unde
3086 5147 3295 5224 'oritur',
3335 5174 3460 5229 pro-

1863 5219 1981 5292 prie
2006 5219 2212 5292 fumum
2239 5219 2526 5292 signiﬁcat.

1935 5290 1964 5329 ιι
2004 5291 2081 5368 lla
2108 5289 2380 5368 vet.‘edit_.
2403 5289 2690 5368 cunctique
2717 5307 2848 5368 mss.
2872 5293 2982 5368 pisi
3001 5295 3147 5368 quod
3165 5312 3265 5368 pro
3291 5317 3323 5354 α
3352 5299 3464 5356 Do-

1864 5365 2026 5430 mino,
2053 5365 2107 5420 in
2133 5363 2452 5434 quibusdam
2504 5361 2701 5434 legitur
2742 5364 2812 5434 ad
2857 5361 3135 5420 Dominum
3164 5361 3184 5422 Ξ
3213 5379 3268 5425 at
3297 5370 3458 5428 Rom.

1865 5435 1996 5514 edit.
2020 5432 2194 5514 totum
2223 5435 2408 5514 locum
2443 5433 2658 5514 reﬁnxit
2691 5432 2751 5514 in.
2771 5433 2907 5514 hanc
2953 5434 3222 5514 formam:
3256 5443 3466 5514 Moyses

1867 5507 1998 5561 dixit
2026 5523 2044 5561 :
2071 5507 2139 5586 _Si
2165 5507 2278 5578 quis
2302 5524 2336 5562 a
2363 5503 2609 5586 Dom-ina:
2641 5503 2806 5586 veniat
2831 5504 2902 5586 qd
2927 5523 3028 5586 me.
3064 5507 3135 5563 Et
3173 5503 3469 5586 congrevgati

1864 5586 1982 5634 sunt
2012 5578 2081 5654 ad
2109 5570 2226 5633 eum
2252 5593 2426 5654 omnes
2447 5573 2546 5642 lilii
2572 5570 2730 5654 Levi;
2756 5583 2801 5626 et
2828 5575 3026 5631 dixit...
3060 5590 3108 5635 et
3138 5570 3468 5654 pertr'ans'ite,

1866 5659 1914 5705 et
1941 5648 2102 5704 redite
2126 5667 2159 5703 a
2187 5658 2337 5720 porta
2376 5648 2430 5698 in
2484 5652 2686 5713 portam
2734 5660 2827 5714 per
2878 5655 3049 5704 castra
3111 5648 3150 5708 ;’
3179 5665 3229 5710 et
3256 5648 3474 5714 occidite

1868 5721 2215 5848 unusquistque
2258 5723 2468 5790 fratrem
2500 5729 2678 5778 suum,
2711 5724 2757 5768 et
2787 5720 3137 5794 unusquisque
3177 5729 3471 5797 proximum

1870 5808 2041 5848 suum.
2067 5807 2098 5848 e
2125 5808 2174 5848 c.

1870 5808 2041 5859 suum,
2067 5807 2174 5849 etc.

2974 5960 3053 6024 39
