3932 6296
176 361 317 416 Hi9

1360 347 1852 414 ιειηετοωιιιιιιι
1890 350 2164 415 ειΑεειε
2202 357 2269 413 ll.

3251 431 3254 433 _
3341 366 3478 424 1230

172 491 298 533 rere
323 477 548 546 peccati.
574 475 630 533 Id
664 487 841 534 tamen
867 488 953 534 est
978 477 1202 536 difticile
1233 480 1283 534 in
1311 479 1410 535 hac
1451 478 1561 535 vita
1595 477 1770 534 homi~
1802 466 1855 528 Δ
1879 480 1964 529 εει
1992 473 2169 528 omnis
2200 470 2365 529 ardor
2391 471 2651 529 avaritiae.
2689 471 2800 531 Hoc
2829 473 2939 546 igni
2972 491 3132 532 nemo
3163 477 3474 546 mandatur,

174 584 326 626 num.
353 569 492 636 Quid
522 570 666 625 enim
697 578 804 626 tam
830 587 1032 640 rarum,
1058 589 1216 643 quam
1241 581 1298 628 ut
1319 572 1564 629 invenias
1593 573 1768 630 virum

175 661 267 733 qui
311 663 550 732 seipsum
581 670 858 735 coarguat,
889 673 943 720 et
972 663 1171 719 factum
1211 663 1533 721 condemnet
1573 665 1771 720 suum?

176 753 319 810 Rara
368 755 553 826 itaque
597 755 871 813 confessio
899 757 966 812 de
989 765 1228 826 peccato,
1265 773 1384 813 rara
1427 758 1768 828 pmnitentia,

175 863 297 904 rara
316 847 369 902 in
394 846 704 905 hominibus
726 849 875 905 verbi
903 851 1023 921 ejus
1043 851 1294 908 assertio.
1322 850 1607 923 Repugnat
1627 851 1770 908 enim

175 953 369 999 natura
393 985 408 1008 ,
442 954 704 1014 repugnat
732 944 1061 1000 verecundia
1094 964 1106 1000 :
1141 953 1358 1011 natura,
1406 946 1532 1017 quia
1580 959 1774 1004 omnes

183 1034 396 1107 1058
417 1035 520 1091 sui)
550 1046 805 1106 peccato;
839 1047 894 1092 et
914 1037 1002 1108 qui
1026 1048 1263 1094 carnem'
1287 1037 1442 1109 gerit,
1470 1037 1644 1110 culpa:
1671 1039 1774 1095 ob-

177 1130 380 1184 noxius
408 1136 511 1185 est.
548 1130 689 1200 Ergo
720 1139 987 1201 repugnat
1016 1141 1206 1187 natura
1235 1130 1415 1187 carnis
1438 1139 1493 1188 et
1521 1130 1776 1188 illecebra

177 1222 363 1279 szeculi
395 1222 720 1278 innocentiae
743 1223 1466 1296 integritatique.Repugttat
1495 1226 1657 1280 etiam
1685 1237 1778 1280 ve—

178 1315 469 1382 recundia;
502 1317 627 1387 quia
657 1317 931 1373 erubescit
955 1319 1326 1390 unusquisque
1357 1321 1631 1391 prOpriam
1665 1318 1780 1374 cul-

179 1407 500 1480 pamfateri,
518 1409 647 1464 dum
668 1408 954 1480 praesentia
969 1411 1167 1483 magis,
1187 1425 1347 1482 quam
1363 1412 1538 1468 futura
1557 1409 1777 1484 cogitat.

251 1502 304 1557 5.
348 1502 613 1559 Studebat
647 1512 830 1560 autem
875 1505 1089 1578 Moyses
1118 1508 1324 1576 peccati
1356 1518 1576 1562 vacuam
1621 1521 1776 1577 repe-

1872 564 1968 621 sed
2000 568 2267 623 exuritur.
2298 565 2431 621 Nam
2465 565 2555 623 ubi
2589 567 2690 623 iste
2714 567 2853 640 ignis
2887 569 3096 625 alienus
3136 579 3243 639 est,
3281 572 3325 626 si
3359 574 3477 644 quis

1872 657 1924 711 in
1967 668 2266 729 conspectu
2293 673 2352 715 se
2383 657 2575 716 oﬂ'erat
2619 660 2854 727 Domini,
2901 661 3036 733 ignis
3068 677 3189 718 eum
3242 663 3481 720 caelestis

1873 750 2129 818 absumit,
2151 752 2288 807 sicut
2312 751 2486 808 Abiud
2518 763 2574 808 et
2594 747 2800 820 Nadab,
2827 768 2964 824 quos
2981 755 3191 812 exussit
3214 756 3351 828 ignis
3373 770 3481 813 cte-

1875 843 2027 899 lestis
2064 845 2266 914 pariter
2293 849 2414 902 cum
2453 845 2519 901 iis
2553 861 2675 918 qua:
2705 861 2804 919 pro
2831 860 3052 918 peceato
3075 849 3243 905 sacris
3269 849 3485 906 fuerant

1875 936 2058 993 oblata
2085 937 2365 994 altaribus.
2414 938 2516 1008 Qui
2567 953 2700 1011 ergo
2731 938 2847 995 vult
2894 941 3158 999 mundare
3197 949 3476 1013 peccatum

1877 1045 2057 1100 suum,
2087 1032 2300 1107 1059
2325 1033 2501 1104 ignem
2534 1043 2562 1086 a
2591 1049 2650 1090 se
2687 1045 2965 1090 removeat
2987 1033 3246 1092 alienum.
3270 1037 3350 1091 illi
3380 1037 3484 1092 soli

1879 1123 1986 1194 igni
2027 1137 2086 1179 se
2115 1124 2326 1189 offerat,
2364 1135 2385 1161 σε
2419 1124 2508 1194 qui
2534 1125 2772 1196 culpam,
2818 1140 2921 1182 no"
2969 1123 3242 1184 hominem
3281 1131 3478 1186 exurit.

1952 1216 2006 1272 9.
2032 1216 2138 1284 Qui
2167 1215 2239 1274 sit
2263 1218 2366 1274 iste
2396 1217 2554 1290 ignis,
2574 1217 2699 1274 audi
2723 1217 2994 1278 dicentem
3023 1221 3145 1293 quia
3175 1216 3328 1280 Iesus
3352 1224 3481 1294 bap-

1883 1310 2008 1364 tizat
2034 1311 2088 1365 in
2120 1309 2328 1381 Spiritu
2353 1319 2533 1366 sancto
2558 1323 2604 1367 et
2628 1312 2736 1385 igni
2764 1308 2984 1386 (Matth.
3020 1329 3097 1383 ιιι,
3137 1311 3248 1387 Η).
3283 1315 3379 1372 ilic
3401 1327 3487 1373 est

1883 1404 2043 1477 ignis,
2058 1403 2147 1478 qui
2177 1406 2398 1463 siccavit
2423 1406 2862 1466 limmorrhoissae
2895 1425 2990 1481 per
3006 1407 3291 1467 duodecim
3313 1427 3489 1469 annos

1884 1502 2206 1572 sanguinem
2232 1501 2592 1573 profluentem
2622 1501 2840 1575 (Matth.
2871 1519 2948 1571 tx,
2989 1502 3104 1577 20).
3137 1504 3234 1561 Hic
3260 1513 3366 1572 est,
3399 1508 3489 1576 qui

179 1596 288 1651 rire
337 1596 597 1664 animam,
629 1605 688 1651 ut
715 1597 936 1653 exuvias
967 1599 1172 1655 erroris
1209 1599 1528 1672 deponeret,
1557 1609 1612 1656 et
1640 1599 1783 1657 nulla
1886 1603 2171 1665 peccatum
2205 1591 2422 1651 Zacbaei
2454 1595 2679 1652 abstulit
2724 1595 2962 1654 dicentis
3004 1597 3150 1670 quod
3205 1597 3493 1656 dimidium

180 1687 357 1759 culpae
385 1691 504 1744 sine
527 1689 640 1744 ullo
660 1687 742 1745 sui
772 1687 1307 1761 pudorediscedenet
1337 1707 1349 1746 :
1377 1693 1472 1749 sed
1502 1708 1606 1748 non
1635 1693 1786 1749 inve-
1887 1685 2157 1744 bonorum
2189 1701 2410 1745 suorum
2454 1689 2612 1746 daret
2645 1690 2998 1762 pauperibus,
3028 1699 3084 1747 et
3133 1691 3178 1747 si
3227 1692 3313 1748 cui
3341 1692 3498 1764 quid-

182 1783 283 1847 nit,
317 1783 442 1853 quia
494 1784 604 1840 cito
661 1784 896 1854 impetus
953 1784 1345 1841 irrationabilis
1392 1787 1677 1857 prmvenit,
1731 1794 1787 1844 et
1889 1795 2049 1852 quam
2106 1781 2353 1850 abstulit,
2384 1781 2638 1841 redderet
2683 1783 3043 1857 quadruplum
3076 1785 3230 1859 (Luc.
3264 1803 3379 1856 xtx,
3413 1788 3492 1860 8).

184 1876 400 1932 ﬂamma
441 1874 691 1948 quaedam
733 1877 1010 1934 celerrimi
1064 1888 1242 1935 motus
1271 1879 1509 1934 animam
1539 1877 1783 1950 depasci-
1815 1937 1861 1951 κ
1892 1873 1990 1929 Hic
2021 1880 2106 1931 est
2160 1876 2321 1946 ignis,
2351 1877 2441 1947 qui
2473 1875 2733 1934 abstersit
2787 1878 3001 1949 culpam
3055 1877 3310 1946 latronis;
3358 1879 3498 1951 ignis

188 1979 300 2036 tur,
331 1979 495 2041 atque
522 1974 702 2026 exurit
748 1969 871 2041 ejus
902 1971 1270 2028 innocentiam
1299 1988 1312 2038 ;
1365 1972 1787 2043 prmpoudcrant
1815 1937 1864 1999 Β
1889 1965 2034 2023 enim
2059 1981 2389 2026 consumens
2415 1981 2519 2040 est,
2549 1972 2640 2044 qui
2671 1967 2810 2028 dixit
2833 1972 2886 2028 ei
2913 1991 2925 2028 :
2957 1967 3132 2028 Hodie
3161 1990 3360 2031 mecum
3399 1976 3501 2030 eris

187 2065 334 2122 enim
377 2066 570 2123 futuris
623 2068 931 2138 przcsentia,
985 2079 1039 2125 et
1070 2069 1302 2125 violenta
1358 2071 1679 2138 moderatis,
1737 2080 1792 2127 et

1915 2076 1944 2113 η
1970 2057 2218 2132 paradiso
2243 2059 2402 2133 (Luc.
2435 2077 2590 2132 xxm,
2622 2061 2743 2134 4⁸5).
2773 2061 2906 2122 Illos
2935 2065 3122 2137 itaque
3175 2067 3410 2135 sanavit,
3445 2068 3500 2121 itt

187 2161 342 2231 plura
376 2162 767 2231 potioribus,ct
789 2163 1028 2234 jucunda
1062 2165 1242 2232 seriis,
1268 2173 1322 2221 et
1352 2165 1560 2237 asperis
1581 2165 1787 2233 mollia,

188 2264 240 2308 et
266 2252 514 2308 tristibus
547 2254 691 2315 lteta,
731 2266 783 2308 et
825 2255 1140 2311 illecebrosa
1173 2255 1546 2329 rigidioribus,
1576 2269 1629 2313 et
1655 2273 1791 2328 prte-

191 2359 420 2415 propera
478 2346 826 2402 tardioribus.
867 2346 1030 2402 Velox
1062 2349 1206 2403 enim
1241 2359 1324 2404 est
1347 2349 1604 2420 iniquitas
1626 2392 1640 2412 ,
1672 2367 1792 2419 qua:

190 2435 258 2493 ad
282 2436 590 2494 nocendum
617 2439 932 2495 occasiones
958 2442 1226 2512 suggerit;
1259 2441 1384 2513 quia
1414 2444 1608 2498 veloces
1639 2439 1792 2513 pedes

193 2533 305 2603 ejus
331 2533 401 2587 ad
425 2531 794 2602 eﬂ'atrdendum
823 2535 1126 2606 sanguinem
1161 2535 1333 2609 (Psal.
1365 2552 1483 2606 xm,
1514 2536 1572 2610 5)
1601 2555 1614 2591 :
1643 2537 1790 2593 lenta

194 2634 374 2682 autem
397 2626 572 2682 virtus
589 2625 768 2682 omnis
787 2636 843 2684 et
859 2626 1119 2683 diuturna
1147 2629 1477 2695 cunctatrix,
1508 2638 1631 2684 ante
1649 2628 1794 2699 judi-

196 2727 304 2788 cat,
335 2729 392 2777 et
418 2721 714 2778 adorienda
745 2722 984 2794 inspicit.
1019 2722 1098 2778 ita
1124 2737 1276 2779 mens
1301 2723 1429 2780 boni
1462 2724 1792 2796 speculatrix

197 2813 555 2870 consilion
587 2827 810 2872 suorum
834 2825 938 2884 est,
967 2817 1222 2888 priusque
1248 2819 1521 2874 examinat
1543 2817 1669 2889 quid
1702 2817 1797 2874 de-

201 2920 386 2961 corum
418 2917 582 2978 atque
621 2906 913 2964 honestum
943 2926 956 2962 :
987 2907 1244 2980 iniquitas
1283 2924 1413 2964 vero
1444 2917 1469 2947 ι
1501 2924 1665 2980 opere
1705 2924 1798 2964 co-

202 2999 450 3071 gitationi
477 3002 787 3057 antevertit.
811 3000 964 3073 Pigra
987 3001 1149 3073 igitur
1165 3013 1220 3059 et
1249 3003 1556 3059 verecunda
1584 3012 1668 3059 cst
1686 3016 1798 3072 pte-

204 3093 462 3159 nitentia;
502 3097 629 3166 quia
679 3096 961 3165 premitur,
1011 3105 1068 3152 et
1117 3107 1404 3154 revocatur
1448 3097 1799 3168 praesentium

205 3185 441 3254 pudore;
460 3186 592 3242 solis
615 3188 758 3243 enim
774 3187 1002 3244 intendit
1025 3187 1241 3255 futuris,
1265 3204 1495 3261 quorum
1515 3204 1641 3261 spes
1655 3204 1796 3256 sera,

207 3278 415 3335 tardior
441 3278 674 3347 fructus,
705 3292 760 3336 et
791 3281 914 3336 idco
948 3282 1138 3353 petitio
1172 3283 1284 3354 ipsa
1319 3283 1544 3338 tardior.

276 3372 330 3428 ϐ.
372 3372 521 3429 Inter
557 3373 674 3429 haec
719 3375 833 3445 spei
863 3383 920 3430 et
950 3375 1163 3431 virtutis
1204 3376 1481 3431 molimina
1517 3377 1806 3448 prmcurrit

207 3467 560 3538 impudentia,
580 3477 635 3525 et
651 3471 833 3540 specie
855 3472 1201 3540 praesentium
1228 3472 1541 3542 poenitentia
1567 3472 1809 3530 excludi-

209 3573 316 3630 tur,
345 3570 401 3619 et
429 3575 703 3634 tamquam
731 3565 980 3621 exuritur
1005 3564 1231 3622 allectus
1254 3570 1393 3640 ejus,
1421 3576 1475 3625 et
1496 3567 1809 3640 hujusmodi

207 3652 236 3693 δ
266 3655 779 3715 aboleturintuitus.
804 3658 1011 3728 Qumrit
1035 3677 1155 3716 eam
1178 3659 1309 3728 Lex,
1339 3671 1396 3718 et
1427 3680 1530 3718 non
1561 3665 1807 3732 invenit;

209 3749 453 3806 ambusta
482 3761 563 3807 est
591 3751 734 3808 enim
769 3751 982 3808 lervore
1012 3763 1067 3809 et
1098 3754 1243 3809 fumo
1289 3755 1611 3826 iniquitatis,
1644 3766 1699 3813 et
1729 3756 1810 3813 in-

208 3843 452 3915 dignatio
475 3844 723 3916 quadam
758 3847 892 3918 legis
929 3857 1194 3902 movetur.
1229 3847 1369 3904 Dicit
1394 3847 1608 3922 Moyses
1645 3851 1812 3906 devo-

210 3935 438 3992 randam
468 3935 638 3994 fuisse
660 3940 1033 4010 paenitentiam
1055 3940 1110 3995 in
1138 3941 1342 3997 sanctis
1367 3952 1702 4012 sanctorum,
1728 3960 1810 4000 sa-

212 4028 463 4086 cerdotes
493 4033 644 4101 quasi
669 4032 950 4104 segniores
991 4033 1252 4105 increpat.
1285 4033 1587 4107 RcSpondit
1629 4037 1811 4094 Aaron

212 4125 496 4195 providum
519 4126 719 4183 debere
739 4127 1130 4198 essejudicium
1149 4129 1514 4200 sacerdotale,
1539 4148 1638 4188 nec
1660 4132 1815 4190 facile

215 4218 506 4276 malesana:
540 4222 889 4279 conscientiae
915 4222 1358 4280 committendum
1379 4225 1428 4282 id
1449 4228 1722 4295 muneris;
1751 4245 1816 4284 ne

216 4312 308 4367 ﬁat
327 4325 486 4369 error
511 4313 689 4386 priore
709 4315 968 4372 deterior.
994 4315 1132 4373 Vase
1154 4319 1295 4374 enim
1328 4319 1492 4377 fetitlo
1519 4321 1601 4378 vel
1633 4323 1814 4379 oleum

217 4406 299 4463 vel
332 4408 516 4464 vinum
545 4409 704 4466 facile
724 4412 1091 4483 corrumpitur
1124 4427 1189 4469 ac
1217 4413 1603 4471 deterioratur.

289 4499 345 4553 7.
384 4500 669 4569 Quomodo
696 4511 877 4559 autem
908 4512 1140 4574 poterat,
1168 4503 1258 4560 ubi
1280 4503 1418 4577 ignis
1445 4507 1654 4563 alienus
1679 4518 1815 4575 erat,

217 4601 496 4663 peccatum
523 4595 719 4660 exuri;
752 4605 807 4650 et
845 4595 946 4652 hoc
978 4595 1080 4652 sub
1109 4607 1402 4669 conspectu
1446 4597 1680 4668 Domini,
1732 4601 1816 4656 cui

1832 3322 1880 3387 C

1893 2153 2090 2224 quibus
2148 2154 2456 2228 simplicem
2488 2169 2543 2215 et
2582 2171 2773 2230 puram
2827 2159 3034 2232 reperit
3073 2153 3500 2231 confessionem,

1895 2247 2032 2303 nihil
2062 2249 2387 2320 malignum,
2436 2251 2571 2308 nihil
2595 2251 3024 2310 fraudulentum.

1967 2337 2323 2414 iO.Denique
2351 2343 2520 2401 Judas
2573 2344 2640 2401 ad
2693 2347 2993 2403 remedium
3054 2350 3342 2419 pervenire
3391 2361 3496 2404 non

1895 2431 2066 2500 potuit
2094 2475 2107 2499 ,
2161 2447 2282 2488 cum
2329 2433 2534 2492 diceret
2563 2455 2575 2490 :
2604 2433 2819 2494 Peccavi
2861 2441 3000 2510 quod
3027 2441 3332 2496 tradiderim
3381 2459 3502 2495 san-

1894 2524 2102 2596 guinem
2142 2529 2346 2598 justum
2397 2529 2631 2594 (Matth.
2681 2549 2826 2588 xxvtt
2859 2577 2873 2602 ,
2923 2533 3015 2608 54)
3050 2553 3064 2602 ;
3097 2537 3222 2607 quia
3270 2536 3507 2593 alienum

1897 2616 2074 2687 ignem
2095 2620 2342 2676 volvebat
2393 2623 2445 2678 in
2503 2632 2722 2693 pectore
2772 2641 2890 2695 suo,
2926 2627 3017 2698 qui
3047 2644 3170 2683 eum
3205 2627 3508 2684 inﬂamma-

1898 2708 1975 2764 vit
2018 2711 2084 2766 ad
2136 2713 2405 2784 laqueum.
2453 2713 2708 2789 indignus
2757 2722 2901 2776 enim
2948 2723 3192 2778 remedio
3226 2722 3346 2794 fuit,
3380 2725 3504 2796 quia

1899 2819 2006 2858 non
2040 2805 2092 2860 in
2117 2805 2308 2864 intimo
2337 2811 2531 2867 mentis
2553 2827 2849 2870 conversus
2881 2815 3165 2886 ingemuit,
3195 2834 3294 2874 nec
3315 2817 3506 2874 sedulo

1899 2896 2067 2964 geSsit
2125 2899 2498 2968 pteuitcutiam
2534 2919 2548 2968 ;
2582 2911 2747 2960 tantm
2801 2907 2944 2961 enim
3004 2905 3220 2978 pietatis
3258 2917 3344 2965 est
3400 2910 3504 2966 Do-

1901 2989 2079 3043 minus
2105 2989 2285 3060 Jesus,
2335 3003 2392 3048 ut
2444 3003 2498 3050 et
2546 2993 2647 3066 ipsi
2697 2999 2926 3055 donaret
2972 3001 3207 3069 veniam,
3238 3003 3281 3057 si
3312 3000 3512 3060 Christi

1903 3092 2272 3154 exspectasset
2303 3087 2753 3145 misericordiam.

1979 3173 2064 3230 il.
2095 3171 2123 3212 ἀ
2148 3173 2299 3234 Hanc
2328 3194 2460 3251 ergo
2482 3185 2692 3252 culpam
2724 3183 3040 3242 sacerdotes
3070 3202 3176 3244 non
3232 3187 3504 3258 auferunt,

1914 3283 2088 3343 neque
2117 3283 2394 3342 peccatum
2426 3275 2565 3345 ejus,
2600 3275 2692 3348 qui
2725 3277 2777 3333 in
2817 3278 2945 3334 dolo
2967 3293 3025 3336 se
3047 3280 3226 3350 oil'ert,
3255 3291 3310 3338 et
3335 3281 3514 3339 adhuc

1910 3365 1963 3422 in
1997 3366 2177 3424 studio
2195 3365 2543 3438 delinquendi
2573 3380 2674 3427 est.
2703 3371 2819 3428 Non
2850 3373 2994 3429 enim
3042 3384 3277 3446 possunt
3299 3375 3514 3447 epulari

1913 3460 1966 3514 in
1999 3475 2086 3529 eo,
2119 3461 2263 3533 quod
2296 3463 2514 3534 plenum
2545 3464 2776 3534 fraudis,
2808 3475 2861 3522 et
2887 3471 3162 3540 serpentis
3184 3471 3417 3527 interius
3437 3472 3515 3527 ci-

1912 3557 2131 3614 catricis
2188 3565 2307 3624 est;
2337 3560 2494 3615 cibus
2547 3561 2692 3616 enim
2725 3561 3024 3618 sacerdotis
3047 3573 3130 3619 est
3159 3561 3213 3619 in
3265 3572 3519 3635 peccato-

1915 3669 2031 3708 rum
2058 3653 2402 3710 remissione.
2423 3649 2578 3710 Untle
2596 3654 2673 3711 ait
2698 3654 2950 3727 princeps
2980 3657 3327 3713 sacerdotum
3355 3655 3515 3714 (Ζιιιί⁴

1913 3759 2057 3804 stus:
2086 3743 2232 3804 Meus
2259 3749 2399 3805 cibus
2413 3759 2511 3816 est,
2534 3760 2588 3804 ut
2609 3749 2796 3822 faciam
2821 3761 2843 3787 θ
2866 3749 3178 3806 voluntatem
3199 3750 3374 3807 Patris
3391 3753 3513 3818 mei,

1913 3844 2002 3913 qui
2020 3844 2071 3898 in
2091 3843 2228 3898 cazlis
2243 3853 2319 3898 est
2335 3842 2516 3916 (Joan.
2537 3859 2606 3910 tv,
2627 3842 2737 3914 54).
2758 3842 3250 3913 ριιαξεεινοιιιιιιιιε
3265 3844 3387 3910 Dei,
3412 3847 3516 3901 nisi

1915 3952 1976 3992 ea
2002 3953 2016 3991 :
2051 3935 2180 3991 Cum
2207 3953 2478 3993 conversus
2510 3939 2840 4012 ingemuerit,
2871 3948 2994 3994 tunc
3039 3939 3211 3996 salvus
3236 3940 3336 3996 eris
3361 3936 3518 4014 (Isai.

1915 4047 2048 4099 xxx,
2091 4029 2180 4104 15)
2209 4029 2231 4087 ?
2263 4031 2316 4086 in
2351 4031 2443 4087 illo
2475 4049 2604 4104 ergo
2634 4033 2864 4090 subdolo
2890 4033 3046 4089 cibus
3073 4034 3257 4090 nullus
3289 4044 3392 4091 est.
3416 4035 3520 4091 De-

1919 4128 2082 4199 nique
2113 4141 2214 4182 nec
2247 4127 2361 4198 ipse
2399 4127 2665 4197 epulandi
2711 4129 3036 4184 suavitatem
3086 4143 3286 4200 capere
3313 4141 3516 4202 potest,

1921 4219 1974 4275 in
2004 4233 2112 4290 quo
2153 4235 2260 4273 non
2283 4218 2497 4274 sincera
2527 4227 2580 4274 et
2615 4234 2747 4290 pura
2804 4219 3139 4276 conscientia
3165 4229 3285 4288 est;
3317 4223 3515 4277 amari-

1923 4311 2051 4368 tudo
2075 4314 2222 4369 enim
2254 4311 2464 4368 fraudis
2485 4311 2740 4384 epulandi
2769 4314 3096 4370 suavitatem
3128 4313 3354 4371 obducit
3383 4333 3395 4368 :
3422 4332 3522 4371 nec

1922 4406 2181 4478 permittit
2217 4407 2357 4462 mala
2387 4405 2746 4474 conscientia,
2781 4419 2838 4463 ut
2887 4408 3098 4465 reﬁciat
3120 4418 3173 4466 et
3203 4418 3390 4480 pascat
3416 4409 3518 4466 ob.

1924 4499 2143 4555 noxium
2175 4499 2412 4554 animum
2440 4499 2782 4570 paenitentia.

1995 4593 2082 4649 12.
2116 4592 2246 4649 Ideo
2268 4609 2399 4665 ergo
2424 4593 2545 4649 talis
2578 4589 2824 4661 affectus,
2862 4591 2987 4651 talis
3015 4595 3230 4666 petitio,
3257 4596 3380 4652 talis
3410 4612 3522 4667 pte-

219 4694 274 4740 θι
298 4686 508 4742 occulta
529 4695 656 4743 sunt
679 4687 1223 4760 cognita?Numquid
1255 4700 1428 4762 potest
1458 4694 1676 4765 placere
1706 4693 1814 4750 Do-
1844 4722 1899 4782 Β
1929 4686 2156 4742 nitentia
2191 4701 2296 4742 non
2325 4695 2407 4742 est
2431 4685 2552 4742 usui
2577 4696 2669 4742 aut
2693 4686 2955 4758 voluptati
2983 4689 3381 4746 sacerdotibus.
3415 4691 3527 4744 Me-

221 4779 393 4847 mino,
417 4781 463 4837 si
487 4781 609 4852 quis
627 4796 750 4837 eum
778 4781 953 4838 adhuc
984 4795 1232 4839 versetur
1256 4785 1309 4840 in
1339 4785 1736 4857 iniquitatibus,
1765 4796 1820 4843 et

221 4877 535 4948 injustitiam
563 4878 728 4934 corde
749 4878 1016 4934 inclusam
1042 4887 1246 4946 teneat,
1271 4878 1416 4936 dicat
1439 4896 1499 4937 se
1519 4896 1680 4953 agere
1706 4898 1813 4952 poe-

223 4971 540 5027 nitentiam?
559 4971 746 5028 Simile
767 4979 851 5028 est
873 4986 937 5027 ac
964 4972 1008 5026 si
1030 4972 1150 5041 quis
1179 4988 1323 5043 aeger
1352 4988 1410 5028 se
1436 4989 1624 5030 sanum
1654 4976 1820 5031 simu-

222 5049 320 5130 let,
352 5064 522 5135 magis
565 5061 846 5135 agrotabit
878 5081 890 5117 :
919 5063 1043 5135 quia
1088 5062 1220 5118 nihil
1268 5063 1319 5120 ei
1352 5064 1610 5136 prodesse
1641 5076 1820 5137 potest

226 5158 500 5214 simulatio
555 5159 832 5225 sanitatis;
899 5173 1021 5215 cum
1060 5159 1228 5216 verbo
1283 5159 1658 5226 adumbretur,
1710 5179 1817 5219 non

228 5251 340 5308 ullo
370 5249 621 5307 iniciatur
649 5254 864 5308 virtutis
890 5252 1152 5309 subsidio.

300 5346 356 5407 8..
397 5345 538 5418 Ignis
566 5347 748 5418 itaque
770 5348 980 5404 alienus
1005 5359 1090 5405 est
1119 5349 1308 5416 libido,
1333 5350 1474 5422 ignis
1507 5352 1717 5407 alienus
1742 5364 1826 5409 est

232 5457 395 5502 omne
439 5440 656 5511 injustas
701 5439 1008 5496 incendium
1057 5442 1392 5514 cupiditatis,
1434 5444 1574 5515 ignis
1615 5446 1825 5504 alienus

308 5594 331 5620 δ
371 5585 574 5639 Omnes
602 5583 758 5657 edit.,
786 5597 937 5652 apere
957 5583 1314 5657 cogitationem
1340 5602 1358 5639 :
1383 5599 1514 5641 mss.
1547 5601 1676 5642 vero
1698 5601 1827 5657 par-

237 5656 332 5712 tim
360 5672 540 5724 onero.
569 5655 762 5724 partim
793 5670 943 5724 opere
969 5655 1260 5725 cogitationi
1286 5657 1572 5712 antevertit.

308 5726 334 5765 ι)
356 5727 498 5783 Edit.
525 5733 628 5782 vet.
663 5736 718 5781 et
747 5725 922 5793 plures
953 5740 1108 5790 mss.,
1141 5728 1372 5782 aboletur
1396 5731 1450 5784 in
1471 5729 1644 5797 vitiis;
1672 5729 1826 5785 Rom.

240 5808 294 5854 et
338 5800 424 5857 alii
473 5814 602 5854 mss.
656 5797 876 5867 aliquot,
911 5797 1140 5852 aboletur
1189 5799 1414 5867 invitus;
1462 5800 1659 5856 melius
1704 5817 1836 5857 vero

244 5868 431 5939 Boyer.
467 5882 521 5924 et
546 5869 698 5923 Colb.
735 5882 894 5932 unus,
925 5867 1156 5939 aboletur
1183 5870 1416 5926 intuitus.

324 5938 343 5979 έ
376 5939 629 5998 Nonnulli
660 5953 815 6007 mss.,
838 5939 926 6009 qui
953 5938 1160 6010 culpam
1182 5940 1234 5995 in
1264 5941 1466 5998 homine
1494 5945 1681 6000 exurit.

1924 4781 2137 4851 rit0que
2168 4779 2352 4837 hircus
2375 4781 2487 4845 ille,
2508 4782 2598 4852 qui
2629 4797 2728 4852 pro
2751 4790 2974 4852 peccato
3001 4781 3218 4838 oblatus
3244 4782 3402 4839 estin
3429 4782 3524 4836 ho-

1924 4873 2248 4939 locaustum,
2276 4872 2400 4944 quia
2442 4889 2551 4929 non
2580 4871 2681 4929 fuit
2721 4874 2932 4930 sincera
2961 4872 3158 4943 hostia,
3193 4883 3414 4930 exustus
3440 4885 3526 4932 est

1929 4966 2230 5039 (Leoit.xv1,
2252 4966 2369 5040 27);
2394 4967 2518 5039 quia
2545 4969 2598 5022 in
2615 4968 2732 5040 ejus
2754 4968 3022 5026 sacrificio
3050 4967 3188 5039 ignis
3205 4967 3418 5026 alienus
3437 4987 3523 5028 re-

1927 5074 2112 5134 pertus
2138 5068 2241 5116 est.
2273 5059 2392 5116 Non
2419 5069 2504 5116 est
2542 5061 2726 5132 itaque
2747 5060 3131 5131 cotnplacitum
3165 5070 3224 5118 et
3241 5073 3522 5133 acceptum

1921 5159 2250 5218 sacriﬁcium
2279 5157 2426 5224 Deo;
2476 5169 2587 5212 non
2617 5166 2694 5212 est
2726 5155 2870 5212 enim
2899 5163 3202 5227 acceptum,
3229 5157 3329 5212 nisi
3381 5159 3524 5229 quod

1926 5251 2166 5311 fueritin
2198 5249 2401 5306 divitiis
2448 5249 2777 5304 sinceritatis
2823 5257 2878 5304 et
2926 5247 3169 5303 veritatis
3209 5248 3518 5319 probatum.

2002 5349 2090 5404 15.
2119 5345 2242 5401 ideo
2270 5352 2322 5400 et
2347 5342 2472 5398 alibi
2491 5341 2771 5414 legisduos
2796 5341 3000 5407 hircos,
3018 5344 3370 5414 unttminquo
3403 5358 3527 5401 sors

1931 5441 2167 5509 Domini,
2200 5439 2432 5494 alterum
2476 5433 2912 5492 transmissionis
2953 5447 2968 5500 ;
3012 5434 3161 5489 illum
3190 5434 3244 5490 in
3273 5444 3381 5507 (tuo
3407 5451 3529 5493 sors

2007 5584 2030 5622 ιι
2057 5584 2296 5640 Advorte
2319 5580 2404 5634 hic
2433 5572 2778 5633 Ambrosium
2806 5580 2858 5626 et
2888 5573 3159 5629 sinceram
3209 5578 3377 5633 animi
3399 5593 3530 5635 con-

1934 5657 2247 5713 versionem
2264 5653 2318 5708 in
2348 5645 2726 5721 peccatoribus
2749 5643 2820 5721 ad
2843 5645 3282 5721 consequendam
3315 5651 3529 5721 veniam

1870 5775 1886 5787 .
1936 5729 2178 5798 exigere,
2212 5731 2269 5798 et
2314 5716 2498 5798 veram
2531 5789 2544 5798 _
2553 5716 2937 5798 auctoritatem
2969 5716 3431 5798 in’sacerdotibus
3463 5722 3530 5776 ad

1940 5785 2324 5857 remittendum
2352 5793 2493 5846 bene
2513 5785 2792 5860 dispositis
2817 5797 3104 5856 peccatum
3127 5805 3446 5860 agnoscere.

2019 5884 2040 5908 υ
2070 5870 2224 5924 Rom.
2256 5863 2385 5920 edit.
2411 5862 2548 5927 sola,
2577 5858 2885 5912 voluntatem
2916 5863 3052 5932 ejus,
3081 5858 3337 5935 qui—misit
3363 5880 3460 5920 ore.
