3932 6296
469 309 608 373 1181

1849 307 2098 374 δικοτι
2135 309 2462 379 AHBROSII

3598 330 3697 393 libi

469 419 684 482 Domini
706 419 891 482 offerri
940 428 1107 494 atque
1158 420 1434 480 immolari
1462 435 1562 495 pro
1615 431 1844 495 peccato
1873 424 2070 482 :illum
2095 422 2149 487 Α
2175 433 2347 485 ternm
2391 427 2763 500 indulgentiae,
2786 432 2861 488 sit
2905 431 3016 490 illis
3044 435 3241 492 emtum
3263 450 3698 503 mreum,eoacreto

466 531 600 574 vero
646 516 699 571 in
741 527 853 586 quo
900 529 1025 571 sors
1089 516 1517 574 transmissionis
1552 560 1568 583 ,
1620 516 1820 575 dimitti
1872 518 1925 574 in
1978 520 2074 577 de-

465 620 672 668 sertum
702 624 717 674 ;
751 616 812 664 ut
838 608 1076 680 accipiat
1119 610 1307 681 populi
1338 609 1676 683 iniquitates,
1707 612 1795 669 vel
1840 612 2074 685 alicujus

464 712 778 780 peccatoris
802 707 991 782 (Leuit.
1013 725 1102 765 xvn
1119 752 1134 776 ,
1154 709 1189 766 8
1206 720 1254 766 et
1273 710 1430 783 seq.).
1465 710 1617 768 Sicut
1642 711 1788 768 enim
1817 710 1928 768 duo
1946 720 2074 768 sunt

465 803 522 858 in
562 817 717 874 agro,
742 812 800 859 et
828 818 973 860 unus
997 817 1189 860 eorum
1219 814 1557 870 assumatur,
1589 814 1646 861 et
1672 804 1813 860 alius
1833 804 2073 862 derelin-

463 904 668 966 quetur
696 894 916 969 (Matth.
949 912 1098 964 xxiv,
1125 895 1260 967 40);
1312 895 1386 952 ita
1418 905 1549 953 sunt
1598 896 1707 952 duo
1740 896 1900 963 hirci,
1934 912 2074 953 unus

460 988 555 1058 qui
585 987 655 1044 ad
696 987 1025 1045 sacriﬁcium
1052 982 1135 1045 est
1170 988 1346 1056 utilis,
1397 988 1542 1045 alius
1572 988 1667 1061 qui
1715 988 1768 1044 in
1793 987 2070 1046 desertum

464 1081 787 1141 dimittitur.
824 1082 923 1153 Iiic
974 1083 1110 1140 nulli
1136 1082 1258 1140 usui
1291 1123 1307 1149 ,
1357 1097 1536 1154 neque
1582 1082 1853 1153 edendas,
1897 1096 2076 1154 neque

468 1176 687 1249 1060
714 1176 1017 1247 epulandus
1061 1185 1149 1233 est
1174 1176 1526 1233 sacerdotum
1567 1175 1719 1231 ﬁliis.
1747 1174 1901 1232 Sicut
1926 1175 2071 1232 enim

458 1284 530 1326 ex
556 1270 647 1336 iis,
677 1284 800 1341 qua:
824 1270 1214 1327 alimentorum
1236 1278 1387 1337 sunt,
1414 1269 1563 1342 quod
1586 1268 1791 1326 bonum
1820 1276 1927 1334 est,
1958 1266 2074 1325 edi-

466 1376 558 1423 tur
584 1381 600 1421 :
629 1365 774 1437 quod
802 1366 996 1423 inutile
1024 1375 1118 1422 aut
1146 1365 1717 1437 malum,projicitur;
1751 1363 1827 1420 ita
1854 1370 1911 1420 et
1930 1361 2073 1421 bona

466 1474 632 1531 opera
653 1459 959 1531 epulatoria
986 1458 1244 1526 dicimus,
1279 1468 1304 1496 ι
1327 1460 1454 1529 quia
1497 1468 1624 1513 sunt
1641 1455 1782 1514 esui.

540 1552 627 1609 ﬂ.
651 1553 768 1610 Non
797 1552 1035 1623 placebit
1061 1567 1196 1624 ergo
1220 1551 1476 1617 Domino,
1499 1552 1545 1606 si
1570 1549 1862 1606 manducet
1890 1561 2075 1604 sacer-

470 1646 572 1703 dos
598 1645 956 1711 sacriﬁeium,
1006 1646 1058 1700 in
1089 1644 1236 1716 quod
1264 1642 1294 1683 δ
1326 1642 1478 1699 fraus
1518 1639 1592 1697 sit
1618 1639 1932 1707 oblationis,
1964 1652 2074 1695 non

469 1741 675 1798 sedula:
702 1738 1069 1797 confessionis
1097 1738 1409 1795 sinceritas.
1438 1736 1510 1793 Et
1540 1735 1664 1792 ideo
1686 1734 1869 1791 hircus
1890 1736 1995 1790 iste
2020 1732 2074 1787 in

465 1833 748 1891 desertum
774 1830 1136 1888 dimittendus
1166 1839 1273 1898 est,
1306 1830 1397 1885 ubi
1419 1836 1747 1885 erraverunt
1775 1836 1953 1899 patres
1974 1839 2075 1882 no-
2106 1826 2157 1888 B

469 1925 592 1989 stri.
617 1934 943 1989 erraverunt
974 1923 1030 1978 in
1063 1938 1159 1990 eo,
1196 1930 1253 1980 et
1284 1936 1391 1978 non
1424 1928 1720 1992 potuerunt
1745 1930 1765 1957 ο
1795 1917 1864 1974 ad
1891 1933 2075 1975 resur-

467 2016 733 2076 rectionis
758 2025 965 2073 terram
994 2017 1305 2086 pervenire,
1333 2012 1432 2070 sed
1472 2011 1680 2069 interiit
1710 2027 1740 2066 a
1783 2019 1929 2067 terra
1955 2024 2073 2066 me-

466 2114 646 2172 moria
685 2128 901 2169 eorum.
930 2111 1173 2182 Denique
1201 2124 1324 2181 qum
1377 2108 1489 2165 sint
1534 2106 1842 2180 epulatoria
1882 2119 2072 2176 opera,

455 2206 586 2264 audi
620 2223 634 2259 :
670 2204 739 2260 Et
768 2213 916 2260 erunt
945 2202 1164 2259 sabbata
1203 2211 1356 2258 terra
1383 2200 1526 2255 vobis
1575 2196 1909 2269 escte(Levit.
1943 2211 2072 2260 xxv,

459 2299 541 2369 6).
597 2297 919 2369 Epulatoria
954 2296 1125 2353 .enim
1179 2303 1235 2350 et
1275 2292 1567 2350 refectoria
1616 2291 1835 2362 requies
1857 2291 1911 2345 in
1938 2289 2073 2357 Deo,

461 2406 586 2464 quae
625 2390 757 2446 facit
806 2390 979 2445 animi
1005 2386 1487 2458 tranquillitatem.
1520 2383 1677 2442 Unde
1702 2393 1758 2439 et
1789 2397 1888 2439 nos
1910 2381 2077 2438 etiam

468 2482 524 2537 in
555 2495 810 2537 sermone
837 2480 1268 2551 requiescamus.
1295 2476 1452 2543 Vale,
1502 2485 1560 2532 et
1606 2488 1731 2541 nos,
1785 2482 1843 2529 ut
1873 2473 2075 2545 diligis,

460 2574 664 2646 dilige;
693 2569 820 2644 quia
848 2587 950 2629 nos
982 2582 1035 2628 te
1057 2570 1357 2642 diligimus.

978 2662 1316 2722 EPISTOLA
1354 2662 1593 2720 LXVIII.

471 2762 741 2831 Quidnam
776 2758 919 2817 Deus
972 2756 1176 2814 ludatis
1224 2757 1594 2812 interminatus
1623 2754 1805 2826 fuerit,
1858 2757 2075 2813 dicens:

535 2856 743 2913 Ponam
772 2854 972 2912 ccelum
1004 2866 1235 2919 aereum,
1265 2859 1319 2906 et
1356 2859 1558 2907 terram
1582 2850 1834 2906 ferream.

1012 2946 1322 3003 Aunnostus
1360 2943 1619 3000 Bonum.

539 3044 595 3101 Ι.
620 3041 755 3100 Cum
785 3040 864 3098 sis
890 3041 947 3097 in
971 3054 1126 3112 agro,
1160 3036 1333 3094 miror
1358 3051 1465 3108 qua
1489 3035 1705 3093 ratione
1729 3034 1798 3091 de
1827 3050 1915 3091 me
1936 3050 2080 3107 qua:-

472 3137 705 3196 rendum
736 3135 1044 3207 putaveris,
1065 3148 1164 3191 cur
1211 3130 1419 3189 dixerit
1472 3130 1613 3187 Deus
1644 3127 1712 3184 ιιι
1736 3128 1940 3186 Pouam
1980 3147 2083 3186 cte-

2176 534 2328 586 aere,
2355 528 2413 577 et
2440 520 2679 579 solidata
2723 522 2779 579 in
2835 525 3040 582 metalli
3097 526 3358 600 rigorem,
3385 532 3455 587 sit
3479 532 3573 589 illis
3595 543 3697 592 terra

2177 612 2387 683 ferrea,
2416 622 2607 685 partus
2630 630 2758 672 suos
2782 617 3039 675 nesciens
3058 660 3077 688 ,
3114 616 3134 656 ί
3168 629 3239 677 ur
3263 622 3410 694 quod
3449 623 3699 699 plerumque

2178 702 2360 776 inopia
2378 706 2595 773 habeat,
2610 708 2913 766 discordias
2926 724 3139 769 serens.
3158 712 3338 786 Rapta
3356 715 3497 772 enim
3516 725 3699 783 utuntur,

2175 797 2265 868 qui
2296 798 2443 854 victu
2470 798 2746 873 indigent;
2775 812 2835 859 ιιι
2858 802 3051 862 alienis
3066 804 3369 880 dispendiis
3392 808 3569 869 famem
3592 828 3701 872 suam

2176 891 2457 949 ableveut.

2246 985 2302 1040 4.
2335 984 2459 1041 lam
2498 987 2544 1043 si
2572 997 2629 1044 et
2655 987 2868 1047 oﬁ‘ensa
2890 991 3310 1052 inhabitantium
3347 995 3699 1069 hujusmodisit,

2177 1085 2237 1133 ut
2268 1076 2448 1135 divina
2498 1083 2869 1141 commotione
2917 1085 2986 1142 iis
3035 1086 3343 1147 inferantur
3389 1092 3579 1163 praelia,
3613 1108 3704 1152 vere

2176 1176 2326 1225 terra
2352 1179 2436 1227 est
2481 1170 2681 1240 ferrea,
2717 1177 3003 1235 Helorum
3058 1182 3336 1253 segetibus
3385 1183 3705 1255 inhorreils,el

2177 1264 2292 1320 suis
2322 1264 2467 1322 nuda
2505 1266 2795 1341 fructibus,
2827 1271 3054 1331 fecunda
3097 1276 3166 1331 ad
3208 1292 3449 1348 prunam,
3476 1280 3703 1339 sterilisad

2176 1354 2512 1415 alimoniam.
2546 1359 2649 1418 Ubi
2681 1371 2864 1420 autem
2908 1365 3243 1425 abundantia
3267 1370 3293 1424 τ
3334 1369 3469 1428 Ecce
3499 1390 3582 1448 ego
3617 1376 3704 1446 plu

2176 1449 2317 1505 vobis
2344 1468 2525 1522 partes,
2552 1453 2679 1509 dicit
2709 1454 2966 1515 Dominus
3012 1459 3214 1533 (Exod.
3235 1479 3356 1533 xvt,
3406 1465 3481 1537 4).
3527 1466 3649 1534 Vale,
3669 1477 3706 1525 et

2179 1556 2280 1599 nos
2301 1542 2493 1617 dilige;
2518 1546 2645 1618 quia
2678 1564 2783 1606 nos
2807 1558 2863 1607 te
2886 1549 3190 1624 diligimus.

2570 1642 2778 1717 ιοσι
2816 1643 3155 1704 EPISTOLA
3207 1648 3401 1707 Lm.

2184 1727 2409 1802 Roganti
2443 1748 2603 1804 quare
2637 1733 2749 1791 Leo:
2786 1737 2923 1794 uiros
2957 1749 3093 1796 ueste
3128 1741 3399 1811 muliebri,
3438 1760 3499 1799 ac
3529 1747 3706 1804 mlieres

2252 1828 2393 1889 virili
2413 1830 2491 1885 uti
2513 1831 2784 1902 prohibeat
2802 1850 2823 1901 ;
2844 1836 3122 1905 respondet
3140 1854 3174 1892 a
3193 1847 3386 1894 natura
3406 1840 3462 1895 id
3476 1841 3705 1909 athenas,

2250 1931 2306 1976 ut
2326 1938 2391 1977 ea:
2410 1922 2574 1979 brutis
2592 1924 2724 1996 ipsis
2740 1927 3080 2002 intelligitur;
3097 1932 3325 2003 [aninas
3342 1943 3507 1989 tamen
3518 1935 3706 2003 sum,

2249 2031 2402 2086 quam
2439 2018 2578 2074 uiros
2616 2018 2932 2089 feminarum
2958 2023 3159 2080 cultum
3187 2042 3393 2083 sumere
3420 2028 3707 2085 tolerabilius:

2251 2117 2307 2163 at
2336 2107 2500 2180 legem
2528 2113 2702 2184 potius
2732 2129 2844 2170 esse
2869 2114 2933 2171 de
2961 2118 3191 2174 moribus
3217 2160 3233 2185 ,
3263 2136 3420 2190 quam
3447 2121 3507 2176 de
3527 2121 3704 2178 sestibu.

2254 2197 2384 2255 Post
2409 2218 2527 2273 qua
2552 2205 2609 2259 in
2634 2222 2720 2262 eos
2735 2248 2753 2274 ,
2779 2208 2871 2279 qui
2897 2209 3119 2279 capillos
3144 2212 3436 2283 crisparent
3453 2255 3466 2282 ,
3497 2214 3702 2270 invehitur.

2366 2300 2369 2301 '
2530 2295 2837 2355 Ausaosws
2880 2299 3134 2368 Iustum,
3177 2303 3434 2361 salutem.

2256 2386 2309 2441 1.
2343 2385 2617 2445 Pertulisti
2646 2388 2716 2446 ad
2746 2406 2834 2448 me
2861 2393 3021 2462 quasi
3057 2394 3204 2452 ﬁlius
3227 2397 3538 2468 quaesivisse
3552 2400 3704 2471 aliquos

2181 2480 2252 2539 de
2278 2489 2352 2551 te,
2373 2482 2503 2553 quid
2528 2482 2634 2542 sibi
2663 2485 2800 2542 velit
2824 2486 2971 2558 quod
3003 2496 3111 2545 tam
3160 2504 3360 2548 severe
3398 2491 3506 2549 Lex
3537 2493 3705 2549 immul-

2181 2572 2282 2631 dos
2319 2589 2419 2632 eos
2444 2574 2665 2645 dixerit,
2696 2579 2791 2651 qui
2813 2580 2975 2637 alieni
3003 2596 3172 2640 sexus
3200 2591 3488 2643 uterentur
3510 2584 3703 2652 vestibus,

2181 2666 2270 2724 vel
2302 2668 2450 2724 viros
2478 2670 2689 2727 scilicet
2735 2672 2821 2730 vel
2869 2674 3128 2732 mulieres
3156 2692 3172 2743 ;
3216 2677 3302 2734 sic
3337 2678 3477 2736 enim
3509 2677 3711 2749 scriptun,

2183 2770 2268 2817 est
2292 2778 2306 2815 :
2339 2760 2366 2800 ιι
2399 2762 2523 2818 Non
2548 2765 2647 2819 erit
2676 2782 2759 2821 res
2781 2768 2881 2822 uiri
2905 2785 3064 2841 super
3087 2772 3381 2840 mulierem,
3410 2789 3554 2845 neque
3571 2771 3704 2827 indst-

2183 2864 2267 2908 tur
2289 2854 2369 2910 uir
2396 2855 2585 2913 stolam
2603 2858 2907 2915 muliebrem
2937 2878 2955 2927 ;
2983 2862 3108 2931 quia
3128 2863 3431 2922 immundus
3454 2875 3523 2922 est
3542 2864 3703 2920 Destino

2183 2948 2373 3014 omnis,
2404 2949 2493 3018 qui
2523 2951 2703 3022 fecerit
2727 2951 2838 3009 hac
2867 2953 3044 3029 (Deut.
3071 2972 3205 3025 xxtt,
3239 2958 3324 3032 5).

2255 3040 2311 3095 2.
2346 3040 2478 3097 Etsi
2505 3058 2636 3100 vere
2656 3043 2946 3115 discutias,
2977 3047 3347 3122 incongruum
3368 3062 3470 3121 est,
3491 3051 3608 3125 quod
3626 3051 3702 3122 ipsa

2183 3132 2348 3188 etiam
2372 3133 2635 3193 abhorret
2654 3139 2997 3197 natura.Cur
3014 3143 3161 3200 enim
3191 3145 3364 3204 homo
3386 3162 3486 3203 non
3509 3142 3702 3203 visvideri

469 3232 578 3287 lum
604 3246 794 3287 (ereum
820 3270 835 3296 ,
876 3237 924 3285 et
977 3238 1168 3284 terram
1215 3228 1439 3298 ferream
1492 3223 1676 3297 (Deut.
1731 3240 1921 3292 xxvtu,
1959 3222 2077 3297 25).
2107 3218 2154 3283 C
2184 3237 2330 3293 esse,
2361 3226 2509 3297 quod
2536 3237 2696 3285 natus
2716 3231 2820 3287 es?
2857 3246 2957 3288 cur
2986 3234 3225 3293 alienam
3255 3238 3354 3294 tibi
3381 3238 3589 3297 assumis
3619 3250 3704 3307 spe

473 3325 605 3381 Nam
631 3323 845 3396 species
873 3322 988 3394 ipsa
1037 3319 1178 3393 agri,
1201 3326 1259 3375 et
1287 3332 1532 3390 praesens
1582 3315 1835 3373 fertilitas
1884 3315 2087 3373 docere

476 3433 580 3475 nos
608 3426 795 3491 potest
823 3424 1026 3486 quanta
1052 3411 1344 3471 clementia
1371 3411 1444 3467 sit
1470 3412 1637 3479 aeris,
1668 3418 1724 3466 et
1751 3409 1877 3466 cmli
1909 3409 2089 3467 indul-

475 3510 697 3582 gentia,
751 3507 975 3581 quando
1024 3505 1286 3578 dignatur
1336 3504 1476 3560 Deus
1542 3504 1848 3560 ubertatem
1906 3503 2085 3561 dare:

474 3602 696 3675 quando
724 3609 910 3657 autem
943 3599 1229 3666 sterilitas,
1258 3594 1718 3668 quemadmodum
1756 3595 1937 3651 clausa
1964 3610 2088 3652 om-

476 3698 588 3759 nia,
605 3696 817 3766 spissus
843 3708 959 3759 aer,
980 3692 1118 3749 utin
1142 3691 1380 3762 rigorem
1410 3690 1537 3746 aeris
1562 3688 1827 3774 solidatus
1849 3698 2087 3761 putetur.

481 3788 639 3846 Unde
666 3786 799 3843 alibi
843 3784 1015 3841 babes
1050 3784 1176 3855 quia
1231 3782 1289 3839 in
1316 3782 1508 3839 diebus
1540 3782 1673 3837 Elia:
1722 3781 1966 3837 clausum
2008 3791 2094 3839 est

481 3880 681 3939 cmlum
710 3878 868 3935 annis
890 3877 1062 3934 tribus
1085 3886 1141 3932 et
1168 3876 1450 3932 mensibus
1479 3873 1682 3947 sex(IlI
1701 3874 1835 3947 Reg.
1868 3874 2087 3949 xvn,l).

556 3974 612 4031 ‘2.
637 3971 990 4046 Signiﬁcatur
1010 3970 1178 4042 igitur
1206 3970 1452 4025 clausum
1482 3968 1684 4025 caelum
1714 3983 1919 4025 cereum
1945 3983 2091 4037 esse,

486 4085 647 4127 usum
678 4070 762 4126 sui
790 4069 951 4126 terris
1001 4081 1223 4139 negare.
1281 4065 1455 4122 Terra
1508 4081 1729 4138 quoque
1780 4065 1962 4124 ferrea
1985 4076 2091 4135 est,

488 4180 611 4221 cum
636 4172 933 4235 proventus
954 4160 1168 4229 abnuit,
1197 4168 1254 4216 et
1270 4159 1416 4231 jacta
1446 4158 1553 4216 sibi
1579 4160 1789 4216 semina
1820 4169 2095 4232 tamquam

493 4256 676 4313 hostili
703 4255 904 4312 duritia
926 4254 1152 4326 genitali
1184 4262 1206 4291 θ
1228 4252 1470 4309 excludit
1520 4267 1674 4320 arvo,
1718 4268 1839 4325 qum
1887 4254 2097 4326 gremio

495 4351 636 4406 solet
682 4348 897 4405 blandas
942 4347 1133 4404 matris
1182 4346 1390 4403 fovere.
1444 4346 1673 4415 Quando
1709 4338 1855 4404 enim
1895 4348 2097 4406 ferrum

495 4443 791 4501 fructiﬁcat
816 4444 839 4497 τ
870 4442 1098 4511 Quando
1124 4456 1202 4497 aes
1231 4442 1435 4498 imbres
1459 4441 1708 4499 relaxat?

571 4539 627 4594 5.
652 4535 748 4593 His
776 4536 940 4607 igitur
965 4533 1331 4591 miserandam
1384 4533 1583 4591 famem
1636 4532 1874 4592 minatur
1895 4535 2100 4608 impiis,

2186 3316 2355 3373 ciem?
2368 3332 2467 3374 cur
2484 3321 2737 3382 mentiris
2767 3323 3027 3383 feminam
3056 3343 3071 3381 :
3104 3327 3196 3385 vel
3219 3337 3302 3399 tu,
3323 3329 3525 3399 femina,
3546 3327 3704 3387 virum?

2191 3408 2317 3466 Suis
2346 3426 2793 3485 unumquemque
2816 3431 3015 3474 sexum
3045 3418 3223 3477 induit
3264 3432 3450 3480 natura
3494 3422 3705 3480 indumen-

2191 3504 2284 3561 tis.
2315 3505 2554 3579 Denique
2598 3508 2848 3567 divcrsus
2899 3528 3051 3582 usus,
3079 3514 3338 3575 diversus
3358 3519 3520 3586 color.
3562 3525 3702 3581 motus.

2191 3596 2464 3667 incessus,
2490 3598 2505 3638 ί
2536 3600 2770 3660 diversae
2797 3606 2965 3673 vires,
2997 3607 3210 3667 diversa
3235 3626 3343 3670 vox
3385 3622 3464 3670 est
3483 3613 3530 3669 in
3552 3612 3642 3668 viro
3669 3617 3706 3665 et

2192 3687 2418 3747 femina.

2265 3782 2318 3840 3.
2358 3784 2467 3842 Sed
2498 3786 2664 3844 etiam
2694 3788 2750 3846 in
2782 3790 2977 3865 reliqui
3019 3795 3242 3866 generis
3271 3797 3605 3855 animantibus
3636 3795 3704 3850 alit

2194 3876 2407 3948 species
2428 3878 2631 3949 leonis,
2662 3880 2771 3939 alia
2801 3883 3026 3955 leaenae,
3053 3898 3068 3937 ι
3107 3888 3215 3945 alia
3242 3890 3352 3960 vis,
3408 3891 3535 3948 alius
3556 3901 3702 3947 sonas:

2195 3970 2302 4028 alia
2326 3973 2490 4042 tauri,
2516 3974 2620 4031 alia
2642 3976 2849 4035 vitulae.
2874 3978 2934 4035 in
2954 3981 3133 4039 cervis
3155 3998 3378 4056 quoque
3391 3993 3614 4058 quantum
3632 3979 3705 4037 dis-

2198 4073 2278 4121 tat
2321 4080 2507 4134 sexus,
2558 4077 2768 4126 tantum
2811 4070 3089 4146 discrepat
3117 4078 3373 4147 species;
3403 4086 3459 4135 ut
3494 4073 3705 4134 essetis!!!

2198 4159 2413 4217 eminus
2443 4163 2621 4233 possis
2649 4163 2989 4224 discernere.
3016 4168 3075 4224 In
3103 4170 3299 4228 avibus
3322 4187 3452 4230 vero
3469 4174 3604 4229 etiam
3623 4180 3707 4240 pm-

2199 4251 2324 4325 pius
2349 4253 2415 4310 ad
2468 4256 2723 4313 vestitum
2751 4269 2836 4315 est
2866 4259 3010 4317 inter
3037 4277 3133 4319 eos
3151 4271 3211 4320 et
3234 4263 3480 4323 homines
3496 4274 3705 4333 comitan-

2201 4346 2316 4413 tio;
2351 4348 2406 4404 in
2437 4348 2546 4407 illis
2574 4351 2721 4408 enim
2778 4367 2970 4411 sexum
3013 4357 3281 4415 naturalia
3325 4359 3437 4430 ipsa
3473 4359 3706 4415 indumenti

2199 4440 2541 4501 discernunt.
2572 4445 2703 4504 Pavi
2731 4463 2913 4507 mares
2938 4452 3215 4523 speciosi,
3244 4453 3454 4513 feminae
3494 4468 3586 4513 non
3619 4452 3704 4508 item

2206 4550 2505 4608 pennarum
2548 4540 2703 4597 vario
2740 4542 3033 4616 pinguntur
3058 4546 3283 4606 decore.
3307 4550 3535 4608 Fasianis
3554 4556 3707 4621 qloqlle

503 4630 675 4702 utqui
708 4629 967 4701 pietatem
998 4627 1237 4685 ﬁliorum
1286 4627 1566 4684 communi
1608 4627 1849 4684 omnium
1878 4628 2099 4687 domino
2125 4615 2181 4677 D
2205 4629 2456 4688 diversus
2500 4633 2676 4703 color,
2713 4636 2805 4709 qui
2843 4637 3147 4713 distinguat
3190 4656 3357 4702 sexus
3384 4615 3705 4702 discretionem.

499 4733 556 4782 et
581 4721 722 4797 patri
773 4719 1037 4778 exhibere
1080 4720 1349 4789 nesciunt,
1383 4728 1605 4777 careant
1632 4720 1970 4808 nutrimento
2001 4737 2097 4794 pa-

575 4851 601 4878 ιι
622 4839 698 4896 ita
724 4845 836 4896 vet.
860 4836 992 4894 edit.
1012 4850 1078 4893 ac
1103 4836 1286 4907 plures
1305 4850 1461 4903 mss.;
1494 4845 1551 4893 at
1580 4836 1739 4894 Rom.
1773 4837 1908 4894 edit.
1931 4847 1988 4897 ct
2004 4838 2097 4896 alii

503 4912 626 4970 cod.
653 4910 821 4967 etiam
840 4924 949 4966 non
980 4909 1286 4980 pauci,qua:
1310 4918 1429 4980 sunt
1454 4909 1590 4963 usui.
1912 4940 1921 4947 ρ

577 4983 606 5023 b
625 4983 834 5055 ‘Boyer.
848 4979 1010 5055 cod.’,
1034 4980 1179 5055 fraus
1207 4980 1274 5033 sit
1292 4979 1630 5055 adulationis.

578 5066 601 5094 ε
623 5049 1151 5122 Νοῐιιιιιιιίιηεεζηαά
1187 5049 1597 5122 repromissionis
1639 5059 1848 5107 terram.

579 5124 606 5162 ἀ
637 5125 796 5181 Rom.
854 5124 1013 5197 edit.,
1045 5120 1405 5177 Ponam‘vobis
1433 5122 1617 5197 calum
1643 5124 1776 5191 sicut
1805 5139 2024 5191 tensum,
2055 5133 2103 5181 et

514 5208 705 5252 terram
724 5204 945 5251 vestram
972 5196 1106 5251 sicut
1146 5197 1387 5264 ferream.

586 5279 609 5306 ο
632 5268 836 5324 Omnes
860 5266 1018 5333 edit.,
1037 5264 1265 5321 excludit
1289 5264 1403 5319 alvo
1431 5279 1452 5330 ;
1479 5279 1669 5322 omnes
1693 5280 1847 5332 mss.,
1879 5268 2107 5323 excludit

509 5356 651 5396 arvo.

586 5410 605 5450 ί
643 5409 799 5482 Eras.
829 5417 887 5464 et
912 5422 1029 5480 seq.
1057 5407 1218 5482 edit.,
1248 5417 1295 5462 et
1320 5406 1455 5477 quod
1476 5407 1776 5482 plerumque
1800 5410 1975 5482 inapia
2002 5409 2103 5465 ha~

507 5485 605 5538 bet.
636 5481 863 5538 Amerb.
892 5490 948 5536 et
972 5478 1390 5550 plerique_mss.,
1440 5478 1495 5532 ut
1523 5478 1660 5549 quod
1690 5478 1986 5549 plerumque
2006 5482 2106 5536 im.

512 5553 601 5622 pia
642 5550 860 5622 habebat
884 5568 903 5615 ;
926 5548 1083 5614 m'ss.,
1126 5548 1315 5603 habeat
1344 5565 1359 5603 :
1378 5549 1512 5622 cod.
1537 5548 1696 5622 vero
1723 5550 1873 5609 Belv.
1904 5562 1960 5607 et
2004 5553 2099 5609 alii

507 5619 757 5693 iipnnulli
814 5629 876 5676 ut
931 5624 999 5693 in,
1033 5627 1317 5693 contextu.
1372 5619 1480 5693 sed
1533 5620 1788 5693 ullocus
1843 5622 1932 5678 hic
1985 5624 2099 5693 pla-

504 5690 632 5748 nius
661 5706 691 5742 a
724 5691 940 5760 (lectore
990 5691 1323 5760 intelligatur
1351 5732 1366 5753 ,
1416 5691 1494 5746 ita
1542 5691 1755 5748 videtur
1807 5708 1928 5749 esse
1966 5690 2099 5751 con-

510 5759 841 5837 struendus:
873 5759 1365 5837 discordias’serat,
1390 5771 1662 5831 tamquam
1693 5764 1746 5820 id
1786 5765 1928 5835 quod
1977 5768 2093 5837 plc-

510 5843 741 5899 i-umque
760 5829 939 5900 inepia
964 5831 1178 5888 habeat.

2204 4722 2344 4793 Quid
2373 4723 2429 4781 in
2457 4725 2657 4796 pullis?
2682 4728 2855 4798 Quam
2897 4746 3099 4803 canora
3145 4750 3252 4792 vox
3282 4736 3427 4810 galli,
3452 4734 3475 4774 ι
3499 4727 3708 4792 nocturnis

2203 4840 2698 4969 maIgitillusionibus
2722 4844 2955 4919 Virgilii,
2968 4849 3047 4907 ait
3058 4848 3325 4920 Nannius,
3343 4851 3454 4909 hzec
3472 4848 3707 4908 verbacoe-

2331 5006 2592 5062 Horrescit
2611 5011 2797 5064 strictis
2817 5025 2970 5078 seges
2992 5017 3211 5081 ensibus,
3234 5026 3429 5084 aeraque
3447 5015 3619 5080 fulgent.
3692 4986 3703 5004 ³

2278 5095 2309 5135 ¹ι
2334 5099 2493 5181 Rom.
2520 5101 2678 5168 edit.,
2696 5102 2822 5181 {Van
2843 5106 2937 5181 erit
2964 5107 3174 5181 vestitus
3202 5111 3296 5167 viri
3323 5125 3468 5181 super
3490 5106 3700 5181 mulierum

2207 5185 2371 5241 neque
2397 5172 2643 5229 induetur
2666 5176 2744 5230 uir
2775 5178 2909 5233 stola
2934 5179 3201 5251 muliebri;
3220 5172 3452 5254 quonihil
3484 5172 3703 5236 ἱικικιιιὶιι

2208 5252 2283 5297 est
2307 5239 2533 5299 Domino
2562 5244 2673 5302 Deo
2701 5256 2814 5306 tuo.
2843 5259 2948 5306 etc.

2502 5262 2533 5299 ο
2562 5262 2673 5302 ueo
2701 5262 2814 5314 tuo,
2843 5262 2948 5306 etc.

2290 5319 2570 5412 {Diversae
2596 5326 2845 5412 uires,_ah
2867 5328 3022 5412 hisce
3031 5331 3223 5412 verbis
3249 5332 3359 5412 hiat
3378 5329 3701 5412 ingens-lactis!

2208 5392 2266 5474 in
2294 5408 2425 5474 mss.
2461 5396 2577 5474 fere
2600 5400 2858 5456 omnibus
2876 5413 2936 5474 et
2954 5402 3092 5474 edit.
3110 5405 3329 5461 Amcrb.
3350 5392 3498 5474 quam
3514 5398 3598 5457 nisi
3614 5407 3701 5474 περ·

2209 5464 2465 5537 plevisset
2493 5466 2775 5537 Erasmus,
2800 5471 2956 5527 nobis
2976 5473 3045 5529 ad
3071 5489 3193 5529 eam
3224 5464 3573 5534 restituendam
3598 5464 3698 5523 solas

2206 5536 2341 5592 Last.
2372 5537 2549 5594 codex
2569 5536 2830 5598 auxilium
2857 5545 3281 5616 suppeditasset.

2279 5619 2295 5668 ι
2326 5616 2404 5673 Ita
2433 5616 2589 5682 Eras.
2615 5628 2675 5677 et
2693 5636 2810 5696 seq.
2829 5614 2989 5693 edit.,
3012 5633 3070 5680 at
3089 5624 3225 5684 Last.
3249 5625 3436 5695 codex,
3454 5626 3521 5681 vel
3538 5614 3691 5678 diuit.

2199 5687 2339 5744 alius
2356 5705 2562 5747 sensus.

2276 5766 2301 5807 ¹ι
2329 5769 2484 5843 liras.
2515 5778 2573 5843 et
2591 5785 2709 5843 seq.
2740 5772 2900 5841 edit.,
2929 5779 3295 5843 nocturnisque
3331 5778 3561 5834 uicibus...
3585 5775 3695 5823 ιτα·

2203 5840 2469 5896 nendum?
2501 5840 2796 5915 Numquid,
2819 5840 2927 5902 etc.
2957 5847 3090 5904 Last.
3121 5840 3313 5921 codex,
3344 5859 3400 5907 ut
3426 5852 3473 5907 iu
3492 5852 3621 5903 texta.
