3932 6296
223 308 364 375 1255

1401 314 1888 376 EPISTOLARUM
1929 315 2212 377 CLASSIS
2248 319 2312 378 ll.

3374 329 3516 388 1254

220 427 434 485 vicibus
473 430 719 488 solemne
749 444 949 487 munus
967 431 1034 487 ad
1063 431 1408 488 excitandum
1431 441 1486 488 et
1506 433 1812 490 canendum
1840 439 1895 501 Α
1925 417 1930 420 ’
1990 435 2108 491 bilis
2148 435 2287 504 labi,
2324 453 2385 492 ac
2424 435 2713 512 resurgere.
2752 438 3010 507 Quocirca
3045 459 3162 498 cum
3199 447 3252 500 in
3290 446 3518 502 Canticis

219 522 581 580 ministrans?
623 525 890 596 Numquid
938 527 1028 581 illa
1073 536 1285 583 mutant
1327 528 1567 598 speciem
1615 529 1813 584 suam?

213 614 328 671 Cur
348 631 450 672 nos
480 626 693 674 mutare
723 618 1141 675 desideramus?
1505 686 1510 691 1
1681 641 1686 644 ·

291 710 345 764 4.
379 708 447 764 Et
470 710 688 781 quidem
717 711 908 769 Grieco
941 728 1092 769 more
1116 713 1332 769 inﬂuxit
1363 721 1421 768 ut
1445 712 1662 769 feminae
1685 713 1812 769 viri-

215 801 360 859 libus
404 804 559 875 quasi
607 807 1065 864 succinctioribus
1108 806 1308 863 tunicis
1345 816 1584 862 utantur.
1625 817 1652 844 ι
1682 808 1811 863 Esto

213 906 394 954 tamen
420 907 479 952 ut
506 897 614 954 illa}
643 900 848 956 imitari
877 901 1164 956 videantur
1187 901 1431 956 melioris
1461 915 1624 957 sexus
1651 909 1809 956 natu-

211 1007 352 1060 ram,
385 992 513 1064 quid
542 994 644 1049 viri
667 993 944 1052 inferioris
983 1010 1159 1052 sexus.
1187 995 1406 1052 mentiri
1449 995 1687 1065 speciem
1715 1009 1811 1050 vo-

199 1071 373 1139 lunt?
399 1083 738 1141 Mendacium
769 1097 826 1142 et
873 1087 925 1142 in
973 1087 1142 1145 verbo
1174 1098 1330 1157 turpe
1374 1097 1479 1152 est,
1521 1086 1722 1142 nedum
1755 1088 1806 1142 in

209 1176 420 1234 habitu.
454 1179 699 1250 Denique
724 1180 778 1235 in
804 1181 1040 1252 templis,
1074 1182 1164 1238 ubi
1196 1181 1534 1238 mendacium
1565 1180 1710 1245 ﬁdei,
1736 1181 1806 1236 ibi

210 1271 553 1328 mendacium
581 1282 808 1330 naturae.
843 1274 954 1330 Illic
1003 1290 1282 1332 assumere
1311 1276 1457 1330 viros
1486 1273 1804 1330 muliebrem

211 1361 236 1401 δ
254 1374 483 1431 vestem,
503 1374 825 1438 gestumque
843 1366 1157 1430 femineum.
1175 1383 1388 1423 sacrum
1404 1365 1808 1439 putatur.Unde

208 1454 318 1512 Lex
349 1457 486 1514 dicit
511 1460 638 1530 quia
667 1460 978 1517 immundus
999 1471 1084 1517 est
1117 1461 1347 1517 Domino
1393 1460 1570 1515 omnis
1591 1459 1676 1514 vir
1712 1459 1804 1528 qui

206 1549 401 1606 stolam
424 1551 751 1609 muliebrem
784 1553 1044 1610 induerit.

277 1645 334 1700 5.
361 1646 621 1702 Arbitror
642 1658 821 1704 autem
861 1647 1004 1719 quod
1046 1663 1152 1704 non
1187 1656 1294 1703 tam
1342 1646 1411 1704 de
1437 1658 1610 1718 veste,
1642 1665 1802 1722 quam

204 1735 276 1793 de
305 1737 552 1794 moribus
584 1738 806 1807 dixerit,
839 1739 926 1795 vel
951 1740 1021 1796 de
1048 1740 1238 1797 usibus
1261 1741 1461 1796 nostris
1486 1752 1650 1812 atque
1670 1744 1805 1798 acti-

1989 540 2260 598 processus
2275 530 2464 584 animle
2480 529 2782 586 robustioris
2799 532 3180 604 describantur,
3199 537 3255 590 in
3275 536 3329 590 Μ
3337 537 3515 592 icha'te

1985 637 2106 678 vero
2131 624 2402 693 prophetia
2425 624 2588 693 lapsa:
2609 627 2906 693 conversio;
2927 644 3042 682 eam
3070 630 3508 684 considerandam

1988 717 2250 784 pmpouit.
2273 715 2554 772 Prwmissa
2574 718 2734 790 igitur
2752 721 2977 774 nominis
2998 719 3048 774 Μ
3057 721 3236 777 ichme
3255 723 3510 793 interpre-

1986 809 2200 876 tatione,
2220 810 2477 864 miseriam
2495 812 2795 882 peccatricis
2811 829 2876 866 an
2886 814 3003 868 ima:
3023 815 3255 886 exponit,
3278 816 3512 870 internas

1985 903 2332 974 correptiones
2363 913 2564 972 narrat,
2591 904 2738 958 addit
2768 906 3152 963 exhortationes
3176 924 3237 961 ac
3267 917 3510 978 paratum

1990 995 2199 1050 Domini
2240 997 2496 1051 auxilium
2522 1038 2537 1062 ,
2589 998 2790 1068 felicem
2833 998 3062 1065 eiusdem
3105 1001 3515 1054 immutationem

1983 1090 2172 1158 aperit,
2189 1098 2237 1144 et
2267 1106 2424 1154 quam
2452 1091 2498 1144 ei
2525 1090 2764 1146 Christus
2790 1092 3030 1164 largitur,
3049 1093 3421 1163 fecunditatem
3450 1108 3514 1146 ac

1983 1183 2430 1252 tranquillitatem.
2477 1181 2681 1239 Deinde
2719 1186 2808 1240 ubi
2841 1187 3072 1256 repetiuit
3107 1202 3212 1240 non
3255 1203 3422 1258 pauca
3450 1203 3514 1241 ea:

1982 1278 2338 1350 superioribus
2364 1319 2380 1347 ,
2409 1278 2679 1351 subjungit
2710 1279 2941 1349 ejusdem
2971 1281 3159 1334 animo:
3189 1298 3284 1350 pro
3311 1297 3407 1336 sua
3438 1282 3505 1334 li-

1981 1371 2243 1425 beratione
2279 1372 2566 1442 gratiarum
2602 1373 2852 1426 actiones.
2893 1371 3022 1426 Post
3059 1388 3175 1442 qute
3220 1371 3508 1428 Horontin~

1980 1480 2103 1519 num
2130 1465 2199 1519 ad
2224 1464 2662 1533 perseverantiam
2690 1464 3017 1519 exhortatur.

2354 1637 2660 1694 Auanosms
2697 1636 3071 1694 Honos-rum.

1980 1754 2031 1805 l.
2054 1750 2343 1822 Propheta:
2368 1751 2588 1822 quidem
2615 1750 3093 1823 congregationem
3120 1754 3384 1824 gentium,
3416 1765 3499 1807 at-

206 1831 331 1899 bus,
361 1846 472 1902 quo
503 1832 643 1889 alius
669 1833 1031 1899 v'irum,alius
1076 1833 1332 1891 feminam
1387 1834 1582 1892 deceat
1627 1847 1799 1894 actus.
1834 1844 1880 1903 B
1908 1843 2014 1916 que
2040 1845 2297 1901 Ecclesia:
2328 1845 2723 1900 annuntiarunt
2771 1844 3186 1901 aediﬁcationem
3216 1845 3451 1900 futuram
3486 1864 3502 1911 ;

210 1921 364 1978 Unde
391 1933 447 1979 et
476 1926 767 1994 Apostolus
802 1926 898 1991 ait,
932 1929 1085 1998 quasi
1127 1928 1399 1998 interpres
1446 1927 1646 1999 Legis:
1678 1929 1801 1984 Mu-

205 2016 359 2072 lieres
388 2029 568 2075 uestrae
599 2020 653 2074 in
681 2018 919 2076 Ecclesia
969 2032 1170 2078 taceant
1229 2023 1461 2096 1062.
1499 2022 1623 2079 Non
1669 2028 1801 2080 enin:
1847 2041 1850 2044 ‘

204 2111 520 2182 permittitur
543 2114 615 2168 eis
636 2114 796 2183 loqui,
815 2117 906 2169 sed
924 2116 1160 2171 subditas
1187 2133 1314 2184 esse,
1343 2119 1475 2172 sicut
1516 2117 1628 2174 Leo:
1652 2119 1798 2174 dicit.

205 2201 269 2258 Si
290 2204 415 2272 quid
452 2215 625 2260 autem
653 2208 828 2262 volunt
855 2210 1083 2276 discere,
1114 2211 1253 2265 danti
1273 2212 1408 2268 viros
1433 2229 1554 2267 suos
1581 2213 1800 2268 interro-

200 2304 322 2366 gent
348 2295 394 2365 (Ι
421 2296 544 2354 Cor.
577 2314 687 2367 xrv,
712 2299 803 2365 35,
837 2300 954 2370 56).
997 2303 1063 2357 Et
1087 2302 1153 2357 ad
1193 2302 1571 2360 Timotheum:
1611 2303 1800 2359 Mulier

199 2389 256 2442 in
305 2387 515 2444 silentio
547 2390 716 2445 discat
745 2403 767 2430 ο
792 2409 909 2447 cum
938 2395 1079 2447 omni
1117 2395 1450 2468 subjectione.
1480 2395 1677 2452 Docere
1704 2414 1799 2452 au-

199 2493 305 2537 tem
330 2483 537 2539 mulieri
574 2501 680 2540 non
717 2485 956 2558 permitto
979 2529 994 2552 ,
1040 2503 1200 2558 neque
1247 2485 1505 2545 dominari
1552 2492 1606 2545 in
1633 2493 1797 2546 uirum

201 2576 248 2646 (Ι
277 2575 411 2631 Tim.
463 2592 524 2646 ll,
559 2577 648 2645 ll,
690 2577 804 2651 ιε).

276 2669 330 2726 6.
362 2669 536 2740 Quam
564 2671 812 2728 deforme
832 2682 1015 2729 autem
1046 2674 1224 2730 virum
1265 2674 1450 2732 facere
1481 2691 1648 2748 opera
1680 2694 1799 2734 mu-

201 2762 389 2820 liebria
415 2766 440 2820 ?
463 2765 608 2838 Ergo
643 2776 698 2823 et
727 2767 962 2840 pariant,
1009 2782 1140 2838 ergo
1173 2771 1499 2841 parturiant,
1533 2773 1624 2841 qui
1668 2773 1798 2829 cris-

203 2868 332 2929 pant
359 2872 574 2916 comam
603 2861 746 2917 sicut
789 2861 1026 2917 feminas.
1065 2860 1133 2917 Et
1159 2871 1339 2919 tamen
1365 2864 1479 2918 illa:
1521 2865 1794 2932 velantur,

202 2951 292 3006 isti
315 2951 934 3024 belligerantur.Verum
973 2955 1211 3011 habeant
1240 2961 1676 3028 excusationem,
1706 2961 1797 3031 qui

204 3046 412 3116 patrios
423 3061 554 3101 usus
567 3057 892 3116 sequuntur,
905 3047 1000 3104 sed
1017 3059 1198 3105 tamen
1218 3050 1500 3117 barbaros,
1515 3063 1574 3107 ut
1592 3052 1796 3123 Persae,

205 3137 460 3208 utGothi,
488 3150 548 3196 ut
565 3141 835 3198 Armenii:
857 3143 1031 3215 major
1053 3145 1275 3214 quidem
1303 3154 1388 3201 est
1403 3155 1617 3215 natura,
1635 3164 1794 3219 qnam

205 3229 396 3300 patria.

276 3326 330 3382 7.
361 3325 500 3394 Quid
521 3327 590 3385 de
609 3329 735 3387 aliis
759 3331 1026 3401 dicemus,
1054 3334 1145 3404 qui
1180 3333 1280 3389 hoc
1305 3335 1371 3390 ad
1413 3335 1679 3390 luxuriam
1701 3335 1798 3392 de-

202 3415 486 3475 rivandtim
518 3429 749 3492 putant:
777 3431 839 3479 ut
864 3424 1270 3481 calamistratos
1301 3435 1356 3482 ct
1390 3435 1668 3498 torquatos
1695 3426 1796 3482 ba-

201 3509 366 3568 beant
385 3512 441 3568 in
465 3513 903 3587 ministerio,ipsi
919 3518 1184 3588 promissa
1207 3519 1396 3587 barba,
1421 3520 1543 3575 illos
1569 3521 1795 3576 remissa

201 3605 404 3661 coma?
432 3605 625 3664 Merito
645 3608 757 3665 illic
772 3625 881 3665 non
911 3619 1157 3667 servatur
1193 3612 1536 3679 castimonia,
1567 3613 1657 3667 ubi
1689 3629 1794 3668 non

204 3703 422 3753 tenetur
466 3713 636 3755 sexus
660 3700 980 3768 distinctio;
1015 3704 1068 3758 in
1117 3717 1226 3774 quo
1269 3704 1539 3760 evidentia
1592 3714 1799 3761 naturae

202 3790 517 3860 magisteria
555 3801 704 3861 sunt,
738 3793 956 3852 dicente
994 3796 1258 3866 Apostolo
1289 3815 1302 3851 :
1334 3796 1490 3852 Decet
1531 3799 1798 3854 mulierem

200 3898 301 3936 non
324 3884 548 3939 velatam
589 3903 739 3941 orare
782 3873 1000 3943 Deum?
1032 3889 1276 3962 Necipsn
1299 3900 1487 3945 natura
1535 3891 1683 3946 docet
1713 3909 1799 3946 ros

200 3978 341 4047 quod
360 3979 436 4033 vir
456 3980 668 4051 quidem
687 3978 715 4018 ά
741 3983 787 4037 si
813 3999 1011 4038 comam
1031 3984 1249 4050 nutriat,
1277 3983 1559 4057 ignominia
1585 3993 1657 4039 est
1681 3985 1758 4040 illi
1780 4002 1799 4040 :

200 4070 392 4127 mulier
419 4088 536 4129 vero
565 4077 610 4131 si
632 4077 850 4150 capillos
877 4077 1060 4132 habent
1080 4122 1094 4145 ,
1123 4079 1288 4151 gloria
1317 4090 1391 4132 est
1414 4080 1530 4146 illi;
1553 4082 1800 4150 quoniam

200 4163 408 4234 quidem
452 4169 630 4239 capilli
670 4186 764 4242 pro
802 4171 1050 4225 velamine
1088 4173 1136 4225 ei
1177 4172 1288 4224 dati
1327 4180 1448 4225 sunt
1487 4170 1531 4243 (1
1563 4172 1684 4226 Cor.
1721 4187 1796 4235 st,

202 4257 419 4326 i345).
463 4259 591 4317 Haec
635 4272 759 4318 sunt
786 4278 908 4333 qua:
935 4264 1138 4318 referas
1168 4264 1596 4334 requirentibus.
1626 4265 1794 4332 Vale,

199 4365 258 4411 et
295 4370 396 4412 nos
430 4364 490 4410 ut
517 4354 661 4412 ﬁlius
687 4356 893 4426 dilige;
924 4357 1048 4428 quia
1093 4372 1192 4412 nos
1244 4367 1297 4414 te
1328 4367 1382 4412 ut
1417 4368 1676 4428 parentes
1717 4357 1798 4413 di-

200 4450 438 4523 ligimus.

742 4543 1070 4602 EPISTOLA
1113 4545 1277 4601 LXX.

1903 1936 1999 1992 sed
2029 1946 2204 1992 tamen
2231 1935 2359 2006 quia
2406 1935 2460 1990 in
2486 1935 2728 1991 Ecclcsia
2784 1951 2889 1992 non
2921 1937 3094 1992 solum
3127 1937 3344 1992 fortium
3387 1938 3507 1992 ani-

1905 2046 2116 2088 marum
2137 2032 2281 2104 jugis
2302 2031 2604 2104 profectus,
2623 2048 2813 2090 verum
2833 2034 3000 2090 etiam
3023 2034 3364 2091 inﬁrmarum
3390 2035 3504 2105 lap-

1902 2139 2015 2190 sus,
2047 2136 2096 2180 et
2125 2139 2317 2181 rursus
2345 2124 2633 2181 conversio
2652 2135 2737 2182 est
2769 2143 2781 2179 :
2818 2126 2940 2180 ideo
2961 2141 3254 2197 possumus
3281 2142 3349 2182 ex
3379 2140 3508 2196 pro-

1903 2219 2135 2291 pheticis
2161 2220 2316 2276 libris
2336 2221 2596 2292 colligere
2636 2220 3092 2292 quemadmodum
3120 2231 3213 2275 aut
3242 2222 3503 2295 praeclara

1902 2311 1994 2366 illa
2025 2320 2080 2367 et
2128 2311 2286 2367 l'ortis
2314 2312 2494 2366 anima
2539 2313 2660 2367 sine
2715 2312 2824 2366 ulla
2855 2313 3135 2382 gradiatur
3172 2311 3502 2378 offensione,

1899 2412 1996 2460 aut
2026 2405 2295 2460 infirmior
2324 2405 2556 2472 labatur,
2591 2414 2684 2459 aut
2705 2406 2852 2476 lapsa
2883 2413 3126 2475 reparet,
3151 2420 3214 2461 ac
3242 2404 3504 2461 reformet

1897 2497 2145 2569 gradum.
2540 2541 2544 2545 .

1969 2590 2024 2645 2.
2053 2590 2238 2660 Itaque
2267 2590 2402 2646 sicut
2434 2590 2487 2644 in
2515 2599 2538 2626 ο
2576 2588 2821 2645 Canticis
2861 2590 3201 2646 canticorum
3236 2590 3412 2645 beatae
3437 2589 3497 2644 il-

1901 2683 2005 2738 lius
2034 2684 2231 2738 anima:
2257 2683 2551 2737 continuos
2589 2695 2884 2752 processus
2915 2681 3166 2751 legimus,
3187 2681 3262 2735 ita
3312 2681 3365 2735 in
3403 2680 3501 2735 Mi-

1897 2776 2069 2843 chzna,
2101 2775 2170 2832 de
2197 2791 2305 2846 quo
2336 2775 2497 2830 nobis
2526 2774 2795 2843 propheta
2819 2788 3004 2830 sermo
3039 2773 3250 2846 1063
3277 2784 3502 2829 exortus

1898 2878 2002 2936 est,
2027 2870 2440 2925 consideremus
2485 2868 2650 2937 lapsae
2689 2867 3131 2922 conversionem.
3186 2866 3302 2919 Non
3351 2863 3498 2919 enim

1900 2964 2073 3019 otiose
2096 2972 2148 3017 te
2165 2962 2360 3017 movit:
2383 2959 2444 3014 Et
2468 2970 2546 3026 tu,
2566 2957 3036 3025 Bethleem,domus
3050 2957 3284 3030 Ephrata
3306 2955 3472 3026 (Mich
3485 2999 3498 3011 .

1900 3074 1955 3124 v,
1989 3057 2069 3128 2),
2100 3056 2244 3128 quod
2276 3053 2478 3111 dictum
2522 3062 2605 3108 est
2634 3053 2702 3108 ab
2754 3052 2857 3106 hoc
2898 3051 3181 3120 propheta.
3212 3048 3498 3116 Quomodo

1901 3151 2044 3204 enim
2069 3158 2244 3219 potest
2274 3147 2466 3201 domus
2495 3145 2696 3198 luroris
2741 3157 2887 3208 esse,
2915 3142 3006 3196 ubi
3047 3141 3301 3196 Christus
3340 3151 3498 3196 natus

1826 3233 1872 3295 C
1903 3253 1987 3300 est
2017 3244 2177 3300 ?lioc
2203 3242 2348 3298 enim
2377 3241 2688 3310 exprimunt
2726 3238 2970 3294 locorum
3008 3235 3290 3300 vocabula,
3313 3234 3408 3290 sed
3433 3234 3498 3290 il-

1903 3340 2134 3393 lustrant
2154 3336 2532 3408 operationum
2567 3333 2850 3403 mysteria.

1973 3433 2026 3487 '5.
2082 3435 2159 3486 Ac
2186 3430 2416 3500 primum
2443 3426 2851 3483 consideremus
2877 3425 3003 3495 quid
3033 3423 3496 3494 interpretationis

1905 3527 1955 3580 in
1986 3524 2177 3579 Latino
2206 3523 2402 3578 habeat
2428 3519 2710 3576 Michatas.
2747 3517 3027 3589 Signiﬁcat
3065 3531 3283 3585 autem,
3313 3516 3444 3583 Quis
3468 3531 3498 3570 a

1908 3618 2056 3672 lico:
2113 3616 2220 3682 vel;
2255 3623 2313 3670 ut
2343 3615 2470 3671 alibi
2500 3615 2806 3670 invenimus
2829 3655 2843 3679 ,
2886 3613 3016 3682 Quis
3055 3611 3178 3679 iste,
3211 3613 3231 3649 ί
3271 3610 3497 3666 Morathi

1903 3710 2066 3777 ﬁlius,
2090 3709 2144 3764 id
2175 3718 2281 3775 est,
2315 3705 2751 3780 ltaercdis(Mich.
2774 3723 2810 3771 I,
2839 3705 2911 3777 l).
2941 3705 3072 3774 Quis
3090 3715 3269 3760 autem
3295 3702 3492 3768 haeres,

1904 3806 2006 3862 nisi
2050 3803 2221 3860 Filius
2271 3803 2393 3870 Dei,
2425 3803 2514 3873 qui
2547 3801 2648 3856 ait:
2696 3800 2885 3855 Omnia
2931 3801 3056 3854 mihi
3091 3797 3280 3852 tradita
3319 3806 3436 3852 sunt
3460 3813 3496 3849 -a

1908 3898 2065 3952 Patre
2091 3913 2205 3950 meo
2239 3894 2450 3967 (Matth.
2488 3909 2565 3959 χι,
2594 3892 2712 3961 2ης
2743 3902 2796 3947 et
2826 3907 2948 3946 cum
2987 3891 3106 3960 ipse
3132 3898 3277 3944 esset
3298 3887 3492 3954 ltmres,

1905 4004 2003 4046 nos
2031 4001 2154 4046 esse
2177 3987 2346 4044 voluit
2369 3984 2723 4041 cohaeredes?
2749 3984 2942 4039 Merito
2984 3983 3099 4053 quis
3140 3983 3236 4036 iste
3260 4025 3274 4048 ,
3329 3995 3434 4035 non
3465 3998 3496 4034 e

1905 4082 2105 4153 populo
2134 4095 2296 4146 unus,
2323 4079 2416 4135 sed
2439 4079 2647 4134 electus
2667 4077 2734 4132 ad
2765 4075 2995 4145 gratiam
3026 4073 3152 4140 Dei,
3189 4074 3240 4127 in
3265 4088 3375 4144 quo
3421 4073 3501 4127 lo-

1904 4175 2086 4246 quitur
2105 4173 2341 4242 Spiritus
2366 4177 2608 4234 sanctus,
2641 4169 2730 4239 qui
2762 4166 3086 4238 prOphetare
3127 4165 3292 4236 cmpit
3312 4164 3366 4218 in
3389 4164 3498 4218 die-

1906 4267 1997 4322 bus
2046 4263 2275 4320 Joathan
2305 4305 2319 4330 ,
2366 4272 2411 4318 et
2465 4262 2640 4316 Acha:
2677 4303 2692 4327 ,
2745 4270 2793 4314 et
2857 4256 3090 4312 Ezechiae
3132 4272 3308 4329 regum
3360 4253 3500 4309 Juda

1904 4360 2098 4432 (Mich.
2130 4373 2169 4426 t,
2203 4355 2278 4429 1).
2310 4355 2426 4424 Quo
2454 4353 2642 4409 ordine
2679 4352 3012 4421 signiﬁcatur
3036 4348 3258 4403 visionis
3288 4345 3501 4417 profec-

1904 4463 2030 4517 tus;
2075 4466 2106 4507 a
2162 4448 2318 4503 malis
2371 4447 2515 4502 enim
2558 4444 2779 4515 regibus
2799 4441 3025 4513 adboni
3055 4440 3197 4511 regis
3253 4438 3502 4508 pervenit

1906 4556 2174 4615 tempora.

203 4637 652 4707 Quemadmodum
684 4637 833 4707 fortis
857 4638 1045 4692 animae
1067 4647 1142 4693 est
1169 4643 1220 4692 in
1248 4637 1382 4692 bono
1411 4648 1583 4710 stare,
1609 4640 1686 4696 ita
1706 4640 1797 4696 de-
1824 4633 1878 4693 D
1973 4639 2031 4694 4.
2052 4637 2120 4693 Εῑ
2141 4635 2265 4692 ideo
2295 4635 2551 4706 quoniam
2583 4641 2608 4679 8
2642 4630 2817 4686 anima
2841 4627 3042 4683 alﬁicta
3075 4626 3176 4681 sub
3207 4623 3362 4681 malis
3378 4629 3506 4677 ante

275 4813 301 4841 τι
327 4803 492 4859 Multa
536 4804 764 4860 concilia
797 4803 1034 4860 virilium
1062 4802 1294 4860 vestium
1322 4818 1423 4859 usu
1468 4802 1685 4859 feminis
1713 4803 1799 4857 in-

202 4875 504 4942 terdicunt,
539 4886 597 4930 ut
620 4875 940 4941 Gangrense
970 4891 1093 4930 can.
1126 4876 1229 4942 l5,
1254 4884 1309 4930 et
1333 4875 1458 4928 alia.
1486 4873 1640 4943 Quod
1672 4888 1805 4928 vero

199 4948 399 5002 similis
453 4949 682 5003 mutatio
722 4948 854 5001 viris
881 4962 989 5003 non
1023 4947 1151 5001 item
1201 4945 1478 5015 prohibita
1509 4946 1804 5015 reperitur,

200 5019 336 5075 illud
393 5019 518 5074 inde
566 5029 674 5084 est,
701 5017 844 5089 quod
876 5019 984 5073 rari
1015 5017 1107 5089 qui
1139 5032 1303 5072 sexus
1352 5018 1448 5089 sui
1483 5017 1806 5086 dignitatem

199 5091 305 5146 hac
335 5089 556 5145 infamia
582 5087 1040 5152 delto'uestarent,
1064 5087 1230 5144 futuri
1259 5088 1452 5144 crediti
1481 5096 1629 5143 sunt.

274 5160 300 5200 δ
331 5160 470 5217 Latt.
513 5163 710 5227 codex,
741 5171 929 5235 uestem
973 5162 1227 5235 gestiunt,
1255 5175 1367 5235 qua:
1414 5161 1805 5235 femineum_sa-

199 5250 347 5289 crum
377 5243 585 5302 putetur
618 5251 636 5288 :
667 5233 862 5288 melius
889 5230 1016 5288 γει-ὀ
1045 5230 1182 5286 edit.
1201 5230 1272 5286 At
1303 5231 1598 5300 interjectis
1631 5231 1805 5288 tribus

199 5305 431 5360 vocibus
456 5305 572 5360 sola
611 5305 768 5358 llum.
810 5303 944 5358 edit.
978 5303 1179 5358 habet:
1215 5303 1473 5369 Quoniam
1509 5303 1804 5358 immundus

201 5385 282 5431 est
310 5374 537 5430 Domino
590 5373 704 5430 Deo
734 5384 821 5427 tuo
849 5376 1033 5436 omnis,
1076 5375 1165 5442 qui
1210 5375 1388 5447 fecerit
1426 5373 1556 5440 hinc,
1581 5372 1680 5428 hoc
1704 5384 1802 5439 est,

222 5466 232 5490 ν

222 5457 252 5490 ν-

201 5465 304 5596 ἶπες
333 5457 634 5596 Eltfm‘omni
658 5516 994 5596 subjectione,
1026 5518 1078 5596 in
1123 5532 1256 5596 mss.
1290 5517 1482 5596 lacuna
1511 5515 1802 5596 desinit_sd

203 5592 325 5646 haec
381 5590 566 5654 verba,
618 5586 818 5652 quibus
878 5587 1276 5644 Amcrbachius
1329 5589 1429 5642 ista
1478 5587 1802 5657 praemittit:

201 5659 491 5732 Apostolus
514 5660 682 5732 inquit
706 5674 724 5712 :
754 5657 944 5712 Mulier
973 5659 1255 5732 insilentio
1283 5659 1468 5732 discat.

279 5729 306 5769 ἀ
340 5731 486 5788 Edit.
519 5740 576 5786 et
602 5729 789 5800 plures
817 5743 974 5800 mss,
997 5730 1041 5782 si
1070 5745 1270 5784 comam
1300 5731 1501 5786 habeat.
1533 5730 1600 5784 Et
1640 5730 1802 5800 inira,

204 5821 304 5876 pro
331 5803 586 5858 uelamine
607 5799 654 5857 ei
670 5807 791 5854 sunt
812 5815 832 5863 ;
856 5799 945 5854 alii
994 5801 1234 5856 nonnulli
1264 5802 1555 5871 utrobique
1586 5799 1804 5868 melius,

207 5879 270 5930 ιιι
292 5877 343 5930 in
371 5882 543 5931 textu.

1987 4813 2010 4838 ο
2040 4802 2368 4871 Progressus
2390 4798 2586 4871 animge
2631 4797 2684 4849 in
2716 4793 2955 4871 Canticis
2976 4801 3121 4846 cant.
3153 4785 3508 4871 obscuread-

1913 4856 2194 4928 umbratos
2223 4872 2275 4926 in
2311 4871 2405 4942 lib.
2436 4868 2505 4924 de
2520 4866 2684 4942 Alsaae
2712 4877 2768 4921 et
2795 4864 2976 4942 anima
3007 4856 3506 4942 exponitatque_il-

1914 4925 2484 4999 lustr—atxmbrosius.
2510 4937 2664 5004 Quod
2687 4945 2878 5009 autem
2898 4934 2987 4988 hic
3013 4925 3095 4986 ait
3109 4930 3212 4985 sibi
3242 4943 3365 4982 cum
3396 4925 3504 5009 ilo-

1915 5017 2170 5070 rontiano
2199 5026 2507 5068 sermonem
2551 5009 2621 5063 de
2651 5008 2871 5062 Michtea
2900 5013 3145 5060 exortum
3195 5012 3340 5062 esse,
3371 5007 3504 5052 satis

1914 5085 2122 5141 indicat
2149 5097 2368 5139 causam
2409 5081 2536 5136 huic
2563 5080 2808 5149 epistolae
2855 5091 2962 5130 non
2991 5071 3216 5128 aliunde
3243 5084 3406 5140 quam
3433 5084 3501 5124 ex

1917 5158 2108 5212 eodem
2137 5155 2412 5224 colloquio
2443 5152 2608 5207 fuisse
2637 5149 2958 5226 pr_ofectam.
3258 5210 3306 5226 η
3435 5212 3471 5226 Δ,
3492 5213 3504 5226 ο

1987 5210 2006 5264 i
2037 5210 2116 5282 ita
2141 5234 2248 5281 vet.
2273 5210 2405 5281 edit.
2433 5239 2497 5278 ac
2517 5210 2653 5278 mss:
2678 5220 2838 5275 Rom.
2857 5225 3035 5272 autem
3063 5213 3223 5277 edit.,
3248 5210 3506 5282 Morasthi

1911 5281 2077 5369 ﬁlius,
2097 5300 2278 5356 haeres.
2305 5295 2703 5369 Alludit__po_rro
2721 5287 3040 5369 Ambrosius
3060 5285 3126 5339 ad
3146 5283 3318 5369 prima
3342 5281 3503 5369 hujus

1911 5351 2449 5441 iiiiipiie'nesie'rba;
2499 5351 2718 5441 Verbum
2766 5360 3030 5440 Domini...
3054 5395 3070 5439 ε
3087 5398 3099 5410 .
3130 5351 3502 5441 ἁάμῦώαίαηξ

1912 5423 2273 5497 ᾙόττάὲὶὴὶιεηι
2297 5453 2311 5505 ;
2339 5439 2539 5504 quibus
2559 5434 2780 5504 quidem
2820 5445 2928 5486 non
2952 5428 3142 5506 ipsius
3171 5434 3362 5506 pater,
3407 5423 3505 5480 sed

1911 5495 2262 5584 ballistam
2283 5495 2621 5581 signiﬁcatur
2657 5521 2669 5556 :
2712 5511 2876 5584 atque
2907 5495 3043 5584 adeo
3066 5495 3505 5584 MorastltgiLLseu

1913 5565 2369 5652 identiﬁed",
2397 5590 2629 5652 utroque
2654 5565 2802 5629 enini
2819 5572 2995 5652 _modo
3023 5579 3183 5652 recte
3210 5565 3478 5652 scribitur;
3489 5609 3505 5632 ,

1908 5637 2054 5713 idem
2083 5637 2166 5710 est
2188 5637 2250 5708 ac
2295 5637 2554 5706 Morasthi
2604 5655 2782 5698 natus.
2819 5645 2893 5698 De
2919 5641 3068 5713 vocis
3095 5649 3274 5713 autem
3303 5637 3509 5713 signiﬁ-

1910 5708 2125 5784 catione
2138 5721 2461 5779 Ambrosius
2476 5731 2598 5772 cum
2619 5715 2950 5786 Hieronymo
2965 5713 3018 5767 in
3034 5711 3268 5786 Prologo
3282 5708 3350 5762 ad
3368 5709 3510 5779 ejus-

1907 5799 2034 5855 dem
2059 5795 2294 5851 Miclueae
2325 5783 2866 5862 prophetiamplane
2877 5799 2980 5839 con
2991 5783 3156 5862 venit.

1985 5852 2350 5923 illittttuntui'
2371 5852 2461 5916 alii
2489 5852 2728 5915 nominis
2747 5856 2988 5914 Michtete
3004 5852 3362 5926 signiﬁcatus.
3386 5852 3519 5909 Nam
