3932 6296
466 277 607 339 1235

1783 278 2032 347 “NCT!
2070 279 2395 347 summa

3626 280 3745 337 "36

464 397 748 455 laborabat
797 397 1054 470 regibus,
1108 409 1269 471 quem
1307 406 1626 468 processum
1682 393 2065 461 conversionis
2088 397 2142 459 Α
2168 395 2295 453 Haec
2329 396 2480 471 prius
2511 395 2860 468 exstirpanda
2901 406 3066 462 sunt;
3105 410 3177 453 ne
3213 396 3301 452 bis
3348 393 3625 452 [auctiora
3675 396 3744 450 ia-

464 506 579 551 ωε
598 488 1315 559 habeat,considerandutn
1359 487 1596 547 videtur.
1627 486 1914 547 Destructa
1944 495 2062 542 erat

466 586 623 659 quasi
647 584 942 654 inﬁrmior,
969 594 1023 647 et
1047 582 1226 643 omnis
1252 580 1486 645 munitio
1506 580 1625 652 ejus
1644 579 1789 637 facta
1832 589 1952 639 erat
1977 581 2063 637 via

464 679 894 745 transeuntium,
916 686 976 735 et
1001 677 1256 733 incursus
1287 673 1629 746 passionum,
1661 673 1874 730 luxuria
1908 687 2063 731 reso«

466 773 604 842 luta,
635 787 700 829 ac
727 770 971 840 deliciis,
1001 771 1238 827 contrita
1265 777 1384 829 erat
1407 810 1425 836 .
1470 783 1537 825 ac
1575 768 1815 840 relegata
1841 782 1873 823 a
1927 764 2066 822 [acie

471 866 721 923 Domini:
754 865 936 922 Turris
979 868 1095 939 ejus
1126 863 1367 934 squalida
1402 872 1538 932 erat,
1588 879 1711 934 qua:
1736 862 1911 935 posita
1936 869 2023 919 est
2047 903 2064 931 ,

468 970 530 1017 ut
557 961 612 1016 in
643 959 822 1021 Esaia
865 960 1080 1021 cantico
1108 959 1345 1030 legimus
1375 956 1550 1028 (Esai.
1580 973 1637 1026 v,
1663 958 1744 1029 2),
1775 958 1833 1014 in
1885 956 2069 1014 medio

469 1054 720 1113 ﬂorentis
760 1053 953 1109 viueze.
977 1052 1201 1126 Squalet
1225 1052 1429 1111 etenim
1463 1051 1656 1113 turris,
1678 1050 1895 1122 quando
1943 1050 2069 1107 vitis

467 1147 689 1215 arescit,
724 1156 747 1183 τι
779 1154 835 1202 et
862 1146 983 1203 avis
1012 1134 1109 1203 sua
1140 1154 1323 1203 errat:
1354 1143 1703 1215 regrediente
1733 1155 1911 1202 autem
1942 1144 2071 1201 vitis

468 1243 773 1311 viriditate,
794 1242 881 1301 vel
905 1259 1029 1310 ove,
1046 1241 1395 1313 resplendet;
1423 1242 1558 1299 nihil
1591 1242 1735 1300 enim
1766 1242 2071 1314 squalidius

469 1337 778 1409 iniquitate,
813 1336 946 1393 nihil
972 1334 1565 1408 splendidiusjustitin.

542 1433 597 1487 5.
632 1430 714 1486 Ad
741 1430 879 1486 hanc
909 1431 1108 1488 turrim
1138 1439 1429 1489 revocatur
1455 1430 1575 1486 ovis
1593 1470 1610 1497 ,
1636 1429 1860 1501 quando
1888 1430 2071 1486 anima

470 1535 759 1582 revocatur
779 1540 807 1579 a
844 1524 1032 1597 lapsu,
1063 1534 1119 1580 et
1149 1524 1201 1579 in
1249 1524 1337 1579 illa
1362 1538 1465 1579 ove
1490 1521 1700 1579 Christi
1729 1538 1955 1594 regnum
1980 1539 2072 1581 re-

471 1618 572 1688 dit,
615 1617 761 1689 quod
781 1627 867 1674 est
896 1617 1148 1675 initium:
1178 1617 1306 1689 quia
1334 1615 1456 1686 ipse
1477 1624 1565 1673 est
1589 1615 1808 1672 initium
1846 1627 1901 1672 et
1947 1617 2074 1674 linis

474 1710 659 1784 (Apoc.
690 1726 740 1779 ι,
768 1710 851 1785 8),
898 1712 980 1767 vel
1026 1710 1249 1768 initium
1293 1710 1523 1775 salutis;
1576 1709 1675 1766 sed
1721 1719 1902 1767 unam
1943 1725 2070 1767 cor-

2169 500 2516 547 teruecentur
2538 492 2734 548 animai
2757 500 2899 549 sata.

2239 583 2293 640 8.
2321 583 2472 640 Tunc
2493 585 2657 641 etiam
2682 585 2813 641 illud
2836 586 3100 658 prospicit
3127 585 3394 658 pravi“
3413 585 3614 642 anime
3638 600 3747 641 cen-

2164 677 2340 735 snltor
2359 720 2377 745 ,
2406 689 2463 735 ut
2483 680 2776 738 concludat
2801 694 2924 737 eam
2942 684 2998 737 in
3022 681 3405 753 voluptatib.
3431 682 3579 749 suis,
3609 692 3747 754 atque

2170 772 2493 829 intercludat
2534 774 2657 844 ejus
2702 774 3065 846 cupiditates,
3111 791 3181 831 ne
3229 776 3287 830 in
3334 776 3403 830 iis
3443 775 3745 831 delectetur.

2170 865 2345 924 Utiles
2394 868 2540 924 enim
2584 878 2708 925 sunt
2761 871 3142 940 correptiones
3191 871 3479 940 parentis,
3532 870 3624 940 qui
3658 886 3747 926 nos

2170 959 2346 1029 parcit
2386 961 2587 1033 virgae;
2629 971 2687 1017 ut
2711 962 3059 1020 obedientem
3110 964 3403 1034 proneptis
3444 963 3749 1019 salutaribus

2173 1063 2397 1124 praestet
2413 1055 2653 1110 animam
2680 1055 2778 1112 lilii
2792 1056 2878 1112 sui
2908 1055 3093 1129 (Prae.
3122 1071 3237 1123 xm,
3269 1054 3404 1126 24).
3436 1055 3602 1127 Virga
3626 1057 3749 1112 enin

2173 1146 2392 1213 visitat,
2446 1147 2591 1204 sicut
2650 1148 2914 1219 legimus:
2972 1148 3207 1205 Viaitabo
3260 1150 3318 1203 in
3366 1148 3519 1220 uirga
3562 1148 3751 1215 iniqui.

2172 1250 2305 1297 tates
2334 1256 2510 1296 eorum
2540 1243 2561 1312 (
2590 1240 2738 1298 Ptol.
2795 1257 3066 1307 uxxvut,
3111 1242 3242 1311 55).
3269 1240 3463 1312 Itaque
3488 1241 3586 1312 qui
3622 1242 3748 1312 virga

2174 1333 2448 1391 maxillam
2476 1334 2719 1404 percutit
2746 1333 3061 1390 Israelitico
3084 1335 3316 1400 sui...
3344 1332 3541 1390 erudit
3562 1347 3678 1388 ω
3698 1332 3750 1388 ad

2170 1425 2520 1497 disciplinam
2568 1427 2840 1497 patientiae
2885 1428 3162 1483 Dominica
3196 1426 3579 1498 correptione.
3608 1425 3752 1484 Nemo

2173 1520 2318 1575 enim
2349 1520 2643 1590 desperare
2686 1520 2880 1585 debet,
2907 1521 3244 1591 quicumque
3283 1520 3595 1591 corripitur
3618 1529 3751 1591 atque

2173 1612 2451 1683 arguitur;
2496 1614 2591 1685 qui
2643 1615 2787 1671 enim
2830 1602 3012 1685 diligit
3055 1613 3262 1681 ilium,
3308 1610 3751 1685 corviplt(Eccli.

2174 1720 2280 1760 xxx
2298 1745 2313 1771 ,
2347 1704 2427 1777 1).
2457 1704 2628 1764 Nemo
2653 1706 2722 1763 de
2745 1708 2995 1765 remedio
3019 1706 3256 1764 difﬁdas.

472 1803 673 1875 ripitur
700 1805 878 1875 prius,
909 1819 978 1861 eo
1007 1804 1153 1875 quod
1189 1814 1296 1861 tam
1316 1804 1558 1876 graviter
1584 1805 1880 1873 erraverit,
1904 1813 1962 1861 et
1990 1806 2074 1862 di-
2100 1803 2149 1864 Β
2243 1798 2299 1854 9ο
2338 1798 2483 1856 Ecce
2511 1801 2606 1857 libi
2634 1801 2724 1859 ubi
2750 1802 2949 1860 domus
2977 1801 3220 1860 furorem
3253 1801 3505 1859 ﬁdentis
3530 1813 3669 1871 eral,
3696 1804 3752 1858 ibi

473 1897 617 1955 citur
637 1898 690 1959 ei
712 1916 725 1952 :
762 1897 834 1954 Ut
857 1899 981 1968 quid
1002 1899 1315 1970 cognovistis
1334 1898 1516 1955 male?
1538 1898 1789 1967 numquid
1834 1915 1927 1955 rea;
1970 1916 2074 1955 non

476 1999 584 2044 erat
605 1989 696 2046 tibi
725 1988 914 2063 (Mich.
945 2006 1022 2055 tv,
1044 1989 1146 2062 9)?
1175 1990 1288 2046 Hoc
1317 1999 1427 2055 est,
1458 1990 1703 2048 habebas
1723 2007 1934 2064 regem,
1979 1990 2076 2059 qui

476 2090 528 2138 te
554 2092 810 2153 regeret,
834 2092 890 2141 et
922 2089 1167 2138 tueretur
1187 2123 1202 2149 ,
1255 2082 1480 2141 deviare
1507 2099 1538 2139 a
1577 2084 1804 2154 iustitia:
1856 2085 2076 2141 tramite

479 2190 588 2233 non
619 2176 878 2243 debuisti,
905 2191 1008 2235 nec
1038 2176 1350 2247 relinquere
1370 2178 1492 2233 vias
1545 2176 1781 2241 Domini,
1834 2176 1930 2248 qui
1980 2175 2075 2233 tibi

476 2268 832 2325 rationabiles
872 2283 1074 2326 sensus
1121 2271 1441 2342 impertivit.
1471 2270 1498 2309 ι’
1528 2270 1631 2328 Ubi
1661 2279 1820 2329 erant
1864 2271 2075 2341 cogitu-

478 2360 657 2417 tiones
679 2370 785 2417 tua:
806 2403 820 2426 ,
852 2362 945 2417 ubi
974 2363 1206 2417 consilia
1232 2398 1248 2431 ,
1276 2362 1477 2434 quibus
1505 2362 1809 2433 prmvidere
1856 2362 2075 2433 injuSIi-

478 2453 607 2507 tiam
628 2494 643 2517 ,
705 2453 1025 2523 propulsare
1080 2454 1402 2522 iniquitates
1432 2455 1598 2510 insito
1642 2454 1737 2509 tibi
1767 2456 1953 2525 vigore
1979 2468 2077 2524 po-

480 2545 677 2602 tuisti?
711 2545 817 2603 Cur
843 2547 1335 2616 comprehenderunt
1366 2557 1416 2603 te
1444 2549 1650 2605 dolores
1669 2559 1723 2603 ut
1744 2549 2078 2619 parturientis

480 2637 700 2709 (lbid.);
721 2647 780 2694 ut
804 2640 1111 2709 parturires
1138 2639 1479 2711 iniquitates,
1509 2648 1566 2698 et
1594 2656 1818 2710 pareres
1861 2641 2076 2712 injusti-

484 2731 624 2791 tias?
679 2730 870 2793 Nullus
920 2733 1068 2791 enim
1116 2735 1292 2805 major
1320 2744 1408 2792 est
1462 2735 1640 2801 dolor,
1694 2749 1859 2807 quam
1890 2737 1935 2791 is
1984 2738 2077 2808 qui

479 2828 689 2897 peccati
728 2843 992 2885 mucrone
1014 2830 1268 2887 vulnerat
1295 2831 1726 2887 conscientiam:
1775 2847 1954 2903 neque
1986 2836 2074 2890 ul-

479 2920 590 2975 lum
615 2920 836 2991 gravius
860 2929 947 2976 est
974 2936 1139 2989 onus,
1168 2938 1336 2993 quam
1358 2931 1704 2993 peccatorum
1735 2925 1945 2980 sarcina
1971 2966 1988 2992 ,
2020 2934 2077 2983 et

478 3010 693 3080 putidus
732 3012 1081 3084 ﬂagitiorum.
1116 3014 1391 3084 Deprimit
1433 3016 1703 3098 animum,
1736 3026 1929 3072 curvat
1985 3034 2077 3077 us-

476 3121 582 3177 que
635 3106 702 3161 ad
733 3115 971 3174 terram,
1024 3123 1095 3167 ue
1122 3123 1182 3165 se
1203 3109 1417 3180 erigere
1446 3110 1642 3179 possit.
1673 3110 1889 3179 Gravia,
1951 3112 2027 3167 lili
2053 3153 2069 3179 ,

2177 1889 2372 1946 domus
2392 1893 2548 1962 panis
2566 1903 2682 1949 est:
2709 1894 2799 1951 ubi
2815 1895 3132 1960 crudelitas,
3160 1895 3236 1952 ibi
3261 1897 3472 1968 pietas:
3508 1896 3601 1951 ubi
3624 1911 3753 1967 pana

2178 1981 2583 2063 innocentium,
2608 1987 2681 2043 ibi
2702 1988 3093 2045 universorum
3121 1988 3461 2061 redemptio,
3488 1991 3626 2045 sicut
3647 1991 3755 2044 scri-

2178 2087 2330 2148 ptum
2352 2086 2471 2143 est:
2504 2079 2575 2137 Et
2605 2092 2659 2137 tu
2682 2124 2698 2150 ,
2724 2081 3020 2150 Bethleem,
3047 2084 3234 2139 domus
3263 2082 3520 2154 εριιωω
3541 2123 3560 2148 ,
3608 2099 3756 2139 nones

2178 2171 2393 2227 miniata
2422 2173 2555 2229 inter
2595 2175 2855 2246 principes
2882 2174 3061 2240 Iuda;
3096 2192 3163 2232 ea:
3190 2185 3240 2231 te
3268 2179 3411 2231 easint
3436 2177 3598 2231 aibat
3626 2175 3754 2229 Pria-

2179 2279 2297 2336 oeps
2331 2265 2388 2319 in
2416 2264 2586 2323 Istud
2633 2266 2838 2341 (lien.
2871 2286 2940 2338 v,
2971 2267 3067 2340 2).
3099 2268 3386 2326 Bethleem
3415 2269 3753 2339 domuspaﬂs

2179 2368 2264 2417 est
2281 2400 2298 2429 ,
2330 2359 2571 2432 Ephrata
2598 2363 2793 2420 domus
2824 2363 3065 2419 furorem
3088 2365 3349 2420 videntis.
3378 2364 3501 2420 Hoc
3523 2364 3752 2420 habetis-

2181 2456 2500 2525 terpretatio
2516 2456 2741 2513 istorum
2776 2456 3075 2513 nominum.
3109 2456 3168 2513 ln
3196 2456 3492 2513 Bethleem
3521 2464 3751 2512 natusw

2179 2546 2249 2603 de
2288 2547 2453 2625 Maria
2508 2548 2789 2606 Christus:
2824 2550 3014 2607 eadem
3059 2561 3244 2607 autem
3291 2551 3610 2617 Bethleem,
3643 2563 3750 2621 .an

2180 2640 2416 2711 Ephreta
2439 2640 2595 2714 (Luc.
2620 2659 2680 2708 it.
2707 2642 2785 2715 6).
2815 2644 2870 2699 In
2891 2644 3059 2700 domo
3080 2644 3246 2715 igitur
3266 2642 3471 2699 luroris
3488 2655 3748 2715 generatis

2180 2743 2265 2789 est
2306 2734 2596 2797 Christus:
2643 2745 2703 2797 et
2749 2737 2873 2794 ideo
2897 2738 3010 2805 jam
3040 2752 3149 2793 non
3180 2737 3387 2795 domus
3417 2736 3646 2802 furoris,
3671 2738 3748 2793 sed

2179 2827 2372 2885 domus
2403 2831 2579 2900 panis,
2609 2832 2734 2902 quia
2777 2848 2966 2900 panem
2992 2832 3201 2904 recepit
3220 2848 3350 2888 cum
3374 2874 3392 2901 ,
3420 2834 3516 2903 qui
3552 2834 3746 2889 deseca-

2179 2918 2259 2974 dit
2298 2920 2367 2975 de
2395 2922 2537 2979 caelo
2568 2922 2761 2994 (Joan.
2793 2941 2879 2993 vt,
2910 2925 2981 2983 50
3002 2925 3044 2996 ).
3074 2926 3284 2981 Domus
3318 2936 3508 2982 autem
3538 2926 3743 2982 furerent

2181 3010 2420 3071 videntis
2449 3024 2533 3070 est
2558 3016 2829 3087 Ephrata;
2859 3019 2982 3088 quia
3032 3018 3143 3074 illic
3168 3018 3423 3074 Herodes
3446 3021 3578 3076 dum
3614 3020 3742 3075 Chri-

2178 3116 2321 3161 stum
2352 3109 2607 3179 requirit,
2630 3110 2823 3179 perimi
2851 3112 3039 3167 statuit
3056 3111 3389 3179 infantulus;
3416 3115 3559 3170 unde
3590 3114 3741 3169 Votis

475 3201 655 3271 gravia
696 3201 860 3258 nimis
905 3200 1229 3259 delictorum
1272 3204 1539 3272 pondera.
1593 3204 1839 3275 Denique
1879 3205 1972 3260 illa
2015 3206 2069 3261 in
2098 3201 2146 3265 ρ
2180 3198 2347 3254 Roma
2371 3202 2553 3256 audita
2581 3212 2659 3257 est
2689 3202 2884 3260 Rachel
2924 3206 3178 3275 plorantis
3217 3206 3361 3275 ﬁlios
3392 3224 3517 3264 suos
3554 3208 3736 3281 (lauit.

477 3293 774 3367 Evangelio
815 3296 1044 3363 mulier,
1067 3312 1188 3367 quae
1221 3305 1448 3355 curvata
1474 3306 1594 3354 erat
1613 3336 1629 3365 ,
1658 3300 1908 3369 speciem
1939 3314 2079 3371 prae-

477 3388 708 3444 tendens
763 3388 960 3442 animae
998 3387 1336 3455 laborantis,
1381 3404 1415 3445 a
1460 3387 1682 3447 Christo
1737 3390 1915 3460 potuit
1957 3390 2078 3446 solo

475 3481 610 3551 erigi
630 3480 801 3552 (Luc.
825 3498 915 3539 xut
935 3520 951 3549 ,
984 3481 1106 3553 11).

546 3576 601 3631 6.
638 3574 773 3631 lluic
803 3591 934 3647 ergo
954 3577 1153 3632 animae
1179 3575 1412 3633 dicitur:
1451 3577 1689 3634 Viriliter
1710 3595 1829 3650 age,
1861 3579 2077 3654 ιοθι

482 3676 505 3707 ο
517 3668 962 3738 etappropinqtta,
975 3668 1089 3738 ﬁlia
1104 3666 1259 3735 Sion,
1279 3677 1333 3723 ut
1356 3669 1620 3739 parturias
1634 3668 1825 3743 (Miclt.
1855 3686 1931 3737 Iv,
1957 3670 2069 3744 10).

481 3761 710 3817 Dolores
735 3761 882 3819 enim
920 3762 1272 3832 parturientis
1300 3762 1707 3819 tribulationem
1736 3774 2037 3835 operantur
2057 3807 2073 3835 ,

473 3856 742 3912 tribulatio
766 3857 1102 3928 patientiam,
1140 3856 1393 3928 patientia
1420 3857 1805 3927 probationem,
1838 3858 2073 3929 probatio

473 3965 635 4018 spem,
682 3964 799 4020 spes
829 3958 1000 4004 autem
1028 3965 1134 4003 non
1171 3949 1447 4020 confundit
1490 3951 1545 4005 in
1594 3961 1847 4007 (sternunt
1887 3951 2066 4024 (Rom.

474 4056 527 4107 v,
556 4038 662 4109 5,4
681 4040 721 4112 ).
754 4041 929 4097 Simul
950 4042 1195 4112 egeritur
1223 4054 1388 4113 atque
1407 4041 1721 4099 excluditur
1747 4058 1911 4101 omne
1925 4045 2071 4116 quod

470 4132 761 4191 adversum
788 4142 874 4190 est
898 4133 1057 4191 bonis
1084 4135 1361 4203 moribus;
1397 4149 1465 4192 ne
1503 4135 1794 4193 residentis
1816 4137 1938 4208 ejus
1959 4138 2073 4194 fru-

471 4236 682 4283 tescant
717 4229 965 4293 semina,
1004 4239 1173 4299 atque
1211 4229 1264 4283 in
1313 4243 1484 4287 novos
1533 4229 1730 4286 iterum
1758 4231 2073 4301 germinent

475 4330 681 4387 partus.

541 4414 597 4469 7.
628 4411 657 4451 ἀ
696 4411 814 4470 Nec
848 4414 1026 4471 otiose
1060 4414 1261 4471 dentur
1302 4417 1354 4473 ei
1392 4431 1597 4473 cornua
1623 4426 1681 4475 et
1716 4417 1961 4489 ungulas;
2012 4427 2072 4477 ut

465 4514 713 4561 conterat
740 4521 935 4562 omnes
964 4508 1275 4579 manipulos
1305 4524 1487 4577 areze,
1520 4513 1664 4567 sicut
1706 4512 1933 4569 vitulum
1970 4514 2066 4571 Li-

2177 3307 2247 3359 tt,
2277 3292 2402 3364 18).

2249 3387 2335 3443 to.
2380 3387 2487 3443 Sed
2511 3388 2624 3459 jam
2657 3404 2819 3446 nemo
2846 3394 3064 3461 timeat,
3090 3394 3215 3465 quia
3242 3398 3469 3467 reguies
3493 3396 3583 3452 illa
3605 3409 3735 3465 quam

2174 3480 2640 3549 quaerebatDavid
2669 3482 2690 3554 (
2721 3481 2867 3540 Paul.
2895 3488 3123 3557 cxxxt),
3150 3488 3334 3544 audita
3360 3500 3451 3545 est
3482 3491 3537 3544 in
3567 3489 3737 3560 Epin-

2177 3582 2225 3629 ιιι
2247 3613 2265 3641 ,
2310 3575 2529 3631 inventa
2558 3588 2643 3633 est
2689 3579 2742 3634 in
2785 3582 2992 3650 campis
3031 3583 3205 3638 silvas.
3238 3583 3401 3639 Tunc
3436 3584 3611 3640 adhuc
3632 3585 3735 3639 silva

2173 3679 2291 3725 erat
2310 3670 2589 3727 nationum
2613 3678 2993 3747 congregatio:
3016 3678 3114 3734 sed
3140 3691 3500 3751 posteaquam
3530 3683 3582 3737 in
3607 3679 3735 3735 Clu-i-

2173 3773 2314 3821 stum
2337 3767 2586 3835 credidit,
2613 3768 2883 3827 t‘ructuosa
2908 3772 3043 3829 facta
3070 3785 3153 3830 est
3184 3773 3356 3843 (Lac.
3395 3790 3448 3843 t,
3480 3775 3730 3848 θλίψει

2175 3857 2440 3917 benedicti
2484 3862 2688 3916 ventris
2731 3861 2966 3918 fructum
3009 3866 3241 3936 recepit.
3274 3866 3489 3921 Mortua
3522 3876 3604 3922 est
3628 3879 3732 3933 ergo

2172 3947 2376 4013 Rachel
2406 3954 2711 4020 parturiens
2737 3952 2907 4026 (Gen.
2945 3972 3123 4024 xxxv,
3166 3956 3288 4031 i0);
3318 3960 3451 4029 quis
3480 3958 3589 4029 iam
3622 3968 3727 4012 tunc

2171 4044 2328 4115 quasi
2354 4046 2676 4114 patriarchae
2708 4063 2848 4104 uxor
2882 4048 3122 4107 furorem
3152 4052 3389 4108 Herodis
3413 4052 3638 4119 videbat,
3659 4050 3729 4121 qui

2174 4152 2274 4194 nec
2299 4138 2619 4196 minusculae
2645 4141 2790 4196 aetati
2818 4144 3078 4214 pepercit.
3105 4143 3282 4201 Simul
3308 4145 3436 4216 quia
3452 4146 3507 4200 in
3533 4144 3730 4215 Ephnla

2172 4233 2384 4302 peperit
2411 4232 2689 4303 Benjamin
2710 4238 2896 4305 specie
2923 4239 3286 4307 superiorem,
3317 4240 3530 4314 ιωδ
3559 4248 3726 4310 myste-

2172 4325 2254 4382 rio
2282 4328 2673 4397 posteriorem,
2703 4329 2929 4386 Paulum
2968 4332 3180 4389 scilicet
3199 4374 3213 4401 ,
3240 4334 3334 4403 qui
3355 4341 3633 4405 antequam
3655 4344 3727 4402 εει

2170 4430 2479 4487 neraretur,
2514 4438 2621 4477 non
2655 4423 2909 4480 minimos
2935 4424 3154 4482 dolores
3181 4428 3340 4483 matri
3364 4428 3631 4496 praestitit,
3654 4440 3725 4479 ru-

2166 4514 2257 4585 jus
2306 4516 2448 4571 lilios
2497 4518 2944 4590 persequebatur.
2986 4520 3054 4575 Et
3086 4521 3202 4576 illic
3232 4531 3448 4577 mortua
3474 4533 3530 4578 et
3551 4520 3723 4590 sepulta

470 4599 598 4655 bani
619 4601 639 4671 (
658 4598 827 4655 Mica.
855 4616 927 4665 tv,
957 4600 1072 4673 15).
1106 4601 1218 4659 Nisi
1244 4605 1391 4660 enim
1418 4604 1683 4676 manipuli
1702 4606 1921 4663 contriti
1953 4605 2067 4664 lue-
2093 4600 2143 4663 1)
2170 4617 2292 4674 est;
2322 4617 2381 4663 ut
2409 4622 2508 4665 nos
2526 4610 2853 4667 commortui
2878 4618 2937 4667 et
2960 4612 3263 4683 consepulti
3286 4629 3414 4669 cum
3438 4613 3657 4679 Christo,
3682 4610 3723 4665 is

464 4690 607 4755 rint,
653 4691 828 4762 paleae
869 4693 1184 4760 ventilata,
1229 4696 1439 4753 fructus
1481 4712 1745 4769 apparere
1775 4700 2066 4757 interiores

460 4792 519 4838 et
548 4784 760 4841 absolvi
791 4796 1090 4857 nequeunt.
1121 4786 1474 4845 Comminuet
1503 4791 1668 4862 igitur
1694 4800 1859 4864 atque
1896 4802 2065 4850 excu-

460 4875 559 4941 tiat
585 4879 738 4951 prius
769 4884 950 4939 anima
980 4882 1275 4954 proﬁciens
1308 4886 1623 4957 passionum
1652 4886 1957 4960 superﬂua;
2004 4897 2063 4947 ut

460 4971 674 5036 fructus
732 4988 862 5031 suos
912 4976 1298 5036 demonstrare
1353 4980 1525 5053 possit
1576 4980 1632 5041 in
1682 4982 1800 5051 ipsa
1850 4992 2058 5055 segete.

457 5064 672 5132 Quanta
703 5065 930 5123 adverso
951 5076 1113 5136 sunt,
1147 5084 1272 5138 quae
1302 5081 1494 5140 partus
1520 5072 1818 5143 impediant
1847 5074 2054 5131 bonos!

452 5204 812 5280 prpterqham
865 5205 1012 5280 quod
1041 5208 1241 5280 exponi
1295 5217 1512 5277 potest,
1564 5211 1734 5280 quisa
1764 5209 1914 5277 Deo,
1963 5212 2052 5268 vel

445 5274 562 5351 quis
585 5274 701 5351 ne,
720 5291 849 5351 quin
875 5274 1096 5351 quidem
1117 5274 1611 5349 interpretationes
1629 5320 1647 5347 ,
1674 5281 1839 5337 modo
1868 5274 2047 5339 tamen

448 5346 1002 5422 primamiscvipseris
1049 5350 1166 5417 quis
1186 5346 1351 5422 (adeo,
1384 5364 1495 5406 non
1527 5353 1643 5422 quis
1663 5369 1696 5405 a
1728 5352 1836 5408 Deo
1861 5392 1877 5419 ,
1904 5355 2049 5411 haud

442 5415 517 5493 ita
535 5419 813 5493 recedunt
824 5415 900 5493 ab
920 5434 992 5476 eo
1007 5415 1156 5493 quod
1179 5415 1549 5493 Hieronymus
1560 5425 1679 5478 loco
1696 5415 2049 5493 supro'citato

441 5487 573 5564 dicit
618 5506 631 5542 :
690 5508 725 5564 «γ
762 5487 1051 5564 Miehmas',
1082 5489 1228 5557 ὅστις
1252 5487 1433 5550 osa...
1462 5533 1475 5547 .
1509 5494 1651 5564 apud
1699 5487 1799 5549 nos
1846 5505 2045 5562 sonat,

439 5558 551 5639 quis
579 5563 747 5639 quasi,
778 5562 1024 5639 vel,'qt_t_is
1039 5565 1477 5639 ulut;_gprcter
1506 5558 1607 5639 his
1637 5564 1802 5639 igitur
1829 5558 2048 5639 exposi-l

442 5626 817 5746 ἒὶἓᾶῗιεεεὲἃω
845 5626 1150 5707 explicatur
1192 5626 1454 5692 Riphaeas
1504 5626 1824 5693 humiliatus
1854 5680 1869 5705 ,
1902 5626 2048 5709 'per-

524 5772 550 5847 ξι
587 5765 714 5821 Mss.
747 5770 989 5847 aliquot,
1019 5783 1071 5827 et
1088 5843 1096 5847 _
1115 5790 1217 5830 nea
1242 5793 1338 5831 sua
1364 5786 1524 5833 torret
1547 5796 1567 5844 ;
1590 5791 1645 5835 et
1675 5779 1815 5836 infra
1838 5821 1854 5847 ,
1877 5782 2059 5837 uiridi-

469 5840 573 5895 tate
600 5849 710 5897 arte
727 5837 1037 5918 resplendet.
1072 5843 1250 5921 Atque
1276 5848 1347 5903 ita
1377 5850 1430 5905 in
1462 5837 1815 5925 sequentibus
1840 5837 2058 5941 semper

2171 4700 2413 4757 Ecclesia
2442 4718 2808 4774 resurgamus.
2840 4704 2967 4761 lude
2983 4709 3128 4762 enim
3151 4707 3258 4763 alia
3282 4706 3720 4779 interpretatione,

2166 4790 2253 4851 vel
2280 4793 2568 4851 fecundam
2590 4837 2604 4863 ,
2639 4796 2725 4852 vel
2749 4798 2957 4870 repleta
2985 4798 3260 4856 fructibus
3281 4842 3296 4867 ,
3326 4800 3561 4875 Ephrata
3590 4798 3721 4869 signi-

2168 4886 2375 4943 licatur.

2243 4982 2327 5038 11.
2367 4988 2390 5025 θ
2421 4982 2517 5039 llic
2550 4992 2767 5051 tamen,
2808 4985 2861 5041 id
2893 4996 3012 5051 est,
3054 4987 3107 5041 in
3140 4986 3285 5043 libro
3313 4987 3621 5059 pmpbetico
3656 4985 3720 5038 ia-

2162 5078 2412 5133 venimns
2452 5078 2711 5152 ὀλιγοστὸς
2754 5075 2827 5147 σῖ,
2874 5079 2927 5134 id
2975 5078 3089 5147 est,
3121 5080 3177 5136 in
3215 5081 3554 5151 paucioribus
3577 5095 3645 5137 es.
3674 5076 3715 5130 In

2156 5229 2256 5293 uva
2289 5215 2654 5293 substituitur,
2682 5215 2778 5293 sed
2808 5217 3183 5293 minusrecte.
3528 5291 3537 5293 ᾗ
3703 5286 3712 5293 ε

2225 5284 2255 5325 δ
2287 5286 2471 5361 Κῦρε.-
2498 5288 2659 5354 edit.,
2705 5287 2809 5343 Aut
2855 5289 3131 5344 consilium
3175 5300 3325 5345 tum
3354 5291 3544 5358 periit?
3596 5286 3713 5361 quasi

2156 5357 2340 5411 dicat:
2370 5357 2473 5413 Ubi
2495 5368 2637 5424 sunt,
2667 5371 2773 5415 etc.

2232 5440 2254 5507 εξ
2282 5429 2486 5507 [ladem
2517 5431 2759 5507 edit.,net
2784 5432 2921 5496 dole,
2951 5433 3065 5503 ﬁlia
3093 5432 3247 5502 Sion,
3281 5445 3336 5488 ut
3368 5435 3655 5507 parturiens.

2230 5496 2257 5536 ά
2282 5499 2443 5555 Rom.
2476 5500 2636 5568 edit.,
2665 5496 2877 5578 Cornua
2902 5496 2992 5578 tuta
3020 5518 3213 5573 ponant
3233 5496 3430 5578 ferrea,
3463 5516 3509 5562 et
3529 5503 3708 5575 ungulas

2154 5579 2271 5625 tuas
2297 5587 2487 5644 ponant
2515 5587 2707 5627 teneas.
2742 5571 2867 5627 Non
2893 5571 3075 5639 otiose,
3106 5585 3213 5631 etc.

2228 5651 2251 5679 ε
2283 5643 2546 5727 Absoluta
2563 5646 2848 5727 praecipua
2874 5645 3507 5727 difﬁcultate,_nimlrttm
3522 5661 3618 5727 qua
3641 5657 3709 5725 rs-

2162 5713 2532 5791 tioneﬂdn‘mus
2560 5713 2762 5791 luroris
2787 5720 2970 5791 vocari
3016 5721 3187 5791 possit
3211 5719 3347 5775 illud
3375 5713 3705 5791 oppidém,_in

2163 5800 2274 5853 quo
2305 5785 2554 5843 Christus
2576 5790 2724 5842 nasci
2770 5790 2970 5855 voluit,
2995 5785 3321 5850 Ambrosius
3348 5785 3426 5849 ad"
3446 5785 3626 5849 variam
3646 5787 3707 5842 le3

2164 5858 2398 5915 ctionem
2427 5875 2533 5941 qua
2561 5862 2872 5941 propositus
2903 5872 3087 5921 textus
3112 5867 3255 5943 apud
3287 5868 3557 5926 Michaam
3579 5870 3704 5937 ειςρο
