3932 6296
181 277 315 333 i237

1375 275 1864 338 EPISTOLARUM
1901 277 2186 338 CLASSIS
2221 279 2287 336 ιι.

3335 284 3474 342 1258

177 396 428 450 Μιιῑιιιωο
453 404 666 452 autem:
690 395 758 450 Et
791 405 845 450 tu
869 395 1154 459 Bethleem,
1184 395 1368 450 domus
1395 392 1558 462 Iuda,
1586 411 1686 449 non
1714 411 1766 449 es
1795 401 1845 460 Α
1876 395 2054 466 Usque
2084 396 2152 450 ad
2192 405 2391 467 tempus
2437 398 2689 469 parientis
2715 396 2889 471 (Psal.
2922 411 3088 465 xvm,
3120 398 3200 471 7).
3257 398 3354 458 Cui
3383 405 3478 457 atl-

173 491 225 542 in
242 487 574 558 paucioribus
604 488 797 559 (tilica.
825 505 874 555 ν,
906 488 989 559 2).
1009 487 1337 544 Ibi‘domus
1366 486 1502 544 Juda
1521 531 1534 552 ,
1559 487 1646 544 hic
1673 487 1773 542 do—

173 595 292 634 mus
346 579 617 649 Ephrata:
652 581 704 634 iu
734 595 843 651 quo
885 581 1176 636 verborum
1219 579 1585 650 discrepantia
1611 622 1626 646 ,
1661 595 1769 636 non

171 687 433 729 sensuum
454 681 556 727 est.
591 670 724 726 Nam
761 683 814 726 et
856 671 1042 727 Judaea
1075 672 1308 727 interior
1340 671 1475 727 vidit
1508 673 1764 739 furorem,

169 776 224 822 et
277 766 520 822 exterior
573 767 815 836 pertulit.
849 765 919 820 Et
973 767 1025 820 in
1092 765 1438 835 paucioribus
1479 774 1594 831 est;
1641 765 1768 837 quia

172 858 328 928 pauci
353 866 512 925 sunt,
546 858 638 928 qui
664 858 868 912 intrant
894 858 946 911 in
973 856 1194 912 domum
1236 858 1390 928 panis
1425 872 1520 928 per
1572 872 1771 928 angus-

172 963 280 1006 tam
313 952 477 1006 viam.
510 949 577 1004 Et
604 965 710 1004 non
742 959 828 1004 est
870 950 922 1004 in
952 949 1322 1020 paucioribus,
1348 950 1400 1005 id
1423 961 1527 1014 est,
1553 949 1622 1007 de
1643 967 1770 1022 pro-

170 1046 499 1113 iicientibus,
541 1060 662 1116 qua:
691 1043 968 1100 Christum
999 1060 1107 1100 non
1136 1047 1377 1116 agnovit.
1405 1045 1514 1101 Nec
1547 1044 1766 1101 minima

167 1146 274 1205 est,
298 1154 418 1209 qute
447 1149 527 1194 est
550 1139 747 1195 domus
781 1138 1216 1206 benedictionis,
1250 1147 1304 1193 et
1329 1138 1526 1194 divina:
1577 1139 1767 1208 gratia

166 1237 567 1306 receptaculum
600 1253 614 1290 :
648 1237 783 1290 etin
815 1250 882 1291 eo
912 1233 1140 1289 minima
1167 1277 1180 1301 ,
1214 1234 1299 1288 cui
1338 1233 1384 1288 is
1424 1234 1514 1303 qui
1556 1232 1765 1303 aliquid

164 1329 379 1384 confert
441 1327 694 1394 Christo,
749 1327 959 1383 videtur
1010 1326 1246 1382 deferre.
1302 1326 1372 1380 Et
1417 1326 1510 1398 qui
1558 1325 1768 1396 appetit

166 1421 494 1488 Eeclesiam,
519 1418 794 1475 Christum
819 1420 1054 1491 appetit;
1077 1421 1130 1473 in
1153 1421 1346 1490 quovis
1369 1418 1595 1474 minimo
1619 1419 1764 1474 enim

161 1515 415 1570 Christus
474 1525 566 1570 aut
615 1514 864 1581 laeditur,
927 1524 1021 1570 aut
1067 1515 1403 1580 honoratur,
1466 1517 1764 1570 secundum

160 1608 310 1678 quod
376 1609 491 1678 ipse
537 1607 647 1662 ait:
682 1607 835 1675 Quod
878 1608 1012 1662 enim
1057 1609 1149 1661 uni
1196 1608 1379 1662 horum
1429 1608 1765 1663 minimarum

161 1702 364 1772 fecistis
391 1741 406 1768 ,
439 1701 566 1754 mihi
608 1700 806 1770 fecistis
844 1699 1062 1772 (Matth.
1094 1718 1196 1756 xxv
1217 1743 1232 1769 ,
1286 1701 1402 1770 40).

1879 488 2030 543 venit
2076 488 2356 556 Christus,
2412 489 2629 545 advenit
2675 489 3001 566 fecunditas,
3042 490 3258 548 advenit
3287 507 3475 565 partus

1876 584 2063 657 (mea.
2096 601 2161 651 v,
2211 584 2306 656 3);
2353 585 2492 642 sicut
2539 585 2758 642 advenit
2785 585 3073 654 Ecclesiae,
3105 601 3227 661 quae
3262 592 3477 662 peperit

1875 677 2056 749 plures
2076 719 2091 744 ,
2121 694 2280 750 quam
2311 695 2430 750 quae
2462 679 2602 734 lllios
2627 679 2897 736 habebat:
2927 687 2981 736 et
3001 682 3214 753 peperit
3237 693 3471 756 septem,

1874 772 1923 826 id
1957 781 2061 836 est,
2113 771 2404 842 legitimos,
2438 773 2779 844 tranquillos,
2816 773 3088 844 paciﬁcos.
3121 775 3315 847 incipit
3341 793 3474 847 ergo

1871 866 2166 937 concipere
2188 868 2398 934 anima,
2429 877 2483 924 et
2506 869 2726 923 iormari
2761 867 2812 924 in
2847 883 2907 924 ea
2933 869 3202 938 Christus,
3236 887 3355 942 qua:
3381 889 3471 927 re-

1871 959 2076 1029 ceperit
2106 959 2395 1016 adventum
2420 961 2571 1030 ejus,
2626 969 2677 1016 et
2707 959 2946 1032 pascitur
2991 960 3044 1016 in
3087 961 3292 1018 divitiis
3320 965 3468 1034 ejus;

1872 1064 1926 1108 ut
1963 1053 2097 1108 nihil
2130 1055 2176 1109 ei
2209 1055 2382 1120 desit,
2425 1066 2483 1109 ut
2511 1054 2756 1110 videntes
2787 1054 2947 1109 etiam
2972 1069 3090 1109 eam
3121 1055 3244 1120 alim
3275 1057 3470 1114 anima

1871 1155 2212 1202 revertantur
2241 1146 2308 1201 ad
2340 1148 2481 1202 viam
2507 1148 2716 1201 salutis.

1944 1239 2032 1294 1⁸1.
2063 1239 2128 1294 Et
2150 1242 2244 1294 erit
2273 1241 2318 1296 ei
2343 1257 2446 1313 p01:
2471 1239 2660 1312 (Mich.
2691 1255 2744 1306 v,
2776 1240 2856 1312 5),
2883 1239 2977 1295 sed
3005 1257 3110 1294 non
3139 1251 3320 1312 potest
3348 1259 3442 1314 pro

1870 1333 1986 1388 bari
2019 1333 2120 1388 nisi
2157 1334 2566 1389 tentationibus.
2604 1333 2757 1388 Tunc
2787 1333 2928 1389 enim
2962 1348 3064 1404 pax
3096 1333 3215 1405 ejus
3246 1336 3471 1390 estima-

1871 1427 2014 1481 bitur
2043 1437 2096 1481 et
2141 1425 2546 1496 tranquillitas;
2587 1441 2710 1481 cum
2742 1426 3038 1482 excluserit
3073 1441 3239 1482 vanas
3266 1429 3471 1498 cogita-

1871 1522 2080 1586 tiones,
2119 1520 2202 1576 vel
2252 1520 2673 1591 compresserit,
2705 1533 2826 1574 eum
2870 1529 3051 1574 motus
3099 1535 3288 1575 omnes
3338 1520 3470 1576 edo—

1871 1615 2066 1668 muerit
2111 1615 2422 1686 passionum
2472 1613 2899 1683 insurgentium,
2947 1612 3471 1669 cumincrebuerint

1867 1707 2131 1777 angustia:
2152 1749 2164 1770 .
2217 1708 2522 1776 persecutio
2547 1749 2561 1773 ,
2595 1706 2767 1762 fames
2793 1748 2808 1772 ,
2860 1706 3158 1777 periculum
3181 1749 3195 1772 ,
3231 1705 3465 1776 gladius.

236 1794 325 1848 1‘2.
359 1793 533 1862 ipsam
550 1803 733 1850 autem
764 1794 1043 1851 Bethleem
1073 1811 1195 1852 esse
1217 1812 1338 1866 quae
1369 1804 1456 1852 est
1479 1795 1721 1868 Ephrata
1746 1842 1760 1866 ,
1796 1803 1842 1862 B
1867 1797 2020 1854 Tunc
2050 1797 2174 1861 erit,
2207 1800 2396 1869 inquit,
2439 1815 2575 1868 pax;
2607 1800 2729 1870 quia
2761 1798 2812 1853 in
2848 1799 2933 1853 his
2960 1798 3215 1853 onmibus
3245 1815 3466 1870 supera-

157 1879 325 1943 diicet
354 1889 519 1942 lectio
559 1888 818 1955 Genesis,
851 1887 942 1944 ubi
969 1889 1044 1943 ait
1075 1907 1088 1942 :
1125 1889 1334 1944 Mortua
1362 1902 1434 1944 est
1462 1899 1632 1944 autem
1657 1890 1762 1945 Ra-

158 1981 294 2046 chel,
313 1991 358 2035 et
375 1981 578 2051 sepulta
596 1983 732 2037 estin
749 1982 829 2035 via
849 1980 1221 2052 Ephrata,ipsa
1233 1992 1306 2038 est
1324 1981 1587 2038 Bethleem
1602 1983 1759 2055 (Gen.

159 2076 446 2145 xxxv,i9).
473 2075 530 2131 In
559 2077 646 2131 via
676 2076 703 2114 ι’
733 2076 1012 2147 sepultura
1045 2087 1129 2131 est
1155 2086 1360 2132 sanctze
1388 2077 1616 2142 Rachel,
1640 2095 1761 2150 qua:

157 2177 321 2238 typus
339 2167 431 2222 iuit
464 2168 742 2236 Ecclesiae,
773 2177 831 2223 ut
858 2178 1208 2224 transeuntes
1222 2170 1404 2224 dicant
1426 2188 1438 2222 :
1461 2168 1761 2224 Benedictio

160 2257 372 2314 Domini
425 2276 583 2330 super
636 2277 725 2315 vos
765 2260 941 2329 (Psal.
988 2275 1226 2327 csxvm,
1261 2260 1347 2332 8);
1405 2271 1488 2317 et:
1542 2261 1758 2318 Venien-

155 2361 233 2405 tes
260 2353 459 2407 venient
488 2355 542 2407 in
567 2354 913 2408 exsultatione
942 2352 1116 2426 (Psal.
1148 2367 1316 2418 cxxv,
1363 2353 1444 2424 6).

230 2447 318 2502 15.
349 2446 542 2502 Omnis
570 2449 752 2518 itaque
779 2448 979 2510 anima,
1006 2463 1126 2516 qum
1156 2448 1348 2518 recipit
1379 2461 1572 2518 panem
1605 2449 1756 2504 illum

157 2541 582 2597 descendentem
624 2541 692 2596 de
738 2541 879 2598 caelo
904 2583 920 2607 ,
963 2539 1158 2596 domus
1186 2542 1336 2612 panis
1359 2551 1464 2606 est,
1500 2543 1602 2597 hoc
1629 2547 1753 2606 est,

160 2637 316 2706 panis
341 2635 572 2704 Christi,
591 2652 713 2707 quae
741 2637 1037 2692 habitantis
1069 2639 1202 2691 inse
1225 2637 1376 2706 panis
1395 2635 1638 2693 caelestis
1667 2634 1757 2689 tir-

159 2739 436 2784 mamento
451 2730 635 2792 alitur,
656 2740 710 2784 et
730 2729 896 2785 corde
909 2731 1282 2784 continuatur.
1309 2729 1462 2785 Unde
1486 2737 1540 2784 et
1555 2728 1755 2784 Paulus

156 2823 264 2879 ait:
317 2822 508 2876 Omnes
533 2824 676 2878 enim
710 2839 842 2877 unus
889 2824 1037 2895 panis
1087 2840 1260 2877 sumus
1295 2821 1337 2893 (l
1371 2823 1492 2878 Cor.
1526 2837 1553 2877 χ
1575 2866 1590 2890 ,
1627 2823 1751 2894 i7).

157 2917 349 2970 Omnis
379 2917 560 2970 anima
590 2913 769 2971 ﬁdelis
797 2915 1073 2972 Bethleem
1115 2927 1194 2972 est
1223 2959 1237 2980 ,
1278 2916 1420 2971 sicut
1449 2915 1753 2972 Jerusalem

159 3011 361 3064 dicitur
382 3051 396 3074 ,
439 3023 559 3078 qua:
609 3024 792 3077 pacem
825 3017 880 3064 et
923 3009 1373 3079 tranquillitatem
1403 3009 1566 3064 habet
1596 3021 1754 3078 supe-

157 3106 322 3160 rioris
373 3104 714 3168 Jerusalem,
773 3119 894 3172 qua:
953 3104 1004 3157 in
1049 3103 1190 3157 caelo
1242 3113 1344 3156 est.
1397 3101 1570 3157 Verus
1601 3102 1755 3172 panis

1869 1907 1987 1946 mus
2010 1901 2231 1963 propter
2251 1907 2408 1959 eum,
2440 1895 2528 1962 qui
2575 1907 2674 1948 nos
2700 1891 2883 1948 dilexit
2905 1935 2920 1959 ,
2952 1893 3207 1961 quoniam
3240 1895 3469 1948 conlidi-

1867 2001 1986 2041 mus
2014 1987 2066 2041 in
2099 2001 2163 2042 eo
2187 1987 2308 2058 quia
2338 2002 2512 2057 neque
2539 2000 2708 2054 mors,
2737 1995 2759 2022 ε
2787 2001 2962 2057 neque
2986 1988 3069 2042 vis
3098 1988 3465 2042 tentationnm

1867 2096 1962 2136 nos
1983 2079 2051 2137 ab
2077 2081 2197 2151 ejus
2220 2080 2446 2136 divellat
2473 2079 2742 2137 charitate
2787 2090 2841 2136 et
2882 2088 3104 2150 separet
3134 2079 3314 2152 (Itoni.
3342 2093 3458 2147 vin,

1865 2175 1978 2245 35).
2003 2171 2154 2230 Tunc
2182 2191 2312 2244 ergo
2340 2175 2489 2230 dabit
2519 2174 2866 2239 tentationes,
2896 2184 2953 2228 ut
2975 2174 3104 2244 justi
3139 2174 3461 2246 probentur.

1867 2269 1932 2322 Et
1977 2267 2238 2323 Dominus
2283 2267 2498 2338 quidem
2550 2267 2641 2321 dat
2691 2265 3019 2323 tentationes
3054 2283 3117 2323 ea
3146 2265 3460 2337 voluntate,

1864 2375 1918 2415 ut
1948 2363 2220 2416 neminem
2245 2361 2421 2430 decipi
2451 2361 2606 2415 velit:
2627 2362 2722 2415 sed
2748 2362 2869 2431 quia
2898 2361 3145 2430 plerique
3172 2363 3462 2416 vincuntur

1865 2452 2068 2507 inﬁrmi
2094 2451 2520 2517 tentationibus,
2547 2454 2636 2523 qui
2683 2452 2852 2507 fortes
2905 2463 3066 2520 sunt,
3104 2453 3419 2522 probantur.

1935 2544 2023 2600 18.
2055 2543 2209 2600 Tunc
2236 2544 2340 2599 illis
2371 2546 2467 2598 erit
2493 2561 2578 2599 ros
2603 2562 2634 2598 a
2655 2538 2880 2598 Domino
2903 2541 3092 2614 (Mica.
3127 2559 3182 2610 v,
3215 2546 3296 2615 7),
3331 2552 3460 2599 tunc

1862 2639 2113 2709 requies:
2151 2645 2280 2692 tunc
2315 2637 2420 2692 erit
2452 2637 2631 2691 anima
2673 2636 2848 2707 justi,
2896 2637 3035 2692 sicut
3064 2637 3270 2692 catulus
3298 2638 3464 2692 leonis

1864 2731 1885 2770 ί
1937 2735 1989 2786 in
2038 2731 2258 2786 ovilibus
2302 2747 2540 2804 pecorum
2571 2729 2762 2804 (lbid.,
2807 2729 2885 2801 8).
2922 2729 3077 2799 Quod
3130 2729 3462 2803 Ev’angeiico

1859 2824 2110 2895 exemplo
2141 2824 2208 2879 ad
2240 2823 2515 2879 Christum
2548 2819 2752 2878 referre.
2781 2837 2889 2877 non
2923 2819 3307 2889 dubitaverim;
3335 2827 3458 2896 quia

1860 2918 1973 2988 ipse
2003 2917 2177 2973 dixit:
2205 2911 2496 2987 Tuncjusti
2527 2914 2794 2987 fulgebunt
2824 2914 3052 2968 sicutsol
3078 2915 3131 2967 in
3161 2931 3319 2987 regno
3356 2913 3462 2968 Pa-

1858 3012 1950 3065 tris
1996 3009 2308 3083 sui(.‘llattli.
2343 3025 2459 3076 xm,
2502 3007 2617 3078 15).
2651 3005 3094 3076 Comprimentur
3132 3009 3275 3061 enim
3327 3021 3459 3076 qna-

1860 3107 2026 3173 drigae
2075 3105 2194 3174 ejus
2245 3102 2650 3158 irrationabiles
2681 3102 2892 3158 scilicet
2925 3101 3158 3173 impetus
3191 3109 3243 3156 et
3278 3114 3458 3169 monts

157 3205 273 3263 est,
307 3198 396 3266 qui
439 3195 641 3252 fractus
670 3208 721 3250 et
749 3196 1113 3251 contminutus
1147 3205 1168 3232 ο
1203 3195 1417 3247 satiavit
1448 3195 1751 3249 universos.
1786 3198 1830 3259 ί]
1865 3200 2020 3253 istius
2049 3198 2297 3267 corporis
2325 3193 2512 3268 (Mica.
2540 3211 2596 3263 v,
2627 3195 2718 3266 10)
2744 3213 2757 3262 ;
2788 3194 3067 3250 sedabitnr
3098 3194 3264 3251 illud:
3301 3193 3462 3251 Foris

232 3291 320 3345 M.
356 3289 554 3360 Quinta
609 3299 786 3345 autem
832 3288 1053 3344 traditio
1082 3289 1277 3354 habet,
1335 3288 1534 3342 Domus
1579 3287 1753 3358 panis.

157 3383 287 3439 Beth
313 3385 458 3439 enim
488 3383 682 3438 domus
711 3392 828 3446 est,
887 3383 1012 3436 leem
1058 3381 1212 3452 panis
1246 3380 1466 3437 dicitur.
1513 3381 1589 3436 De
1622 3380 1755 3434 alio-

157 3495 279 3534 rum
312 3479 693 3534 traditionibus
743 3486 963 3548 propter
995 3476 1278 3547 perfidiam
1323 3475 1637 3542 Judaicam,
1685 3492 1753 3530 ne

159 3573 262 3642 ipsi
295 3587 353 3627 se
382 3571 801 3641 redarguerem,
833 3569 916 3625 vel
961 3570 1028 3624 ab
1076 3571 1207 3638 ipsis
1240 3569 1570 3641 prmtcritum
1600 3578 1753 3640 puta-

158 3681 313 3732 mus,
343 3663 429 3720 vel
461 3665 730 3720 sublatum
760 3662 826 3719 ab
854 3664 995 3718 aliis.

231 3759 319 3816 15.
349 3759 581 3816 Deluda
617 3774 834 3830 quoque
862 3756 1002 3813 tribu
1026 3773 1145 3814 esse
1174 3757 1450 3813 Bethleem
1482 3758 1639 3813 docet.
1672 3757 1753 3811 le-

153 3858 266 3912 ctio
294 3857 345 3910 in
371 3854 616 3911 Iudicum
647 3854 807 3920 libro,
843 3853 966 3924 quia
992 3854 1073 3908 vir
1101 3853 1192 3908 ille
1223 3853 1380 3909 levita
1410 3853 1621 3922 accepit
1652 3852 1751 3906 sibi

155 3948 518 4005 concubinam
546 3948 615 4003 de
644 3945 924 4003 Bethleem
971 3945 1140 4012 Juda,
1185 3954 1239 4000 et
1269 3946 1404 4000 irata
1436 3953 1519 4000 est
1544 3946 1592 4000 ei
1624 3961 1754 4000 con-

155 4041 356 4097 cubina
385 4041 501 4112 ejus
525 4084 539 4108 ,
569 4052 622 4097 et
645 4039 807 4095 rediit
837 4039 890 4093 in
920 4039 1140 4094 domum
1192 4041 1361 4108 patris
1389 4042 1471 4094 sui
1508 4040 1559 4094 in
1594 4037 1755 4094 Beth-

157 4139 300 4193 leem
353 4135 486 4192 Juda
539 4135 740 4207 (Judic.
782 4149 909 4200 XIX,
949 4131 1032 4202 2).

231 4229 318 4286 16.
351 4229 377 4266 ά
409 4218 674 4302 Egressus
725 4229 910 4299 itaque
956 4226 1209 4283 Christus
1240 4243 1268 4280 a
1309 4227 1503 4282 diebus
1533 4228 1751 4290 saeculi;

155 4333 286 4378 tunc
307 4322 454 4378 enim
470 4322 628 4376 nobis
652 4319 844 4390 incipit
865 4321 1148 4386 sa'cuium,
1171 4321 1388 4390 quando
1411 4320 1528 4376 dies
1543 4321 1752 4387 salutis,

150 4425 207 4471 et
232 4430 489 4488 egressus
510 4413 576 4468 ad
605 4413 930 4469 currendam
962 4413 1102 4468 viam
1141 4411 1289 4469 dedit
1318 4411 1506 4470 lsraei.
1547 4413 1760 4488 1m

1857 3307 2078 3365 pagum,
2108 3292 2246 3345 intus
2272 3291 2476 3344 timores
2507 3291 2523 3360 (
2549 3285 2594 3344 li
2622 3287 2742 3344 Cor.
2771 3303 2865 3356 vu,
2897 3289 2986 3359 5);
3021 3287 3114 3343 sed
3149 3289 3368 3361 ubique,
3404 3289 3456 3346 id

1858 3395 1978 3449 est,
2012 3383 2158 3449 intus
2182 3393 2234 3436 et
2263 3381 2392 3437 loris
2417 3424 2430 3448 ,
2460 3379 2822 3452 tranquillitas
2849 3380 2982 3436 erit:
3009 3390 3061 3436 et
3093 3398 3199 3436 non
3229 3383 3333 3438 erit
3362 3379 3456 3453 qui

1857 3479 2192 3552 respondeat
2233 3489 2288 3534 et
2345 3478 2562 3532 resistat
2614 3479 2768 3533 boum
2799 3477 3103 3543 voluntati;
3151 3477 3276 3548 quia
3323 3478 3456 3532 obe-

1856 3572 2058 3627 dientia
2085 3567 2264 3626 carnis
2289 3613 2304 3640 ,
2343 3569 2556 3626 sublato
2587 3570 2791 3640 pariete
2831 3572 3083 3625 maceriae
3107 3611 3123 3637 ,
3175 3586 3296 3630 cum
3341 3565 3456 3625 l‘ne-

1853 3668 1961 3721 rlnt
1985 3672 2210 3737 utraque
2229 3677 2414 3728 unum,
2438 3677 2627 3720 omnes
2651 3664 2888 3720 abolebit
2910 3663 3212 3722 discordias
3233 3663 3456 3738 (Ep/tes.

1853 3775 1923 3826 ιι,
1967 3759 2095 3829 tt).

1935 3855 2020 3910 l9.
2056 3853 2116 3910 Si
2144 3870 2245 3925 qua
2274 3863 2452 3909 autem
2485 3854 2661 3909 anima
2690 3853 2902 3909 iniirrna
2922 3897 2936 3922 ,
2970 3856 3112 3910 sicut
3140 3853 3231 3910 ille
3261 3870 3454 3910 secun-

1858 3946 1987 4002 dum
2015 3960 2233 4002 carnem
2260 3945 2445 4011 Israel,
2474 3946 2809 4011 titubaverit,
2830 3953 2884 4004 et
2904 3947 2971 4001 ab
2998 3943 3083 4001 illa
3107 3941 3306 4001 Christi
3327 3946 3458 4001 elia-

1858 4041 2015 4093 ritate
2046 4037 2516 4107 persecutiouibus
2547 4037 2758 4096 turbata
2788 4054 2844 4090 se
2877 4037 3274 4108 aliquantulum
3300 4045 3458 4108 sepa-

1861 4131 2016 4196 rarit,
2053 4139 2076 4177 ε
2103 4131 2392 4201 corripitur
2421 4139 2582 4200 atque
2623 4133 2866 4202 arguitur
2897 4129 3050 4202 quasi
3080 4129 3269 4198 inlida,
3303 4133 3455 4208 quasi

1862 4227 2102 4298 ingrata,
2136 4227 2290 4296 quasi
2323 4222 2621 4290 incredula,
2660 4241 2779 4292 quae
2808 4223 3033 4282 liberata
3065 4242 3091 4278 a
3126 4225 3460 4282 vanitatibus

1862 4321 2077 4386 saeculi,
2112 4321 2162 4374 in
2196 4329 2290 4374 eas
2319 4316 2661 4388 reSpiciendo
2691 4316 2976 4374 reciderit:
3011 4334 3040 4374 a
3067 4334 3172 4390 qua
3207 4321 3312 4374 utin
3338 4335 3463 4376 mtt-

1866 4432 1992 4472 nera
2017 4458 2031 4481 ,
2063 4433 2172 4470 non
2206 4423 2484 4469 taurorum
2535 4412 2836 4478 sacriﬁcia;
2881 4411 2977 4468 sed
3004 4412 3375 4467 tantummodo
3405 4423 3466 4477 ut

157 4603 472 4659 Matthaum
521 4600 624 4676 sibi
671 4598 981 4654 contrarius
1026 4600 1271 4676 videtur,
1310 4602 1524 4676 transit.
1560 4601 1754 4656 Verum
1787 4603 1840 4663 D
1866 4602 2270 4676 advertendum
2320 4609 2499 4676 autem
2529 4599 2751 4676 catillis
2781 4601 2931 4676 locis
2959 4599 3040 4676 agi
3078 4593 3146 4660 ab
3173 4599 3470 4676 Ambrmio

156 4675 440 4743 utriusque
465 4673 753 4726 verborum
789 4686 908 4724 sem
920 4685 1010 4725 um
1035 4672 1261 4740 pulchre
1285 4673 1391 4743 sibi
1421 4687 1723 4742 congruere
1742 4715 1755 4738 ,

156 4742 362 4801 nedum
387 4745 488 4798 sibi
547 4758 850 4814 repugnare
901 4743 990 4796 ubi
1023 4742 1317 4796 declaravit
1345 4785 1355 4800 .
1389 4745 1454 4793 de
1487 4744 1755 4811 apicibus,

155 4821 210 4873 in
244 4817 442 4884 quibus
467 4814 600 4870 solis
633 4815 1045 4883 repugnantiam
1079 4829 1204 4868 esse
1233 4814 1539 4877 contendit,
1568 4816 1755 4868 conci-

158 4888 356 4944 liandis
383 4889 608 4942 minime
626 4886 841 4940 laborat
862 4903 874 4937 :
897 4887 930 4936 ll
945 4887 1261 4957 ieronyinus
1282 4899 1412 4939 vero
1430 4886 1482 4938 itt
1505 4887 1758 4940 eumdem

158 4961 402 5016 Michasae
428 4959 634 5022 locum,
664 4959 784 5024 ejus
807 4968 967 5028 prout
1002 4959 1054 5011 iu
1086 4956 1228 5011 LXX
1256 4967 1418 5028 atque
1449 4960 1498 5008 in
1532 4957 1762 5012 Hebraeo

158 5033 359 5098 legitur
384 5074 398 5095 ,
429 5045 552 5084 cum
586 5029 750 5096 ipsius
781 5028 1070 5093 citatione,
1101 5030 1242 5097 apud
1277 5027 1581 5082 Mattlnrum
1631 5041 1765 5082 con—

158 5105 500 5158 trarietatem
578 5102 1022 5163 animadvertit;
1083 5115 1146 5154 an
1199 5110 1360 5154 ιιιιιιιι⁵
1425 5100 1762 5154 diversitatis

155 5189 353 5230 cattsss
377 5173 620 5242 inquirit.
649 5172 824 5242 Ipsum
848 5172 1075 5226 consule
1097 5188 1202 5224 non
1227 5174 1402 5224 solum
1427 5172 1482 5225 in
1507 5172 1762 5225 eumdem

157 5241 510 5314 prophetam,
541 5244 634 5298 sed
653 5241 817 5298 etiam
843 5243 1004 5311 epist.
1035 5243 1100 5296 ad
1119 5241 1432 5298 Pammaeh.
1461 5245 1529 5297 de
1552 5245 1762 5314 optimo

155 5332 360 5388 genere
388 5315 804 5388 interpretandi,
837 5317 1082 5384 aliosque
1123 5317 1472 5388 interpretes.

231 5398 258 5426 ιι
291 5389 436 5442 Edit.
479 5396 538 5442 et
581 5387 801 5456 quidam
833 5402 990 5453 mss.,
1020 5393 1205 5440 domus
1245 5385 1434 5450 Judw;
1468 5386 1712 5440 nonnulli
1742 5428 1756 5452 ,

156 5461 345 5514 domus
371 5457 593 5512 ludicre.

230 5531 257 5570 ιι
301 5530 378 5584 ita
413 5546 543 5586 mss.
598 5529 782 5599 plures
811 5528 1184 5598 potioresque;
1230 5529 1320 5585 alii
1355 5529 1597 5584 nonnulli
1631 5570 1644 5593 ,
1691 5538 1747 5583 et

155 5617 352 5658 omnes
375 5602 531 5661 edit.,
565 5601 764 5672 sepulta
793 5609 864 5652 est
893 5609 1069 5654 sancta
1104 5601 1315 5656 Rachel.

237 5686 259 5713 ο
303 5674 463 5728 Rom.
491 5673 626 5728 edit.
650 5672 793 5732 sola,
842 5673 993 5724 satiat
1023 5673 1306 5729 uniuersos.
1344 5674 1535 5739 Quinta
1584 5682 1752 5725 (uitem

162 5747 326 5801 editio
359 5785 372 5800 .
407 5783 420 5797 .
450 5783 464 5797 .
494 5785 508 5798 .
549 5744 613 5797 de
659 5743 886 5815 aliorum
927 5742 1253 5799 editionibus.
1287 5745 1426 5801 Alibi
1449 5759 1662 5815 quoque
1703 5745 1755 5797 in

167 5820 366 5875 eadem
398 5815 529 5871 edit.
579 5831 680 5868 vox
715 5813 920 5866 traditio
951 5814 1205 5874 similiter
1235 5825 1437 5872 mutata
1464 5813 1755 5886 reperitur.

1863 4674 1931 4746 de
1963 4673 2220 4743 Hesaplis
2247 4680 2410 4746 atque
2439 4671 2680 4746 Demptis
2702 4669 2975 4746 Origenis,
2993 4665 3075 4725 'de
3097 4669 3288 4746 quibus
3337 4676 3465 4740 dum

1866 4745 2231 4816 Hieronymus
2251 4745 2300 4797 in
2318 4743 2438 4812 cap.
2457 4757 2506 4796 tv
2531 4743 2773 4816 Miehmm
2792 4743 3054 4816 loquitur,
3082 4743 3241 4798 etiam
3267 4751 3468 4816 quinta;

1866 4815 2127 4870 editionis
2156 4831 2344 4868 vocem
2377 4823 2622 4878 usurpat.
2671 4815 2776 4868 Sed
2801 4825 2854 4868 et
2886 4815 3076 4868 eodem
3109 4831 3271 4870 sensu
3302 4815 3467 4874 iiii-tio

1868 4887 2064 4947 ἔκδυσις
2094 4886 2266 4956 posita
2294 4895 2370 4938 est
2397 4885 2467 4938 ab
2487 4884 2792 4954 Epiphanio
2815 4886 2907 4940 lib.
2943 4886 3010 4939 de
3045 4885 3214 4940 I‘oud.
3241 4893 3295 4956 et
3319 4883 3467 4940 Μνη-

1867 4973 1980 5012 sur.
2026 4955 2175 5011 num.
2210 4956 2275 5020 9,
2321 4966 2370 5010 et
2404 4957 2554 5008 alibi.
2604 4956 2990 5011 Verumtamen
3018 4957 3146 5025 quin
3181 4955 3470 5012 Ambrosio

1868 5045 1970 5081 vox
2001 5028 2214 5081 traditio
2256 5029 2426 5094 magis
2453 5027 2694 5080 arridere
2722 5027 2960 5091 potuerit
2989 5069 3002 5090 ,
3037 5027 3167 5082 nihil
3198 5029 3469 5095 prohibet.

1868 5099 2039 5153 Porro
2064 5101 2131 5154 de
2159 5101 2413 5172 itexaplis
2435 5098 2789 5172 Octaplisque
2813 5097 3155 5172 (nigerrimis
3183 5102 3474 5172 consuli-re

1870 5172 1994 5224 licet
2017 5167 2320 5224 Eusebium
2343 5169 2434 5222 lib.
2472 5183 2542 5231 vt,
2568 5167 2687 5237 ea...
2705 5167 2807 5230 ’17,
2831 5179 2880 5222 et
2904 5167 3112 5237 Vaiinin
3133 5169 3199 5221 ad
3220 5172 3473 5234 eumdem

1868 5246 2068 5308 ieeum,
2092 5244 2222 5295 item
2247 5242 2499 5296 llnetlntn
2526 5241 2620 5295 lib.
2640 5235 2701 5295 tit
2725 5240 2968 5308 0rigen.,
3002 5235 3100 5310 54,
3130 5247 3289 5310 atque
3312 5239 3469 5297 aliis.

1939 5311 1966 5350 α
2007 5312 2165 5368 Rom.
2194 5313 2352 5380 edit.,
2386 5311 2452 5366 Et
2496 5329 2732 5386 egressus
2778 5315 2890 5382 ejus
2921 5310 2984 5378 ab
3013 5309 3164 5363 initio
3189 5309 3210 5378 ,
3239 5329 3268 5364 a
3295 5313 3472 5376 diebus

1868 5386 2061 5441 steculi.

1942 5468 1964 5494 ε
1992 5459 2196 5513 Omnes
2219 5456 2331 5510 edit
2371 5466 2424 5510 et
2474 5467 2605 5512 mss.
2635 5453 2859 5521 aliquot,
2888 5467 3052 5521 neque
3079 5451 3279 5520 quidvis
3311 5466 3476 5514 lettlaq

1861 5531 2091 5595 tionum;
2123 5530 2212 5584 alii
2243 5541 2373 5584 mss.
2407 5527 2598 5596 majori
2628 5523 2973 5592 auctoritate,
3008 5539 3172 5594 neque
3197 5528 3270 5580 vis
3312 5537 3476 5594 tenta-

1855 5602 2072 5654 tionum.

1939 5673 1960 5709 τ
2007 5673 2164 5726 Rom.
2211 5668 2344 5723 edit.
2373 5667 2515 5739 suis,
2545 5668 2598 5718 in
2623 5664 2859 5739 gregibus
2888 5679 3149 5733 pecorum.

1944 5754 1965 5787 ιι
2009 5744 2135 5798 Mss.
2177 5736 2462 5801 nonnulli,
2495 5736 2774 5807 corripitur
2804 5745 2956 5808 atque
2975 5739 3338 5809 corrumpitur.
