3932 6296
421 196 564 261 1189
1757 186 2008 248 SANCTI
2048 183 2377 246 AMBROSlI
3612 177 3746 238 ηω

420 320 624 375 bonum
670 319 1067 389 cognosceret,
1094 312 1361 386 iustitiam
1390 309 1629 377 faceret,
1684 307 2020 381 postulatum
2048 309 2097 368 Α
2126 304 2309 361 lumen
2336 301 2801 362 reconciliationis
2827 313 2969 358 mea:
2994 298 3216 356 inimica
3240 313 3385 364 mea,
3415 295 3473 352 id
3500 305 3612 361 ut,
3634 296 3745 352 dia-

419 420 529 469 est.
559 410 933 467 Renuntiatum
960 418 1034 465 est
1058 407 1280 480 (inquit)
1308 407 1423 473 tibi,
1446 404 1623 470 homo,
1654 403 1780 475 quid
1820 403 1887 456 sit
1929 401 2021 457 bo-
2128 396 2238 454 boli
2270 397 2543 468 nequitia;
2567 406 2615 453 et
2635 397 2895 469 aperietur
2920 394 3256 465 confusione,
3283 407 3404 456 qua
3425 407 3572 445 nunc
3592 391 3746 444 dia't:

420 520 581 571 num,
613 511 703 558 aut
744 502 871 575 quid
895 499 1154 557 Dominus
1182 500 1421 570 exquirat
1449 514 1482 552 a
1508 507 1557 552 te
1580 538 1595 564 ,
1642 496 1742 551 nisi
1773 506 1828 549 ut
1855 495 2025 566 facias
2133 494 2236 552 Ubi
2278 502 2354 550 est
2384 492 2640 549 Dominus
2687 490 2829 547 Deus
2876 500 2995 545 tuus
3045 487 3244 562 (Ibid.,
3268 486 3403 557 £0)?
3432 484 3662 541 Videbit
3701 486 3747 540 is

416 596 676 668 judicium
697 604 750 652 et
764 596 1049 666 justitiam,
1092 603 1140 650 et
1166 590 1362 664 diligas
1389 589 1799 646 misericordiam
1817 628 1833 656 ,
1860 597 1909 644 et
1932 605 2029 661 pa-
2132 603 2220 646 me
2244 586 2677 645 misericordiam
2706 585 2849 658 eius,
2878 582 3091 640 videbit
3116 582 3383 655 pietatem
3413 579 3566 652 eius.

420 698 570 744 ratus
595 688 669 744 sis
698 689 776 743 ire
812 703 931 742 cum
959 685 1177 742 Domino
1199 696 1287 740 tuo
1312 682 1503 758 (Mich.
1536 697 1612 749 vt,
1644 680 1727 755 8).
1760 680 1871 739 Sed
1900 680 2026 752 quia

424 795 538 837 non
564 779 814 836 servavit
845 779 960 835 haec
982 778 1075 834 illa
1103 778 1373 834 infirmior
1394 777 1600 845 anima,
1624 775 1747 831 ideo
1769 772 2030 831 Dominus

424 873 532 929 ait:
575 870 689 929 Heu
716 887 797 927 me
821 913 835 938 ,
875 872 996 942 quia
1023 871 1194 942 factus
1219 886 1335 925 sum
1363 869 1495 925 sicut
1521 868 1611 939 qui
1641 866 1839 940 colligit
1863 865 2028 935 stipu—

426 967 534 1020 lam
561 965 615 1019 in
651 978 812 1019 messe
838 1004 853 1030 ,
902 972 950 1018 et
978 962 1113 1018 sicut
1160 976 1421 1017 racemum
1452 960 1504 1014 in
1544 957 1802 1013 vindemia
1840 954 2029 1024 (Mich.

426 1073 530 1123 vn,
563 1054 662 1129 l)?
687 1054 935 1112 Audiens
961 1069 1094 1127 ergo
1122 1053 1240 1113 haec
1266 1053 1532 1125 propheta
1555 1093 1572 1121 ,
1624 1052 1678 1107 in
1708 1065 1816 1122 quo
1842 1050 2033 1121 loque-

430 1153 591 1207 batur
620 1148 798 1214 Deus,
829 1148 904 1204 ait
936 1147 1004 1203 ad
1055 1147 1205 1203 illam
1233 1146 1473 1202 animam
1500 1162 1512 1198 :
1537 1143 1655 1199 Heu
1710 1159 1791 1198 me
1824 1141 2033 1216 1067

429 1242 641 1299 anima!
664 1249 690 1279 ⁸
706 1241 844 1312 quod
872 1256 974 1295 non
996 1249 1071 1296 est
1085 1239 1273 1313 plenus
1293 1238 1492 1294 timoris
1512 1255 1544 1292 a
1562 1234 1828 1292 terra.Vel
1850 1236 1899 1291 si
1922 1237 2037 1307 ipse

434 1332 697 1389 Dominus
721 1332 856 1388 dicit
881 1374 897 1399 ,
920 1334 1214 1389 miseratus
1245 1331 1457 1387 futuras
1487 1346 1586 1402 pro
1612 1329 1854 1402 peccatis
1877 1328 2040 1383 ultio-

435 1439 536 1481 nes
556 1466 571 1491 ,
604 1434 767 1496 atque
795 1439 894 1496 pro
919 1426 1123 1481 noStris
1147 1424 1426 1481 erroribus
1458 1422 1842 1495 ingemiscens.

505 1518 598 1575 20.
639 1519 890 1576 Audiens
936 1518 1052 1576 haec
1090 1520 1301 1585 anima,
1348 1516 1477 1589 quia
1503 1517 1771 1574 seminum
1817 1529 2042 1571 suorum

434 1615 641 1670 fructus
669 1628 780 1670 non
808 1614 1060 1686 colliget,
1091 1614 1297 1669 nullum
1320 1654 1336 1681 ,
1369 1626 1549 1669 messe
1576 1611 1777 1667 amissa
1802 1654 1818 1679 ,
1853 1609 2041 1665 ﬁrma-

2164 712 2181 730 ο
2201 680 2293 737 22.
2336 680 2407 737 Et
2437 680 2559 736 ideo
2577 694 2688 735 non
2715 678 3006 735 audiamus
3027 692 3181 745 eum.
3212 673 3445 747 quando
3486 678 3747 731 sumusio

2133 776 2381 833 adversis
2424 775 2697 847 aliquibus
2730 773 2953 840 saculi;
2993 789 3123 830 cum
3153 782 3255 828 aut
3295 770 3462 827 dolor
3509 773 3750 841 mrporis

2134 880 2241 940 est,
2271 878 2367 926 aut
2392 870 2629 926 filiorum
2655 869 2909 933 amissio,
2940 867 3035 925 vel
3072 877 3407 925 caaterarum
3448 868 3749 922 necessita-

2135 964 2321 1021 dinum
2348 980 2361 1018 :
2391 976 2498 1019 non
2539 961 2848 1027 audiamus,
2896 959 3147 1032 inquam,
3190 959 3475 1015 dicentem
3504 973 3523 1011 :
3552 956 3653 1012 Ubi
3690 974 3750 1014 ea

2138 1055 2393 1113 Dominus
2431 1054 2573 1112 Deus
2601 1055 2754 1110 tuus?
2781 1053 2933 1110 'l'unc
2968 1053 3089 1124 eius
3124 1052 3472 1108 tentationes
3502 1052 3749 1106 cavenda

2141 1157 2291 1217 sunt,
2330 1163 2460 1205 cum
2497 1147 2681 1219 gravis
2706 1154 2864 1219 urget
2886 1145 3068 1215 dolor,
3092 1153 3228 1201 tunc
3270 1144 3524 1199 animam
3564 1158 3747 1214 τετυ)

2142 1254 2397 1302 avertere
2420 1242 2626 1301 studet.

2213 1339 2305 1396 25.
2349 1338 2493 1410 Ergo
2521 1338 2729 1404 anima,
2760 1352 2882 1408 quae
2906 1336 3062 1393 illum
3091 1350 3202 1391 non
3225 1333 3474 1392 audierit
3498 1333 3749 1390 insidiae.

2145 1441 2254 1489 tem
2282 1430 2410 1497 sibi,
2440 1429 2636 1487 videns
2679 1439 2868 1501 postea
2898 1426 3175 1485 mirabilia
3220 1426 3345 1492 Dei,
3381 1426 3591 1483 videns
3627 1440 3684 1480 se
3706 1428 3748 1479 is

2146 1524 2307 1593 coelo,
2339 1523 2618 1581 diabolum
2643 1533 2827 1578 autem
2858 1521 3004 1578 sicut
3035 1521 3326 1577 colubrum
3362 1528 3676 1590 reptantem
3703 1520 3748 1573 ia

2150 1615 2528 1683 terrestribus,
2572 1612 2942 1686 gratuiabitur
2977 1612 3212 1669 dicens:
3257 1610 3395 1679 Quis
3441 1609 3596 1667 Deus
3639 1611 3748 1664 sicut

436 1714 681 1762 mentum
706 1704 947 1761 inveniet
980 1704 1085 1771 sui,
1121 1712 1334 1776 premet
1370 1703 1598 1770 olivam,
1628 1711 1684 1759 et
1726 1702 2039 1758 unctionem
2073 1712 2120 1772 Β
2145 1710 2221 1779 ω,
2251 1709 2491 1781 auferens
2516 1716 2754 1780 peccata,
2792 1714 2841 1761 et
2874 1705 3092 1779 1068
3115 1704 3444 1776 transferens
3478 1703 3747 1773 ἑπιρὲεωεε

435 1801 645 1857 laetitia
677 1815 785 1857 non
808 1800 1052 1866 habebit,
1075 1814 1253 1871 neque
1281 1799 1432 1855 bibet
1457 1798 1642 1853 vinum
1662 1795 2037 1869 iucunditatis.

437 1894 792 1967 Cugnoscens
838 1896 1002 1951 etiam
1048 1895 1102 1950 in
1142 1893 1400 1965 operibus
1445 1893 1625 1949 carnis
1660 1892 1842 1948 omnia
1880 1890 2043 1962 plena

437 1990 740 2061 sanguinis,
758 1991 918 2061 plena
936 1988 1478 2060 circumscriptionis,
1497 1984 2043 2058 fraudum.§tallaciae,

439 2083 563 2140 ficta
585 2084 766 2141 officia
787 2083 1006 2155 pietatis
1022 2127 1037 2154 ,
1057 2084 1393 2155 compositas
1414 2082 1791 2139 simulationes
1814 2122 1831 2149 ,
1862 2090 1919 2138 et
1945 2081 2048 2136 ini-

443 2178 619 2235 micos
646 2177 751 2234 sibi
783 2192 977 2235 omnes
1014 2178 1106 2249 qui
1151 2177 1206 2233 in
1251 2176 1417 2233 domo
1449 2185 1608 2243 sunt;
1641 2176 1877 2248 ideoque
1919 2189 2046 2247 pro-

443 2270 578 2327 ximi
600 2270 704 2327 sibi
732 2270 984 2342 corporis
1016 2278 1197 2326 motus
1222 2268 1516 2335 cavendos,
1562 2268 1657 2341 qui
1697 2278 1823 2325 sunt
1856 2282 2050 2339 graves

447 2364 649 2421 anima:
695 2373 904 2423 nostra:
951 2364 1287 2432 adversarii;
1330 2364 1695 2431 convertitur,
1737 2372 1792 2420 et
1831 2363 1902 2421 de
1938 2363 2051 2419 Deo

444 2470 672 2527 sperare
718 2456 934 2529 incipit,
975 2465 1033 2513 et
1079 2456 1398 2529 intelligens
1442 2471 1572 2513 vere
1617 2456 1891 2512 inimicam
1947 2455 2052 2511 sibi

346 2556 351 2561 '
447 2561 670 2605 carnem
719 2546 999 2617 existere,
1040 2547 1118 2604 ait
1167 2547 1237 2603 ad
1298 2562 1419 2604 eam
1445 2564 1460 2603 :
1490 2544 1621 2603 Noli
1668 2545 2053 2619 supergaudere

448 2640 600 2708 mihi,
628 2640 848 2696 inimica
874 2657 1008 2706 mea,
1032 2641 1158 2712 quia
1188 2638 1393 2696 cecidi:
1419 2639 1512 2694 sed
1528 2655 1835 2712 resurgam;
1857 2638 1981 2709 quia
2010 2640 2055 2694 si

448 2735 633 2791 sedero
657 2735 714 2790 in
738 2735 979 2804 tenebris,
1011 2734 1271 2790 Dominus
1298 2734 1616 2790 illuminabit
1646 2750 1728 2789 me
1752 2732 1945 2807 (lbid.,
1972 2733 2052 2808 8).

519 2824 615 2882 21.
654 2824 1033 2884 Considerans
1061 2827 1230 2884 etiam
1260 2826 1528 2883 insultare
1559 2825 1662 2882 sibi
1690 2826 1929 2898 aliquam
1959 2841 2057 2898 po-

452 2926 733 2989 testatem,
762 2935 883 2990 quae
904 2920 1195 2977 resistebat
1224 2919 1361 2986 sibi;
1386 2934 1455 2976 ne
1476 2920 1761 2976 meliorem
1792 2933 2057 2992 sequere-

452 3023 544 3070 tur
563 3013 707 3070 viam
734 3030 748 3067 :
778 3013 805 3053 ι)
831 3023 887 3071 et
916 3015 1245 3086 inequitare,
1267 3014 1415 3087 quod
1445 3012 1644 3071 tradita
1667 3013 1890 3072 essetin
1921 3014 2060 3070 inte-

2144 1802 2337 1878 (Ibid.,
2370 1801 2617 1875 l8)?Qui
2643 1815 2752 1858 non
2781 1798 2935 1856 fuisti
2954 1815 3165 1856 memor
3194 1799 3605 1871 indignationis
3631 1802 3747 1853 tut.

2146 1896 2241 1953 sed
2268 1896 2412 1951 sicut
2431 1895 2486 1951 in
2517 1894 2655 1951 mari
2683 1892 2921 1950 mersisti
2947 1907 3144 1949 omnes
3168 1892 3498 1964 iniquitates
3524 1900 3745 1957 nostras.

2147 1988 2175 2028 ά
2196 1990 2338 2046 sicut
2367 1988 2687 2062 Egyptium
2721 1986 3098 2059 plumbum,et
3126 1985 3323 2043 redisti
3352 1984 3427 2041 ad
3449 1985 3745 2042 miserim.

2148 2079 2293 2137 diam
2322 2079 2696 2146 voluntarius,
2725 2093 2890 2150 quam
2916 2079 3138 2149 gemino
3172 2077 3468 2134 contulisti
3508 2092 3739 2141 muliere,

2150 2172 2435 2231 dimittens
2481 2179 2748 2244 peccata,
2802 2179 2965 2242 atque
3013 2168 3393 2236 abscondens,
3460 2168 3741 2225 secundum

2152 2263 2299 2336 quod
2328 2263 2592 2334 scriptum
2618 2272 2738 2318 est:
2759 2260 2912 2318 Beati
2937 2277 3157 2333 quorum
3177 2262 3414 2318 remissis
3428 2271 3555 2317 sunt
3582 2262 3748 2332 iniqui-

2156 2367 2306 2426 tates,
2356 2367 2405 2414 et
2454 2373 2677 2430 quorum
2704 2365 2838 2413 tecta
2864 2367 2983 2413 sunt
3013 2368 3227 2428 peccata
3264 2354 3449 2429 (Paul.
3493 2372 3644 2418 aut.
3673 2355 3741 2421 l)!

2156 2454 2275 2511 Alia
2298 2453 2443 2509 enim
2470 2453 2734 2524 sanguine
2758 2450 2882 2508 Filii
2904 2450 2983 2508 tui
3003 2452 3206 2518 abluis,
3236 2452 3347 2508 alia
3372 2451 3554 2508 donas
3574 2449 3743 2507 nobis:

2162 2559 2185 2587 °
2217 2558 2277 2605 ut
2303 2548 2465 2605 bonis
2490 2548 2750 2620 operibus
2794 2557 2851 2606 et
2878 2546 3326 2605 confessionibus
3355 2555 3581 2603 nostros
3618 2560 3746 2601 erro-

2159 2655 2253 2699 res
2296 2650 2563 2713 tegamus.
2610 2640 2768 2710 Quod
2807 2655 2941 2713 ergo
2981 2639 3098 2695 ait:
3126 2640 3392 2710 Auferens
3432 2648 3661 2710 peccata,
3691 2639 3744 2690 ad

2160 2735 2543 2792 remissionem
2577 2735 2851 2806 pertinet;
2881 2735 3007 2807 quia
3054 2736 3273 2806 penitus
3310 2750 3377 2791 ea
3410 2734 3581 2799 tollit,
3607 2734 3675 2788 ita
3699 2745 3744 2787 ut

2162 2843 2271 2884 non
2296 2829 2407 2883 sint
2433 2842 2665 2899 quorum
2698 2841 2907 2883 memor
2955 2841 3067 2883 non
3106 2827 3235 2883 erit.
3268 2826 3433 2896 Quod
3482 2841 3606 2881 vero
3642 2826 3737 2880 ait:

2161 2916 2500 2993 Transferens
2532 2918 2552 2958 ί
2578 2920 2907 2991 iniquitates;
2930 2934 2997 2976 eo
3021 2918 3166 2990 quod
3191 2918 3590 2975 confitentibus
3605 2915 3737 2972 nobis

2114 3032 2125 3043 κ
2164 3014 2351 3086 lapsus
2373 3025 2616 3081 nostros,
2648 3023 2705 3070 et
2742 3012 3204 3070 obumbrantibus
3234 3027 3335 3069 eos
3382 3012 3544 3068 bona:
3568 3025 3735 3081 opera-

453 3109 622 3166 ritum
670 3108 854 3165 carnis
882 3107 929 3183 (l
957 3107 1079 3165 Cor.
1127 3124 1181 3176 v,
1231 3108 1322 3181 5);
1352 3116 1412 3165 ut
1455 3108 1685 3166 diversis
1731 3117 2062 3167 attereretur
2089 3107 2136 3173 ο
2168 3105 2332 3163 tionis
2354 3105 2534 3163 fructu
2563 3105 2874 3163 referantur
2902 3106 2959 3162 in
2997 3114 3280 3162 auctorem
3325 3106 3532 3176 culpae,
3562 3114 3615 3162 et
3635 3118 3737 3175 pec-

452 3201 639 3271 malis,
670 3216 795 3274 qum
814 3201 958 3256 vela
1001 3201 1240 3258 Domino
1266 3210 1492 3274 propter
1527 3210 1875 3273 peccatorum
1911 3201 2061 3258 solu-

455 3294 666 3350 tionem
697 3292 1154 3360 decernerentur,
1199 3294 1287 3350 vcl
1315 3295 1385 3350 ab
1431 3293 1621 3365 iniquo
1659 3303 1895 3367 propter
1922 3293 2062 3350 invi-

456 3385 608 3443 diam
647 3386 1071 3452 conversionis;
1127 3395 1189 3442 ut
1237 3385 1306 3441 ad
1336 3400 1398 3443 se
1441 3398 1727 3444 revocaret
1778 3386 2060 3455 afﬂictam,

457 3479 595 3536 dicit
629 3478 813 3536 adhuc
840 3497 855 3535 :
887 3477 1034 3534 Iram
1069 3477 1283 3534 Domini
1321 3480 1618 3548 sustinebo;
1671 3480 1763 3552 qui
1820 3480 1906 3537 vel
1946 3481 2062 3552 lap-

456 3582 573 3625 sam
619 3568 890 3640 castigat,
931 3568 1017 3624 vel
1065 3567 1162 3625 tibi
1195 3576 1519 3640 potestatem
1559 3568 1838 3644 afﬂigendi
1866 3572 2057 3629 dedit:

459 3658 587 3731 quia
627 3660 858 3731 peccavi,
889 3658 1171 3716 sustinebo
1208 3670 1414 3726 tamen,
1455 3660 1620 3718 donec
1655 3663 1912 3737 justificet
1952 3665 2062 3737 ipse

459 3766 675 3806 causam
722 3766 891 3806 meam
940 3750 1131 3823 (Mica.
1183 3767 1281 3819 vu,
1327 3752 1405 3823 9).
1454 3753 1570 3810 Nisi
1620 3755 1768 3811 enim
1814 3755 2061 3813 confessa

458 3843 642 3911 fuero,
673 3852 730 3901 et
752 3844 1041 3902 exsolvero
1062 3847 1233 3916 pretia
1266 3846 1609 3918 lniquitatum
1652 3864 1919 3919 mearum,
1949 3867 2061 3908 non

465 3945 663 4008 potero
684 3936 1001 4010 iustificari.
1031 3936 1166 3996 Cum
1203 3950 1386 3996 autem
1425 3940 1582 3999 fuero
1600 3942 1922 4015 iustificata,
1955 3946 2065 4002 sol-

461 4044 599 4088 vens
627 4029 868 4103 duplicia
896 4040 1156 4104 peccata:
1188 4043 1211 4073 °
1240 4031 1445 4109 Educet
1458 4035 1721 4106 judicium
1745 4052 1938 4104 meum,
1964 4037 2061 4095 de-

458 4136 677 4195 ponens
713 4124 1178 4197 indignationem;
1208 4127 1335 4198 quia
1374 4128 1714 4185 satisfactum
1774 4133 2062 4187 sententias

461 4228 568 4275 est.
617 4217 818 4275 Educet
864 4236 947 4275 me
983 4220 1054 4275 ad
1091 4220 1287 4286 lumen,
1330 4231 1386 4276 ut
1426 4220 1629 4278 uideam
1650 4223 1922 4297 justitiam
1945 4226 2062 4297 ejus

462 4307 680 4383 (Ibid.),
708 4321 767 4366 et
802 4310 1065 4383 aspiciam
1094 4311 1515 4370 delectationem
1545 4314 1684 4385 eius.
1717 4315 1923 4373 Videbit
1955 4318 2061 4375 hoc

2163 3201 2270 3258 cati
2298 3199 2659 3258 incentorem.
2692 3199 2834 3270 Quid
2877 3199 3022 3257 enim
3060 3198 3209 3255 aliud
3250 3199 3392 3270 agit,
3417 3197 3518 3271 qui
3556 3197 3734 3269 culpam

2162 3295 2385 3363 fatetur,
2420 3293 2528 3349 nisi
2566 3303 2627 3349 ut
2652 3291 2997 3350 adversantis
3023 3290 3288 3364 nequitia:
3326 3290 3600 3363 spiritalis
3638 3289 3736 3346 dolo

2163 3401 2225 3444 se
2249 3395 2304 3443 et
2330 3385 2537 3443 malitia
2570 3385 2944 3443 trausductum
2974 3384 3206 3456 probet?

2235 3480 2327 3536 24.
2370 3480 2428 3536 In
2454 3495 2522 3538 eo
2566 3481 2750 3552 itaque
2786 3479 2994 3551 gratias
3022 3480 3133 3551 agit
3173 3478 3358 3535 anima
3387 3479 3537 3545 ista;
3570 3478 3735 3550 quiaet

2165 3572 2344 3631 aufert
2380 3572 2645 3629 Dominus
2689 3582 2934 3643 peccata,
2964 3581 3018 3628 et
3048 3571 3309 3628 transfert
3342 3570 3666 3642 iniquitates,
3694 3579 3733 3624 et

2164 3666 2435 3740 demergit
2488 3666 2543 3723 in
2598 3666 2868 3739 profundo
2925 3666 3110 3723 maris.
3165 3666 3323 3736 Quod
3386 3676 3567 3738 potest
3607 3665 3729 3722 etad

2163 3761 2491 3832 baptismum
2533 3758 2763 3829 referri,
2802 3774 2910 3831 quo
2953 3759 3245 3834 Egyptius
3289 3760 3597 3831 mergitur,
3640 3758 3730 3815 lia-

2166 3853 2348 3911 bracus
2403 3852 2641 3925 resurgit
2683 3870 2697 3906 :
2751 3862 2807 3909 et
2842 3868 2952 3923 quo
3006 3851 3298 3909 altitudine
3341 3852 3652 3925 sapientiae,
3690 3860 3731 3906 et

2167 3945 2436 4003 bonorum
2465 3960 2694 4017 Operum
2722 3945 3054 4001 abundantia
3081 3955 3335 4018 tegantur
3360 3956 3585 4018 peccata
3607 3958 3730 4014 sape

2169 4040 2337 4110 riora,
2366 4055 2462 4111 per
2482 4039 2699 4096 divitias
2730 4038 3120 4096 misericordiae
3153 4038 3254 4095 Dei
3285 4039 3492 4105 nostri,
3528 4040 3613 4111 qui
3646 4052 3727 4092 me

2169 4149 2292 4191 mor
2338 4132 2718 4205 promissionis
2772 4147 2929 4200 suae.
2987 4147 3150 4204 quam
3200 4131 3434 4189 dederat
3495 4131 3725 4193 Abraha,

2168 4227 2442 4285 bteredem
2465 4228 2585 4298 eius
2620 4227 2864 4284 animam
2890 4241 3000 4284 non
3030 4237 3116 4284 est
3142 4241 3339 4299 passus
3363 4227 3571 4300 perire.

2238 4321 2331 4378 25.
2374 4320 2441 4377 Et
2460 4320 2551 4377 illa
2568 4321 2785 4393 quidem
2804 4322 2987 4377 anima
3004 4320 3108 4399 lgoc
3130 4330 3423 4378 revocatur
3448 4320 3625 4377 modo.
3639 4316 3726 4374 ετιι

537 4455 563 4485 ι
591 4444 753 4502 Rom.
789 4446 946 4515 edit.,
981 4444 1073 4501 γω
1114 4448 1240 4503 mihi
1267 4449 1475 4515 anima;
1494 4452 1626 4524 quid
1652 4450 1811 4524 periit
1848 4452 2002 4524 timor
2026 4469 2061 4507 a
2084 4453 2138 4515 D
2161 4454 2320 4524 quod,
2346 4462 2455 4510 etc.
3118 4478 3123 4487 ·

462 4528 641 4590 terra;
667 4525 971 4590 cmtermgac
999 4532 1132 4575 mss.
1162 4534 1384 4586 omnes,
1412 4528 1471 4575 ut
1492 4520 1547 4574 in
1578 4530 1746 4576 textu.
1779 4521 1933 4590 Quod
1966 4539 2062 4580 au-

2241 4535 2267 4572 κ
2298 4523 2568 4582 Nonnulla
2618 4526 2676 4582 in
2724 4525 2884 4597 huius
2912 4525 3173 4597 epistola},
3196 4525 3407 4583 calcem
3454 4524 3731 4597 Ambrosius

462 4598 576 4646 tem
604 4589 794 4645 Graece
814 4588 1066 4654 habetur,
1097 4592 1354 4648 ἀπόλωλεν
1381 4592 1620 4656 εὐσεϐής,
1640 4606 1746 4648 non
1772 4588 1914 4649 male
1940 4610 2067 4650 ver-

460 4660 715 4787 iab
764 4661 1096 4731 Ambrosio,
1146 4664 1300 4733 periit
1348 4663 1534 4734 plenus
1581 4663 1779 4719 timoris
1803 4705 1819 4731 ,
1869 4667 2066 4738 supple

557 4749 574 4787 Ι
639 4771 655 4787 .

503 4747 655 4788 ινιηι.

535 4800 565 4882 ξ’
592 4801 824 4882 Quidam
852 4817 1011 4882 mss,-
1041 4814 1088 4859 et
1106 4804 1423 4876 inquietare;
1449 4805 1546 4863 sed
1574 4806 1857 4879 inequitare
1893 4808 2067 4882 magis

459 4872 676 4929 videtur
703 4876 1142 4932 Ambrosianum.

542 4958 563 5012 ς
598 4945 758 5003 Rom.
789 4946 949 5012 edit.,
982 4944 1165 5002 Faciet
1180 4948 1444 5012 judicium
1473 4965 1662 5005 meum.

534 5011 561 5053 ἀ
589 5015 724 5073 Cod.
744 5011 964 5090 _Carol.,
993 5019 1123 5090 sicut
1152 5011 1465 5090 digyptium
1490 5023 1764 5089 populum.
1795 5023 1863 5078 Et
1890 5024 2065 5081 conti-

461 5101 574 5144 nuo
594 5098 718 5156 post
743 5087 888 5147 Prat.
913 5097 969 5145 et
990 5087 1172 5156 Gem.,
1195 5087 1247 5145 et
1262 5087 1539 5147 reddidisti
1562 5087 1984 5150 misericordiam.

538 5160 821 5216 °0bserva
857 5174 966 5237 non
990 5161 1178 5218 dicere
1206 5172 1462 5237 sanctum
1484 5164 1771 5237 Doctorem
1803 5169 1909 5237 tegi
1938 5182 2059 5237 pec-

460 5239 588 5307 cata
613 5246 710 5307 per
738 5232 1102 5307 extrinsecam
1122 5273 1139 5300 ,
1170 5232 1567 5307 utACalvinisla:
1592 5236 1818 5304 volunt,
1834 5232 2060 5307 iustitiae

460 5300 665 5378 intristi
699 5305 1144 5378 imputationem,
1161 5303 1269 5378 sed,
1291 5319 1389 5374 per
1414 5304 1555 5360 bona
1576 5320 1742 5375 opera
1766 5300 2059 5378 e'gratuita

460 5370 636 5446 ipsius
669 5374 845 5444 gratia
877 5370 1203 5446 promantia.
1236 5370 1410 5443 Quum
1438 5370 1755 5446 perpetuam
1782 5370 2057 5436 Ambrosii

500 5454 581 5500 ocl
592 5446 764 5517 rinam
793 5460 918 5517 esse
946 5444 1107 5503 facile
1123 5462 1385 5517 agnosces
1399 5489 1415 5512 ,
1436 5444 1481 5503 si
1500 5444 1708 5505 huncce
1732 5449 1914 5505 locum
1930 5461 2061 5509 etea

461 5515 705 5587 qumlib.
734 5515 813 5587 de
827 5514 944 5572 Noe
968 5528 1025 5573 et
1044 5514 1208 5584 Area,
1236 5533 1361 5587 cap.
1389 5520 1483 5587 5f,
1514 5535 1664 5575 num.
1692 5521 1794 5576 117
1824 5537 1927 5578 nec
1953 5539 2061 5581 non

461 5583 626 5668 .Apol.
651 5586 821 5668 Dav-id
842 5601 964 5657 cap.
980 5588 1089 5668 d5,
1112 5583 1264 5668 num.
1290 5583 1383 5659 62,
1399 5583 1563 5668 atque
1580 5592 1711 5649 alibi
1730 5593 1783 5648 in
1807 5596 2060 5653 eumdem

458 5664 687 5725 sensum
717 5656 1097 5725 disseruntur,
1130 5661 1273 5717 inter
1301 5656 1666 5721 se’conleras.

541 5722 560 5759 ί
619 5722 778 5779 Rom;
827 5727 961 5783 edit.
986 5770 1001 5795 ,
1045 5722 1335 5801 impietates
1386 5734 1454 5791 ad
1507 5736 1954 5803 misericordiam:
2002 5755 2062 5795 eo

2168 4597 2649 4669 nostericoniecit,
2683 4596 2804 4667 qua:
2842 4596 3093 4669 spectant
3134 4596 3462 4669 ﬂorontiani
3503 4596 3729 4669 cognitiu-

2168 4683 2314 4724 nem.
2352 4668 2533 4724 Primo
2578 4669 2725 4724 enim
2772 4667 2922 4725 illum
2971 4669 3042 4724 ab
3085 4670 3196 4736 ipsa
3242 4667 3476 4739 pueritia
3504 4667 3730 4739 signiﬁcat

2168 4739 2457 4811 educatum
2510 4748 2676 4811 atque
2730 4741 3040 4796 institutum
3092 4739 3259 4795 fuisse
3314 4739 3462 4796 inter
3510 4741 3726 4811 clericos.

2168 4810 2630 4883 quemadmodum
2660 4812 2788 4867 olim
2817 4826 3016 4883 pueros
3051 4812 3120 4867 ad
3158 4811 3584 4883 ecclesiasticam
3621 4810 3729 4866 mili-

2168 4883 2296 4937 tiam
2325 4882 2623 4939 destinatos
2646 4881 3019 4950 consuevisse,
3042 4883 3107 4937 ad
3131 4883 3224 4939 lib.
3251 4881 3382 4938 nde
3397 4882 3614 4947 Ρωηὶι..
3635 4895 3725 4951 cap

2169 4952 2227 5019 8,
2256 4968 2406 5009 num.
2442 4953 2512 5008 72
2532 4995 2548 5020 ,
2578 4955 3011 5010 observavimus.
3043 4954 3251 5010 Deinde
3278 4969 3404 5011 cum
3433 4970 3558 5010 eum
3595 4956 3727 5021 impo-

2168 5025 2369 5082 sitione
2391 5039 2646 5082 manuum
2668 5041 2891 5082 suarum
2918 5033 3194 5081 sacratum
3218 5025 3376 5090 dicit,
3398 5024 3726 5082 Mediolano:-

2167 5111 2283 5152 sem
2299 5097 2559 5152 clericum
2577 5096 2746 5153 fuisse
2770 5098 2905 5153 satis
2925 5096 3187 5153 declarat.
3214 5096 3501 5152 Postremo
3517 5095 3723 5152 eumdem

2167 5167 2331 5223 fidem
2357 5182 2512 5224 suam
2539 5168 2949 5224 demonstrasse
2985 5169 3040 5224 in
3085 5168 3375 5224 diaconatu
3393 5207 3411 5235 ,
3445 5169 3653 5239 indeque
3673 5166 3721 5219 ad

2166 5240 2419 5311 altiorem
2451 5240 2770 5311 pervenisse
2787 5239 3016 5311 gradum
3048 5240 3400 5303 testificatur;
3425 5239 3719 5311 quandoqui-

2164 5309 2288 5365 dem
2314 5319 2375 5365 ut
2399 5326 2558 5380 quam
2593 5309 2753 5367 fidem
2786 5309 2937 5381 prius
2965 5312 3021 5367 iu
3047 5311 3333 5367 ministerio
3354 5326 3536 5375 sacro,
3562 5310 3606 5365 id
3631 5318 3717 5381 est,

2162 5380 2451 5466 diaconatu
2470 5422 2483 5445 ,
2509 5380 2941 5466 pra:_se‘tu_lerat
2960 5397 3124 5466 ,_eam
3156 5382 3460 5466 quoque

2162 5467 2274 5524 quo
2303 5463 2429 5537 tunc
2455 5452 2766 5537 eminebat,
2796 5453 2938 5509 haud
2963 5452 3127 5536 dubie
3151 5452 3465 5509 sacerdotio
3490 5453 3711 5517 exhibeat.

2162 5524 2235 5606 ab
2254 5538 2322 5580 eo
2340 5526 2594 5606 eggi‘tur.
2613 5524 2682 5580 Et
2705 5527 2832 5606 lunc
2852 5533 3225 5606 coniecturam
3250 5539 3366 5606 n_on_
3383 5524 3554 5580 levem
3567 5523 3706 5606 ducas,

2164 5596 2342 5666 ipsum
2370 5597 2628 5654 Ecclesim
2655 5596 2957 5667 cuiuspiam
2987 5606 3141 5652 extra
3174 5596 3533 5667 Mediolanum
3568 5596 3705 5665 posita

2164 5668 2413 5740 regimini
2441 5669 2514 5726 ab
2541 5666 2832 5725 Ambrosio
2860 5677 3048 5725 nostro
3073 5666 3243 5724 fuisse
3264 5666 3587 5737 imleetum.
