3932 6296
201 305 306 364 ﬁll

1349 297 1834 360 EPISTOLARUM
1870 297 2154 358 CLASSIS
2191 298 2258 355 II.

3307 297 3448 356 1242

194 431 357 485 autem,
403 418 512 488 (ili,
563 420 654 492 qui
694 435 724 476 a
769 421 949 492 primo
989 421 1124 477 Ilore
1167 420 1418 492 pueritia:
1461 435 1523 476 es
1566 421 1744 475 haeres
1770 421 1820 479 Α
1847 433 1908 474 se
1952 418 2284 490 susciperet,
2331 426 2387 473 et
2417 417 2590 473 veteri
2646 415 2970 474 reformaret
3011 417 3223 489 gratim.
3260 417 3447 490 Itaque

192 513 428 582 Ecclesite,
458 529 577 585 quae
609 523 661 570 te
704 516 947 585 suscepit
989 523 1046 570 et
1097 522 1266 580 tenet,
1296 522 1646 584 perseverato
1685 513 1740 568 in

190 606 450 680 proposito,
485 623 697 664 memor
721 609 915 680 gratia:
946 608 1040 665 Dei
1067 617 1124 664 et
1153 607 1399 663 mttneris
1419 649 1433 675 ,
1465 607 1611 679 quod
1646 622 1742 677 per

188 704 550 771 impositionem
582 704 871 774 suscepisti
910 717 1169 758 manuum
1201 717 1479 767 mearum;
1511 710 1569 756 ut
1604 711 1659 756 et
1687 701 1739 756 in

187 797 274 854 hoc
295 797 466 868 gradu,
499 799 641 854 sicut
663 800 716 853 in
746 797 1054 853 ministerio
1081 811 1262 861 sacro,
1289 795 1449 854 ﬁdem
1474 803 1616 849 tuam
1641 793 1738 850 de-

185 900 418 947 monstres
443 899 609 962 atque
640 891 984 957 industriam,
1018 898 1073 945 et
1103 898 1391 960 exspectes
1419 901 1740 944 remunera-

184 985 356 1040 tionem
403 984 612 1040 Domini
657 983 806 1040 Jesu.
839 981 994 1048 Vale,
1041 992 1096 1039 et
1140 996 1240 1038 nos
1262 991 1320 1038 ut
1356 980 1500 1037 illius
1538 980 1738 1051 dilige;

181 1076 287 1150 quia
316 1091 402 1132 nos
427 1085 480 1132 te
511 1076 814 1150 diligimus.

649 1167 988 1227 EPISTULA
1028 1167 1222 1225 LXXI.

182 1259 292 1316 Post
328 1262 487 1316 varios
530 1261 747 1333 gradus,
779 1263 925 1331 queis
961 1263 1139 1316 anima
1174 1261 1325 1330 lapsa
1357 1274 1470 1314 sese
1509 1267 1738 1330 reparat,

238 1371 374 1426 supra
395 1355 706 1426 descriptos,
734 1357 819 1410 hic
839 1355 1028 1410 anima:
1053 1353 1227 1424 ﬁdelis
1257 1369 1290 1408 a
1309 1350 1520 1406 Christo
1533 1366 1742 1418 suscep-

237 1451 318 1516 tio,
339 1447 554 1504 eruditio
583 1461 632 1504 et
661 1450 1034 1504 consummatio
1061 1447 1490 1510 considerantur;
1516 1443 1742 1499 ostendi-

237 1554 394 1614 turque
416 1544 472 1599 in
493 1542 687 1602 Christi
710 1545 982 1599 itineribus
1013 1542 1239 1597 diversos
1284 1539 1515 1609 ejusdem
1555 1537 1743 1592 anima:

239 1653 520 1710 progressus
542 1639 835 1713 designari.
1375 1705 1382 1712 _

584 1731 889 1786 Alanosws
928 1730 1303 1787 HOIION'I‘IANO.

1849 508 1876 549 ά
1917 512 2192 568 inventam
2241 524 2467 568 recurso
2493 509 2741 567 anfractu
2791 510 2999 567 erroris
3054 511 3330 568 revocavit
3377 511 3443 568 ad

1847 605 2181 677 paradisum,
2211 615 2270 660 ut
2295 602 2572 676 Evangelii
2595 604 2758 660 docet
2784 603 2968 661 lectio.

1917 701 1973 756 5.
2006 700 2110 756 Per
2132 708 2248 755 sata
2275 715 2397 755 eam
2427 698 2602 766 duxit,
2630 707 2692 754 ut
2727 697 2974 770 jejunam
3022 707 3299 771 pasceret,
3337 700 3451 770 pri-

1847 808 1992 848 mum
2035 793 2090 848 in
2132 791 2374 857 deserto,
2397 790 2597 848 deinde
2639 790 2693 846 in
2737 789 3144 861 Capharnaum,
3180 791 3296 861 agri
3339 805 3447 846 non

1846 885 1994 941 urbis
2042 884 2318 940 incolatu:
2349 882 2550 941 deinde
2597 883 2748 953 juxta
2795 882 2934 940 lines
2976 883 3258 952 Zabulon,
3299 883 3444 939 circa

1846 988 2110 1036 nocturna
2143 977 2435 1049 prolIuvia,
2466 977 2519 1033 id
2544 987 2646 1044 est,
2690 975 3080 1048 prophetarum
3127 975 3445 1033 obscuriora

1844 1073 2171 1143 aenigmata;
2205 1080 2263 1127 ut
2289 1070 2530 1128 disceret
2552 1071 2892 1143 pratendere
2914 1071 2982 1126 ad
3013 1069 3149 1126 lines
3175 1071 3445 1142 gentium,

1842 1182 1951 1240 quo
1997 1181 2192 1224 omnes
2235 1168 2619 1232 convenirent,
2672 1181 2774 1222 nec
2816 1167 3039 1222 timeret
3080 1164 3276 1220 fluctus
3321 1165 3445 1220 vita:

1845 1266 2007 1337 hujus
2037 1274 2094 1321 ct
2119 1263 2425 1333 procellas;
2450 1263 2575 1336 quia
2609 1263 2774 1319 habet
2797 1261 3053 1318 Christus
3082 1276 3248 1317 naves
3273 1261 3441 1316 Thar-

1844 1359 1920 1415 sis
1953 1358 2041 1430 (III
2073 1358 2200 1429 Reg.
2236 1374 2294 1424 x,
2327 1357 2446 1427 22),
2478 1356 2854 1428 intelligibiles
2894 1355 3128 1423 scilicet,
3165 1365 3284 1426 qua:
3322 1369 3445 1425 per-

1845 1459 2069 1507 currant
2123 1465 2314 1516 mare,
2361 1459 2416 1506 et
2460 1449 2527 1506 ad
2575 1448 2764 1520 templi
2817 1447 3279 1504 constructionem
3329 1447 3444 1516 pias

1846 1559 2062 1602 merces
2115 1543 2409 1600 advehant.
2461 1544 2515 1599 lu
2567 1541 2885 1613 hujusmodi
2942 1541 3171 1597 navibus
3227 1539 3448 1608 navigat

1845 1639 2122 1705 Christus,
2171 1649 2228 1694 et
2263 1638 2316 1694 in
2361 1638 2526 1710 puppi
2576 1650 2854 1708 tamquam
2905 1637 3082 1692 bonus
3113 1633 3446 1704 gubernator

1849 1731 2141 1801 tranquillo
2170 1730 2409 1801 quiescit
2435 1731 2608 1786 mari:
2645 1737 2918 1785 commoto
2949 1728 3240 1793 excitatur,
3282 1735 3338 1782 et
3365 1727 3446 1780 in-

237 1823 582 1896 l.Superiore
599 1825 833 1896 epistola
853 1824 921 1880 de
945 1840 1010 1881 ea
1030 1833 1056 1862 ει
1079 1825 1260 1880 anima
1279 1837 1587 1879 sermonem
1611 1838 1741 1879 con-
1773 1819 1820 1878 B
1847 1837 2035 1900 crepat
2087 1837 2282 1883 ventos
2309 1868 2324 1892 ,
2383 1837 2441 1883 ut
2506 1827 2622 1883 suis
2677 1824 3123 1896 tranquillitatem
3191 1819 3447 1879 refundat

169 1901 372 1974 tulimus
399 1961 414 1984 ,
459 1933 580 1989 qute
622 1917 837 1974 itineris
878 1917 962 1973 sui
998 1917 1191 1973 devios
1232 1917 1448 1988 aliquos
1495 1916 1740 1971 habuerit

167 2015 442 2084 anfractus,
496 2028 553 2070 ut
592 2025 746 2072 vetus
790 2015 954 2072 Israel
984 2017 1284 2072 secundum
1341 2029 1562 2071 carnem
1611 2015 1743 2070 ﬂuc-

168 2117 342 2173 tuans;
387 2107 512 2178 quia
559 2118 613 2162 et
655 2108 774 2178 ipse
810 2108 1137 2165 liberabitur
1167 2123 1262 2178 per
1317 2107 1531 2164 Domini
1571 2108 1741 2162 nostri

160 2198 282 2256 Jesu
305 2199 504 2256 Christi
521 2201 777 2271 gratiam,
801 2217 918 2255 cum
937 2201 1201 2255 intrauerit
1228 2199 1495 2269 plenitudo
1517 2200 1742 2270 gentium

161 2289 331 2363 (Rom.
380 2307 468 2356 xt,
513 2290 652 2362 25):
688 2292 817 2348 licet
858 2293 960 2347 ista
1004 2292 1208 2348 leviore
1248 2290 1510 2364 1069b
1555 2306 1744 2347 errore

160 2385 507 2440 conversione
535 2399 659 2440 sese
681 2385 1084 2440 reformaverit.
1113 2385 1222 2439 IIac
1246 2400 1376 2440 vero
1410 2385 1636 2456 cpistola
1674 2385 1743 2441 de

160 2476 403 2533 Ecclesia:
430 2475 539 2532 ﬁlia
573 2477 734 2532 nobis
759 2492 944 2533 sermo
967 2477 1070 2543 sit,
1095 2493 1256 2548 quam
1286 2476 1546 2533 Dominus
1584 2477 1744 2533 Iesus

156 2570 601 2643 quemadmodum
624 2572 802 2641 primo
823 2570 1151 2643 susceperit,
1185 2571 1470 2638 erudierit,
1490 2586 1745 2628 consum-

157 2665 379 2720 maverit
415 2664 467 2719 in
501 2678 602 2720 suo
643 2664 964 2736 Evangelio,
1004 2664 1432 2721 consideremus.

224 2759 277 2812 2.
317 2757 568 2829 Suscepit
597 2761 780 2829 itaque
809 2775 928 2814 eam
963 2760 1138 2829 primo
1168 2759 1423 2814 tuendam
1456 2759 1509 2814 itt
1554 2761 1727 2816 confu-

156 2852 306 2906 sione
333 2852 600 2921 positam;
631 2851 784 2907 exsul
802 2852 946 2908 enim
971 2851 1206 2922 paradisi
1237 2850 1392 2923 (Gen.
1425 2867 1501 2919 ιιι,
1527 2851 1624 2924 25)
1651 2854 1740 2908 ubi

155 2944 259 3000 nisi
289 2944 339 2999 in
363 2944 688 3002 confusione
719 2945 942 3016 degeret
972 2946 1150 3002 anima
1182 2946 1610 3018 uniuscujusque
1645 2947 1744 3002 ho-

155 3036 352 3092 minis?
379 3037 718 3110 deduxitque
747 3054 867 3094 eam
910 3040 964 3094 in
992 3037 1274 3095 Bethleem
1301 3038 1519 3111 (Matth.
1568 3056 1627 3107 ιι,
1664 3041 1738 3111 I).

155 3126 272 3184 Jam
316 3128 590 3198 profectus
631 3140 902 3201 suscepta
945 3132 1142 3186 anima:
1188 3131 1544 3203 significatur,
1595 3133 1739 3203 quod

1849 1922 2068 1995 (Matth.
2102 1937 2220 1989 VIII,
2248 1921 2366 1992 26).
2397 1921 2696 1977 Transiens
2719 1932 2935 1992 quoque
2960 1917 3027 1974 ad
3053 1925 3272 1988 gentes,
3304 1915 3445 1971 hanc

1845 2017 2082 2073 animam
2129 2017 2344 2084 liberat,
2387 2031 2508 2087 qua:
2540 2014 2705 2085 Legis
2745 2011 2975 2068 vinculis
3018 2010 3334 2074 tenebatur;
3378 2024 3446 2065 ne

1849 2111 2106 2166 transiret
2135 2110 2203 2165 ad
2233 2109 2516 2165 nationum
2545 2107 2845 2164 consortia.

1919 2203 1973 2258 6.
2018 2203 2182 2260 Venit
2230 2204 2281 2258 in
2339 2203 2685 2270 Bethaniam,
2749 2202 2802 2256 in
2857 2201 3041 2256 locum
3092 2197 3444 2263 obeditionis,

1853 2294 2064 2368 1070
2088 2294 2210 2350 ideo
2234 2295 2307 2350 ibi
2337 2305 2588 2350 mortuus
2617 2291 2952 2350 suscitatur:
2984 2306 3106 2347 cum
3129 2291 3274 2346 enim
3318 2304 3449 2345 caro

1846 2389 2061 2444 subdita
2101 2386 2267 2442 fuerit
2301 2388 2520 2452 animae,
2569 2394 2697 2442 tunc
2738 2386 2850 2455 jam
2897 2399 3007 2439 non
3050 2385 3204 2455 quasi
3235 2393 3446 2439 mortua

1842 2480 1990 2550 jacet
2019 2480 2071 2534 itt
2098 2479 2356 2550 sepulcro
2382 2493 2486 2534 suo
2513 2478 2759 2534 conditio
2783 2478 3046 2542 humana,
3080 2477 3176 2532 sed
3208 2477 3450 2531 resusci-

1849 2583 1990 2629 tatur
2015 2589 2112 2645 per
2141 2573 2374 2644 gratiam
2401 2570 2604 2627 Christi
2633 2589 2646 2625 :
2678 2570 2748 2626 ibi
2781 2571 2946 2625 etiam
2983 2583 3044 2624 se
3074 2584 3174 2640 pro
3212 2568 3308 2623 Dei
3347 2582 3447 2623 no-

1846 2669 1995 2724 mine
2029 2668 2266 2738 passioui
2296 2666 2459 2722 discit
2487 2665 2689 2721 olierre
2714 2663 2895 2736 (Joan.
2925 2677 3001 2729 χι,
3030 2662 3096 2716 17
3122 2671 3167 2716 et
3192 2663 3347 2734 seq.).
3374 2661 3450 2716 De

1848 2765 1969 2819 loco
1997 2761 2353 2828 obeditionis,
2386 2771 2445 2816 ut
2472 2759 2716 2816 Joannes
2745 2758 2912 2813 docet
2943 2757 3122 2828 (Joan.
3158 2771 3257 2821 xu,
3288 2752 3366 2823 l),
3399 2755 3450 2809 in

1845 2858 2102 2929 Ephrzem
2129 2857 2371 2920 ducitur,
2420 2854 2471 2910 id
2503 2863 2589 2910 est
2616 2896 2632 2920 ,
2678 2852 2748 2908 ad
2777 2853 3043 2908 bonorum
3072 2849 3341 2905 fructuum
3373 2847 3453 2902 fe.

1845 2947 2378 3006 cuuditatemzinde
2424 2947 2476 3001 in
2527 2944 2851 3000 Bethaniam
2902 2941 3202 3005 reducitur,
3241 2940 3293 2994 id
3339 2950 3450 3004 est,

1845 3044 2252 3109 obedientiam;
2277 3037 2454 3099 semel
2483 3041 2631 3096 enim
2655 3055 2776 3110 quae
2797 3039 2899 3108 pia:
2925 3034 3288 3107 subiectionis
3312 3033 3455 3090 fruc-

1846 3147 1959 3194 tum
1985 3136 2308 3208 gustaverit,
2333 3148 2558 3190 servare
2580 3147 2730 3197 eam,
2759 3131 2891 3186 etin
2925 3145 2986 3186 ea
3011 3129 3227 3200 probari
3253 3128 3454 3200 saepius

154 3219 400 3275 ascendit
444 3220 511 3276 ad
561 3222 781 3277 domum
826 3221 1002 3292 panis,
1048 3221 1102 3277 in
1141 3237 1248 3294 qua
1295 3221 1492 3276 famem
1538 3221 1662 3277 fidei
1691 3232 1747 3278 et
1773 3211 1818 3272 (ἶ
1851 3244 2192 3301 nequaquam
2223 3238 2463 3284 recusat.

154 3311 493 3369 sterilitatem
522 3314 752 3371 nesciat.
785 3315 858 3369 De
883 3323 1189 3371 nostrarum
1212 3316 1514 3370 animarum
1543 3330 1746 3386 genere

151 3412 208 3459 et
233 3403 426 3460 ordine
468 3405 685 3476 loquor,
715 3405 916 3477 quibus
948 3420 1048 3461 nos
1092 3405 1326 3461 vivimus
1354 3415 1410 3462 et
1438 3421 1747 3473 movemur,

149 3509 264 3552 non
300 3495 369 3552 de
395 3496 576 3568 aliqua
617 3497 965 3569 specialiter;
997 3512 1106 3553 nou
1134 3499 1279 3553 enim
1305 3497 1375 3554 de
1419 3498 1747 3570 proprietate

147 3599 205 3645 et
231 3591 418 3662 specie
446 3592 698 3663 alicujus,
727 3592 824 3648 sed
851 3593 920 3648 de
944 3607 1167 3663 genere,
1197 3603 1250 3648 ut
1274 3593 1409 3661 dixi,
1443 3595 1744 3651 animarum

145 3682 536 3755 disputandum
563 3696 836 3756 putamus.

220 3776 275 3831 3.
323 3777 613 3834 Descendit
657 3780 711 3835 in
754 3779 1052 3853 Egyptum
1099 3782 1353 3838 Christus
1395 3781 1588 3855 (Ibid,
1631 3784 1744 3857 M),

143 3871 518 3940 patrocinium
548 3883 603 3928 et
645 3873 870 3929 ductum
917 3885 1121 3930 nostrae
1158 3877 1360 3931 animae
1387 3877 1587 3944 ferens,
1623 3878 1748 3934 inde

140 3963 310 4022 rediit
330 3965 387 4021 in
418 3967 684 4023 Judzeam.
712 3968 838 4024 Fuit
862 3970 914 4024 in
941 3970 1162 4026 deserto
1188 3969 1407 4040 (Matth.
1441 3988 1512 4037 tv,
1543 3972 1615 4044 l),
1650 3975 1750 4028 fuit

139 4059 197 4114 in
229 4060 642 4130 Capharnaum,
688 4063 790 4118 fuit
821 4063 984 4133 juxta
1005 4062 1138 4120 fines
1165 4064 1435 4130 Zabulon,
1467 4065 1612 4120 circa
1637 4081 1750 4120 ma-

135 4153 360 4224 ritima,
390 4158 644 4212 transivit
671 4173 772 4229 per
809 4167 945 4224 sata,
981 4158 1082 4214 fuit
1112 4159 1168 4214 in
1191 4158 1532 4230 Bethphage,
1567 4159 1669 4214 fuit
1695 4161 1747 4214 in

137 4245 431 4316 Ephraam,
475 4250 526 4303 in
568 4248 862 4315 Bethania;
899 4249 1025 4306 inde
1048 4250 1299 4306 transivit
1324 4251 1377 4307 in
1411 4251 1742 4321 paradisum,

132 4340 235 4396 ubi
260 4355 328 4396 se
349 4341 679 4411 capiendum
704 4342 877 4409 dedit,
910 4358 1102 4414 passus
1131 4353 1215 4400 est
1239 4345 1292 4399 in
1323 4344 1615 4416 Golgotha.

207 4430 272 4487 4.
316 4430 525 4489 Omnes
564 4434 651 4489 isti
683 4450 972 4505 processus
1010 4437 1205 4491 animae
1241 4446 1445 4492 nostrae
1474 4447 1620 4502 sunt,
1653 4451 1749 4508 per

125 4539 279 4596 quos
334 4529 638 4583 exercitata
675 4529 906 4600 gratiam
957 4531 1059 4600 piat:
1099 4531 1456 4587 institutionis
1516 4533 1741 4588 invenit.

1920 3324 1974 3380 7.
2016 3324 2172 3381 Unde
2193 3324 2306 3394 jam
2339 3322 2567 3394 probata
2604 3320 3046 3391 Hierosolymam
3076 3319 3248 3383 venit,
3293 3319 3455 3388 digna

1847 3435 1970 3492 quas
1998 3420 2070 3476 sit
2095 3420 2148 3474 in
2171 3417 2435 3489 templum
2460 3416 2589 3480 Dei,
2623 3425 2646 3450 ο
2676 3416 2727 3469 itt
2749 3429 2852 3482 qua
2881 3412 3132 3468 Christus
3162 3412 3452 3468 habitaret.

1851 3513 2094 3584 Denique
2120 3510 2317 3568 sedens
2360 3524 2525 3580 super
2555 3507 2758 3578 pullum
2804 3507 2973 3561 asina:
3003 3505 3268 3562 Dominus
3296 3504 3457 3561 Jesus

1849 3623 1972 3664 cum
1993 3604 2354 3678 gratulatione
2371 3611 2428 3657 et
2451 3600 2650 3673 gaudio
2679 3600 2984 3655 innocentis
3009 3599 3302 3669 suscipitur
3328 3607 3457 3652 mta-

1851 3701 1918 3757 u.
1947 3699 2149 3772 (tua.
2183 3695 2298 3766 ts).

1924 3794 1978 3848 8.
1996 3791 2192 3848 Postea
2221 3789 2272 3844 in
2301 3785 2554 3858 paradiso
2577 3787 2743 3842 verba
2772 3785 2895 3840 vita:
2913 3793 3134 3841 mternte
3159 3783 3458 3846 docentur;

1851 3884 1993 3942 unde
2021 3882 2184 3938 etiam
2215 3879 2478 3936 Dominus
2504 3893 2563 3932 se
2591 3877 2838 3948 permisit
2859 3878 2976 3948 capi
2999 3918 3016 3944 ,
3041 3877 3186 3933 sicut
3212 3876 3456 3932 Joannes

1849 3977 2043 4034 scribit
2069 3974 2399 4046 evangelista
2429 3971 2622 4044 (Joan.
2657 3987 2787 4026 xvtu
2809 4012 2823 4036 ,
2854 3973 2962 4038 8),
2995 3970 3309 4039 significans
3335 3968 3456 4023 ani-

1854 4087 1995 4127 mam
2046 4081 2319 4132 nostram,
2358 4067 2443 4122 vel
2491 4067 2669 4136 p0tius
2707 4063 3078 4119 conditionem
3126 4062 3454 4125 humanam,

1851 4164 2043 4219 solutis
2070 4162 2270 4218 erroris
2290 4159 2552 4225 vinculis,
2577 4173 2644 4214 eo
2666 4158 2810 4212 unde
2837 4158 3014 4224 ejecta
3043 4156 3236 4210 eratin
3260 4154 3455 4220 Adam,

1853 4273 1949 4329 per
1980 4255 2256 4311 Christum
2301 4267 2633 4324 regressam.
2670 4249 2824 4307 Unde
2855 4260 2909 4305 et
2941 4249 3131 4303 Ιιιιιοιιὶ
3173 4246 3249 4302 illi
3289 4247 3456 4303 confl-

1853 4352 1988 4409 teuti
2014 4349 2247 4406 dicitur:
2277 4347 2463 4411 Amen,
2493 4361 2644 4399 amen
2673 4345 2790 4398 dico
2818 4343 2928 4407 tibi,
2955 4342 3107 4396 hodie
3129 4357 3326 4397 mecum
3354 4343 3455 4394 eris

1850 4449 1905 4502 in
1931 4445 2177 4518 paradiso
2212 4440 2380 4512 (Luc.
2412 4455 2574 4504 χχιιι,
2612 4437 2715 4503 42,
2750 4438 2877 4506 .ιὸ).
2926 4435 3023 4492 Ille
3047 4435 3306 4490 dixerat:
3343 4432 3456 4489 He-

1851 4550 2021 4596 ntento
2050 4539 2180 4603 mei,
2232 4553 2348 4591 cum
2393 4537 2594 4591 veneris
2632 4534 2686 4587 in
2735 4547 2950 4602 regnum
2991 4541 3166 4595 tuuin;
3205 4528 3458 4585 Christus

123 4595 277 4673 Nam
315 4595 920 4692 posteaquam'exclusa
959 4595 1036 4676 vde
1085 4623 1336 4692 paradiso
1376 4625 1620 4680 conditio
1649 4625 1749 4680 ltu-
1770 4595 1828 4658 Β
1854 4595 1960 4688 non
1991 4631 2060 4687 de
2088 4595 2256 4701 regno
2279 4627 2559 4698 respondit
2579 4667 2594 4690 .
2626 4623 2722 4680 sed
2751 4595 2816 4679 ad
2849 4639 3072 4680 causam
3099 4641 3110 4676 ε
3148 4621 3322 4676 Hodie
3353 4637 3456 4675 me-

122 4725 310 4766 mana
351 4711 408 4767 in
446 4712 617 4768 Adam
649 4723 704 4769 et
730 4713 867 4781 Eva,
898 4714 966 4781 jin
996 4717 1278 4771 castellum
1311 4729 1332 4755 ο
1367 4718 1605 4787 relegata
1639 4731 1745 4786 est,

119 4805 332 4874 vagari
377 4804 545 4874 cmpit
587 4805 690 4862 huc
729 4814 894 4877 atque
931 4805 1082 4873 illuc,
1119 4809 1424 4864 errabunda
1464 4811 1748 4869 circumfe-

1851 4744 1968 4782 cum
2005 4725 2107 4780 eris
2144 4724 2201 4778 in
2239 4721 2512 4795 paradiso,
2543 4719 2594 4773 id
2634 4729 2750 4783 est,
2784 4717 3188 4774 reformandum
3217 4723 3303 4770 est
3328 4723 3455 4768 ante

1852 4819 1998 4892 quod
2049 4817 2310 4872 amissum
2361 4823 2478 4879 est,
2535 4823 2720 4883 postea
2770 4811 3162 4868 conferendum
3211 4807 3263 4862 id
3311 4806 3454 4874 quod

117 4913 269 4954 rens
297 4901 532 4970 vesugia
556 4901 675 4957 sine
702 4900 812 4956 ullo
831 4901 1049 4956 delectu
1071 4920 1084 4956 :
1107 4902 1202 4958 sed
1237 4913 1482 4974 tempore
1508 4908 1751 4976 compla-
1854 4911 2161 4982 augendum
2191 4916 2310 4971 est,
2342 4915 2397 4960 ut
2429 4921 2528 4975 per
2562 4904 2580 4941 τ
2617 4905 2930 4974 paradisum
2958 4903 3023 4958 ad
3065 4915 3290 4971 regnum
3334 4912 3458 4968 per-

112 4991 247 5046 cito
282 4991 395 5048 sibi
421 4994 717 5049 exinanivit
745 5007 805 5049 se
828 4992 1093 5050 Dominus
1116 4993 1298 5062 Jesus,
1334 5005 1391 5050 ut
1419 4999 1672 5055 exsulem
1698 5001 1750 5055 in

202 5140 233 5212 ξι
261 5131 436 5212 Rom.
462 5131 1064 5212 ed_it._sola,_sermonem
1087 5135 1419 5206 confecimus.
1442 5135 1757 5212 Infraivcro,

1856 5007 2108 5062 veniatur
2127 5045 2142 5070 ,
2175 5016 2283 5055 non
2310 5014 2405 5069 per
2432 5013 2662 5069 regnum
2685 4998 2751 5053 ad
2782 4997 3110 5068 paradisum.

1862 5141 2104 5214 terjectis
2136 5150 2264 5214 vero
2289 5134 2460 5214 tribus
2483 5133 2708 5214 vocibus
2735 5133 2904 5214 Rom._
2927 5131 3057 5188 edit.
3087 5128 3199 5183 sola
3231 5129 3451 5200 posuit,

107 5205 221 5280 ubi
255 5204 489 5280 eadem,
519 5205 704 5280 leviore
726 5205 788 5280 ab
812 5220 1009 5270 errore,
1033 5215 1091 5261 et
1117 5204 1217 5262 nos
1243 5222 1366 5261 cum
1391 5218 1504 5264 aut.
1531 5211 1662 5266 edit.
1694 5204 1759 5272 ac
1862 5228 1918 5271 ut
1943 5204 2270 5280 Evangelia:
2290 5207 2522 5262 lectionis
2548 5205 2958 5280 doc_et_assert_io.

105 5274 434 5350 plerisque
463 5289 621 5350 mss.,
653 5275 842 5332 leviore
863 5293 1068 5344 errore;
1101 5292 1232 5333 mss.
1260 5281 1502 5334 nonnulli
1536 5282 1754 5350 habent,

105 5346 336 5400 leviore
364 5347 557 5400 erroris
574 5388 590 5412 ,
621 5355 728 5402 etc.

1935 5296 1960 5324 ο
1991 5273 2143 5339 Belin
2169 5281 2340 5335 codex
2363 5319 2378 5342 ,
2409 5281 2462 5349 in
2491 5295 2590 5345 qua
2616 5276 2846 5349 Spiritus
2874 5273 3147 5349 habitaret.

1937 5358 1956 5395 ί
1991 5352 2386 5410 Admonuimus
2403 5348 2470 5403 ad
2496 5344 2588 5403 lib.
2610 5344 2680 5403 de
2700 5347 2875 5416 Lapsu
2907 5344 3190 5416 Virg.cap.
3221 5345 3275 5406 8,
3305 5357 3454 5416 num.

195 5415 228 5455 ιι
264 5416 412 5471 Mss.
443 5417 684 5500 aliquot,
710 5419 900 5474 erroris
927 5422 1286 5488 conversione;
1315 5421 1472 5478 Rom.
1504 5424 1661 5494 edit.,
1692 5429 1756 5482 ab
1859 5428 1962 5495 36,
1995 5423 2286 5500 nonnullos
2322 5435 2478 5480 esse,
2510 5420 2599 5500 qui
2644 5413 2793 5500 cum‘
2813 5431 2882 5496 ex
2915 5415 3099 5500 verbis
3137 5413 3456 5500 quihusdam

101 5505 320 5544 errore
345 5504 701 5543 εοιιυεηιοηε.

1856 5486 1968 5556 illic
1994 5494 2259 5557 exaratis,
2287 5501 2400 5547 tum
2425 5507 2488 5546 ex
2523 5486 2623 5543 hoc
2651 5489 2770 5557 ipso
2801 5486 3046 5555 epistolae
3088 5486 3245 5540 istius
3296 5487 3415 5540 loco
3441 5527 3456 5550 ,

1857 5587 1979 5628 eam
2009 5567 2297 5624 Ambrosio
2325 5562 2648 5632 attingerent
2675 5558 3015 5632 Opinionem,
3047 5572 3154 5632 qua
3181 5557 3322 5612 inter
3342 5571 3458 5632 co:-

1861 5643 2053 5698 lestem
2111 5628 2502 5694 beatitudinem
2562 5628 2866 5692 infernique
2925 5629 3192 5696 supplicia
3251 5628 3461 5684 medius

1858 5714 2078 5784 quidam
2110 5717 2286 5784 status
2315 5705 2383 5759 ab
2423 5700 2695 5784 aliquibus
2732 5699 3140 5784 admittebatur.
3185 5700 3292 5756 Sed
3321 5715 3464 5784 plve-

1860 5769 2104 5856 lerquam
2132 5776 2278 5851 quod
2300 5790 2372 5856 ex_
2393 5769 2556 5856 citato
2577 5769 2719 5856 “Di-‘9
2731 5810 2754 5856 _,
2778 5770 2937 5853 cujus
2957 5781 3147 5856 auctor
3170 5787 3278 5856 non
3302 5769 3461 5856 plane

1857 5839 2170 5926 compertus
2196 5857 2312 5912 est,
2340 5843 2407 5900 de
2429 5839 2703 5899 Ambrosii
2731 5842 2831 5896 hac
2854 5839 2914 5896 in
2942 5858 3000 5900 re
3028 5839 3463 5903 sententia'nihil

198 5571 227 5598 ο
261 5559 412 5639 Mss.
448 5575 556 5639 non
588 5560 775 5629 pauci,
803 5560 1020 5639 religata
1055 5573 1149 5618 est.
1178 5563 1386 5622 Rursus
1424 5577 1604 5624 autem
1632 5585 1755 5639 pro,

97 5632 240 5686 sine
278 5633 405 5685 ulla
433 5630 630 5686 delt-ctu
652 5673 666 5694 ,
697 5646 815 5701 quae
857 5630 1018 5688 Ie'ctio
1062 5647 1145 5691 est
1173 5648 1489 5694 cunctarum
1529 5630 1660 5696 edii.
1691 5630 1756 5698 ac

96 5703 403 5778 pltsrium
429 5717 560 5757 mss.
604 5703 654 5778 in
684 5702 1002 5778 quibusdam
1023 5705 1234 5778 horum
1261 5708 1479 5778 legitur,
1511 5713 1620 5766 sine
1648 5713 1755 5766 ulla

94 5774 355 5858 dilati,
387 5773 442 5828 in
473 5773 662 5858 paucis
690 5773 878 5858 delicto
901 5815 916 5840 ,
941 5776 1039 5832 sed
1065 5780 1226 5835 male.

189 5844 225 5882 ει
271 5846 418 5900 Mss.
453 5845 688 5915 aliquot,
711 5844 964 5899 inventam
982 5861 1193 5905 recursu
1215 5891 1229 5916 ,
1253 5852 1512 5923 anfractu,
1537 5863 1642 5910 etc.
1669 5852 1747 5912 In-
