3932 6296
506 289 645 348 Ηὥὸ

1844 284 2090 345 SANCTI
2124 285 2450 349 AMBROSII

3628 302 3721 359 l2"

574 407 628 462 9.
667 400 932 462 Servatur
955 404 1239 475 discipulis
1260 445 1274 471 ,
1300 401 1444 476 quod
1493 402 1616 475 plus
1652 400 1969 463 coitiuntur
2012 416 2113 473 pro
2139 406 2189 467 Α
2219 405 2314 460 tim
2340 402 2612 462 Abraham
2644 409 2849 479 primus
2890 409 3174 466 oraculum
3205 411 3607 469 circumcislouis
3626 417 3721 472 erle-

500 500 814 565 laboribus,
845 498 1080 570 ideoque
1109 497 1404 554 incolatum
1438 496 1713 566 promisit,
1744 507 1972 565 regnum
1997 493 2112 549 dis-

502 597 650 653 tulit.
694 596 884 667 itaque
924 594 972 650 is
1013 595 1103 664 qui
1145 591 1248 649 sub
1290 591 1400 647 ictu
1439 590 1633 651 mortis
1671 589 2115 654 convertitur,“

499 691 796 747 contitetur
816 689 1107 745 Dominum
1137 686 1322 743 lesum
1342 726 1358 753 ,
1386 693 1659 740 mereatur
1686 682 1984 739 incolatum
2017 696 2111 752 pa-

503 785 673 843 radisi
708 801 721 839 :
755 784 850 855 qui
881 796 1013 838 vero
1040 782 1208 837 multo
1238 789 1364 835 ante
1401 792 1462 836 se
1497 778 1776 844 exercuit,
1809 786 1865 834 et
1890 775 2112 835 Christo

507 878 793 945 militavit,
822 872 1116 947 acquisivit
1141 874 1465 945 populorum
1497 872 1740 940 animos,
1765 884 1864 942 pro
1886 866 2112 927 Christo

505 988 566 1029 se
594 971 832 1037 obtulit,
866 968 1064 1025 habeat
1103 974 1356 1038 paratum
1401 962 1693 1037 stipendiis
1720 964 1837 1020 suis
1879 964 1974 1020 Del
2023 978 2113 1021 ro-

504 1079 706 1134 guum,
747 1060 904 1132 cujus
951 1075 1012 1116 se
1053 1058 1499 1115 remuneratione
1544 1056 1805 1113 donatum
1849 1055 2106 1127 gaudeat.

502 1157 736 1227 Ideoque
773 1154 937 1210 Petro
970 1153 1209 1209 dicitur:
1258 1151 1375 1207 Tibi
1412 1152 1742 1207 ἀποσείεται
1784 1151 1931 1225 regni
1956 1150 2111 1206 calo-

504 1265 618 1302 rum
642 1247 662 1321 (
686 1246 874 1301 .ilattlt.
905 1259 996 1301 nt
1019 1286 1034 1311 ,
1066 1242 1190 1316 i9).
1242 1243 1319 1300 Ex
1368 1244 1657 1300 latmcinio
1683 1256 1983 1301 conversus
2024 1257 2114 1301 re-

500 1342 681 1412 quiem
724 1339 922 1406 habet,
953 1339 1005 1394 in
1036 1337 1346 1411 apostolatu
1390 1338 1650 1409 premitus
1676 1340 1887 1408 accepit
1925 1344 2112 1407 potos-

492 1443 665 1579 ulfg.‘
697 1522 823 1579 Haec
848 1532 936 1580 est
964 1522 1145 1579 anima
1181 1523 1505 1595 Evangelica
1525 1563 1540 1588 ,
1574 1522 1697 1578 haec
1725 1531 1811 1579 est
1837 1522 1906 1579 de
1930 1524 2111 1594 genti-

501 1618 601 1672 bus
617 1660 632 1687 ,
677 1617 794 1675 haec
815 1618 924 1675 lilia
954 1618 1246 1685 Ecclesiae,
1274 1619 1430 1689 longe
1456 1617 1650 1675 melior
1673 1632 1717 1681 e,
1733 1631 1923 1686 cursu,
1945 1633 2106 1688 quam

500 1714 587 1769 illa
619 1728 689 1770 ex
729 1714 915 1785 ludant
943 1714 1186 1785 projects
1210 1754 1225 1780 ,
1257 1713 1324 1768 ad
1368 1713 1662 1769 Dominum
1693 1711 1909 1778 letum,
1936 1721 1994 1767 et
2037 1711 2106 1768 ad

2215 499 2437 556 beandos
2461 502 2735 573 acceperit
2764 502 2916 576 (Gen.
2950 518 3092 574 xvn,
3124 504 3247 577 lli),
3283 505 3374 578 qui
3414 508 3541 563 diem
3576 508 3722 566 Domini

2214 591 2344 649 Jesu
2379 594 2543 661 vidit,
2583 603 2639 652 et
2683 598 2900 668 gavisus
2949 608 3033 654 est
3082 597 3271 671 (Jonn.
3324 615 3453 667 rm,
3492 600 3590 672 56).
3622 602 3723 672 Quod

2215 685 2402 757 utique
2429 687 2484 742 in
2510 687 2749 745 evidenti
2784 697 2900 757 est,
2935 691 3061 762 quia
3111 706 3226 746 non
3271 692 3641 762 corpomlibos,
3663 696 3723 749 sed

2214 779 2551 850 spiritalibus
2590 782 2724 853 legis
2755 781 2953 838 divina
2996 783 3337 849 intenderit;
3365 793 3421 841 et
3465 784 3572 840 ideo
3601 801 3723 843 rents

2218 874 2481 931 Dominici
2524 877 2772 948 corporis
2817 880 3124 949 passionem
3151 874 3183 917 1³
3215 879 3273 933 in
3308 880 3429 949 agni
3468 884 3727 951 conspexerit

2213 965 2606 1024 immolatione.

2283 1061 2341 1118 2.
2370 1061 2509 1130 Quid
2535 1078 2666 1135 ergo
2693 1063 2941 1120 dicemus
2969 1075 3223 1121 secutum
3268 1075 3472 1136 patrem
3500 1064 3724 1132 Abraham,

2214 1162 2273 1209 ut
2302 1155 2351 1209 id
2384 1155 2588 1224 primus
2621 1155 2936 1213 institueret
2956 1200 2969 1222 ,
2999 1156 3144 1229 quod
3185 1154 3311 1228 eius
3342 1172 3447 1212 non
3487 1166 3726 1226 sequeretur

2214 1246 2543 1304 hrcreditasi
2568 1256 2658 1304 aut
2699 1262 2805 1321 qua
2833 1250 3047 1306 ratione
3075 1250 3540 1307 circumciduntur
3562 1250 3725 1306 infantu-

2212 1338 2390 1394 lorum
2418 1350 2683 1410 corpora;
2721 1352 2742 1377 ι·
2776 1348 2832 1396 et
2864 1342 2916 1396 in
2962 1342 3087 1413 ipso
3113 1351 3242 1397 ortu
3272 1341 3609 1412 subjiciuntur
3636 1343 3726 1411 peri-

2210 1431 2378 1497 culis,
2411 1440 2469 1488 et
2496 1432 2597 1488 hoc
2628 1432 2888 1505 imperari
2916 1435 3174 1500 oraculo;
3210 1442 3273 1488 ut
3302 1433 3577 1489 discrimen
3601 1434 3725 1488 salutis

2213 1525 2305 1581 ﬂat
2335 1527 2406 1583 de
2431 1528 2692 1600 mysterio
2718 1528 3020 1600 religionis.
3049 1526 3191 1597 Quid
3231 1528 3341 1583 hoc
3381 1528 3643 1598 signiﬁcat?
3662 1526 3723 1582 Lt-

2213 1627 2287 1674 tet
2313 1618 2463 1674 euim
2492 1634 2655 1673 causa
2703 1620 2853 1686 veri,
2880 1631 2929 1674 et
2960 1617 3209 1689 epentuit
3245 1629 3343 1674 aut
3384 1628 3559 1690 aperte
3592 1618 3725 1686 elicuit

2211 1714 2469 1787 mysterio
2492 1713 2785 1785 significari
2802 1754 2817 1781 ,
2841 1724 2933 1769 aut
2957 1728 3063 1769 non
3094 1713 3411 1785 periculoso
3433 1714 3724 1784 mysterium

500 1808 786 1878 superiora
834 1824 895 1864 se
940 1807 1098 1863 bonis
1141 1807 1390 1863 consiliis
1415 1815 1472 1863 et
1513 1805 1774 1877 operibus
1817 1805 2108 1872 attollens,
2142 1800 2190 1865 B
2216 1808 2416 1865 indicio
2447 1809 2714 1865 mandati.

499 1917 661 1973 quam
689 1902 932 1973 suscepit
958 1901 1013 1957 in
1035 1899 1303 1972 Golgotha
1324 1898 1596 1956 Christus.
1620 1906 1645 1939 ⁸
1672 1898 1747 1955 lbi
1778 1899 1909 1955 Aria:
1931 1898 2116 1970 sepul-

497 2009 689 2058 crum;
721 2005 781 2049 ut
812 1994 967 2049 illum
998 2003 1274 2050 mortuum
1307 1991 1362 2048 in
1405 2004 1504 2048 sua
1534 2006 1699 2048 cruce
1736 1992 2109 2048 resuscitaret.

502 2085 604 2143 Ubi
648 2103 782 2159 ergo
823 2089 876 2142 iu
930 2087 1099 2143 Adam
1143 2100 1291 2142 mors
1332 2085 1618 2153 omnium,
1664 2084 1738 2141 ibi
1786 2086 1841 2141 in
1889 2085 2113 2143 Christo

501 2180 747 2236 omnium
788 2179 1139 2237 resurrectio.
1192 2178 1357 2247 Vala,
1386 2178 1492 2245 liii,
1533 2188 1589 2235 et
1618 2193 1718 2235 nos
1752 2178 1951 2250 dilige;
1982 2179 2108 2249 quia

502 2287 601 2327 nos
620 2283 672 2329 te
694 2272 993 2345 diligimus.

869 2367 1080 2440 1071
1132 2363 1470 2421 EPISTOLA
1528 2362 1742 2420 LXXII.

505 2462 777 2533 Rogabont
823 2462 986 2535 aliqui
1030 2478 1123 2517 cur
1171 2461 1311 2518 Deus
1340 2477 1455 2516 cum
1497 2460 1551 2513 in
1587 2458 1915 2518 Testamento
1950 2460 2108 2516 reteri

574 2555 1018 2632 circumcisionem
1048 2556 1357 2621 instituerit,
1381 2572 1492 2611 eam
1514 2556 1838 2630 abrogaverit
1866 2555 1922 2610 in
1946 2553 2108 2610 noro?

575 2666 669 2705 cur
697 2652 854 2706 etiam
892 2651 955 2705 de
998 2651 1092 2705 illa
1133 2651 1343 2705 omnino
1386 2651 1548 2723 legem
1588 2651 1795 2716 tulerit,
1822 2665 1942 2705 eum
1989 2650 2107 2719 ipsa

575 2760 795 2816 puerum
831 2746 883 2799 in
915 2745 1194 2800 discrimen
1223 2745 1543 2800 adduceret?
1571 2758 1664 2800 cur
1706 2744 1918 2799 tondent
1959 2744 2014 2797 in
2035 2758 2102 2797 ea

575 2841 807 2911 corporis
834 2849 981 2912 parte
1008 2840 1123 2910 ﬁeri
1165 2840 1380 2903 uoluerit
1398 2840 1424 2893 ?
1455 2839 1693 2894 Primum
1720 2840 1880 2911 igitur
1909 2846 1965 2892 ut
1991 2837 2104 2901 illis

572 2934 891 3004 satisfaciat,
923 2934 1014 3004 qui
1052 2943 1196 2988 erant
1225 2946 1258 2987 a
1284 2932 1390 3002 fide
1424 2933 1618 3000 alieni;
1642 2932 1844 3000 reponit
1871 2931 2099 2986 circum.

570 3028 816 3084 cisionem
860 3043 893 3082 a
933 3028 1252 3097 sapientibus
1291 3027 1416 3081 uiris
1438 3066 1453 3095 ,
1506 3026 1843 3097 plurimisque
1893 3024 2101 3095 populis

570 3131 873 3194 usurpatam
901 3136 1011 3177 esse
1027 3162 1042 3188 ,
1066 3136 1157 3176 nec
1183 3122 1357 3175 deesse
1382 3120 1667 3186 rationem,
1691 3134 1785 3174 cur
1811 3126 1989 3173 octavo
2013 3119 2100 3172 die

2281 1902 2338 1957 5.
2371 1899 2481 1958 Cur
2518 1917 2648 1959 vero
2676 1902 2891 1975 signum
2916 1900 3262 1959 Testamenti
3296 1901 3463 1956 divini
3485 1902 3534 1956 in
3556 1914 3609 1955 ea
3624 1872 3731 1953 titur.

2214 2005 2365 2068 parte
2387 1996 2756 2052 membrorum
2773 2038 2789 2065 ,
2821 2011 2942 2068 quae
2966 1997 3086 2051 visu
3120 1995 3465 2052 inlionestior
3488 1994 3724 2049 resumam!

2212 2098 2306 2145 aut
2330 2104 2434 2160 qua
2458 2091 2629 2162 gratia
2663 2092 2780 2162 ipse
2815 2099 3074 2162 operator
3103 2086 3361 2161 corporis
3407 2091 3559 2143 nostri
3585 2090 3626 2141 in
3647 2088 3725 2155 ipsi

2213 2193 2415 2241 nostra)
2440 2185 2809 2257 generationis
2853 2180 3088 2240 exordio
3128 2182 3451 2239 circumcidi
3477 2181 3723 2250 voioitopu

2209 2294 2366 2336 somn
2389 2322 2403 2346 ,
2428 2290 2482 2337 et
2510 2276 2787 2339 vulnerari
2803 2321 2819 2346 ,
2846 2288 2901 2336 et
2926 2278 3243 2345 cruentari,
3266 2288 3324 2334 et
3352 2277 3542 2333 abscidi
3565 2284 3719 2346 partem,

2209 2389 2370 2446 quam
2402 2373 2549 2430 velut
2582 2373 2980 2439 necessariam,
3007 2373 3100 2444 qui
3130 2370 3322 2427 omnia
3360 2370 3594 2440 disposuit
3622 2366 3715 2422 ordi-

2209 2478 2335 2525 nate
2356 2511 2371 2535 ,
2402 2480 2527 2525 cum
2558 2470 2774 2524 emteris
2804 2467 3066 2525 membris
3096 2467 3407 2524 faciendam
3435 2466 3637 2537 potavit!
3656 2465 3719 2517 tu

2206 2565 2352 2621 enim
2380 2575 2582 2636 praeter
2621 2572 2870 2619 naturam
2908 2572 2995 2620 est
3024 2562 3144 2618 haec
3176 2564 3362 2634 portio
3402 2557 3613 2629 corporis
3633 2569 3715 2611 sot-

2207 2660 2309 2726 tri,
2346 2666 2401 2711 et
2428 2672 2533 2712 non
2580 2656 2819 2728 oportuit
2847 2655 3053 2713 habere
3096 2669 3300 2710 omnes
3349 2645 3711 2715 homines,qu

2205 2760 2353 2808 esset
2385 2761 2585 2822 prater
2610 2761 2893 2806 naturam:
2924 2757 3017 2805 aut
3059 2749 3374 2806 secundum
3413 2757 3617 2802 naturam
3637 2752 3712 2805 est,

2203 2853 2260 2902 et
2308 2860 2415 2900 non
2466 2844 2654 2900 decuit
2711 2843 3017 2915 amputari,
3064 2842 3216 2911 quod
3266 2840 3545 2898 secundum
3578 2846 3713 2891 tutore

2205 2934 2590 3009 perfectionem
2621 2943 2866 2992 creatum
2897 2933 3073 3000 foret;
3100 2948 3228 2989 cum
3266 2929 3546 3004 praesrtim
3566 2925 3711 2982 alienis

2203 3033 2453 3103 portione
2484 3030 2699 3087 Domini
2728 3031 2821 3086 Del
2850 3029 3048 3096 nostri,
3080 3029 3133 3084 id
3165 3028 3442 3100 praecipue
3466 3024 3710 3080 irridereso-

2202 3128 2279 3183 liti
2309 3126 2437 3182 sint.
2470 3122 2674 3180 Deinde
2701 3138 2823 3179 cum
2849 3123 3183 3194 propositum
3220 3122 3295 3179 sit
3317 3121 3448 3187 Deo,
3472 3126 3522 3173 ut
3543 3117 3712 3185 frequen-

571 3217 934 3271 celebraretur.
960 3212 1162 3270 Deinde
1182 3214 1493 3269 christianos
1520 3213 1669 3267 docet
1693 3213 1749 3267 in
1776 3213 1872 3267 illa
1894 3212 2101 3284 signent

2208 3229 2290 3276 ter
2326 3220 2440 3289 ipse
2463 3217 2785 3274 testiﬁcatus
2820 3222 2936 3283 est,
2969 3214 3153 3285 plures
3195 3214 3267 3272 ad
3303 3228 3471 3270 sacrm
3509 3211 3713 3265 observan.

573 3313 734 3382 fuisse
758 3311 1130 3383 redemptionis
1151 3354 1168 3379 ,
1195 3327 1258 3364 ac
1301 3310 1515 3379 proinde
1548 3308 1636 3363 ubi
1679 3307 1903 3379 pretium
1945 3306 2103 3379 hujus

571 3408 802 3460 solutum
835 3414 937 3471 est,
971 3406 1118 3460 illam
1148 3404 1316 3459 omitti
1338 3404 1456 3473 jam
1483 3400 1739 3459 debuisse.
1780 3400 1905 3454 Tum
1940 3400 2103 3455 hare-

573 3503 701 3557 ticos
739 3503 899 3573 legem
925 3500 988 3556 de
1015 3499 1284 3571 fundendo
1314 3497 1566 3568 sanguine
1601 3495 1979 3561 calumniantes
2016 3510 2104 3549 os-

575 3595 737 3650 tendit
780 3596 1068 3664 passionem
1100 3592 1315 3647 Domiui
1344 3591 1501 3647 simul
1527 3589 1801 3645 damnare.
1844 3587 1981 3643 Hinc
2016 3603 2104 3643 ees

576 3687 768 3758 refellit
808 3689 896 3756 qui
934 3688 1058 3757 ﬁdei
1092 3685 1535 3741 circumcisionem
1584 3682 1811 3755 obfuisse
1853 3682 2103 3739 crimina-

581 3781 799 3847 bontur,
830 3783 964 3835 sicut
1005 3790 1051 3835 et
1096 3781 1215 3834 illos
1243 3822 1258 3847 ,
1297 3780 1386 3849 qui
1431 3788 1632 3851 partem
1673 3778 1945 3850 corporis,
1989 3791 2106 3847 (μω

578 3873 833 3928 naturalis
861 3883 991 3928 esset
1010 3915 1024 3941 ,
1051 3872 1430 3945 argutobantur
1472 3887 1574 3927 non
1598 3884 1711 3926 esse
1751 3866 2100 3924 recidendum.

577 3965 851 4022 Postremo
872 3967 1107 4037 pluribus
1121 3966 1185 4021 de
1194 3966 1398 4021 occulta
1410 3965 1816 4021 christianorttrn
1829 3962 2107 4019 circumcl-

575 4064 719 4117 sione
742 4063 1042 4134 disputatis,
1063 4076 1149 4116 eos
1165 4063 1233 4116 ad
1264 4073 1525 4118 externam
1543 4061 1725 4132 probat
1746 4072 1849 4116 non
1861 4058 2102 4131 obligari.

955 4155 1256 4210 Annosws
1292 4155 1655 4211 CONS'I'AM'IO.

583 4250 634 4304 l.
663 4247 779 4305 Non
820 4247 1113 4305 mediocris
1159 4247 1451 4320 plerosque
1489 4254 1667 4304 movet
1706 4247 1972 4319 quaestio,
2000 4260 2108 4317 qua

508 4356 669 4398 causa
700 4341 1045 4398 circumcisio
1072 4348 1127 4397 et
1164 4341 1368 4397 veteris
1408 4335 1746 4397 Testamenti
1780 4338 2108 4396 auctoritate

2205 3315 2332 3371 tiam
2361 3328 2658 3385 provocare
2680 3310 2981 3384 religionis,
2999 3316 3213 3383 quanto
3235 3308 3412 3381 magis
3430 3308 3709 3362 inritarentur,

2205 3409 2251 3465 si
2280 3423 2386 3464 non
2419 3404 2633 3480 1072
2661 3404 2825 3477 aliqui
2853 3403 3297 3462 circumcisionis
3340 3402 3501 3473 ipsius
3529 3404 3601 3452 aut
3628 3388 3713 3463 peri-

2204 3500 2349 3565 culo,
2382 3511 2473 3553 aut
2503 3496 2799 3570 opprobrio
2819 3506 3236 3551 revocarentur.
3666 3499 3670 3503 ‘

2274 3592 2328 3649 4.
2374 3591 2536 3664 Ergo‘
2564 3602 2618 3645 ut
2664 3590 2731 3645 ad
2778 3589 2952 3660 prima
2994 3587 3328 3653 redeamus,
3372 3593 3426 3641 et
3467 3580 3709 3655 propositum

2204 3702 2594 3760 persequamur
2637 3685 2919 3751 ordinem,
2946 3682 3015 3738 de
3046 3684 3162 3754 ipsa
3194 3675 3594 3738 circumcisioois
3624 3684 3706 3743 qua

2205 3781 2356 3835 litate
2393 3777 2686 3835 dicendum
2734 3775 2969 3832 videtur.
3015 3773 3184 3848 Cujus
3219 3775 3434 3847 gemina
3473 3770 3605 3827 debet
3634 3777 3707 3819 est

2205 3872 2483 3939 defensio,
2512 3872 2637 3943 quia
2664 3870 2867 3941 duplex
2905 3879 2986 3924 est
3018 3869 3332 3924 accusatio:
3366 3881 3464 3922 una
3503 3859 3705 3935 (ιιιπίηο-

2207 3975 2369 4038 gatur
2392 3980 2423 4020 a
2452 3961 2778 4036 gentilibus,
2807 3962 2977 4017 altera
3004 3974 3127 4032 qua:
3155 3961 3225 4015 ab
3251 3959 3323 4016 iis
3344 4003 3358 4026 ,
3386 3959 3469 4027 qui
3495 3955 3553 4011 de
3574 3947 3705 4023 populo

2208 4059 2306 4115 Dei
2333 4064 2493 4124 sunt,
2521 4056 2844 4112 restituatur.
2876 4052 3268 4109 Vehementior
3291 4062 3463 4107 autem
3487 4042 3703 4120 gentilium.

2208 4153 2298 4224 qtti
2325 4152 2473 4206 viros
2497 4148 2913 4206 circumcisione
2935 4148 3179 4218 signatos
3199 4149 3364 4202 etiam
3384 4143 3410 4183 ⁴
3432 4137 3705 4217 opprobrioci

2209 4247 2462 4303 illusione
2485 4245 2682 4316 dignos
2710 4243 3067 4299 arbitrantur.
3099 4240 3209 4297 Sed
3245 4240 3405 4296 etiam
3436 4239 3627 4307 ipsorum
3647 4239 3701 4279 sa-

2210 4336 2536 4411 pientissimi
2557 4336 2756 4408 quique
2784 4336 2858 4391 ita
2880 4333 3363 4391 circumcisionem
3389 4327 3655 4400 approbant.
3669 4323 3704 4369 ut

510 4436 664 4506 quasi
691 4435 835 4490 utilis
861 4434 1161 4506 imperetur
1178 4477 1194 4503 ,
1224 4444 1279 4491 et
1306 4433 1429 4490 novi
1450 4431 1760 4491 testamenti
1787 4432 2104 4506 magisterio
2128 4417 2184 4480 Ῑ)
2207 4433 2411 4490 electos
2438 4440 2566 4486 suos
2594 4443 2721 4501 erga
2752 4426 3126 4501 cognoscenda
3156 4435 3211 4483 et
3239 4421 3543 4482 celebranda
3565 4422 3702 4488 misit“

508 4525 662 4597 quasi
694 4528 900 4585 inutilis
930 4528 1244 4601 repudietur
1275 4529 1413 4601 (Act.
1448 4540 1541 4595 sv,
1575 4526 1688 4601 10);
1717 4536 1842 4584 cum
1875 4536 2101 4598 praeser-

504 4695 639 4750 certi
668 4694 847 4765 colligi
884 4704 1064 4766 potest
1084 4737 1100 4759 .
1132 4696 1225 4766 qui
1254 4694 1516 4751 attentius
1543 4692 1819 4766 proposita
1858 4691 2102 4766 eiusdem

506 4765 628 4839 libri
660 4782 727 4821 ac
759 4763 1002 4837 epistolas
1027 4763 1188 4839 hujus
1217 4768 1380 4826 verba
1409 4765 1856 4839 discusserit._es
1889 4763 1969 4839 eis
1996 4778 2104 4839 non

503 4833 1037 4896 tlil‘licultersensum
1084 4833 1241 4895 eruet
1278 4836 1724 4895 commodiorem.
1760 4835 1967 4891 Etenim
2007 4833 2105 4890 ad-

504 4910 824 4965 vertendum
855 4924 940 4967 eat
985 4910 1097 4966 illic
1136 4924 1446 4966 sermonem
1489 4908 1603 4964 lieri
1651 4908 1719 4963 de
1755 4908 1845 4963 illa
1890 4907 2103 4977 puella,

502 4996 644 5051 qum,
662 4984 878 5037 amissis
902 4982 1255 5051 continentiae
1273 4980 1603 5053 aliquamdiu
1622 4990 1851 5037 servata:
1872 4993 1974 5035 nec
1992 4993 2100 5035 non

501 5054 732 5125 aliorum
778 5055 1045 5109 bonorum
1095 5068 1321 5125 operum
1370 5054 1608 5115 meritis,
1643 5053 2099 5125 gravissimorum

502 5124 789 5180 criminum
829 5125 1040 5180 veniam
1074 5123 1169 5195 per
1196 5126 1469 5178 continuae
1508 5124 1847 5195 pmnitentia‘
1888 5123 2105 5195 labore!

501 5195 701 5268 dicitur
714 5212 837 5253 esse
857 5192 1208 5268 impetratura
1226 5212 1240 5250 :
1258 5196 1344 5250 hic
1366 5209 1498 5251 vero
1512 5192 1644 5251 eum
1660 5196 1753 5266 qui
1785 5194 1990 5249 tantum
2008 5192 2103 5249 sub

500 5267 601 5320 ictu
630 5270 809 5323 inertis
830 5267 1140 5323 conuertitur
1156 5310 1170 5333 ,
1193 5282 1314 5323 cum
1344 5268 1442 5322 illo
1463 5268 1790 5336 comparari,
1814 5268 1906 5337 qui
1930 5268 2102 5321 virtu-

502 5349 612 5392 tmu
643 5355 707 5393 ac
758 5343 1229 5413 piorttmioperum
1262 5339 1472 5413 meritis
1510 5340 1820 5413 cumulatus
1841 5380 1855 5403 ,
1884 5354 1918 5394 e
1955 5338 2104 5413 yivis

499 5413 820 5465 excesserit.
876 5408 1234 5467 Unde'nullo
1290 5408 1511 5481 negetio
1569 5410 1906 5481 intelligetur
1953 5410 2103 5467 illam

499 5496 663 5549 poenw
691 5484 1005 5538 vacationem
1024 5482 1232 5557 ,_iliam
1278 5484 1544 5557 requiem,
1569 5481 1725 5536 illum
1762 5483 2102 5557 paradisum,

497 5569 603 5621 quo
652 5563 1005 5619 perventuros
1053 5552 1361 5623 huiusmodi
1408 5555 1734 5622 omnitcntes
1764 5552 2100 5610 'Ambrosius

502 5625 799 5690 promittit,
849 5625 983 5679 nihil
1028 5624 1172 5680 aliud
1217 5639 1369 5692 esse,
1402 5627 1507 5680 nisi
1557 5625 1803 5682 ultimam
1852 5624 1904 5682 in
1945 5626 2110 5680 domo

519 5692 700 5769 Patris
723 5698 1085 5767 mansionem,
1109 5702 1212 5758 hoc
1233 5713 1319 5758 est
1344 5702 1588 5759 inﬁmum
1614 5699 1968 5757 beatitudinis
1996 5712 2120 5769 gra-

520 5764 649 5843 ςιειῃι
686 5783 699 5817 ε
738 5782 959 5843 regnum
990 5764 1122 5827 vero
1151 5775 1292 5843 quod
1319 5777 1521 5831 sanctis
1549 5785 1601 5829 et
1632 5773 1916 5840 apostolici
1941 5764 2123 5829 moriti
2224 5770 2365 5843 fanis

2207 4526 2287 4581 ria
2315 4521 2787 4582 circumcidendos
2818 4530 3030 4594 putent.

2205 4690 2359 4764 apice
2382 4688 2816 4764 intelligendum.
2838 4685 3056 4764 Optime
3072 4684 3241 4764 ἰδίων
3259 4684 3332 4738 δίε
3357 4700 3372 4738 =
3392 4696 3475 4764 νεῖ

2205 4747 2274 4817 ad
2298 4777 2510 4833 regnum
2532 4747 2854 4833 percutitur;
2877 4747 2999 4828 quin
3033 4747 3185 4827 prius
3211 4765 3298 4833 est
3323 4747 3502 4822 υιέιιιίέ
3520 4747 3703 4833 θάτέῗῖ

2207 4851 2324 4890 runt
2352 4823 2571 4888 Veniant
2601 4823 2876 4888 obtinent.
2896 4823 3079 4899 ’quarn
3124 4836 3179 4881 ut
3210 4830 3472 4899 thronum
3492 4823 3702 4899 ,ιηςτεηἮτ

2204 4905 2595 4960 sublimiorem.
2625 4903 2772 4959 idem
2802 4889 3012 4971 quoque
3035 4902 3181 4971 teges
3210 4896 3399 4954 lih..de
3420 4892 3530 4951 Fide
3549 4889 3699 4943 licsurf-

2204 4976 2276 5033 de
2304 4991 2411 5046 quo
2431 4992 2532 5031 nos
2558 4975 2652 5030 ibi.

2277 5037 2431 5102 al'llic
2476 5048 2717 5102 materiae
2761 5060 2872 5100 sua:
2910 5043 3229 5099 Ambrosius
3275 5040 3586 5097 Hebraeorum
3615 5037 3701 5102 lin"

2202 5096 2449 5176 rurndain
2472 5096 2783 5173 iniistis}
2800 5096 3699 5181 veterumopinionemfaccotnmotltl

2204 5193 2275 5248 de
2302 5203 2403 5261 qua
2434 5191 2530 5245 lib.
2574 5206 2607 5244 ι
2661 5192 2714 5243 in
2744 5189 2986 5261 Lucam,_
3009 5176 3322 5261 nomine,
3352 5183 3479 5261 idem
3518 5176 3699 5261 tetigit?!

2205 5244 2273 5319 id
2298 5244 2458 5332 quem
2488 5244 2665 5317 locum
2684 5276 2712 5312 a
2739 5260 2898 5314 nobis
2910 5244 3080 5332 etiam
3103 5244 3617 5332 niiqnid'ohseryalIlI-ﬂ
3630 5244 3696 5332 θεέ

2276 5318 2507 5389 δἐἶθηι.
2541 5333 2702 5397 edit.,
2757 5333 2811 5385 in
2841 5330 3057 5393 arietis;
3084 5318 3209 5382 alia;
3230 5338 3284 5399 et
3327 5321 3490 5381 cuncti
3516 5318 3700 5399 tusi-:3:

2528 5372 3052 5480 ρέἴέιὶιὶέὲφξτίεέ
3070 5398 3424 5480 sortimur:
3449 5399 3502 5480 “l
3524 5372 3697 5480 ⁵3ἕῖῗὲ

2207 5456 2481 5480 —s----~——
2529 5456 2614 5476 τη
3121 5456 3150 5470 υ
3336 5470 3347 5480 ,
3408 5456 3416 5459 ,
3647 5456 3651 5459 τ

2204 5494 2327 5548 cap.
2358 5492 2505 5532 χχιιι
2527 5519 2542 5544 ,
2573 5485 2629 5533 et
2656 5473 2922 5546 superiori
2947 5473 3108 5543 epist.
3160 5486 3253 5541 per
3299 5467 3506 5523 vttuiom
3530 5460 3605 5513 bos
3625 5456 3697 5502 Si"

2211 5562 2423 5609 Laurus.

2291 5637 2311 5663 ε
2354 5621 2482 5679 Mss.
2512 5618 2791 5683 nonnulli,
2821 5625 2868 5673 et
2887 5617 2946 5691 in
2966 5616 3083 5691 ipso
3109 5623 3243 5668 actu.
3414 5679 3442 5691 Α

2289 5695 2317 5736 «ι
2354 5671 2856 5760 indicauero—elei
2899 5671 3195 5742 ιὺέοὶεειπιι
3228 5679 3522 5755 cmpuli“
3542 5671 3694 5760 1..ἕῖ

2412 5738 2850 5837 Bei'imiiiirioﬁ;
2881 5738 3099 5837 cur—tos,
3114 5738 3377 5833 vvier'pos'.
3416 5764 3474 5806 ac
3514 5738 3695 5799 locum“

526 5832 659 5892 Viris
693 5832 892 5908 θεεέτῖι
933 5832 1260 5911 dcstinatttm
1288 5887 1303 5915 ,
1334 5844 1403 5903 de
1430 5844 1644 5919 Summo
1670 5832 1860 5919 gloriae
1887 5843 2127 5903 coelestia
2221 5832 2483 5916 appellari
2505 5837 2697 5897 solitos
2724 5832 3204 5907 deprehendimus.
3254 5832 3261 5849 ‘
