3932 6296
168 326 280 385 1943
1326 318 1728 384 EPISTOLARI

1852 316 2137 381 CLASSIS
2172 323 2239 380 ll.
3164 376 3169 381 ,
3270 318 3408 375 i2i6

218 446 263 502 li.
294 444 519 517 Denique
558 443 829 517 Egyptii,
858 445 951 517 qui
989 452 1045 500 et
1076 442 1425 516 geosnetrie,
1456 452 1515 500 et
1548 443 1708 500 eolii-
1730 449 1781 509 Α
1809 442 2041 500 vendam
2066 451 2187 499 crat
2214 445 2297 511 ei,
2327 438 2412 498 cui
2442 440 2678 514 peccatis
2709 439 2910 496 nostris
2938 440 3139 497 venditi
3165 453 3404 497 eramus.

155 539 316 610 gelidis
336 540 571 598 siderum
600 540 855 595 cursibus
884 546 913 579 ο
937 551 1160 610 operum
1195 535 1483 595 intendunt
1508 551 1662 593 suam
1684 577 1701 604 ,
1878 535 1933 595 9.
1965 538 2147 594 Donec
2168 534 2332 613 igitur
2359 534 2464 593 hoc
2492 535 2722 608 pretium
2751 548 2852 606 pro
2881 534 3134 590 omnibus
3160 533 3406 589 solvere-

158 633 341 704 impiutn
359 634 604 704 judicent
627 632 965 691 sacerdotem
983 674 998 700 ,
1021 633 1113 705 qui
1138 642 1480 705 nequaquam
1508 631 1707 689 habeat
1809 636 1895 688 tur
1921 624 2413 702 hominibus,un
2432 626 2697 685 Dominici
2722 626 3003 699 sanguinis
3024 624 3286 683 eﬂ‘usione
3310 639 3409 698 pro

154 727 542 785 circumcisionis
567 727 800 798 insigne.
831 726 967 783 Nam
1008 738 1185 796 neque
1208 725 1404 797 magici
1442 725 1706 782 caminis
1811 726 2054 782 omnium
2100 724 2199 780 iuit
2233 720 2552 780 solvendum
2591 721 2967 789 absolutione,
2999 734 3134 791 opus
3169 718 3267 774 fuit
3294 720 3406 775 sin-

153 820 463 891 sspientiam,
496 828 598 877 nec
629 820 1022 891 geometriam,
1052 832 1157 874 nne
1194 818 1587 874 astronomiam
1611 817 1703 889 ju-
1810 818 2057 890 gulorum
2086 816 2382 890 sanguine,
2415 814 2682 888 qui-Lege
2720 824 2775 871 et
2817 810 3226 870 consuetudinis
3263 811 3405 881 ritu,

152 912 491 970 dicsntbvin
528 927 683 970 suum
713 912 963 969 obtinere
989 912 1112 977 sine
1153 908 1587 978 circumcisionis
1634 910 1707 966 si-
1809 926 1979 967 sacra:
2026 921 2295 982 praecepta
2342 916 2705 980 sequerentur
2764 906 3068 978 religionis.
3119 903 3226 961 Sed
3277 902 3408 976 quia

151 1008 367 1079 gnscnio.
394 1008 463 1065 Et
486 1008 612 1067 ideo
633 1015 697 1064 ut
718 1007 1045 1078 impetrandi
1076 1007 1189 1063 vim
1218 1006 1524 1078 sperationi
1552 1004 1708 1062 sdbi-
1810 1005 2044 1078 pretium
2076 1014 2174 1075 pro
2197 1002 2449 1059 omnibus
2474 1000 2715 1059 solutum
2740 1006 2856 1069 est,
2887 1006 3236 1071 posteaquam
3286 1012 3410 1075 pas-

151 1104 293 1163 beant
323 1116 430 1159 suae
456 1144 473 1169 ,
511 1105 887 1174 purgationem
922 1101 1214 1174 quamdam
1258 1111 1440 1157 vatum
1482 1114 1705 1158 suorum
1810 1112 1904 1156 sus
1947 1100 2033 1155 est
2079 1090 2331 1154 Christus
2379 1094 2671 1161 Dominus,
2713 1093 2824 1168 jam
2873 1108 2981 1150 non
3034 1109 3168 1167 opus
3199 1101 3316 1160 est,
3350 1102 3411 1149 ut

149 1196 547 1253 circumcisionis
575 1211 776 1253 arcano
803 1195 1185 1255 celebrandam
1210 1195 1547 1253 existimant.
1808 1190 2010 1248 viritim
2057 1191 2279 1265 sanguis
2306 1186 2643 1261 singulorum
2671 1186 3087 1243 circumcisione
3115 1185 3406 1253 fundatur;

211 1288 260 1344 6.
287 1288 599 1359 Reperimus
622 1298 807 1346 autem
835 1292 890 1345 in
920 1290 1150 1345 historia
1191 1300 1434 1347 veterum
1464 1304 1573 1346 non
1600 1284 1707 1346 'so-
1809 1300 1933 1342 cum
1980 1287 2037 1341 in
2081 1278 2346 1359 sanguine
2393 1276 2596 1339 Christi
2642 1279 2989 1338 circumcisio
3032 1280 3408 1336 universorum

148 1381 245 1437 lum
273 1392 293 1421 ο
316 1378 625 1457 Egyptios,
653 1381 749 1438 sed
772 1384 942 1439 etiam
970 1380 1289 1454 Etliiopum
1308 1425 1323 1449 ,
1348 1393 1405 1440 et
1429 1383 1666 1440 Arabum
1688 1424 1705 1451 ,
1810 1379 2082 1438 celebrata
2110 1381 2211 1446 sit,
2240 1388 2296 1436 et
2322 1374 2376 1435 in
2408 1377 2552 1433 illius
2576 1392 2736 1433 cruce
2762 1389 2958 1432 omnes
2980 1372 3142 1433 simul
3168 1374 3413 1430 cruciﬁxi

1810 1475 2130 1532 simus-cum
2160 1488 2259 1543 eo,
2286 1483 2343 1530 et
2368 1470 2673 1542 consepulti
2704 1470 2756 1526 in
2789 1470 2907 1541 ejus
2950 1470 3235 1542 sepulcro,
3262 1483 3415 1524 com-

146 1571 211 1626 Et
246 1571 369 1628 banc
407 1581 600 1644 putant
640 1587 700 1629 su
736 1572 915 1629 adnue
968 1571 1265 1642 probanda:
1302 1573 1447 1628 viam
1492 1587 1711 1632 servare
1812 1565 2037 1641 plantati
2067 1562 2410 1624 similitudini
2443 1562 2636 1621 mortis
2676 1566 2830 1635 ejus,
2856 1568 2917 1618 ut
2960 1561 3100 1618 ultra
3143 1578 3251 1617 non
3292 1576 3411 1617 ser-

144 1665 376 1731 ratiouis;
405 1679 475 1721 eo
496 1663 640 1736 quod
660 1665 749 1721 sui
769 1666 1016 1737 corporis
1054 1665 1311 1737 primitiis
1335 1675 1391 1722 et
1427 1666 1711 1737 sanguinis
1811 1662 2023 1718 viamus
2068 1668 2293 1732 peccato
2321 1678 2334 1715 :
2366 1659 2470 1729 Qui
2514 1659 2650 1715 enim
2696 1667 2928 1713 mortuus
2956 1666 3030 1712 est
3051 1698 3065 1725 ,
3088 1655 3415 1731 justiﬁcams

144 1756 356 1824 initiati,
382 1757 608 1813 insidias
637 1759 974 1825 damnum,
1005 1772 1142 1831 quas
1170 1758 1251 1815 illi
1286 1759 1476 1831 generi
1521 1768 1710 1816 nostro
1813 1764 1891 1811 est
1918 1767 1950 1808 α
1979 1760 2188 1828 peccato
2219 1750 2401 1829 (Rom.
2434 1769 2506 1822 vi,
2536 1750 2612 1825 7).

142 1853 843 1924 moliuntur,esiguapartis
860 1854 1196 1910 arbitrentur
1211 1854 1710 1911 consecrationibus
1742 1850 1789 1911 B
1888 1842 1976 1904 l0.
2002 1844 2158 1914 Quod
2186 1848 2232 1902 si
2260 1846 2413 1917 quis,
2448 1852 2472 1883 ο
2498 1852 2559 1901 ιιι
2584 1844 2821 1904 Marcion
2851 1851 2908 1900 et
2934 1841 3296 1910 Maniclueus,
3327 1856 3416 1898 re-

141 1946 577 2013 destruendas;ut
601 1947 692 2019 qui
722 1946 888 2003 Istius
906 1947 1325 2007 hominissalnti
1349 1947 1595 2004 nituntur
1618 1960 1716 2004 no-
1818 1940 2265 2012 prehendendum
2319 1939 2412 1995 Dei
2462 1947 2615 2013 putat
2651 1953 2775 1996 esse
2814 1936 3114 2009 judicium,
3151 1936 3278 2008 quia
3327 1934 3415 1991 vel

141 2042 573 2103 cere.iniimtsrl
603 2043 982 2113 operationem
1012 2056 1165 2098 suam
1206 2050 1398 2114 putent
1432 2038 1719 2098 circumci-
1818 2035 2099 2091 oraculum
2161 2033 2229 2089 de
2284 2031 2705 2090 circumcisiune
2763 2031 3086 2087 celebranda
3142 2027 3416 2085 edendum

139 2134 300 2190 sionis
322 2148 489 2191 sacrm
516 2132 602 2191 vel
627 2135 764 2206 lege,
796 2134 883 2191 vel
906 2135 1114 2205 specie.
1138 2135 1385 2191 Arbitror
1408 2135 1554 2191 enim
1572 2135 1717 2207 quod
1822 2128 2028 2200 putavit
2057 2140 2213 2199 esse,
2245 2124 2329 2183 vel
2362 2126 2535 2198 legem
2574 2142 2677 2197 qua
2724 2123 3003 2196 sanguinis
3029 2121 3220 2179 eii‘usio
3259 2136 3418 2181 mau-

139 2227 191 2281 in
219 2228 543 2297 pmteritum
590 2228 711 2295 ipse
735 2228 1049 2285 damonotn
1078 2230 1327 2299 princeps
1352 2236 1571 2284 cessare
1591 2242 1720 2284 suos
1819 2218 2014 2289 datur;
2050 2230 2275 2278 necesse
2303 2224 2386 2276 est
2416 2229 2476 2275 ut
2512 2220 2555 2275 is
2583 2219 2743 2275 etiam
2789 2218 3077 2273 Dominum
3118 2215 3305 2272 Jesum
3335 2228 3421 2271 re-

138 2328 279 2374 artes
305 2333 429 2390 erga
472 2319 654 2374 noxia
693 2320 1027 2390 operationis
1048 2318 1300 2376 eli‘ectum
1330 2319 1717 2387 aestimaverit,
1823 2310 2269 2383 prehendendum
2320 2312 2613 2368 arbitretur
2641 2353 2656 2377 ,
2704 2311 2795 2381 qui
2835 2326 2945 2367 non
2993 2309 3249 2380 exiguum
3272 2348 3286 2375 ,
3319 2305 3417 2364 scd

138 2409 184 2465 si
222 2412 275 2465 et
316 2424 512 2467 nocere
546 2420 841 2467 conaretur
863 2454 879 2480 ,
917 2424 1079 2483 quem
1112 2413 1396 2484 signaculo
1435 2413 1718 2469 circumci-

144 1482 199 1532 et
223 1474 521 1533 Pbmnieum
560 1476 773 1548 aliquas
792 1476 1214 1533 circumcisione
1242 1491 1370 1549 erga
1404 1486 1533 1533 suos
1557 1490 1705 1534 usos.

1824 2408 2050 2463 multum
2077 2405 2393 2478 sanguinem
2423 2414 2524 2476 pro
2549 2400 2709 2474 hujus
2740 2402 2924 2458 mundi
2956 2402 3142 2458 cil‘udit
3173 2401 3422 2473 redemp-

136 2504 299 2560 sionis
321 2518 490 2562 saera
514 2504 786 2560 initiatum
815 2505 1156 2572 adverteret,
1184 2514 1277 2560 aut
1307 2506 1356 2561 ei
1382 2507 1473 2577 qui
1500 2504 1719 2563 videre-

140 2606 223 2652 tur
249 2597 300 2653 in
330 2600 433 2665 itoo
454 2596 650 2653 saltem
690 2607 919 2655 munere
945 2597 1050 2668 tegi
1077 2596 1275 2652 divina;
1319 2596 1751 2668 obtemperare...

210 2691 259 2745 7.
289 2689 408 2747 ista
444 2690 540 2760 qui
575 2688 913 2761 singulorum
960 2690 1332 2746 membrorum
1378 2689 1555 2747 ol‘iicia
1598 2690 1722 2746 dili-

136 2794 325 2856 genter
350 2784 642 2855 expendit,
674 2794 784 2839 non
813 2784 1046 2839 otiosam
1075 2792 1294 2839 causam
1336 2785 1390 2838 in
1420 2783 1525 2840 bac
1551 2798 1723 2841 mem-

139 2874 216 2930 bri
248 2874 409 2946 bujus
434 2875 775 2946 portiuoouia
815 2876 1089 2932 aestimare
1115 2874 1346 2945 poterit,
1378 2890 1482 2945 qua
1510 2877 1724 2935 ratione

140 2982 246 3025 aen
270 2967 443 3023 solum
470 2966 894 3035 eimmeidatur
928 2982 1099 3041 puer,
1132 2978 1321 3025 venint
1346 2970 1505 3024 etiam
1534 2976 1726 3027 octavo

135 3062 557 3119 eircumcidatur
570 3063 692 3131 diu;
712 3063 934 3135 quando
954 3064 1143 3134 incipit
1156 3072 1336 3119 mater
1351 3060 1593 3135 pignoris
1614 3068 1725 3122 nati

136 3155 191 3210 in
222 3155 481 3226 nguirut
509 3168 633 3213 esse
662 3168 819 3229 puro,
848 3170 971 3229 quc
1000 3168 1126 3213 ante
1152 3164 1408 3213 octavum
1438 3158 1584 3215 diem
1618 3158 1728 3217 fer-

1823 2500 2009 2566 tione,
2045 2508 2103 2556 et
2147 2497 2419 2570 hodieque
2468 2512 2569 2553 nos
2610 2490 2836 2552 fundere
2880 2496 3040 2567 jubet
3090 2494 3413 2567 sanguinem

1824 2603 2073 2651 nostrum
2106 2604 2203 2664 pro
2230 2600 2378 2649 tanto
2405 2586 2684 2663 religionis
2709 2584 3010 2647 certamine
3030 2630 3044 2654 ,
3068 2588 3289 2643 dicens:
3322 2586 3424 2656 Qui

1823 2691 1932 2746 vult
1973 2702 2055 2744 me
2100 2690 2275 2761 sequi,
2306 2685 2456 2743 tollat
2500 2701 2702 2741 crucem
2738 2702 2929 2749 suam,
2960 2694 3007 2738 et
3053 2693 3299 2755 sequatur
3343 2697 3424 2743 me

1827 2780 2043 2859 (Matth.
2092 2796 2218 2849 xvi,
2253 2780 2373 2854 24).
2416 2779 2474 2838 Si
2522 2788 2702 2834 autem
2757 2792 3101 2848 nequaquam
3145 2775 3290 2847 justa
3339 2784 3426 2831 est

1826 2877 2118 2943 accusatio,
2154 2891 2279 2932 eum
2306 2874 2501 2946 aliquis
2530 2882 2699 2928 totum
2724 2887 2783 2928 se
2819 2887 2916 2941 pro
2963 2870 3165 2942 pietate
3196 2864 3422 2935 oderat,

1828 2981 1885 3027 et
1914 2968 2069 3025 multi
2119 2966 2399 3038 sanguinis
2443 2979 2503 3021 se
2543 2964 2773 3020 inundet
2799 2962 3106 3029 effusione;
3149 2959 3426 3034 quomodo

1832 3062 2005 3135 legent
2047 3074 2337 3132 possumus
2366 3056 2804 3129 reprehendere,
2836 3056 3016 3128 exigui
3059 3054 3260 3111 stillam
3303 3054 3424 3111 exi-

1829 3164 2045 3228 gentem
2073 3151 2367 3225 sanguinis,
2396 3167 2518 3209 cum
2549 3146 2904 3223 pra-dicemus
2926 3138 3214 3204 hominum
3240 3147 3424 3204 Jesum

137 3257 226 3304 tur
254 3249 307 3305 in
330 3252 590 3323 sanguine
611 3251 1277 3325 immundosederMGM.
1304 3258 1440 3323 nu,
1460 3252 1572 3328 12).
1600 3250 1727 3314 "me
1754 3242 1798 3314 C
1833 3249 1991 3307 multi
2023 3242 2344 3304 etinsionem
2373 3242 2680 3315 sanguinis,
2710 3255 2763 3299 et
2796 3245 2960 3301 totius
2987 3242 3235 3314 corporis
3280 3257 3425 3299 mor-

132 3341 426 3398 adsersum
448 3356 545 3399 eos
562 3343 707 3398 dictu
732 3344 864 3410 sint,
878 3345 969 3414 qui
993 3344 1141 3401 nulla
1167 3344 1331 3400 nobis
1356 3336 1563 3402 unitate
1594 3346 1727 3405 fidei

132 3437 444 3501 sociantur;
484 3444 543 3491 et
581 3435 704 3491 ideo
743 3444 1017 3507 tamquam
1060 3436 1349 3493 adversum
1398 3430 1728 3496 dissidentes

128 3525 409 3583 difiieilior
438 3524 748 3597 disputandi
779 3527 950 3582 locus.

200 3622 257 3677 8.
292 3620 635 3691 Responsum
662 3629 842 3676 autem
867 3618 977 3675 sibi
1006 3620 1311 3691 tiujssmodi
1338 3621 1576 3679 habeant
1593 3666 1608 3691 ,
1636 3625 1729 3695 qui

126 3715 367 3771 credunt
391 3717 445 3770 in
475 3714 760 3770 Dominum
785 3713 969 3775 Jestnn
986 3757 1001 3782 ,
1026 3715 1171 3787 quod
1199 3716 1402 3773 nudare
1428 3718 1724 3789 noluimus,

120 3826 252 3865 cum
294 3809 589 3864 adversum
634 3808 928 3881 opiniones
971 3809 1251 3880 gentilium
1301 3812 1726 3880 disputaremus.

123 3904 263 3959 Nam
297 3904 343 3958 si
376 3902 644 3973 redempti
672 3910 863 3957 minus
888 3914 997 3957 non
1028 3900 1473 3973 conuptililiibus
1502 3912 1735 3976 argento

119 4007 179 4053 et
204 4012 348 4052 auro
371 4034 386 4063 ,
414 3996 512 4052 sed
555 3997 794 4068 pretioso
819 3998 1086 4069 sanguine
1126 3996 1345 4054 Domini
1390 4000 1563 4055 nostri
1600 3992 1729 4057 Jesu

116 4092 332 4149 Christi
364 4092 408 4164 (I
434 4091 575 4146 Patr.
602 4106 621 4147 ι
647 4131 660 4155 ,
691 4090 790 4157 18,
818 4086 948 4162 sit);
980 4106 1091 4163 quo
1115 4092 1303 4160 utique
1343 4090 1554 4166 1073
1598 4104 1731 4149 ven-

115 4186 296 4242 dente
312 4222 331 4253 ,
356 4184 463 4240 nisi
484 4196 555 4239 so
576 4180 607 4221 ἀ
632 4183 722 4254 qui
748 4191 997 4239 nostrum
1020 4183 1132 4255 jam
1158 4185 1487 4254 peccati-teis
1514 4194 1732 4242 succes-

114 4279 303 4336 sionis
321 4284 434 4333 aere
446 4277 735 4348 omnem
756 4275 1042 4333 servitium
1061 4277 1379 4349 possidebat
1395 4294 1411 4331 :
1430 4278 1552 4335 sine
1566 4272 1732 4335 dubio

115 4378 247 4447 ipse
286 4366 572 4444 ﬂagitabat
614 4370 884 4443 pretium,
916 4380 978 4427 ut
1022 4366 1247 4428 servitio
1295 4374 1551 4442 exueret,
1590 4372 1731 4445 quos

111 4465 357 4524 tenebat
384 4458 705 4525 obstrictos.
735 4462 979 4520 Pretttnn
1008 4470 1189 4520 autem
1218 4470 1424 4520 nostra:
1448 4462 1731 4521 liberatio-

111 4563 208 4618 nis
238 4568 370 4617 erat
396 4559 618 4629 sanguis
642 4554 856 4613 Domini
899 4556 1029 4614 ies‘u
1047 4598 1061 4624 ,
1089 4556 1238 4629 quod
1279 4558 1593 4614 necessario
1621 4554 1732 4614 soi-

194 4686 226 4716 ⁸
272 4676 354 4732 Ita
386 4673 653 4732 vet.edit.
683 4687 746 4728 ac
776 4684 907 4742 mss.
942 4684 1112 4742 prepe
1140 4672 1205 4727 ad
1237 4678 1400 4728 unum
1436 4692 1449 4727 :
1476 4674 1606 4733 edit.
1637 4691 1731 4729 an-

194 4690 226 4716 ι
273 4690 354 4732 Ita
386 4690 653 4732 veneunt.
683 4690 746 4728 ac
776 4690 907 4728 mss.
978 4690 1112 4742 rope
1140 4690 1205 4727 ao
1237 4690 1400 4728 unum
1436 4692 1449 4727 :
1476 4690 1606 4733 eutt.
1637 4691 1731 4729 an-

108 4757 234 4806 tem
296 4748 465 4803 “om.
511 4754 725 4814 operum
766 4690 1073 4814 impetrarim
1127 4752 1292 4799 suam.
1352 4743 1627 4801 Craterum
1664 4742 1734 4801 de

107 4821 334 4892 peritia
363 4818 745 4892 {Egyptiorum
773 4816 827 4875 in
860 4816 1260 4892 matbemticis
1287 4814 1587 4886 disciplinis
1624 4826 1733 4873 non

104 4887 304 4950 semel
333 4887 729 4962 alib‘i'loquitur
757 4887 1094 4962 Ambrosius.

187 4948 222 5004 ι,
268 4964 405 5021 vet.
448 4948 580 5017 edit:
633 4969 687 5016 et
717 4975 847 5015 mss.
897 4948 1177 5025 nonnulli,
1202 4958 1337 5012 viam
1362 4972 1547 5026 suam;
1577 4958 1734 5014 Rom.

1833 3357 1939 3402 tem
1965 3341 2361 3415 imperantem?

1905 3436 1991 3492 ll.
2022 3435 2134 3492 Nec
2163 3428 2337 3506 ipsum
2370 3432 2797 3491 circumcisionis
2838 3432 3172 3507 signaculum
3214 3442 3267 3489 et
3298 3447 3425 3505 5pc-

1832 3532 1944 3587 cies
1983 3518 2316 3597 feriabatur,
2346 3545 2453 3601 quo
2495 3524 2727 3603 pepulus
2757 3526 2851 3584 Dei
2886 3528 3033 3584 velut
3075 3526 3306 3600 quodam
3354 3530 3428 3583 si-

1830 3620 1960 3697 gillo
2024 3624 2265 3694 signatus
2324 3618 2619 3693 corporis,
2667 3618 3080 3677 discernebatur
3127 3636 3157 3678 a
3212 3622 3427 3677 caeteris

1834 3712 2167 3773 nationibus.
2215 3704 2369 3771 Nunc
2422 3720 2604 3771 autem
2656 3710 2855 3770 Christi
2914 3712 3147 3771 donatus
3208 3714 3430 3771 nomine

1833 3813 2044 3883 signum
2074 3802 2317 3881 corporis
2350 3825 2685 3882 nequaquam
2716 3809 2983 3882 requirit,
3014 3810 3104 3885 qui
3151 3824 3425 3883 prmroga-

1835 3906 1996 3961 tivam
2045 3902 2243 3960 divinae
2304 3902 2501 3959 meruit
2549 3902 2988 3974 nuncnpationis.
3044 3902 3185 3969 Quid
3244 3910 3427 3961 autem

1834 3995 2129 4053 absurdum
2162 3990 2206 4051 si
2238 4001 2463 4067 prouter
2496 3994 2748 4065 pietatem
2778 3994 2976 4065 aliquid
3006 3993 3214 4048 doloris
3241 3993 3325 4049 vel
3356 3994 3436 4049 la-

1832 4091 1985 4150 boris
2007 4089 2193 4146 inferri
2219 4087 2524 4153 videbatur,
2544 4101 2648 4155 quo
2676 4085 2799 4157 plus
2815 4082 3031 4141 devotio
3060 4102 3153 4157 per
3177 4085 3291 4141 lucc
3313 4101 3434 4143 ccr-

1839 4187 2040 4242 tamina
2065 4182 2430 4256 probaretur?
2454 4182 2750 4238 Pulchrum
2773 4182 2935 4237 etiam
2966 4192 3023 4235 ut
3057 4180 3125 4235 ab
3150 4181 3279 4253 ipsis
3310 4180 3436 4236 vita:

1835 4270 2177 4335 incunabulis
2207 4275 2419 4356 insigne
2443 4266 2724 4346 religionis
2747 4264 3103 4340 adolesceret,
3127 4283 3181 4329 et
3205 4272 3434 4345 puderet

1837 4378 2279 4447 unumquemque
2296 4370 2469 4426 astatis
2488 4368 2847 4442 provectioris
2869 4367 2950 4424 vel
2976 4368 3259 4435 labori,vel
3274 4368 3429 4425 dolo-

1838 4456 1881 4523 ri
1910 4460 2130 4530 cedere,
2145 4476 2377 4536 quorum
2410 4464 2700 4535 utrumque
2727 4470 2913 4518 tenera
2941 4460 3165 4517 infantia
3188 4461 3430 4519 vicisset.

1912 4559 1998 4616 t2.
2030 4552 2135 4617 Sed
2173 4558 2282 4629 jam
2323 4548 2432 4614 levi
2462 4555 2891 4614 circumcisionis
2916 4555 3108 4613 dolore
3146 4571 3251 4615 non
3292 4571 3430 4629 opus

1760 4680 1812 4741 Ι)
1828 4674 1966 4754 jam.
1986 4656 2324 4754 _0bse_rvabis
2344 4679 2525 4754 autem
2548 4670 2723 4754 obiter
2752 4670 3053 4754 bisopaueis
3073 4670 3256 4754 verbis
3282 4671 3430 4727 clare

1836 4743 2148 4817 primigenii
2177 4745 2382 4817 peccati
2414 4743 2815 4817 successionem
2846 4743 3130 4817 insinuari.

1912 4826 1938 4855 °
1974 4808 2110 4871 Cum
2141 4808 2229 4869 isti
2255 4808 2518 4871 itaretici.
2577 4826 2633 4867 ut
2661 4814 2771 4879 jam
2818 4829 2846 4867 a
2892 4812 3049 4868 nobis
3080 4812 3423 4869 observatum

1839 4896 1961 4951 est,-
1986 4897 2158 4947 totutn
2182 4887 2388 4955 antiqui
2417 4884 2633 4941 hederis
2656 4885 3074 4941 instrumentum
3106 4883 3394 4952 rejlcerent
3412 4924 3427 4948 ,

1840 4959 2009 5026 immo
2061 4959 2224 5015 etiam
2259 4958 2423 5012 Deum
2450 4956 2607 5026 Legis
2638 4966 2941 5026 auctorem,
2997 4968 3054 5011 ut
3099 4956 3431 5023 Augustinus

1842 5029 1934 5086 lib.
1960 5024 2029 5086 de
2057 5030 2264 5084 Haeres.
2297 5042 2417 5096 cap.
2447 5024 2503 5092 4,
2530 5024 2596 5089 de
2618 5024 2929 5083 Manicba‘is
2959 5026 3292 5087 testiﬁcatur,
3320 5041 3425 5079 non

1846 5103 2013 5158 Deum
2058 5101 2260 5157 bonum
2280 5140 2298 5163 ,
2328 5099 2425 5155 scd
2458 5114 2623 5154 unum
2655 5115 2687 5156 e
2718 5098 3051 5169 principibus
3081 5097 3425 5169 tenebrarum

1840 5184 1963 5231 esse
2004 5170 2309 5236 crederent,
2342 5168 2828 5241 consequeuserat
2877 5168 2933 5223 ut
2957 5168 3426 5241 circumcisionent

1842 5244 2281 5313 proscribereut,
2311 5252 2367 5296 ut
2413 5236 2541 5310 pote
2586 5245 2637 5297 in
2675 5236 2820 5310 Lege
2848 5240 3014 5295 veteri
3058 5240 3429 5313 constitutam.

1842 5310 1948 5373 Sed
1971 5330 2094 5371 cum
2116 5313 2492 5369 haereticorum
2517 5316 2582 5368 sit
2627 5327 2884 5368 excessus
2906 5326 3097 5366 omnes
3124 5326 3273 5371 sanat
3303 5310 3436 5365 dnc-

102 5036 261 5094 edit.
301 5046 373 5091 ne
401 5035 587 5105 plures
613 5044 774 5105 mss.,
801 5032 906 5085 sint
935 5038 1104 5105 suam.

194 5120 221 5147 ο
262 5100 437 5178 Apud
469 5103 890 5178 Egyptiosuou
918 5104 1094 5161 solum
1125 5116 1303 5178 mares
1329 5144 1343 5165 ,
1377 5100 1473 5157 sed
1505 5101 1739 5178 feminas

99 5180 298 5237 etiam
326 5173 655 5233 circumcidi
701 5175 892 5230 solitas
933 5186 998 5230 ex
1030 5173 1343 5229 testimonio
1370 5173 1733 5245 quorumdam

99 5234 304 5307 refert
352 5256 579 5305 sanctus
626 5248 823 5301 Doctor
867 5245 959 5300 lib.
1007 5262 1042 5301 ιι
1095 5246 1162 5301 de
1214 5234 1420 5315 Abrali'.
1472 5260 1595 5315 cap.
1644 5234 1736 5312 il,

97 5338 283 5379 num.
324 5320 425 5376 γε.
462 5322 535 5375 De
563 5318 671 5373 illis
695 5328 828 5372 vero
855 5316 1176 5389 (iacturisque
1202 5312 1597 5389 nationibus,'a
1621 5317 1739 5389 qui-

99 5396 221 5450 bus
248 5402 585 5461 usurpatam
612 5380 1240 5461 circumcisionemidem
1261 5387 1366 5444 hoc
1388 5380 1742 5461 narrat,c't=n-
1847 5391 2003 5461 trinze
2031 5386 2307 5461 oppositos
2333 5398 2548 5461 semper
2574 5383 2737 5461 tueri,
2771 5397 2875 5439 non
2900 5380 3154 5461 deluere,
3181 5381 3270 5451 qui
3300 5381 3434 5436 reti-

94 5467 221 5521 suli
242 5452 489 5537 possunt
519 5458 791 5537 .ioscpbns
808 5461 1103 5537 Antiq._lib.
1128 5461 1488 5537 t,cap._t5,e_t
1509 5459 1737 5537 lib.vtn,
1851 5452 2083 5537 nendani
2106 5452 2274 5537 etiam
2307 5454 2409 5511 sub
2441 5452 2732 5537 Evangelia
2782 5452 3052 5537 carnalem
3086 5453 3436 5537 llatitlittlliitk

93 5522 263 5606 cap:
286 5537 354 5603 4,
384 5522 727 5606 Epiphanius
750 5522 966 5606 ilmresi'
990 5531 1091 5598 50,
1124 5522 1275 5606 num}
1300 5522 1473 5606 30,'et
1508 5522 1743 5606 Polydo;
1852 5531 2106 5606 tationem
2140 5527 2551 5606 proﬁterentur.
2582 5522 2904 5606 Hujusrnodi
2948 5522 3442 5606 fitiSsenEbitilliiaﬁ

95 5593 210 5664 rus
247 5593 392 5676 cap.
429 5593 590 5677 3,ubi
618 5603 777 5677 inter:
794 5600 931 5677 alios
956 5593 1210 5677 auctores
1231 5593 1557 5677 cyprianunt
1584 5593 1739 5677 citat,
1852 5593 1922 5677 ac
1961 5593 2431 5677 Syntttjacltianos.
2474 5595 2667 5677 litteris
2722 5593 3046 5677 mandarunt
3106 5594 3444 5677 Epiphanius

93 5681 210 5736 sed
252 5665 530 5760 sermone
546 5674 722 5731 eidem
749 5672 892 5759 Patri
916 5672 968 5728 in
990 5675 1228 5753 antiquis
1258 5665 1377 5747 eius
1406 5665 1743 5741 editionibui
1857 5665 2061 5732 Ηιυτὲςί
2085 5669 2174 5735 '50,
2208 5665 2542 5797 Augustinus
2582 5665 2678 5720 lib.
2719 5665 2788 5719 de
2819 5666 3024 5748 Haeres.
3056 5681 3173 5735 cap.
3204 5666 3237 5722 9
3264 5672 3319 5720 et
3351 5666 3439 5733 10,

95 5758 435 5797 nurneer
457 5746 717 5797 attribute
736 5743 1021 5797 decemiis.
1858 5749 1951 5797 lib.
1987 5764 2005 5797 ι
2056 5753 2245 5797 contra
2334 5753 2547 5797 resumi.
2595 5752 2718 5797 can.
2746 5738 2838 5797 51.
2883 5748 2941 5793 et
2969 5737 3062 5793 lib.
3114 5753 3207 5797 ιιι
3253 5745 3439 5797 cutura

95 5757 436 5823 perperam
457 5746 717 5813 attribute
736 5743 1021 5813 deceptus.
1127 5737 1139 5753 '
1287 5737 1306 5747 ⁷
1586 5737 1597 5741 “
1664 5737 1668 5739 ’
1857 5749 2005 5876 ligni
2056 5753 2253 5870 contra
2285 5737 2547 5819 Crescon.
2595 5752 2718 5820 rap.
2746 5738 2838 5807 51,
2883 5737 3062 5822 ειμι).
3114 5753 3207 5799 ιιι
3253 5745 3443 5803 contra

106 5834 112 5839 ·
189 5826 237 5866 δ
279 5827 520 5883 Ameria.
554 5833 609 5883 et
631 5823 790 5881 nom.
819 5822 1095 5884 edii.cum
1122 5822 1311 5884 bauel's
1340 5822 1602 5884 mss..aui
1629 5834 1753 5884 non
1902 5827 2042 5884 anu.
2076 5832 2195 5884 ουρ.
2266 5810 2331 5884 8.
2359 5804 2682 5884 mitissimus
2711 5810 3000 5884 αιίιυθθιιιι

189 5826 237 5866 δ
279 5827 520 5883 Amerb.
554 5833 609 5883 et
631 5823 790 5881 Hom.
819 5822 950 5884 edit.
975 5828 1095 5885 cum
1122 5822 1311 5899 paucis
1340 5838 1495 5894 mss.,
1513 5822 1602 5898 qui
1629 5839 1728 5899 nos

116 5914 219 5979 trp
242 5910 407 5983 jam.
440 5900 597 5957 Eras.
626 5914 690 5956 ac
707 5896 834 5957 Gill.
865 5916 987 5977 cum
1015 5901 1239 5981 reliquis
1268 5899 1390 5958 cod.
1416 5898 1503 5985 qui
1524 5908 1728 5984 nostrum

1857 5822 2042 5895 Faust.
2076 5832 2195 5899 cap.
2233 5822 2331 5891 tu,
2359 5822 2682 5887 rtntastrtus
2711 5822 2869 5885 atque
2888 5822 3000 5890 aut.
