  <div class='ocr_page' id='page_1' title='image "/cluster/home/n/w/nwhite01/storage/ocr_20150623/16/hvd.32044015471998/627.png"; bbox 0 0 3932 6296; ppageno 0'>
   <div class='ocr_carea' id='block_1_1' title="bbox 471 236 614 300">
    <p class='ocr_par' dir='ltr' id='par_1_1' title="bbox 471 236 614 300">
     <span class='ocr_line' id='line_1_1' title="bbox 471 236 614 300; baseline -0.007 0"><span class='ocrx_word' id='word_1_1' title='bbox 471 236 614 300; x_wconf 72' lang='grc'><strong>1247</strong></span> 
     </span>
    </p>
   </div>
   <div class='ocr_carea' id='block_1_2' title="bbox 1831 232 2437 296">
    <p class='ocr_par' dir='ltr' id='par_1_2' title="bbox 1831 232 2437 296">
     <span class='ocr_line' id='line_1_2' title="bbox 1831 232 2437 296; baseline -0.002 -3"><span class='ocrx_word' id='word_1_2' title='bbox 1831 233 2076 294; x_wconf 81' lang='lat' dir='ltr'><strong>SANC‘I&#39;I</strong></span> <span class='ocrx_word' id='word_1_3' title='bbox 2115 232 2437 296; x_wconf 70' lang='lat' dir='ltr'><strong>AMBROSII</strong></span> 
     </span>
    </p>
   </div>
   <div class='ocr_carea' id='block_1_3' title="bbox 3637 233 3748 291">
    <p class='ocr_par' dir='ltr' id='par_1_3' title="bbox 3637 233 3748 291">
     <span class='ocr_line' id='line_1_3' title="bbox 3637 233 3748 291; baseline -0.018 0"><span class='ocrx_word' id='word_1_4' title='bbox 3637 233 3748 291; x_wconf 72' lang='grc' dir='ltr'><strong>ιω</strong></span> 
     </span>
    </p>
   </div>
   <div class='ocr_carea' id='block_1_4' title="bbox 472 351 3752 430">
    <p class='ocr_par' dir='ltr' id='par_1_4' title="bbox 472 351 3752 430">
     <span class='ocr_line' id='line_1_4' title="bbox 472 351 3752 430; baseline -0.003 -15"><span class='ocrx_word' id='word_1_5' title='bbox 472 367 558 415; x_wconf 91' lang='lat' dir='ltr'><strong>est</strong></span> <span class='ocrx_word' id='word_1_6' title='bbox 584 355 898 414; x_wconf 83' lang='lat' dir='ltr'><strong>Christiano</strong></span> <span class='ocrx_word' id='word_1_7' title='bbox 927 356 1162 430; x_wconf 92' lang='lat' dir='ltr'><strong>populo,</strong></span> <span class='ocrx_word' id='word_1_8' title='bbox 1191 355 1282 429; x_wconf 90' lang='lat' dir='ltr'><strong>qui</strong></span> <span class='ocrx_word' id='word_1_9' title='bbox 1326 364 1560 412; x_wconf 90' lang='lat' dir='ltr'><strong>mortem</strong></span> <span class='ocrx_word' id='word_1_10' title='bbox 1591 352 1807 411; x_wconf 85' lang='lat' dir='ltr'><strong>Domini</strong></span> <span class='ocrx_word' id='word_1_11' title='bbox 1838 354 2076 411; x_wconf 88' lang='lat' dir='ltr'><strong>circum-</strong></span> <span class='ocrx_word' id='word_1_12' title='bbox 2103 357 2156 418; x_wconf 78' lang='grc' dir='ltr'>Α</span> <span class='ocrx_word' id='word_1_13' title='bbox 2180 369 2299 412; x_wconf 90' lang='lat' dir='ltr'><strong>rum</strong></span> <span class='ocrx_word' id='word_1_14' title='bbox 2319 396 2333 420; x_wconf 92' lang='lat'><strong>,</strong></span> <span class='ocrx_word' id='word_1_15' title='bbox 2383 354 2667 427; x_wconf 73' lang='lat' dir='ltr'><strong>virginitas</strong></span> <span class='ocrx_word' id='word_1_16' title='bbox 2703 354 3053 426; x_wconf 89' lang='lat' dir='ltr'><strong>puellarum,</strong></span> <span class='ocrx_word' id='word_1_17' title='bbox 3086 352 3428 412; x_wconf 71' lang='lat' dir='ltr'><strong>abstinentia</strong></span> <span class='ocrx_word' id='word_1_18' title='bbox 3454 351 3752 418; x_wconf 78' lang='lat' dir='ltr'><strong>viduarum,</strong></span> 
     </span>
    </p>
   </div>
   <div class='ocr_carea' id='block_1_5' title="bbox 473 449 2078 525">
    <p class='ocr_par' dir='ltr' id='par_1_5' title="bbox 473 449 2078 525">
     <span class='ocr_line' id='line_1_5' title="bbox 473 449 2078 525; baseline -0.004 -14"><span class='ocrx_word' id='word_1_19' title='bbox 473 453 688 521; x_wconf 88' lang='lat' dir='ltr'><strong>ferens,</strong></span> <span class='ocrx_word' id='word_1_20' title='bbox 720 462 747 492; x_wconf 71' lang='grc'><strong>⁸</strong></span> <span class='ocrx_word' id='word_1_21' title='bbox 776 468 874 525; x_wconf 89' lang='lat' dir='ltr'><strong>per</strong></span> <span class='ocrx_word' id='word_1_22' title='bbox 902 463 1177 512; x_wconf 87' lang='lat' dir='ltr'><strong>momenta</strong></span> <span class='ocrx_word' id='word_1_23' title='bbox 1200 451 1410 523; x_wconf 86' lang='lat' dir='ltr'><strong>singula</strong></span> <span class='ocrx_word' id='word_1_24' title='bbox 1440 450 1604 506; x_wconf 82' lang='lat' dir='ltr'><strong>fronti</strong></span> <span class='ocrx_word' id='word_1_25' title='bbox 1633 450 1864 521; x_wconf 65' lang='lat' dir='ltr'><strong>propriae</strong></span> <span class='ocrx_word' id='word_1_26' title='bbox 1886 449 2078 506; x_wconf 92' lang='lat' dir='ltr'><strong>mortis</strong></span> 
     </span>
    </p>
   </div>
   <div class='ocr_carea' id='block_1_6' title="bbox 475 541 2079 618">
    <p class='ocr_par' dir='ltr' id='par_1_6' title="bbox 475 541 2079 618">
     <span class='ocr_line' id='line_1_6' title="bbox 475 541 2079 618; baseline -0.002 -16"><span class='ocrx_word' id='word_1_27' title='bbox 475 554 866 618; x_wconf 33' lang='lat' dir='ltr'><strong>contemptum.</strong></span> <span class='ocrx_word' id='word_1_28' title='bbox 894 546 1178 610; x_wconf 82' lang='lat' dir='ltr'><strong>inscribit,</strong></span> <span class='ocrx_word' id='word_1_29' title='bbox 1213 553 1401 616; x_wconf 86' lang='lat' dir='ltr'><strong>utpote</strong></span> <span class='ocrx_word' id='word_1_30' title='bbox 1434 541 1651 616; x_wconf 64' lang='grc'><strong>10⁸14</strong></span> <span class='ocrx_word' id='word_1_31' title='bbox 1677 543 1769 616; x_wconf 86' lang='lat' dir='ltr'><strong>qui</strong></span> <span class='ocrx_word' id='word_1_32' title='bbox 1793 543 1932 598; x_wconf 88' lang='lat' dir='ltr'><strong>sciat</strong></span> <span class='ocrx_word' id='word_1_33' title='bbox 1958 543 2079 598; x_wconf 92' lang='lat' dir='ltr'><strong>sine</strong></span> 
     </span>
    </p>
   </div>
   <div class='ocr_carea' id='block_1_7' title="bbox 475 635 2080 708">
    <p class='ocr_par' dir='ltr' id='par_1_7' title="bbox 475 635 2080 708">
     <span class='ocr_line' id='line_1_7' title="bbox 475 635 2080 708; baseline -0.004 -11"><span class='ocrx_word' id='word_1_34' title='bbox 475 655 639 698; x_wconf 83' lang='lat' dir='ltr'><strong>cruce</strong></span> <span class='ocrx_word' id='word_1_35' title='bbox 692 638 911 696; x_wconf 88' lang='lat' dir='ltr'><strong>Domini</strong></span> <span class='ocrx_word' id='word_1_36' title='bbox 959 639 1190 695; x_wconf 82' lang='lat' dir='ltr'><strong>salutem</strong></span> <span class='ocrx_word' id='word_1_37' title='bbox 1235 651 1296 694; x_wconf 92' lang='lat' dir='ltr'><strong>se</strong></span> <span class='ocrx_word' id='word_1_38' title='bbox 1343 635 1547 692; x_wconf 88' lang='lat' dir='ltr'><strong>habere</strong></span> <span class='ocrx_word' id='word_1_39' title='bbox 1585 651 1693 691; x_wconf 92' lang='lat' dir='ltr'><strong>non</strong></span> <span class='ocrx_word' id='word_1_40' title='bbox 1736 649 1917 708; x_wconf 85' lang='lat' dir='ltr'><strong>posse.</strong></span> <span class='ocrx_word' id='word_1_41' title='bbox 1946 635 2080 702; x_wconf 84' lang='lat' dir='ltr'><strong>Quis</strong></span> 
     </span>
    </p>
   </div>
   <div class='ocr_carea' id='block_1_8' title="bbox 475 729 2079 804">
    <p class='ocr_par' dir='ltr' id='par_1_8' title="bbox 475 729 2079 804">
     <span class='ocr_line' id='line_1_8' title="bbox 475 729 2079 804; baseline -0.004 -13"><span class='ocrx_word' id='word_1_42' title='bbox 475 735 623 791; x_wconf 92' lang='lat' dir='ltr'><strong>enim</strong></span> <span class='ocrx_word' id='word_1_43' title='bbox 651 748 752 790; x_wconf 86' lang='lat' dir='ltr'><strong>acu</strong></span> <span class='ocrx_word' id='word_1_44' title='bbox 777 742 960 790; x_wconf 82' lang='lat' dir='ltr'><strong>utatur</strong></span> <span class='ocrx_word' id='word_1_45' title='bbox 983 733 1048 788; x_wconf 85' lang='lat' dir='ltr'><strong>ad</strong></span> <span class='ocrx_word' id='word_1_46' title='bbox 1077 729 1427 804; x_wconf 71' lang='lat' dir='ltr'><strong>przeliandum</strong></span> <span class='ocrx_word' id='word_1_47' title='bbox 1445 772 1460 797; x_wconf 91' lang='lat'><strong>,</strong></span> <span class='ocrx_word' id='word_1_48' title='bbox 1484 745 1608 787; x_wconf 93' lang='lat' dir='ltr'><strong>cum</strong></span> <span class='ocrx_word' id='word_1_49' title='bbox 1637 729 1759 787; x_wconf 91' lang='lat' dir='ltr'><strong>telis</strong></span> <span class='ocrx_word' id='word_1_50' title='bbox 1780 729 2079 786; x_wconf 87' lang='lat' dir='ltr'><strong>instructus</strong></span> 
     </span>
    </p>
   </div>
   <div class='ocr_carea' id='block_1_9' title="bbox 475 827 970 884">
    <p class='ocr_par' dir='ltr' id='par_1_9' title="bbox 475 827 970 884">
     <span class='ocr_line' id='line_1_9' title="bbox 475 827 970 884; baseline -0.004 0"><span class='ocrx_word' id='word_1_51' title='bbox 475 829 550 884; x_wconf 89' lang='lat' dir='ltr'><strong>sit</strong></span> <span class='ocrx_word' id='word_1_52' title='bbox 575 827 970 884; x_wconf 81' lang='lat' dir='ltr'><strong>validioribus?</strong></span> 
     </span>
    </p>
   </div>
   <div class='ocr_carea' id='block_1_10' title="bbox 551 916 2078 992">
    <p class='ocr_par' dir='ltr' id='par_1_10' title="bbox 551 916 2078 992">
     <span class='ocr_line' id='line_1_10' title="bbox 551 916 2078 992; baseline -0.004 -14"><span class='ocrx_word' id='word_1_53' title='bbox 551 922 640 985; x_wconf 74' lang='grc'><strong>15.</strong></span> <span class='ocrx_word' id='word_1_54' title='bbox 681 920 800 977; x_wconf 84' lang='lat' dir='ltr'><strong>Jam</strong></span> <span class='ocrx_word' id='word_1_55' title='bbox 831 920 963 977; x_wconf 87' lang='lat' dir='ltr'><strong>illud</strong></span> <span class='ocrx_word' id='word_1_56' title='bbox 1015 919 1194 992; x_wconf 78' lang='lat' dir='ltr'><strong>quivis</strong></span> <span class='ocrx_word' id='word_1_57' title='bbox 1221 919 1378 976; x_wconf 84' lang='lat' dir='ltr'><strong>facile</strong></span> <span class='ocrx_word' id='word_1_58' title='bbox 1405 916 1766 976; x_wconf 88' lang='lat' dir='ltr'><strong>refellendum</strong></span> <span class='ocrx_word' id='word_1_59' title='bbox 1803 918 2078 984; x_wconf 87' lang='lat' dir='ltr'><strong>advertit,</strong></span> 
     </span>
    </p>
   </div>
   <div class='ocr_carea' id='block_1_11' title="bbox 477 1009 2081 1085">
    <p class='ocr_par' dir='ltr' id='par_1_11' title="bbox 477 1009 2081 1085">
     <span class='ocr_line' id='line_1_11' title="bbox 477 1009 2081 1085; baseline -0.001 -17"><span class='ocrx_word' id='word_1_60' title='bbox 477 1011 602 1085; x_wconf 87' lang='lat' dir='ltr'><strong>quia</strong></span> <span class='ocrx_word' id='word_1_61' title='bbox 629 1012 965 1084; x_wconf 91' lang='lat' dir='ltr'><strong>propositum</strong></span> <span class='ocrx_word' id='word_1_62' title='bbox 993 1020 1081 1068; x_wconf 90' lang='lat' dir='ltr'><strong>est</strong></span> <span class='ocrx_word' id='word_1_63' title='bbox 1103 1012 1395 1084; x_wconf 85' lang='lat' dir='ltr'><strong>plerosque</strong></span> <span class='ocrx_word' id='word_1_64' title='bbox 1422 1011 1665 1083; x_wconf 89' lang='lat' dir='ltr'><strong>potuisse</strong></span> <span class='ocrx_word' id='word_1_65' title='bbox 1692 1009 1760 1066; x_wconf 83' lang='lat' dir='ltr'><strong>ad</strong></span> <span class='ocrx_word' id='word_1_66' title='bbox 1804 1025 1975 1067; x_wconf 71' lang='lat' dir='ltr'><strong>sacrae</strong></span> <span class='ocrx_word' id='word_1_67' title='bbox 1996 1026 2081 1067; x_wconf 89' lang='lat' dir='ltr'><strong>re-</strong></span> 
     </span>
    </p>
   </div>
   <div class='ocr_carea' id='block_1_12' title="bbox 479 1105 2082 1179">
    <p class='ocr_par' dir='ltr' id='par_1_12' title="bbox 479 1105 2082 1179">
     <span class='ocr_line' id='line_1_12' title="bbox 479 1105 2082 1179; baseline -0.002 -15"><span class='ocrx_word' id='word_1_68' title='bbox 479 1107 697 1179; x_wconf 88' lang='lat' dir='ltr'><strong>ligionis</strong></span> <span class='ocrx_word' id='word_1_69' title='bbox 751 1107 1038 1179; x_wconf 89' lang='lat' dir='ltr'><strong>provocari</strong></span> <span class='ocrx_word' id='word_1_70' title='bbox 1085 1107 1444 1179; x_wconf 87' lang='lat' dir='ltr'><strong>obsequium,</strong></span> <span class='ocrx_word' id='word_1_71' title='bbox 1495 1106 1602 1163; x_wconf 85' lang='lat' dir='ltr'><strong>nisi</strong></span> <span class='ocrx_word' id='word_1_72' title='bbox 1655 1116 1840 1163; x_wconf 83' lang='lat' dir='ltr'><strong>essent</strong></span> <span class='ocrx_word' id='word_1_73' title='bbox 1877 1105 2082 1162; x_wconf 90' lang='lat' dir='ltr'><strong>doloris</strong></span> 
     </span>
    </p>
   </div>
   <div class='ocr_carea' id='block_1_13' title="bbox 481 1194 2082 1267">
    <p class='ocr_par' dir='ltr' id='par_1_13' title="bbox 481 1194 2082 1267">
     <span class='ocr_line' id='line_1_13' title="bbox 481 1194 2082 1267; baseline -0.002 -13"><span class='ocrx_word' id='word_1_74' title='bbox 481 1199 703 1265; x_wconf 86' lang='lat' dir='ltr'><strong>timore,</strong></span> <span class='ocrx_word' id='word_1_75' title='bbox 740 1197 826 1254; x_wconf 86' lang='lat' dir='ltr'><strong>vel</strong></span> <span class='ocrx_word' id='word_1_76' title='bbox 873 1195 1077 1254; x_wconf 88' lang='lat' dir='ltr'><strong>laboris</strong></span> <span class='ocrx_word' id='word_1_77' title='bbox 1112 1197 1360 1253; x_wconf 87' lang='lat' dir='ltr'><strong>contuitu</strong></span> <span class='ocrx_word' id='word_1_78' title='bbox 1390 1195 1650 1252; x_wconf 83' lang='lat' dir='ltr'><strong>revocati.</strong></span> <span class='ocrx_word' id='word_1_79' title='bbox 1684 1196 1752 1251; x_wconf 84' lang='lat' dir='ltr'><strong>Et</strong></span> <span class='ocrx_word' id='word_1_80' title='bbox 1776 1196 1952 1267; x_wconf 91' lang='lat' dir='ltr'><strong>potuit</strong></span> <span class='ocrx_word' id='word_1_81' title='bbox 1980 1194 2082 1251; x_wconf 87' lang='lat' dir='ltr'><strong>hoc</strong></span> 
     </span>
    </p>
   </div>
   <div class='ocr_carea' id='block_1_14' title="bbox 477 1289 2085 1362">
    <p class='ocr_par' dir='ltr' id='par_1_14' title="bbox 477 1289 2085 1362">
     <span class='ocr_line' id='line_1_14' title="bbox 477 1289 2085 1362; baseline -0.001 -16"><span class='ocrx_word' id='word_1_82' title='bbox 477 1301 686 1348; x_wconf 91' lang='lat' dir='ltr'><strong>terrere</strong></span> <span class='ocrx_word' id='word_1_83' title='bbox 708 1290 997 1362; x_wconf 83' lang='lat' dir='ltr'><strong>majorem,</strong></span> <span class='ocrx_word' id='word_1_84' title='bbox 1020 1290 1167 1361; x_wconf 90' lang='lat' dir='ltr'><strong>quod</strong></span> <span class='ocrx_word' id='word_1_85' title='bbox 1189 1289 1441 1347; x_wconf 90' lang='lat' dir='ltr'><strong>infautuli</strong></span> <span class='ocrx_word' id='word_1_86' title='bbox 1470 1289 1715 1360; x_wconf 89' lang='lat' dir='ltr'><strong>plerique</strong></span> <span class='ocrx_word' id='word_1_87' title='bbox 1743 1290 2085 1346; x_wconf 86' lang='lat' dir='ltr'><strong>sustinebant</strong></span> 
     </span>
    </p>
   </div>
   <div class='ocr_carea' id='block_1_15' title="bbox 477 1380 2084 1456">
    <p class='ocr_par' dir='ltr' id='par_1_15' title="bbox 477 1380 2084 1456">
     <span class='ocr_line' id='line_1_15' title="bbox 477 1380 2084 1456; baseline -0.001 -17"><span class='ocrx_word' id='word_1_88' title='bbox 477 1383 596 1440; x_wconf 90' lang='lat' dir='ltr'><strong>sine</strong></span> <span class='ocrx_word' id='word_1_89' title='bbox 626 1383 902 1456; x_wconf 81' lang='lat' dir='ltr'><strong>periculo?</strong></span> <span class='ocrx_word' id='word_1_90' title='bbox 935 1385 1066 1440; x_wconf 87' lang='lat' dir='ltr'><strong>Esto</strong></span> <span class='ocrx_word' id='word_1_91' title='bbox 1095 1395 1277 1440; x_wconf 89' lang='lat' dir='ltr'><strong>tamen</strong></span> <span class='ocrx_word' id='word_1_92' title='bbox 1304 1383 1514 1454; x_wconf 90' lang='lat' dir='ltr'><strong>aliquos</strong></span> <span class='ocrx_word' id='word_1_93' title='bbox 1544 1380 1842 1438; x_wconf 81' lang='lat' dir='ltr'><strong>infantulos</strong></span> <span class='ocrx_word' id='word_1_94' title='bbox 1869 1380 2084 1438; x_wconf 68' lang='lat' dir='ltr'><strong>Judaeo-</strong></span> 
     </span>
    </p>
   </div>
   <div class='ocr_carea' id='block_1_16' title="bbox 478 1475 2085 1547">
    <p class='ocr_par' dir='ltr' id='par_1_16' title="bbox 478 1475 2085 1547">
     <span class='ocr_line' id='line_1_16' title="bbox 478 1475 2085 1547; baseline -0.001 -15"><span class='ocrx_word' id='word_1_95' title='bbox 478 1490 621 1544; x_wconf 88' lang='lat' dir='ltr'><strong>rum,</strong></span> <span class='ocrx_word' id='word_1_96' title='bbox 647 1491 770 1532; x_wconf 93' lang='lat' dir='ltr'><strong>cum</strong></span> <span class='ocrx_word' id='word_1_97' title='bbox 793 1477 1042 1533; x_wconf 89' lang='lat' dir='ltr'><strong>dolorem</strong></span> <span class='ocrx_word' id='word_1_98' title='bbox 1072 1477 1385 1533; x_wconf 89' lang='lat' dir='ltr'><strong>circumcisi</strong></span> <span class='ocrx_word' id='word_1_99' title='bbox 1409 1475 1658 1547; x_wconf 90' lang='lat' dir='ltr'><strong>corporis</strong></span> <span class='ocrx_word' id='word_1_100' title='bbox 1676 1475 1956 1546; x_wconf 63' lang='lat' dir='ltr'><strong>plagasque</strong></span> <span class='ocrx_word' id='word_1_101' title='bbox 1978 1476 2085 1532; x_wconf 84' lang='lat' dir='ltr'><strong>fer-</strong></span> 
     </span>
    </p>
   </div>
   <div class='ocr_carea' id='block_1_17' title="bbox 479 1566 2082 1641">
    <p class='ocr_par' dir='ltr' id='par_1_17' title="bbox 479 1566 2082 1641">
     <span class='ocr_line' id='line_1_17' title="bbox 479 1566 2082 1641; baseline -0.001 -18"><span class='ocrx_word' id='word_1_102' title='bbox 479 1569 660 1624; x_wconf 85' lang='lat' dir='ltr'><strong>ventis</strong></span> <span class='ocrx_word' id='word_1_103' title='bbox 688 1571 963 1626; x_wconf 90' lang='lat' dir='ltr'><strong>sustinere</strong></span> <span class='ocrx_word' id='word_1_104' title='bbox 991 1584 1097 1626; x_wconf 92' lang='lat' dir='ltr'><strong>non</strong></span> <span class='ocrx_word' id='word_1_105' title='bbox 1128 1569 1428 1641; x_wconf 87' lang='lat' dir='ltr'><strong>potuerint,</strong></span> <span class='ocrx_word' id='word_1_106' title='bbox 1452 1567 1740 1625; x_wconf 87' lang='lat' dir='ltr'><strong>defunctos</strong></span> <span class='ocrx_word' id='word_1_107' title='bbox 1766 1566 1933 1622; x_wconf 90' lang='lat' dir='ltr'><strong>fuisse</strong></span> <span class='ocrx_word' id='word_1_108' title='bbox 1952 1586 1965 1624; x_wconf 85' lang='lat'><strong>:</strong></span> <span class='ocrx_word' id='word_1_109' title='bbox 1987 1567 2082 1622; x_wconf 90' lang='lat' dir='ltr'><strong>scd</strong></span> 
     </span>
    </p>
   </div>
   <div class='ocr_carea' id='block_1_18' title="bbox 479 1657 2085 1731">
    <p class='ocr_par' dir='ltr' id='par_1_18' title="bbox 479 1657 2085 1731">
     <span class='ocr_line' id='line_1_18' title="bbox 479 1657 2085 1731; baseline 0 -17"><span class='ocrx_word' id='word_1_110' title='bbox 479 1657 584 1715; x_wconf 91' lang='lat' dir='ltr'><strong>hoc</strong></span> <span class='ocrx_word' id='word_1_111' title='bbox 610 1674 714 1716; x_wconf 88' lang='lat' dir='ltr'><strong>nec</strong></span> <span class='ocrx_word' id='word_1_112' title='bbox 743 1670 980 1716; x_wconf 65' lang='lat' dir='ltr'><strong>caeteros</strong></span> <span class='ocrx_word' id='word_1_113' title='bbox 1005 1659 1324 1718; x_wconf 89' lang='lat' dir='ltr'><strong>deterrebat</strong></span> <span class='ocrx_word' id='word_1_114' title='bbox 1351 1659 1679 1731; x_wconf 88' lang='lat' dir='ltr'><strong>provectiori</strong></span> <span class='ocrx_word' id='word_1_115' title='bbox 1702 1668 1861 1715; x_wconf 66' lang='lat' dir='ltr'><strong>atate</strong></span> <span class='ocrx_word' id='word_1_116' title='bbox 1893 1658 2085 1714; x_wconf 85' lang='lat' dir='ltr'><strong>robus-</strong></span> 
     </span>
    </p>
   </div>
   <div class='ocr_carea' id='block_1_19' title="bbox 2180 445 3756 521">
    <p class='ocr_par' dir='ltr' id='par_1_19' title="bbox 2180 445 3756 521">
     <span class='ocr_line' id='line_1_19' title="bbox 2180 445 3756 521; baseline -0.003 -17"><span class='ocrx_word' id='word_1_117' title='bbox 2180 447 2509 505; x_wconf 88' lang='lat' dir='ltr'><strong>continentia</strong></span> <span class='ocrx_word' id='word_1_118' title='bbox 2540 447 2832 520; x_wconf 77' lang='lat' dir='ltr'><strong>coniugum</strong></span> <span class='ocrx_word' id='word_1_119' title='bbox 2861 448 3233 521; x_wconf 66' lang='lat' dir='ltr'><strong>praedicatur?</strong></span> <span class='ocrx_word' id='word_1_120' title='bbox 3261 445 3476 502; x_wconf 84' lang='lat' dir='ltr'><strong>Nullum</strong></span> <span class='ocrx_word' id='word_1_121' title='bbox 3506 460 3634 516; x_wconf 80' lang='lat' dir='ltr'><strong>ergo</strong></span> <span class='ocrx_word' id='word_1_122' title='bbox 3665 453 3756 500; x_wconf 79' lang='lat' dir='ltr'><strong>stu-</strong></span> 
     </span>
    </p>
   </div>
   <div class='ocr_carea' id='block_1_20' title="bbox 2180 535 3757 610">
    <p class='ocr_par' dir='ltr' id='par_1_20' title="bbox 2180 535 3757 610">
     <span class='ocr_line' id='line_1_20' title="bbox 2180 535 3757 610; baseline -0.006 -11"><span class='ocrx_word' id='word_1_123' title='bbox 2180 542 2332 599; x_wconf 91' lang='lat' dir='ltr'><strong>dium</strong></span> <span class='ocrx_word' id='word_1_124' title='bbox 2359 541 2672 610; x_wconf 68' lang='lat' dir='ltr'><strong>quizerenda:</strong></span> <span class='ocrx_word' id='word_1_125' title='bbox 2697 539 3067 598; x_wconf 86' lang='lat' dir='ltr'><strong>successionis</strong></span> <span class='ocrx_word' id='word_1_126' title='bbox 3086 538 3280 596; x_wconf 89' lang='lat' dir='ltr'><strong>feriari</strong></span> <span class='ocrx_word' id='word_1_127' title='bbox 3302 538 3508 594; x_wconf 85' lang='lat' dir='ltr'><strong>debuit.</strong></span> <span class='ocrx_word' id='word_1_128' title='bbox 3541 536 3643 592; x_wconf 90' lang='lat' dir='ltr'><strong>Sed</strong></span> <span class='ocrx_word' id='word_1_129' title='bbox 3662 535 3757 606; x_wconf 56' lang='lat' dir='ltr'><strong>iter.</strong></span> 
     </span>
    </p>
   </div>
   <div class='ocr_carea' id='block_1_21' title="bbox 2182 632 3757 708">
    <p class='ocr_par' dir='ltr' id='par_1_21' title="bbox 2182 632 3757 708">
     <span class='ocr_line' id='line_1_21' title="bbox 2182 632 3757 708; baseline -0.004 -16"><span class='ocrx_word' id='word_1_130' title='bbox 2182 647 2376 692; x_wconf 87' lang='lat' dir='ltr'><strong>auctor</strong></span> <span class='ocrx_word' id='word_1_131' title='bbox 2402 646 2612 692; x_wconf 75' lang='lat' dir='ltr'><strong>natura:</strong></span> <span class='ocrx_word' id='word_1_132' title='bbox 2637 651 2741 692; x_wconf 89' lang='lat' dir='ltr'><strong>non</strong></span> <span class='ocrx_word' id='word_1_133' title='bbox 2773 636 2960 708; x_wconf 88' lang='lat' dir='ltr'><strong>utique</strong></span> <span class='ocrx_word' id='word_1_134' title='bbox 2987 633 3342 707; x_wconf 85' lang='lat' dir='ltr'><strong>generationi</strong></span> <span class='ocrx_word' id='word_1_135' title='bbox 3359 632 3650 689; x_wconf 78' lang='lat' dir='ltr'><strong>obsecuuts</strong></span> <span class='ocrx_word' id='word_1_136' title='bbox 3669 640 3757 694; x_wconf 84' lang='lat' dir='ltr'><strong>est,</strong></span> 
     </span>
    </p>
   </div>
   <div class='ocr_carea' id='block_1_22' title="bbox 2182 724 3758 801">
    <p class='ocr_par' dir='ltr' id='par_1_22' title="bbox 2182 724 3758 801">
     <span class='ocr_line' id='line_1_22' title="bbox 2182 724 3758 801; baseline -0.005 -17"><span class='ocrx_word' id='word_1_137' title='bbox 2182 729 2274 801; x_wconf 90' lang='lat' dir='ltr'><strong>qui</strong></span> <span class='ocrx_word' id='word_1_138' title='bbox 2302 729 2371 786; x_wconf 94' lang='lat' dir='ltr'><strong>de</strong></span> <span class='ocrx_word' id='word_1_139' title='bbox 2391 743 2482 796; x_wconf 90' lang='lat' dir='ltr'><strong>se,</strong></span> <span class='ocrx_word' id='word_1_140' title='bbox 2513 745 2636 786; x_wconf 91' lang='lat' dir='ltr'><strong>cum</strong></span> <span class='ocrx_word' id='word_1_141' title='bbox 2667 738 2814 785; x_wconf 87' lang='lat' dir='ltr'><strong>esset</strong></span> <span class='ocrx_word' id='word_1_142' title='bbox 2838 728 2894 784; x_wconf 93' lang='lat' dir='ltr'><strong>in</strong></span> <span class='ocrx_word' id='word_1_143' title='bbox 2921 743 3159 798; x_wconf 92' lang='lat' dir='ltr'><strong>corpore</strong></span> <span class='ocrx_word' id='word_1_144' title='bbox 3179 725 3531 791; x_wconf 88' lang='lat' dir='ltr'><strong>constitutus,</strong></span> <span class='ocrx_word' id='word_1_145' title='bbox 3555 724 3758 795; x_wconf 67' lang='lat' dir='ltr'><strong>praebuit</strong></span> 
     </span>
    </p>
   </div>
   <div class='ocr_carea' id='block_1_23' title="bbox 2184 817 3754 894">
    <p class='ocr_par' dir='ltr' id='par_1_23' title="bbox 2184 817 3754 894">
     <span class='ocr_line' id='line_1_23' title="bbox 2184 817 3754 894; baseline -0.006 -16"><span class='ocrx_word' id='word_1_146' title='bbox 2184 822 2557 892; x_wconf 77' lang='lat' dir='ltr'><strong>magisterium</strong></span> <span class='ocrx_word' id='word_1_147' title='bbox 2582 863 2597 888; x_wconf 95' lang='lat'><strong>,</strong></span> <span class='ocrx_word' id='word_1_148' title='bbox 2659 821 2869 894; x_wconf 75' lang='lat'><strong>1075</strong></span> <span class='ocrx_word' id='word_1_149' title='bbox 2898 831 2955 878; x_wconf 92' lang='lat' dir='ltr'><strong>et</strong></span> <span class='ocrx_word' id='word_1_150' title='bbox 2986 822 3244 876; x_wconf 84' lang='lat' dir='ltr'><strong>hortatus</strong></span> <span class='ocrx_word' id='word_1_151' title='bbox 3273 826 3360 875; x_wconf 88' lang='lat' dir='ltr'><strong>est</strong></span> <span class='ocrx_word' id='word_1_152' title='bbox 3386 817 3679 888; x_wconf 84' lang='lat' dir='ltr'><strong>discipulos</strong></span> <span class='ocrx_word' id='word_1_153' title='bbox 3702 817 3754 870; x_wconf 72' lang='lat' dir='ltr'><strong>ad</strong></span> 
     </span>
    </p>
   </div>
   <div class='ocr_carea' id='block_1_24' title="bbox 2184 913 3736 987">
    <p class='ocr_par' dir='ltr' id='par_1_24' title="bbox 2184 913 3736 987">
     <span class='ocr_line' id='line_1_24' title="bbox 2184 913 3736 987; baseline -0.005 -16"><span class='ocrx_word' id='word_1_154' title='bbox 2184 916 2571 987; x_wconf 78' lang='lat' dir='ltr'><strong>integritatem,</strong></span> <span class='ocrx_word' id='word_1_155' title='bbox 2591 914 2779 971; x_wconf 81' lang='lat' dir='ltr'><strong>dicetis</strong></span> <span class='ocrx_word' id='word_1_156' title='bbox 2807 934 2822 972; x_wconf 89' lang='lat'><strong>:</strong></span> <span class='ocrx_word' id='word_1_157' title='bbox 2845 915 2986 971; x_wconf 86' lang='lat' dir='ltr'><strong>Sunt</strong></span> <span class='ocrx_word' id='word_1_158' title='bbox 3019 913 3308 983; x_wconf 75' lang='lat' dir='ltr'><strong>spadones,</strong></span> <span class='ocrx_word' id='word_1_159' title='bbox 3335 913 3428 982; x_wconf 85' lang='lat' dir='ltr'><strong>qui</strong></span> <span class='ocrx_word' id='word_1_160' title='bbox 3453 927 3511 966; x_wconf 89' lang='lat' dir='ltr'><strong>se</strong></span> <span class='ocrx_word' id='word_1_161' title='bbox 3524 919 3736 964; x_wconf 68' lang='lat' dir='ltr'><strong>castra:</strong></span> 
     </span>
    </p>
   </div>
   <div class='ocr_carea' id='block_1_25' title="bbox 2185 1007 3756 1080">
    <p class='ocr_par' dir='ltr' id='par_1_25' title="bbox 2185 1007 3756 1080">
     <span class='ocr_line' id='line_1_25' title="bbox 2185 1007 3756 1080; baseline -0.004 -18"><span class='ocrx_word' id='word_1_162' title='bbox 2185 1018 2306 1063; x_wconf 89' lang='lat' dir='ltr'><strong>runt</strong></span> <span class='ocrx_word' id='word_1_163' title='bbox 2331 1018 2542 1080; x_wconf 78' lang='lat' dir='ltr'><strong>propter</strong></span> <span class='ocrx_word' id='word_1_164' title='bbox 2569 1023 2782 1079; x_wconf 80' lang='lat' dir='ltr'><strong>regnum</strong></span> <span class='ocrx_word' id='word_1_165' title='bbox 2810 1008 3089 1070; x_wconf 71' lang='lat' dir='ltr'><strong>actorum;</strong></span> <span class='ocrx_word' id='word_1_166' title='bbox 3147 1007 3240 1078; x_wconf 80' lang='lat' dir='ltr'><strong>qui</strong></span> <span class='ocrx_word' id='word_1_167' title='bbox 3269 1014 3438 1076; x_wconf 82' lang='lat' dir='ltr'><strong>potest</strong></span> <span class='ocrx_word' id='word_1_168' title='bbox 3459 1018 3662 1074; x_wconf 67' lang='lat' dir='ltr'><strong>capere,</strong></span> <span class='ocrx_word' id='word_1_169' title='bbox 3691 1020 3756 1056; x_wconf 75' lang='lat' dir='ltr'><strong>ra-</strong></span> 
     </span>
    </p>
   </div>
   <div class='ocr_carea' id='block_1_26' title="bbox 2186 1102 2826 1176">
    <p class='ocr_par' dir='ltr' id='par_1_26' title="bbox 2186 1102 2826 1176">
     <span class='ocr_line' id='line_1_26' title="bbox 2186 1102 2826 1176; baseline -0.003 -18"><span class='ocrx_word' id='word_1_170' title='bbox 2186 1105 2294 1176; x_wconf 88' lang='lat' dir='ltr'><strong>piat</strong></span> <span class='ocrx_word' id='word_1_171' title='bbox 2321 1102 2537 1176; x_wconf 78' lang='lat' dir='ltr'><strong>(Matth.</strong></span> <span class='ocrx_word' id='word_1_172' title='bbox 2572 1120 2686 1168; x_wconf 77' lang='lat' dir='ltr'><strong>xu,</strong></span> <span class='ocrx_word' id='word_1_173' title='bbox 2714 1103 2826 1175; x_wconf 76' lang='grc'><strong>12).</strong></span> 
     </span>
    </p>
   </div>
   <div class='ocr_carea' id='block_1_27' title="bbox 2261 1196 3756 1266">
    <p class='ocr_par' dir='ltr' id='par_1_27' title="bbox 2261 1196 3756 1266">
     <span class='ocr_line' id='line_1_27' title="bbox 2261 1196 3756 1266; baseline -0.003 -14"><span class='ocrx_word' id='word_1_174' title='bbox 2261 1197 2348 1252; x_wconf 78' lang='grc'><strong>17.</strong></span> <span class='ocrx_word' id='word_1_175' title='bbox 2381 1197 2517 1252; x_wconf 89' lang='lat' dir='ltr'><strong>Cum</strong></span> <span class='ocrx_word' id='word_1_176' title='bbox 2545 1197 2619 1252; x_wconf 85' lang='lat' dir='ltr'><strong>sit</strong></span> <span class='ocrx_word' id='word_1_177' title='bbox 2656 1207 2838 1253; x_wconf 88' lang='lat' dir='ltr'><strong>autem</strong></span> <span class='ocrx_word' id='word_1_178' title='bbox 2879 1196 3043 1252; x_wconf 90' lang='lat' dir='ltr'><strong>homo</strong></span> <span class='ocrx_word' id='word_1_179' title='bbox 3069 1196 3414 1266; x_wconf 85' lang='lat' dir='ltr'><strong>compositus</strong></span> <span class='ocrx_word' id='word_1_180' title='bbox 3455 1209 3527 1250; x_wconf 75' lang='lat' dir='ltr'><strong>ex</strong></span> <span class='ocrx_word' id='word_1_181' title='bbox 3551 1207 3756 1262; x_wconf 76' lang='lat' dir='ltr'><strong>corpore</strong></span> 
     </span>
    </p>
   </div>
   <div class='ocr_carea' id='block_1_28' title="bbox 2186 1283 3757 1361">
    <p class='ocr_par' dir='ltr' id='par_1_28' title="bbox 2186 1283 3757 1361">
     <span class='ocr_line' id='line_1_28' title="bbox 2186 1283 3757 1361; baseline -0.004 -16"><span class='ocrx_word' id='word_1_182' title='bbox 2186 1298 2244 1345; x_wconf 93' lang='lat' dir='ltr'><strong>et</strong></span> <span class='ocrx_word' id='word_1_183' title='bbox 2272 1289 2453 1345; x_wconf 90' lang='lat' dir='ltr'><strong>anima</strong></span> <span class='ocrx_word' id='word_1_184' title='bbox 2488 1289 2649 1361; x_wconf 88' lang='lat' dir='ltr'><strong>(satis</strong></span> <span class='ocrx_word' id='word_1_185' title='bbox 2675 1297 2761 1344; x_wconf 87' lang='lat' dir='ltr'><strong>est</strong></span> <span class='ocrx_word' id='word_1_186' title='bbox 2787 1288 2932 1344; x_wconf 91' lang='lat' dir='ltr'><strong>cnim</strong></span> <span class='ocrx_word' id='word_1_187' title='bbox 2961 1288 3184 1344; x_wconf 91' lang='lat' dir='ltr'><strong>interim</strong></span> <span class='ocrx_word' id='word_1_188' title='bbox 3210 1286 3315 1343; x_wconf 87' lang='lat' dir='ltr'><strong>hoc</strong></span> <span class='ocrx_word' id='word_1_189' title='bbox 3335 1285 3550 1352; x_wconf 85' lang='lat' dir='ltr'><strong>dicere,</strong></span> <span class='ocrx_word' id='word_1_190' title='bbox 3575 1283 3604 1322; x_wconf 64' lang='grc' dir='ltr'><strong>ιδ</strong></span> <span class='ocrx_word' id='word_1_191' title='bbox 3625 1295 3681 1339; x_wconf 84' lang='lat' dir='ltr'><strong>et</strong></span> <span class='ocrx_word' id='word_1_192' title='bbox 3703 1286 3757 1338; x_wconf 83' lang='lat' dir='ltr'><strong>si-</strong></span> 
     </span>
    </p>
   </div>
   <div class='ocr_carea' id='block_1_29' title="bbox 2190 1377 3756 1453">
    <p class='ocr_par' dir='ltr' id='par_1_29' title="bbox 2190 1377 3756 1453">
     <span class='ocr_line' id='line_1_29' title="bbox 2190 1377 3756 1453; baseline -0.005 -15"><span class='ocrx_word' id='word_1_193' title='bbox 2190 1382 2304 1438; x_wconf 89' lang='lat' dir='ltr'><strong>lere</strong></span> <span class='ocrx_word' id='word_1_194' title='bbox 2332 1381 2403 1439; x_wconf 90' lang='lat' dir='ltr'><strong>de</strong></span> <span class='ocrx_word' id='word_1_195' title='bbox 2434 1380 2651 1453; x_wconf 83' lang='lat' dir='ltr'><strong>spiritu)</strong></span> <span class='ocrx_word' id='word_1_196' title='bbox 2674 1391 2819 1436; x_wconf 82' lang='lat' dir='ltr'><strong>cnon</strong></span> <span class='ocrx_word' id='word_1_197' title='bbox 2847 1391 2931 1437; x_wconf 87' lang='lat' dir='ltr'><strong>est</strong></span> <span class='ocrx_word' id='word_1_198' title='bbox 2957 1382 3012 1436; x_wconf 90' lang='lat' dir='ltr'><strong>in</strong></span> <span class='ocrx_word' id='word_1_199' title='bbox 3045 1391 3279 1451; x_wconf 89' lang='lat' dir='ltr'><strong>utroque</strong></span> <span class='ocrx_word' id='word_1_200' title='bbox 3310 1378 3454 1434; x_wconf 87' lang='lat' dir='ltr'><strong>idem</strong></span> <span class='ocrx_word' id='word_1_201' title='bbox 3485 1377 3756 1434; x_wconf 74' lang='lat' dir='ltr'><strong>secunda</strong></span> 
     </span>
    </p>
   </div>
   <div class='ocr_carea' id='block_1_30' title="bbox 2189 1473 3754 1546">
    <p class='ocr_par' dir='ltr' id='par_1_30' title="bbox 2189 1473 3754 1546">
     <span class='ocr_line' id='line_1_30' title="bbox 2189 1473 3754 1546; baseline -0.005 -14"><span class='ocrx_word' id='word_1_202' title='bbox 2189 1486 2476 1532; x_wconf 88' lang='lat' dir='ltr'><strong>naturam:</strong></span> <span class='ocrx_word' id='word_1_203' title='bbox 2511 1475 2606 1532; x_wconf 88' lang='lat' dir='ltr'><strong>sed</strong></span> <span class='ocrx_word' id='word_1_204' title='bbox 2629 1475 2772 1546; x_wconf 92' lang='lat' dir='ltr'><strong>quod</strong></span> <span class='ocrx_word' id='word_1_205' title='bbox 2800 1485 2882 1531; x_wconf 88' lang='lat' dir='ltr'><strong>est</strong></span> <span class='ocrx_word' id='word_1_206' title='bbox 2909 1473 3209 1531; x_wconf 87' lang='lat' dir='ltr'><strong>secundum</strong></span> <span class='ocrx_word' id='word_1_207' title='bbox 3240 1474 3492 1543; x_wconf 87' lang='lat' dir='ltr'><strong>corporis</strong></span> <span class='ocrx_word' id='word_1_208' title='bbox 3513 1482 3754 1534; x_wconf 72' lang='lat' dir='ltr'><strong>naturali,</strong></span> 
     </span>
    </p>
   </div>
   <div class='ocr_carea' id='block_1_31' title="bbox 2191 1565 3756 1638">
    <p class='ocr_par' dir='ltr' id='par_1_31' title="bbox 2191 1565 3756 1638">
     <span class='ocr_line' id='line_1_31' title="bbox 2191 1565 3756 1638; baseline -0.004 -13"><span class='ocrx_word' id='word_1_209' title='bbox 2191 1569 2243 1625; x_wconf 91' lang='lat' dir='ltr'><strong>id</strong></span> <span class='ocrx_word' id='word_1_210' title='bbox 2268 1578 2462 1625; x_wconf 88' lang='lat' dir='ltr'><strong>contra</strong></span> <span class='ocrx_word' id='word_1_211' title='bbox 2503 1578 2752 1624; x_wconf 89' lang='lat' dir='ltr'><strong>naturam</strong></span> <span class='ocrx_word' id='word_1_212' title='bbox 2802 1581 2887 1624; x_wconf 90' lang='lat' dir='ltr'><strong>est</strong></span> <span class='ocrx_word' id='word_1_213' title='bbox 2917 1569 3157 1634; x_wconf 65' lang='lat' dir='ltr'><strong>animae;</strong></span> <span class='ocrx_word' id='word_1_214' title='bbox 3189 1577 3246 1624; x_wconf 90' lang='lat' dir='ltr'><strong>et</strong></span> <span class='ocrx_word' id='word_1_215' title='bbox 3293 1565 3440 1638; x_wconf 92' lang='lat' dir='ltr'><strong>quod</strong></span> <span class='ocrx_word' id='word_1_216' title='bbox 3488 1565 3756 1621; x_wconf 83' lang='lat' dir='ltr'><strong>secund</strong></span> 
     </span>
    </p>
   </div>
   <div class='ocr_carea' id='block_1_32' title="bbox 2191 1659 3752 1729">
    <p class='ocr_par' dir='ltr' id='par_1_32' title="bbox 2191 1659 3752 1729">
     <span class='ocr_line' id='line_1_32' title="bbox 2191 1659 3752 1729; baseline 0.001 -11"><span class='ocrx_word' id='word_1_217' title='bbox 2191 1673 2442 1719; x_wconf 90' lang='lat' dir='ltr'><strong>naturam</strong></span> <span class='ocrx_word' id='word_1_218' title='bbox 2464 1673 2549 1719; x_wconf 91' lang='lat' dir='ltr'><strong>est</strong></span> <span class='ocrx_word' id='word_1_219' title='bbox 2577 1664 2799 1729; x_wconf 70' lang='lat' dir='ltr'><strong>animm,</strong></span> <span class='ocrx_word' id='word_1_220' title='bbox 2827 1662 2881 1718; x_wconf 94' lang='lat' dir='ltr'><strong>id</strong></span> <span class='ocrx_word' id='word_1_221' title='bbox 2909 1672 3100 1718; x_wconf 91' lang='lat' dir='ltr'><strong>contra</strong></span> <span class='ocrx_word' id='word_1_222' title='bbox 3124 1671 3378 1717; x_wconf 87' lang='lat' dir='ltr'><strong>naturam</strong></span> <span class='ocrx_word' id='word_1_223' title='bbox 3404 1668 3493 1716; x_wconf 89' lang='lat' dir='ltr'><strong>est</strong></span> <span class='ocrx_word' id='word_1_224' title='bbox 3521 1659 3752 1728; x_wconf 73' lang='lat' dir='ltr'><strong>corporis:</strong></span> 
     </span>
    </p>
   </div>
   <div class='ocr_carea' id='block_1_33' title="bbox 481 1752 3754 1829">
    <p class='ocr_par' dir='ltr' id='par_1_33' title="bbox 481 1752 3754 1829">
     <span class='ocr_line' id='line_1_33' title="bbox 481 1752 3754 1829; baseline -0.002 -19"><span class='ocrx_word' id='word_1_225' title='bbox 481 1766 598 1822; x_wconf 90' lang='lat' dir='ltr'><strong>tos,</strong></span> <span class='ocrx_word' id='word_1_226' title='bbox 655 1765 711 1810; x_wconf 91' lang='lat' dir='ltr'><strong>et</strong></span> <span class='ocrx_word' id='word_1_227' title='bbox 737 1754 1156 1813; x_wconf 81' lang='lat' dir='ltr'><strong>laudabiliorem</strong></span> <span class='ocrx_word' id='word_1_228' title='bbox 1211 1755 1448 1814; x_wconf 90' lang='lat' dir='ltr'><strong>faciebat</strong></span> <span class='ocrx_word' id='word_1_229' title='bbox 1500 1773 1646 1823; x_wconf 92' lang='lat' dir='ltr'><strong>eum,</strong></span> <span class='ocrx_word' id='word_1_230' title='bbox 1679 1757 1770 1827; x_wconf 87' lang='lat' dir='ltr'><strong>qui</strong></span> <span class='ocrx_word' id='word_1_231' title='bbox 1800 1758 2088 1829; x_wconf 66' lang='lat' dir='ltr'><strong>praeceptis</strong></span> <span class='ocrx_word' id='word_1_232' title='bbox 2118 1758 2166 1818; x_wconf 89' lang='lat' dir='ltr'><strong>B</strong></span> <span class='ocrx_word' id='word_1_233' title='bbox 2194 1766 2251 1813; x_wconf 92' lang='lat' dir='ltr'><strong>ut</strong></span> <span class='ocrx_word' id='word_1_234' title='bbox 2273 1757 2320 1812; x_wconf 88' lang='lat' dir='ltr'><strong>si</strong></span> <span class='ocrx_word' id='word_1_235' title='bbox 2343 1756 2520 1813; x_wconf 89' lang='lat' dir='ltr'><strong>dicam</strong></span> <span class='ocrx_word' id='word_1_236' title='bbox 2551 1756 2696 1828; x_wconf 92' lang='lat' dir='ltr'><strong>quod</strong></span> <span class='ocrx_word' id='word_1_237' title='bbox 2727 1756 3028 1814; x_wconf 91' lang='lat' dir='ltr'><strong>secundum</strong></span> <span class='ocrx_word' id='word_1_238' title='bbox 3061 1765 3308 1812; x_wconf 90' lang='lat' dir='ltr'><strong>naturam</strong></span> <span class='ocrx_word' id='word_1_239' title='bbox 3351 1763 3441 1809; x_wconf 89' lang='lat' dir='ltr'><strong>est</strong></span> <span class='ocrx_word' id='word_1_240' title='bbox 3479 1752 3692 1819; x_wconf 85' lang='lat' dir='ltr'><strong>visibili,</strong></span> <span class='ocrx_word' id='word_1_241' title='bbox 3717 1752 3754 1804; x_wconf 73' lang='lat' dir='ltr'><strong>id</strong></span> 
     </span>
    </p>
   </div>
   <div class='ocr_carea' id='block_1_34' title="bbox 477 1846 1114 1906">
    <p class='ocr_par' dir='ltr' id='par_1_34' title="bbox 477 1846 1114 1906">
     <span class='ocr_line' id='line_1_34' title="bbox 477 1846 1114 1906; baseline 0 -2"><span class='ocrx_word' id='word_1_242' title='bbox 477 1846 755 1906; x_wconf 90' lang='lat' dir='ltr'><strong>obedisset</strong></span> <span class='ocrx_word' id='word_1_243' title='bbox 780 1849 1114 1906; x_wconf 75' lang='lat' dir='ltr'><strong>ctelestibus.</strong></span> 
     </span>
    </p>
   </div>
   <div class='ocr_carea' id='block_1_35' title="bbox 555 1941 2083 2016">
    <p class='ocr_par' dir='ltr' id='par_1_35' title="bbox 555 1941 2083 2016">
     <span class='ocr_line' id='line_1_35' title="bbox 555 1941 2083 2016; baseline 0.001 -18"><span class='ocrx_word' id='word_1_244' title='bbox 555 1942 645 1998; x_wconf 78' lang='lat' dir='ltr'><strong>M.</strong></span> <span class='ocrx_word' id='word_1_245' title='bbox 674 1941 831 2012; x_wconf 86' lang='lat' dir='ltr'><strong>Quod</strong></span> <span class='ocrx_word' id='word_1_246' title='bbox 859 1943 905 1999; x_wconf 91' lang='lat' dir='ltr'><strong>si</strong></span> <span class='ocrx_word' id='word_1_247' title='bbox 932 1943 1040 2000; x_wconf 87' lang='lat' dir='ltr'><strong>hoc</strong></span> <span class='ocrx_word' id='word_1_248' title='bbox 1067 1945 1118 2001; x_wconf 92' lang='lat' dir='ltr'><strong>in</strong></span> <span class='ocrx_word' id='word_1_249' title='bbox 1151 1945 1348 2016; x_wconf 80' lang='lat' dir='ltr'><strong>exiguo</strong></span> <span class='ocrx_word' id='word_1_250' title='bbox 1373 1944 1566 2001; x_wconf 90' lang='lat' dir='ltr'><strong>dolore</strong></span> <span class='ocrx_word' id='word_1_251' title='bbox 1596 1943 1930 2000; x_wconf 88' lang='lat' dir='ltr'><strong>arbitrantur</strong></span> <span class='ocrx_word' id='word_1_252' title='bbox 1949 1958 2083 2000; x_wconf 85' lang='lat' dir='ltr'><strong>cou-</strong></span> 
     </span>
    </p>
   </div>
   <div class='ocr_carea' id='block_1_36' title="bbox 482 2034 2086 2110">
    <p class='ocr_par' dir='ltr' id='par_1_36' title="bbox 482 2034 2086 2110">
     <span class='ocr_line' id='line_1_36' title="bbox 482 2034 2086 2110; baseline 0.002 -21"><span class='ocrx_word' id='word_1_253' title='bbox 482 2034 739 2091; x_wconf 80' lang='lat' dir='ltr'><strong>fessionis</strong></span> <span class='ocrx_word' id='word_1_254' title='bbox 761 2035 929 2093; x_wconf 89' lang='lat' dir='ltr'><strong>fuisse</strong></span> <span class='ocrx_word' id='word_1_255' title='bbox 951 2037 1318 2106; x_wconf 89' lang='lat' dir='ltr'><strong>obstaculum,</strong></span> <span class='ocrx_word' id='word_1_256' title='bbox 1341 2037 1470 2108; x_wconf 87' lang='lat' dir='ltr'><strong>quid</strong></span> <span class='ocrx_word' id='word_1_257' title='bbox 1493 2037 1564 2094; x_wconf 91' lang='lat' dir='ltr'><strong>de</strong></span> <span class='ocrx_word' id='word_1_258' title='bbox 1587 2038 1850 2110; x_wconf 83' lang='lat' dir='ltr'><strong>martyrio</strong></span> <span class='ocrx_word' id='word_1_259' title='bbox 1862 2037 2086 2094; x_wconf 80' lang='lat' dir='ltr'><strong>dicunt?</strong></span> 
     </span>
    </p>
   </div>
   <div class='ocr_carea' id='block_1_37' title="bbox 483 2123 2084 2201">
    <p class='ocr_par' dir='ltr' id='par_1_37' title="bbox 483 2123 2084 2201">
     <span class='ocr_line' id='line_1_37' title="bbox 483 2123 2084 2201; baseline 0.004 -20"><span class='ocrx_word' id='word_1_260' title='bbox 483 2123 617 2181; x_wconf 79' lang='lat' dir='ltr'><strong>Nam</strong></span> <span class='ocrx_word' id='word_1_261' title='bbox 641 2127 686 2183; x_wconf 92' lang='lat' dir='ltr'><strong>si</strong></span> <span class='ocrx_word' id='word_1_262' title='bbox 715 2128 1127 2201; x_wconf 90' lang='lat' dir='ltr'><strong>reprehendunt</strong></span> <span class='ocrx_word' id='word_1_263' title='bbox 1167 2130 1603 2186; x_wconf 89' lang='lat' dir='ltr'><strong>circumcisionis</strong></span> <span class='ocrx_word' id='word_1_264' title='bbox 1652 2129 1897 2187; x_wconf 90' lang='lat' dir='ltr'><strong>dolorem</strong></span> <span class='ocrx_word' id='word_1_265' title='bbox 1923 2173 1940 2198; x_wconf 94' lang='lat'><strong>,</strong></span> <span class='ocrx_word' id='word_1_266' title='bbox 1992 2145 2084 2187; x_wconf 82' lang='lat' dir='ltr'><strong>re-</strong></span> 
     </span>
    </p>
   </div>
   <div class='ocr_carea' id='block_1_38' title="bbox 486 2221 2082 2297">
    <p class='ocr_par' dir='ltr' id='par_1_38' title="bbox 486 2221 2082 2297">
     <span class='ocr_line' id='line_1_38' title="bbox 486 2221 2082 2297; baseline 0.001 -20"><span class='ocrx_word' id='word_1_267' title='bbox 486 2221 828 2291; x_wconf 88' lang='lat' dir='ltr'><strong>prehendant</strong></span> <span class='ocrx_word' id='word_1_268' title='bbox 845 2235 900 2279; x_wconf 89' lang='lat' dir='ltr'><strong>et</strong></span> <span class='ocrx_word' id='word_1_269' title='bbox 921 2235 1220 2297; x_wconf 85' lang='lat' dir='ltr'><strong>martyrum</strong></span> <span class='ocrx_word' id='word_1_270' title='bbox 1240 2234 1494 2292; x_wconf 92' lang='lat' dir='ltr'><strong>mortem,</strong></span> <span class='ocrx_word' id='word_1_271' title='bbox 1521 2240 1616 2296; x_wconf 91' lang='lat' dir='ltr'><strong>per</strong></span> <span class='ocrx_word' id='word_1_272' title='bbox 1631 2240 1770 2297; x_wconf 88' lang='lat' dir='ltr'><strong>quos</strong></span> <span class='ocrx_word' id='word_1_273' title='bbox 1787 2224 2082 2290; x_wconf 90' lang='lat' dir='ltr'><strong>cumulata,</strong></span> 
     </span>
    </p>
   </div>
   <div class='ocr_carea' id='block_1_39' title="bbox 488 2317 2084 2388">
    <p class='ocr_par' dir='ltr' id='par_1_39' title="bbox 488 2317 2084 2388">
     <span class='ocr_line' id='line_1_39' title="bbox 488 2317 2084 2388; baseline 0.003 -18"><span class='ocrx_word' id='word_1_274' title='bbox 488 2330 595 2372; x_wconf 93' lang='lat' dir='ltr'><strong>nou</strong></span> <span class='ocrx_word' id='word_1_275' title='bbox 629 2317 838 2372; x_wconf 86' lang='lat' dir='ltr'><strong>minuta</strong></span> <span class='ocrx_word' id='word_1_276' title='bbox 893 2318 1088 2388; x_wconf 89' lang='lat' dir='ltr'><strong>religio</strong></span> <span class='ocrx_word' id='word_1_277' title='bbox 1131 2326 1235 2374; x_wconf 90' lang='lat' dir='ltr'><strong>est.</strong></span> <span class='ocrx_word' id='word_1_278' title='bbox 1280 2317 1338 2374; x_wconf 88' lang='lat' dir='ltr'><strong>In</strong></span> <span class='ocrx_word' id='word_1_279' title='bbox 1367 2327 1577 2375; x_wconf 91' lang='lat' dir='ltr'><strong>tantum</strong></span> <span class='ocrx_word' id='word_1_280' title='bbox 1600 2328 1781 2375; x_wconf 89' lang='lat' dir='ltr'><strong>autem</strong></span> <span class='ocrx_word' id='word_1_281' title='bbox 1804 2317 1958 2374; x_wconf 88' lang='lat' dir='ltr'><strong>abest</strong></span> <span class='ocrx_word' id='word_1_282' title='bbox 1984 2333 2084 2374; x_wconf 87' lang='lat' dir='ltr'><strong>no-</strong></span> 
     </span>
    </p>
   </div>
   <div class='ocr_carea' id='block_1_40' title="bbox 485 2407 2084 2482">
    <p class='ocr_par' dir='ltr' id='par_1_40' title="bbox 485 2407 2084 2482">
     <span class='ocr_line' id='line_1_40' title="bbox 485 2407 2084 2482; baseline 0.004 -21"><span class='ocrx_word' id='word_1_283' title='bbox 485 2407 664 2463; x_wconf 89' lang='lat' dir='ltr'><strong>cuisse</strong></span> <span class='ocrx_word' id='word_1_284' title='bbox 691 2408 816 2464; x_wconf 84' lang='lat' dir='ltr'><strong>fidei</strong></span> <span class='ocrx_word' id='word_1_285' title='bbox 837 2409 1276 2466; x_wconf 90' lang='lat' dir='ltr'><strong>circumcisionis</strong></span> <span class='ocrx_word' id='word_1_286' title='bbox 1291 2410 1563 2479; x_wconf 91' lang='lat' dir='ltr'><strong>dolorem,</strong></span> <span class='ocrx_word' id='word_1_287' title='bbox 1589 2421 1646 2465; x_wconf 92' lang='lat' dir='ltr'><strong>ut</strong></span> <span class='ocrx_word' id='word_1_288' title='bbox 1662 2411 2084 2482; x_wconf 85' lang='lat' dir='ltr'><strong>probabiliorem</strong></span> 
     </span>
    </p>
   </div>
   <div class='ocr_carea' id='block_1_41' title="bbox 489 2497 2162 2583">
    <p class='ocr_par' dir='ltr' id='par_1_41' title="bbox 489 2497 2162 2583">
     <span class='ocr_line' id='line_1_41' title="bbox 489 2497 2162 2583; baseline 0.005 -31"><span class='ocrx_word' id='word_1_289' title='bbox 489 2497 653 2554; x_wconf 85' lang='lat' dir='ltr'><strong>fidem</strong></span> <span class='ocrx_word' id='word_1_290' title='bbox 701 2497 864 2555; x_wconf 86' lang='lat' dir='ltr'><strong>faciat</strong></span> <span class='ocrx_word' id='word_1_291' title='bbox 893 2500 1084 2568; x_wconf 90' lang='lat' dir='ltr'><strong>dolor;</strong></span> <span class='ocrx_word' id='word_1_292' title='bbox 1141 2504 1316 2573; x_wconf 81' lang='lat' dir='ltr'><strong>major</strong></span> <span class='ocrx_word' id='word_1_293' title='bbox 1337 2503 1482 2559; x_wconf 91' lang='lat' dir='ltr'><strong>enim</strong></span> <span class='ocrx_word' id='word_1_294' title='bbox 1507 2502 1630 2560; x_wconf 81' lang='lat' dir='ltr'><strong>fidei</strong></span> <span class='ocrx_word' id='word_1_295' title='bbox 1652 2504 1848 2575; x_wconf 87' lang='lat' dir='ltr'><strong>gratia,</strong></span> <span class='ocrx_word' id='word_1_296' title='bbox 1893 2505 2088 2577; x_wconf 88' lang='lat' dir='ltr'><strong>siquis</strong></span> <span class='ocrx_word' id='word_1_297' title='bbox 2133 2559 2162 2583; x_wconf 57' lang='lat'><strong>.</strong></span> 
     </span>
    </p>
   </div>
   <div class='ocr_carea' id='block_1_42' title="bbox 487 2591 2087 2670">
    <p class='ocr_par' dir='ltr' id='par_1_42' title="bbox 487 2591 2087 2670">
     <span class='ocr_line' id='line_1_42' title="bbox 487 2591 2087 2670; baseline 0.006 -25"><span class='ocrx_word' id='word_1_298' title='bbox 487 2605 588 2662; x_wconf 91' lang='lat' dir='ltr'><strong>pro</strong></span> <span class='ocrx_word' id='word_1_299' title='bbox 608 2591 879 2663; x_wconf 89' lang='lat' dir='ltr'><strong>religione</strong></span> <span class='ocrx_word' id='word_1_300' title='bbox 905 2603 1221 2651; x_wconf 89' lang='lat' dir='ltr'><strong>contemnat</strong></span> <span class='ocrx_word' id='word_1_301' title='bbox 1247 2595 1493 2653; x_wconf 82' lang='lat' dir='ltr'><strong>dolorem</strong></span> <span class='ocrx_word' id='word_1_302' title='bbox 1527 2613 1542 2650; x_wconf 92' lang='lat'><strong>:</strong></span> <span class='ocrx_word' id='word_1_303' title='bbox 1598 2605 1655 2654; x_wconf 92' lang='lat' dir='ltr'><strong>et</strong></span> <span class='ocrx_word' id='word_1_304' title='bbox 1683 2596 1770 2651; x_wconf 91' lang='lat' dir='ltr'><strong>hic</strong></span> <span class='ocrx_word' id='word_1_305' title='bbox 1798 2599 1972 2670; x_wconf 84' lang='lat' dir='ltr'><strong>magis</strong></span> <span class='ocrx_word' id='word_1_306' title='bbox 1995 2599 2087 2654; x_wconf 62' lang='lat' dir='ltr'><strong>ha-</strong></span> 
     </span>
    </p>
   </div>
   <div class='ocr_carea' id='block_1_43' title="bbox 484 2681 2088 2758">
    <p class='ocr_par' dir='ltr' id='par_1_43' title="bbox 484 2681 2088 2758">
     <span class='ocr_line' id='line_1_43' title="bbox 484 2681 2088 2758; baseline 0.004 -19"><span class='ocrx_word' id='word_1_307' title='bbox 484 2681 576 2739; x_wconf 87' lang='lat' dir='ltr'><strong>bet</strong></span> <span class='ocrx_word' id='word_1_308' title='bbox 607 2684 890 2754; x_wconf 74' lang='lat' dir='ltr'><strong>prmmium</strong></span> <span class='ocrx_word' id='word_1_309' title='bbox 939 2701 1102 2758; x_wconf 89' lang='lat' dir='ltr'><strong>quam</strong></span> <span class='ocrx_word' id='word_1_310' title='bbox 1133 2688 1225 2744; x_wconf 78' lang='lat' dir='ltr'><strong>ille</strong></span> <span class='ocrx_word' id='word_1_311' title='bbox 1249 2729 1265 2756; x_wconf 95' lang='lat'><strong>,</strong></span> <span class='ocrx_word' id='word_1_312' title='bbox 1319 2689 1409 2758; x_wconf 93' lang='lat' dir='ltr'><strong>qui</strong></span> <span class='ocrx_word' id='word_1_313' title='bbox 1443 2688 1568 2744; x_wconf 88' lang='lat' dir='ltr'><strong>ideo</strong></span> <span class='ocrx_word' id='word_1_314' title='bbox 1623 2689 1868 2746; x_wconf 88' lang='lat' dir='ltr'><strong>dolorem</strong></span> <span class='ocrx_word' id='word_1_315' title='bbox 1914 2690 2088 2746; x_wconf 87' lang='lat' dir='ltr'><strong>voluit</strong></span> 
     </span>
    </p>
   </div>
   <div class='ocr_carea' id='block_1_44' title="bbox 486 2776 2088 2854">
    <p class='ocr_par' dir='ltr' id='par_1_44' title="bbox 486 2776 2088 2854">
     <span class='ocr_line' id='line_1_44' title="bbox 486 2776 2088 2854; baseline 0.004 -22"><span class='ocrx_word' id='word_1_316' title='bbox 486 2776 928 2834; x_wconf 88' lang='lat' dir='ltr'><strong>circumcisionis</strong></span> <span class='ocrx_word' id='word_1_317' title='bbox 968 2779 1178 2848; x_wconf 89' lang='lat' dir='ltr'><strong>subire,</strong></span> <span class='ocrx_word' id='word_1_318' title='bbox 1208 2783 1612 2854; x_wconf 87' lang='lat' dir='ltr'><strong>utgloriaretur</strong></span> <span class='ocrx_word' id='word_1_319' title='bbox 1645 2783 1698 2838; x_wconf 92' lang='lat' dir='ltr'><strong>in</strong></span> <span class='ocrx_word' id='word_1_320' title='bbox 1727 2782 1870 2853; x_wconf 89' lang='lat' dir='ltr'><strong>Lege</strong></span> <span class='ocrx_word' id='word_1_321' title='bbox 1893 2793 1948 2838; x_wconf 90' lang='lat' dir='ltr'><strong>et</strong></span> <span class='ocrx_word' id='word_1_322' title='bbox 1973 2783 2088 2839; x_wconf 91' lang='lat' dir='ltr'><strong>lau-</strong></span> 
     </span>
    </p>
   </div>
   <div class='ocr_carea' id='block_1_45' title="bbox 489 2871 2010 2948">
    <p class='ocr_par' dir='ltr' id='par_1_45' title="bbox 489 2871 2010 2948">
     <span class='ocr_line' id='line_1_45' title="bbox 489 2871 2010 2948; baseline 0.003 -22"><span class='ocrx_word' id='word_1_323' title='bbox 489 2871 612 2927; x_wconf 89' lang='lat' dir='ltr'><strong>dem</strong></span> <span class='ocrx_word' id='word_1_324' title='bbox 645 2887 710 2926; x_wconf 75' lang='lat' dir='ltr'><strong>ex</strong></span> <span class='ocrx_word' id='word_1_325' title='bbox 749 2871 1062 2930; x_wconf 90' lang='lat' dir='ltr'><strong>hominibus</strong></span> <span class='ocrx_word' id='word_1_326' title='bbox 1089 2875 1258 2945; x_wconf 81' lang='lat' dir='ltr'><strong>magis</strong></span> <span class='ocrx_word' id='word_1_327' title='bbox 1284 2890 1446 2946; x_wconf 91' lang='lat' dir='ltr'><strong>quam</strong></span> <span class='ocrx_word' id='word_1_328' title='bbox 1477 2891 1544 2932; x_wconf 84' lang='lat' dir='ltr'><strong>ex</strong></span> <span class='ocrx_word' id='word_1_329' title='bbox 1571 2876 1685 2932; x_wconf 83' lang='lat' dir='ltr'><strong>Dco</strong></span> <span class='ocrx_word' id='word_1_330' title='bbox 1719 2885 2010 2948; x_wconf 72' lang='lat' dir='ltr'><strong>quarrerct.</strong></span> 
     </span>
    </p>
   </div>
   <div class='ocr_carea' id='block_1_46' title="bbox 564 2964 2085 3041">
    <p class='ocr_par' dir='ltr' id='par_1_46' title="bbox 564 2964 2085 3041">
     <span class='ocr_line' id='line_1_46' title="bbox 564 2964 2085 3041; baseline 0.004 -23"><span class='ocrx_word' id='word_1_331' title='bbox 564 2964 653 3019; x_wconf 85' lang='lat' dir='ltr'><strong>l5.</strong></span> <span class='ocrx_word' id='word_1_332' title='bbox 687 2966 940 3036; x_wconf 88' lang='lat' dir='ltr'><strong>Oportuit</strong></span> <span class='ocrx_word' id='word_1_333' title='bbox 990 2966 1154 3037; x_wconf 85' lang='lat' dir='ltr'><strong>igitur</strong></span> <span class='ocrx_word' id='word_1_334' title='bbox 1181 2968 1654 3025; x_wconf 89' lang='lat' dir='ltr'><strong>circumcisionem</strong></span> <span class='ocrx_word' id='word_1_335' title='bbox 1685 2971 1939 3041; x_wconf 51' lang='lat' dir='ltr'><strong>exgpartc</strong></span> <span class='ocrx_word' id='word_1_336' title='bbox 1969 2969 2085 3025; x_wconf 82' lang='lat' dir='ltr'><strong>fieri</strong></span> 
     </span>
    </p>
   </div>
   <div class='ocr_carea' id='block_1_47' title="bbox 491 3061 2088 3134">
    <p class='ocr_par' dir='ltr' id='par_1_47' title="bbox 491 3061 2088 3134">
     <span class='ocr_line' id='line_1_47' title="bbox 491 3061 2088 3134; baseline 0.004 -21"><span class='ocrx_word' id='word_1_337' title='bbox 491 3069 616 3116; x_wconf 89' lang='lat' dir='ltr'><strong>ante</strong></span> <span class='ocrx_word' id='word_1_338' title='bbox 638 3061 756 3129; x_wconf 90' lang='lat' dir='ltr'><strong>ejus</strong></span> <span class='ocrx_word' id='word_1_339' title='bbox 782 3061 1097 3130; x_wconf 86' lang='lat' dir='ltr'><strong>adventum,</strong></span> <span class='ocrx_word' id='word_1_340' title='bbox 1148 3063 1237 3134; x_wconf 91' lang='lat' dir='ltr'><strong>qui</strong></span> <span class='ocrx_word' id='word_1_341' title='bbox 1263 3072 1435 3118; x_wconf 89' lang='lat' dir='ltr'><strong>totum</strong></span> <span class='ocrx_word' id='word_1_342' title='bbox 1464 3063 1882 3120; x_wconf 83' lang='lat' dir='ltr'><strong>circumcideret</strong></span> <span class='ocrx_word' id='word_1_343' title='bbox 1911 3063 2088 3119; x_wconf 89' lang='lat' dir='ltr'><strong>homi-</strong></span> 
     </span>
    </p>
   </div>
   <div class='ocr_carea' id='block_1_48' title="bbox 2189 1844 3755 1920">
    <p class='ocr_par' dir='ltr' id='par_1_48' title="bbox 2189 1844 3755 1920">
     <span class='ocr_line' id='line_1_48' title="bbox 2189 1844 3755 1920; baseline -0.004 -15"><span class='ocrx_word' id='word_1_344' title='bbox 2189 1861 2382 1906; x_wconf 84' lang='lat' dir='ltr'><strong>contrn</strong></span> <span class='ocrx_word' id='word_1_345' title='bbox 2429 1859 2680 1906; x_wconf 90' lang='lat' dir='ltr'><strong>naturam</strong></span> <span class='ocrx_word' id='word_1_346' title='bbox 2710 1858 2796 1905; x_wconf 88' lang='lat' dir='ltr'><strong>est</strong></span> <span class='ocrx_word' id='word_1_347' title='bbox 2823 1850 2897 1916; x_wconf 91' lang='lat' dir='ltr'><strong>ei,</strong></span> <span class='ocrx_word' id='word_1_348' title='bbox 2929 1848 3075 1920; x_wconf 92' lang='lat' dir='ltr'><strong>quod</strong></span> <span class='ocrx_word' id='word_1_349' title='bbox 3105 1863 3213 1904; x_wconf 91' lang='lat' dir='ltr'><strong>nou</strong></span> <span class='ocrx_word' id='word_1_350' title='bbox 3242 1846 3498 1909; x_wconf 81' lang='lat' dir='ltr'><strong>videtur;</strong></span> <span class='ocrx_word' id='word_1_351' title='bbox 3552 1855 3605 1900; x_wconf 87' lang='lat' dir='ltr'><strong>et</strong></span> <span class='ocrx_word' id='word_1_352' title='bbox 3640 1844 3755 1914; x_wconf 70' lang='lat' dir='ltr'><strong>quod</strong></span> 
     </span>
    </p>
   </div>
   <div class='ocr_carea' id='block_1_49' title="bbox 2189 1937 3756 2013">
    <p class='ocr_par' dir='ltr' id='par_1_49' title="bbox 2189 1937 3756 2013">
     <span class='ocr_line' id='line_1_49' title="bbox 2189 1937 3756 2013; baseline -0.005 -15"><span class='ocrx_word' id='word_1_353' title='bbox 2189 1943 2489 2000; x_wconf 88' lang='lat' dir='ltr'><strong>secundum</strong></span> <span class='ocrx_word' id='word_1_354' title='bbox 2516 1952 2763 1999; x_wconf 86' lang='lat' dir='ltr'><strong>naturam</strong></span> <span class='ocrx_word' id='word_1_355' title='bbox 2791 1951 2877 1999; x_wconf 89' lang='lat' dir='ltr'><strong>est</strong></span> <span class='ocrx_word' id='word_1_356' title='bbox 2894 1943 2966 2009; x_wconf 93' lang='lat' dir='ltr'><strong>ei,</strong></span> <span class='ocrx_word' id='word_1_357' title='bbox 2996 1941 3143 2013; x_wconf 87' lang='lat' dir='ltr'><strong>quod</strong></span> <span class='ocrx_word' id='word_1_358' title='bbox 3169 1955 3277 1998; x_wconf 90' lang='lat' dir='ltr'><strong>non</strong></span> <span class='ocrx_word' id='word_1_359' title='bbox 3303 1940 3552 2004; x_wconf 88' lang='lat' dir='ltr'><strong>videtur,</strong></span> <span class='ocrx_word' id='word_1_360' title='bbox 3575 1937 3627 1992; x_wconf 90' lang='lat' dir='ltr'><strong>id</strong></span> <span class='ocrx_word' id='word_1_361' title='bbox 3653 1952 3756 1991; x_wconf 57' lang='lat' dir='ltr'><strong>me.</strong></span> 
     </span>
    </p>
   </div>
   <div class='ocr_carea' id='block_1_50' title="bbox 2192 2029 3754 2106">
    <p class='ocr_par' dir='ltr' id='par_1_50' title="bbox 2192 2029 3754 2106">
     <span class='ocr_line' id='line_1_50' title="bbox 2192 2029 3754 2106; baseline -0.006 -14"><span class='ocrx_word' id='word_1_362' title='bbox 2192 2046 2272 2092; x_wconf 90' lang='lat' dir='ltr'><strong>tra</strong></span> <span class='ocrx_word' id='word_1_363' title='bbox 2302 2045 2552 2092; x_wconf 88' lang='lat' dir='ltr'><strong>naturam</strong></span> <span class='ocrx_word' id='word_1_364' title='bbox 2577 2045 2665 2093; x_wconf 91' lang='lat' dir='ltr'><strong>est</strong></span> <span class='ocrx_word' id='word_1_365' title='bbox 2682 2035 2906 2093; x_wconf 91' lang='lat' dir='ltr'><strong>visibili.</strong></span> <span class='ocrx_word' id='word_1_366' title='bbox 2939 2035 3085 2091; x_wconf 82' lang='lat' dir='ltr'><strong>Nihil</strong></span> <span class='ocrx_word' id='word_1_367' title='bbox 3112 2050 3244 2106; x_wconf 86' lang='lat' dir='ltr'><strong>ergo</strong></span> <span class='ocrx_word' id='word_1_368' title='bbox 3279 2034 3643 2104; x_wconf 84' lang='lat' dir='ltr'><strong>incongruum</strong></span> <span class='ocrx_word' id='word_1_369' title='bbox 3665 2029 3689 2067; x_wconf 68' lang='grc' dir='ltr'><em>δ</em></span> <span class='ocrx_word' id='word_1_370' title='bbox 3717 2032 3754 2084; x_wconf 80' lang='lat' dir='ltr'><strong>in</strong></span> 
     </span>
    </p>
   </div>
   <div class='ocr_carea' id='block_1_51' title="bbox 2191 2128 3755 2199">
    <p class='ocr_par' dir='ltr' id='par_1_51' title="bbox 2191 2128 3755 2199">
     <span class='ocr_line' id='line_1_51' title="bbox 2191 2128 3755 2199; baseline -0.004 -14"><span class='ocrx_word' id='word_1_371' title='bbox 2191 2130 2506 2187; x_wconf 89' lang='lat' dir='ltr'><strong>hominibus</strong></span> <span class='ocrx_word' id='word_1_372' title='bbox 2537 2130 2636 2187; x_wconf 89' lang='lat' dir='ltr'><strong>Dei</strong></span> <span class='ocrx_word' id='word_1_373' title='bbox 2662 2171 2678 2196; x_wconf 92' lang='lat'><strong>,</strong></span> <span class='ocrx_word' id='word_1_374' title='bbox 2714 2132 2759 2186; x_wconf 90' lang='lat' dir='ltr'><strong>si</strong></span> <span class='ocrx_word' id='word_1_375' title='bbox 2789 2128 2924 2185; x_wconf 85' lang='lat' dir='ltr'><strong>fiant</strong></span> <span class='ocrx_word' id='word_1_376' title='bbox 2950 2129 3131 2199; x_wconf 90' lang='lat' dir='ltr'><strong>aliqua</strong></span> <span class='ocrx_word' id='word_1_377' title='bbox 3161 2135 3353 2184; x_wconf 90' lang='lat' dir='ltr'><strong>contra</strong></span> <span class='ocrx_word' id='word_1_378' title='bbox 3384 2136 3635 2181; x_wconf 82' lang='lat' dir='ltr'><strong>naturam</strong></span> <span class='ocrx_word' id='word_1_379' title='bbox 3660 2139 3755 2178; x_wconf 83' lang='lat' dir='ltr'><strong>cor-</strong></span> 
     </span>
    </p>
   </div>
   <div class='ocr_carea' id='block_1_52' title="bbox 2192 2222 3513 2296">
    <p class='ocr_par' dir='ltr' id='par_1_52' title="bbox 2192 2222 3513 2296">
     <span class='ocr_line' id='line_1_52' title="bbox 2192 2222 3513 2296; baseline -0.005 -16"><span class='ocrx_word' id='word_1_380' title='bbox 2192 2225 2359 2296; x_wconf 89' lang='lat' dir='ltr'><strong>poris,</strong></span> <span class='ocrx_word' id='word_1_381' title='bbox 2387 2240 2510 2296; x_wconf 72' lang='lat' dir='ltr'><strong>quia:</strong></span> <span class='ocrx_word' id='word_1_382' title='bbox 2547 2225 2659 2279; x_wconf 91' lang='lat' dir='ltr'><strong>sint</strong></span> <span class='ocrx_word' id='word_1_383' title='bbox 2685 2222 2983 2280; x_wconf 88' lang='lat' dir='ltr'><strong>secundum</strong></span> <span class='ocrx_word' id='word_1_384' title='bbox 3009 2223 3206 2277; x_wconf 61' lang='lat' dir='ltr'><strong>animas</strong></span> <span class='ocrx_word' id='word_1_385' title='bbox 3233 2230 3513 2277; x_wconf 88' lang='lat' dir='ltr'><strong>naturam.</strong></span> 
     </span>
    </p>
   </div>
   <div class='ocr_carea' id='block_1_53' title="bbox 2265 2310 3753 2387">
    <p class='ocr_par' dir='ltr' id='par_1_53' title="bbox 2265 2310 3753 2387">
     <span class='ocr_line' id='line_1_53' title="bbox 2265 2310 3753 2387; baseline -0.002 -17"><span class='ocrx_word' id='word_1_386' title='bbox 2265 2315 2472 2385; x_wconf 69' lang='lat' dir='ltr'><strong>18.Qui</strong></span> <span class='ocrx_word' id='word_1_387' title='bbox 2489 2325 2672 2372; x_wconf 91' lang='lat' dir='ltr'><strong>autem</strong></span> <span class='ocrx_word' id='word_1_388' title='bbox 2696 2315 2887 2371; x_wconf 93' lang='lat' dir='ltr'><strong>dicunt</strong></span> <span class='ocrx_word' id='word_1_389' title='bbox 2906 2316 3166 2387; x_wconf 85' lang='lat' dir='ltr'><strong>quoniam</strong></span> <span class='ocrx_word' id='word_1_390' title='bbox 3191 2315 3377 2386; x_wconf 90' lang='lat' dir='ltr'><strong>plures</strong></span> <span class='ocrx_word' id='word_1_391' title='bbox 3399 2310 3753 2368; x_wconf 75' lang='lat' dir='ltr'><strong>credidissent.</strong></span> 
     </span>
    </p>
   </div>
   <div class='ocr_carea' id='block_1_54' title="bbox 2189 2402 3756 2477">
    <p class='ocr_par' dir='ltr' id='par_1_54' title="bbox 2189 2402 3756 2477">
     <span class='ocr_line' id='line_1_54' title="bbox 2189 2402 3756 2477; baseline -0.005 -13"><span class='ocrx_word' id='word_1_392' title='bbox 2189 2408 2236 2464; x_wconf 90' lang='lat' dir='ltr'><strong>si</strong></span> <span class='ocrx_word' id='word_1_393' title='bbox 2267 2409 2620 2464; x_wconf 88' lang='lat' dir='ltr'><strong>circumcisio</strong></span> <span class='ocrx_word' id='word_1_394' title='bbox 2656 2422 2763 2464; x_wconf 93' lang='lat' dir='ltr'><strong>non</strong></span> <span class='ocrx_word' id='word_1_395' title='bbox 2813 2407 3037 2476; x_wconf 85' lang='lat' dir='ltr'><strong>fuisset,</strong></span> <span class='ocrx_word' id='word_1_396' title='bbox 3077 2407 3114 2463; x_wconf 93' lang='lat' dir='ltr'><strong>ii</strong></span> <span class='ocrx_word' id='word_1_397' title='bbox 3156 2406 3262 2463; x_wconf 87' lang='lat' dir='ltr'><strong>sibi</strong></span> <span class='ocrx_word' id='word_1_398' title='bbox 3313 2419 3637 2477; x_wconf 81' lang='lat' dir='ltr'><strong>responsum</strong></span> <span class='ocrx_word' id='word_1_399' title='bbox 3677 2402 3756 2456; x_wconf 71' lang='lat' dir='ltr'><strong>hoc</strong></span> 
     </span>
    </p>
   </div>
   <div class='ocr_carea' id='block_1_55' title="bbox 2191 2500 3752 2573">
    <p class='ocr_par' dir='ltr' id='par_1_55' title="bbox 2191 2500 3752 2573">
     <span class='ocr_line' id='line_1_55' title="bbox 2191 2500 3752 2573; baseline -0.003 -16"><span class='ocrx_word' id='word_1_400' title='bbox 2191 2501 2452 2568; x_wconf 85' lang='lat' dir='ltr'><strong>habeant,</strong></span> <span class='ocrx_word' id='word_1_401' title='bbox 2481 2502 2736 2573; x_wconf 86' lang='lat' dir='ltr'><strong>quoniam</strong></span> <span class='ocrx_word' id='word_1_402' title='bbox 2762 2503 2945 2573; x_wconf 85' lang='lat' dir='ltr'><strong>plures</strong></span> <span class='ocrx_word' id='word_1_403' title='bbox 2972 2501 3285 2567; x_wconf 85' lang='lat' dir='ltr'><strong>crederent,</strong></span> <span class='ocrx_word' id='word_1_404' title='bbox 3317 2502 3364 2556; x_wconf 91' lang='lat' dir='ltr'><strong>si</strong></span> <span class='ocrx_word' id='word_1_405' title='bbox 3388 2500 3646 2572; x_wconf 81' lang='lat' dir='ltr'><strong>martyris</strong></span> <span class='ocrx_word' id='word_1_406' title='bbox 3671 2511 3752 2552; x_wconf 74' lang='lat' dir='ltr'><strong>non</strong></span> 
     </span>
    </p>
   </div>
   <div class='ocr_carea' id='block_1_56' title="bbox 2190 2595 3751 2670">
    <p class='ocr_par' dir='ltr' id='par_1_56' title="bbox 2190 2595 3751 2670">
     <span class='ocr_line' id='line_1_56' title="bbox 2190 2595 3751 2670; baseline -0.004 -17"><span class='ocrx_word' id='word_1_407' title='bbox 2190 2598 2461 2655; x_wconf 88' lang='lat' dir='ltr'><strong>fuissent:</strong></span> <span class='ocrx_word' id='word_1_408' title='bbox 2489 2598 2585 2655; x_wconf 90' lang='lat' dir='ltr'><strong>sed</strong></span> <span class='ocrx_word' id='word_1_409' title='bbox 2626 2597 2977 2670; x_wconf 67' lang='lat' dir='ltr'><strong>praestantior</strong></span> <span class='ocrx_word' id='word_1_410' title='bbox 3010 2607 3097 2654; x_wconf 87' lang='lat' dir='ltr'><strong>est</strong></span> <span class='ocrx_word' id='word_1_411' title='bbox 3138 2595 3408 2652; x_wconf 81' lang='lat' dir='ltr'><strong>fortitudo</strong></span> <span class='ocrx_word' id='word_1_412' title='bbox 3449 2606 3751 2666; x_wconf 68' lang='lat' dir='ltr'><strong>paucorum,</strong></span> 
     </span>
    </p>
   </div>
   <div class='ocr_carea' id='block_1_57' title="bbox 2190 2685 3750 2762">
    <p class='ocr_par' dir='ltr' id='par_1_57' title="bbox 2190 2685 3750 2762">
     <span class='ocr_line' id='line_1_57' title="bbox 2190 2685 3750 2762; baseline -0.004 -16"><span class='ocrx_word' id='word_1_413' title='bbox 2190 2706 2352 2762; x_wconf 87' lang='lat' dir='ltr'><strong>quam</strong></span> <span class='ocrx_word' id='word_1_414' title='bbox 2397 2690 2651 2747; x_wconf 87' lang='lat' dir='ltr'><strong>remissio</strong></span> <span class='ocrx_word' id='word_1_415' title='bbox 2697 2690 3078 2762; x_wconf 90' lang='lat' dir='ltr'><strong>plurimorum.</strong></span> <span class='ocrx_word' id='word_1_416' title='bbox 3122 2688 3281 2746; x_wconf 89' lang='lat' dir='ltr'><strong>Sicut</strong></span> <span class='ocrx_word' id='word_1_417' title='bbox 3325 2695 3515 2745; x_wconf 87' lang='lat' dir='ltr'><strong>autem</strong></span> <span class='ocrx_word' id='word_1_418' title='bbox 3558 2685 3750 2758; x_wconf 79' lang='lat' dir='ltr'><strong>plurim</strong></span> 
     </span>
    </p>
   </div>
   <div class='ocr_carea' id='block_1_58' title="bbox 2191 2782 3752 2858">
    <p class='ocr_par' dir='ltr' id='par_1_58' title="bbox 2191 2782 3752 2858">
     <span class='ocr_line' id='line_1_58' title="bbox 2191 2782 3752 2858; baseline -0.007 -16"><span class='ocrx_word' id='word_1_419' title='bbox 2191 2786 2578 2857; x_wconf 89' lang='lat' dir='ltr'><strong>baptismatum</strong></span> <span class='ocrx_word' id='word_1_420' title='bbox 2606 2800 2806 2858; x_wconf 84' lang='lat' dir='ltr'><strong>genera</strong></span> <span class='ocrx_word' id='word_1_421' title='bbox 2829 2784 3110 2856; x_wconf 69' lang='lat' dir='ltr'><strong>praemissa</strong></span> <span class='ocrx_word' id='word_1_422' title='bbox 3137 2793 3296 2849; x_wconf 91' lang='lat' dir='ltr'><strong>sunt,</strong></span> <span class='ocrx_word' id='word_1_423' title='bbox 3321 2782 3454 2854; x_wconf 89' lang='lat' dir='ltr'><strong>quia</strong></span> <span class='ocrx_word' id='word_1_424' title='bbox 3474 2789 3752 2837; x_wconf 81' lang='lat' dir='ltr'><strong>secuturum</strong></span> 
     </span>
    </p>
   </div>
   <div class='ocr_carea' id='block_1_59' title="bbox 2190 2877 3751 2948">
    <p class='ocr_par' dir='ltr' id='par_1_59' title="bbox 2190 2877 3751 2948">
     <span class='ocr_line' id='line_1_59' title="bbox 2190 2877 3751 2948; baseline -0.005 -14"><span class='ocrx_word' id='word_1_425' title='bbox 2190 2887 2310 2934; x_wconf 87' lang='lat' dir='ltr'><strong>erat</strong></span> <span class='ocrx_word' id='word_1_426' title='bbox 2337 2894 2526 2935; x_wconf 87' lang='lat' dir='ltr'><strong>verum</strong></span> <span class='ocrx_word' id='word_1_427' title='bbox 2553 2877 2688 2934; x_wconf 91' lang='lat' dir='ltr'><strong>illud</strong></span> <span class='ocrx_word' id='word_1_428' title='bbox 2721 2893 2886 2933; x_wconf 90' lang='lat' dir='ltr'><strong>unum</strong></span> <span class='ocrx_word' id='word_1_429' title='bbox 2919 2878 2972 2932; x_wconf 92' lang='lat' dir='ltr'><strong>iu</strong></span> <span class='ocrx_word' id='word_1_430' title='bbox 3003 2877 3198 2948; x_wconf 89' lang='lat' dir='ltr'><strong>spiritu</strong></span> <span class='ocrx_word' id='word_1_431' title='bbox 3226 2883 3284 2931; x_wconf 90' lang='lat' dir='ltr'><strong>et</strong></span> <span class='ocrx_word' id='word_1_432' title='bbox 3309 2889 3454 2946; x_wconf 89' lang='lat' dir='ltr'><strong>aqua</strong></span> <span class='ocrx_word' id='word_1_433' title='bbox 3480 2885 3751 2929; x_wconf 73' lang='lat' dir='ltr'><strong>sacram-</strong></span> 
     </span>
    </p>
   </div>
   <div class='ocr_carea' id='block_1_60' title="bbox 2193 2963 3752 3042">
    <p class='ocr_par' dir='ltr' id='par_1_60' title="bbox 2193 2963 3752 3042">
     <span class='ocr_line' id='line_1_60' title="bbox 2193 2963 3752 3042; baseline -0.009 -13"><span class='ocrx_word' id='word_1_434' title='bbox 2193 2981 2306 3029; x_wconf 85' lang='lat' dir='ltr'><strong>tum</strong></span> <span class='ocrx_word' id='word_1_435' title='bbox 2336 2972 2699 3042; x_wconf 86' lang='lat' dir='ltr'><strong>baptismatis,</strong></span> <span class='ocrx_word' id='word_1_436' title='bbox 2729 2985 2838 3042; x_wconf 90' lang='lat' dir='ltr'><strong>quo</strong></span> <span class='ocrx_word' id='word_1_437' title='bbox 2859 2979 3008 3026; x_wconf 91' lang='lat' dir='ltr'><strong>totus</strong></span> <span class='ocrx_word' id='word_1_438' title='bbox 3033 2967 3324 3025; x_wconf 90' lang='lat' dir='ltr'><strong>redimitur</strong></span> <span class='ocrx_word' id='word_1_439' title='bbox 3346 2965 3516 3021; x_wconf 85' lang='lat' dir='ltr'><strong>homo</strong></span> <span class='ocrx_word' id='word_1_440' title='bbox 3539 2983 3553 3017; x_wconf 93' lang='lat'>:</span> <span class='ocrx_word' id='word_1_441' title='bbox 3581 2966 3644 3019; x_wconf 87' lang='lat' dir='ltr'><strong>ita</strong></span> <span class='ocrx_word' id='word_1_442' title='bbox 3661 2963 3752 3034; x_wconf 75' lang='lat' dir='ltr'><strong>piu-</strong></span> 
     </span>
    </p>
   </div>
   <div class='ocr_carea' id='block_1_61' title="bbox 2189 3059 3754 3136">
    <p class='ocr_par' dir='ltr' id='par_1_61' title="bbox 2189 3059 3754 3136">
     <span class='ocr_line' id='line_1_61' title="bbox 2189 3059 3754 3136; baseline -0.008 -14"><span class='ocrx_word' id='word_1_443' title='bbox 2189 3067 2457 3123; x_wconf 89' lang='lat' dir='ltr'><strong>rimorum</strong></span> <span class='ocrx_word' id='word_1_444' title='bbox 2491 3078 2514 3104; x_wconf 73' lang='grc' dir='ltr'><strong><em>ε</em></strong></span> <span class='ocrx_word' id='word_1_445' title='bbox 2545 3065 2893 3124; x_wconf 86' lang='lat' dir='ltr'><strong>circumcisio</strong></span> <span class='ocrx_word' id='word_1_446' title='bbox 2919 3061 3301 3136; x_wconf 68' lang='lat' dir='ltr'><strong>praemittenda</strong></span> <span class='ocrx_word' id='word_1_447' title='bbox 3345 3061 3450 3115; x_wconf 88' lang='lat' dir='ltr'><strong>fuit</strong></span> <span class='ocrx_word' id='word_1_448' title='bbox 3493 3076 3511 3126; x_wconf 86' lang='lat'><strong>;</strong></span> <span class='ocrx_word' id='word_1_449' title='bbox 3559 3059 3667 3130; x_wconf 85' lang='lat' dir='ltr'><strong>quia</strong></span> <span class='ocrx_word' id='word_1_450' title='bbox 3689 3071 3754 3110; x_wconf 77' lang='lat' dir='ltr'><strong>se-</strong></span> 
     </span>
    </p>
   </div>
   <div class='ocr_carea' id='block_1_62' title="bbox 492 3153 3752 3226">
    <p class='ocr_par' dir='ltr' id='par_1_62' title="bbox 492 3153 3752 3226">
     <span class='ocr_line' id='line_1_62' title="bbox 492 3153 3752 3226; baseline -0.001 -19"><span class='ocrx_word' id='word_1_451' title='bbox 492 3167 648 3218; x_wconf 89' lang='lat' dir='ltr'><strong>nem;</strong></span> <span class='ocrx_word' id='word_1_452' title='bbox 679 3169 745 3209; x_wconf 82' lang='lat' dir='ltr'><strong>ex</strong></span> <span class='ocrx_word' id='word_1_453' title='bbox 773 3162 927 3224; x_wconf 90' lang='lat' dir='ltr'><strong>parte</strong></span> <span class='ocrx_word' id='word_1_454' title='bbox 958 3155 1104 3211; x_wconf 88' lang='lat' dir='ltr'><strong>enim</strong></span> <span class='ocrx_word' id='word_1_455' title='bbox 1130 3155 1320 3211; x_wconf 84' lang='lat' dir='ltr'><strong>debuit</strong></span> <span class='ocrx_word' id='word_1_456' title='bbox 1347 3169 1666 3213; x_wconf 85' lang='lat' dir='ltr'><strong>assuescere</strong></span> <span class='ocrx_word' id='word_1_457' title='bbox 1695 3159 1929 3213; x_wconf 90' lang='lat' dir='ltr'><strong>humana</strong></span> <span class='ocrx_word' id='word_1_458' title='bbox 1956 3171 2088 3213; x_wconf 86' lang='lat' dir='ltr'><strong>con-</strong></span> <span class='ocrx_word' id='word_1_459' title='bbox 2115 3153 2162 3216; x_wconf 85' lang='lat' dir='ltr'><strong>C</strong></span> <span class='ocrx_word' id='word_1_460' title='bbox 2191 3171 2385 3218; x_wconf 90' lang='lat' dir='ltr'><strong>cutura</strong></span> <span class='ocrx_word' id='word_1_461' title='bbox 2416 3169 2539 3217; x_wconf 92' lang='lat' dir='ltr'><strong>erat</strong></span> <span class='ocrx_word' id='word_1_462' title='bbox 2581 3159 2931 3217; x_wconf 90' lang='lat' dir='ltr'><strong>circumcisio</strong></span> <span class='ocrx_word' id='word_1_463' title='bbox 2963 3157 3261 3213; x_wconf 69' lang='lat' dir='ltr'><strong>Dominicaa</strong></span> <span class='ocrx_word' id='word_1_464' title='bbox 3307 3154 3602 3226; x_wconf 85' lang='lat' dir='ltr'><strong>passionis.</strong></span> <span class='ocrx_word' id='word_1_465' title='bbox 3629 3164 3752 3220; x_wconf 76' lang='lat' dir='ltr'><strong>quan</strong></span> 
     </span>
    </p>
   </div>
   <div class='ocr_carea' id='block_1_63' title="bbox 491 3245 2086 3318">
    <p class='ocr_par' dir='ltr' id='par_1_63' title="bbox 491 3245 2086 3318">
     <span class='ocr_line' id='line_1_63' title="bbox 491 3245 2086 3318; baseline 0.003 -20"><span class='ocrx_word' id='word_1_466' title='bbox 491 3245 628 3299; x_wconf 89' lang='lat' dir='ltr'><strong>ditio</strong></span> <span class='ocrx_word' id='word_1_467' title='bbox 649 3287 665 3311; x_wconf 93' lang='lat'><strong>,</strong></span> <span class='ocrx_word' id='word_1_468' title='bbox 699 3246 1157 3316; x_wconf 86' lang='lat' dir='ltr'><strong>quemadmodum</strong></span> <span class='ocrx_word' id='word_1_469' title='bbox 1207 3247 1260 3302; x_wconf 91' lang='lat' dir='ltr'><strong>in</strong></span> <span class='ocrx_word' id='word_1_470' title='bbox 1294 3246 1345 3302; x_wconf 91' lang='lat' dir='ltr'><strong>id</strong></span> <span class='ocrx_word' id='word_1_471' title='bbox 1367 3288 1385 3315; x_wconf 93' lang='lat'><strong>,</strong></span> <span class='ocrx_word' id='word_1_472' title='bbox 1439 3246 1584 3318; x_wconf 90' lang='lat' dir='ltr'><strong>quod</strong></span> <span class='ocrx_word' id='word_1_473' title='bbox 1637 3245 1936 3318; x_wconf 89' lang='lat' dir='ltr'><strong>perfectum</strong></span> <span class='ocrx_word' id='word_1_474' title='bbox 1969 3257 2086 3311; x_wconf 89' lang='lat' dir='ltr'><strong>est,</strong></span> 
     </span>
    </p>
   </div>
   <div class='ocr_carea' id='block_1_64' title="bbox 468 3338 2088 3412">
    <p class='ocr_par' dir='ltr' id='par_1_64' title="bbox 468 3338 2088 3412">
     <span class='ocr_line' id='line_1_64' title="bbox 468 3338 2088 3412; baseline 0 -18"><span class='ocrx_word' id='word_1_475' title='bbox 468 3338 828 3394; x_wconf 69' lang='lat' dir='ltr'><strong>crederetur.</strong></span> <span class='ocrx_word' id='word_1_476' title='bbox 875 3339 939 3404; x_wconf 90' lang='lat' dir='ltr'><strong>_Si</strong></span> <span class='ocrx_word' id='word_1_477' title='bbox 987 3350 1166 3395; x_wconf 91' lang='lat' dir='ltr'><strong>autem</strong></span> <span class='ocrx_word' id='word_1_478' title='bbox 1216 3340 1462 3412; x_wconf 89' lang='lat' dir='ltr'><strong>oportuit</strong></span> <span class='ocrx_word' id='word_1_479' title='bbox 1519 3339 1859 3407; x_wconf 89' lang='lat' dir='ltr'><strong>circumcidi,</strong></span> <span class='ocrx_word' id='word_1_480' title='bbox 1894 3341 1947 3396; x_wconf 91' lang='lat' dir='ltr'><strong>in</strong></span> <span class='ocrx_word' id='word_1_481' title='bbox 1984 3357 2088 3411; x_wconf 77' lang='lat' dir='ltr'><strong>qua</strong></span> 
     </span>
    </p>
   </div>
   <div class='ocr_carea' id='block_1_65' title="bbox 493 3432 2088 3503">
    <p class='ocr_par' dir='ltr' id='par_1_65' title="bbox 493 3432 2088 3503">
     <span class='ocr_line' id='line_1_65' title="bbox 493 3432 2088 3503; baseline 0.001 -17"><span class='ocrx_word' id='word_1_482' title='bbox 493 3432 664 3501; x_wconf 85' lang='lat' dir='ltr'><strong>magis</strong></span> <span class='ocrx_word' id='word_1_483' title='bbox 704 3441 858 3502; x_wconf 87' lang='lat' dir='ltr'><strong>parte</strong></span> <span class='ocrx_word' id='word_1_484' title='bbox 912 3432 1284 3488; x_wconf 87' lang='lat' dir='ltr'><strong>membrorum</strong></span> <span class='ocrx_word' id='word_1_485' title='bbox 1330 3435 1575 3503; x_wconf 82' lang='lat' dir='ltr'><strong>Oportuit</strong></span> <span class='ocrx_word' id='word_1_486' title='bbox 1617 3434 2088 3490; x_wconf 85' lang='lat' dir='ltr'><strong>circumcisionem</strong></span> 
     </span>
    </p>
   </div>
   <div class='ocr_carea' id='block_1_66' title="bbox 497 3523 2092 3596">
    <p class='ocr_par' dir='ltr' id='par_1_66' title="bbox 497 3523 2092 3596">
     <span class='ocr_line' id='line_1_66' title="bbox 497 3523 2092 3596; baseline 0.003 -21"><span class='ocrx_word' id='word_1_487' title='bbox 497 3523 613 3578; x_wconf 92' lang='lat' dir='ltr'><strong>lieri</strong></span> <span class='ocrx_word' id='word_1_488' title='bbox 644 3537 805 3594; x_wconf 89' lang='lat' dir='ltr'><strong>quam</strong></span> <span class='ocrx_word' id='word_1_489' title='bbox 825 3524 877 3578; x_wconf 91' lang='lat' dir='ltr'><strong>in</strong></span> <span class='ocrx_word' id='word_1_490' title='bbox 905 3539 991 3593; x_wconf 89' lang='lat' dir='ltr'><strong>ea,</strong></span> <span class='ocrx_word' id='word_1_491' title='bbox 1013 3539 1134 3595; x_wconf 59' lang='lat' dir='ltr'><strong>quae</strong></span> <span class='ocrx_word' id='word_1_492' title='bbox 1153 3524 1475 3596; x_wconf 86' lang='lat' dir='ltr'><strong>quibusdam</strong></span> <span class='ocrx_word' id='word_1_493' title='bbox 1495 3523 1707 3580; x_wconf 87' lang='lat' dir='ltr'><strong>videtur</strong></span> <span class='ocrx_word' id='word_1_494' title='bbox 1726 3525 2092 3582; x_wconf 81' lang='lat' dir='ltr'><strong>inhonestior?</strong></span> 
     </span>
    </p>
   </div>
   <div class='ocr_carea' id='block_1_67' title="bbox 497 3613 2093 3692">
    <p class='ocr_par' dir='ltr' id='par_1_67' title="bbox 497 3613 2093 3692">
     <span class='ocr_line' id='line_1_67' title="bbox 497 3613 2093 3692; baseline 0.004 -22"><span class='ocrx_word' id='word_1_495' title='bbox 497 3613 567 3671; x_wconf 88' lang='lat' dir='ltr'><strong>Ut</strong></span> <span class='ocrx_word' id='word_1_496' title='bbox 595 3617 662 3670; x_wconf 90' lang='lat' dir='ltr'><strong>iis</strong></span> <span class='ocrx_word' id='word_1_497' title='bbox 681 3633 796 3688; x_wconf 65' lang='lat' dir='ltr'><strong>qua:</strong></span> <span class='ocrx_word' id='word_1_498' title='bbox 805 3628 1110 3688; x_wconf 86' lang='lat' dir='ltr'><strong>putarentur</strong></span> <span class='ocrx_word' id='word_1_499' title='bbox 1137 3618 1452 3690; x_wconf 76' lang='lat' dir='ltr'><strong>ignobiliora</strong></span> <span class='ocrx_word' id='word_1_500' title='bbox 1474 3636 1583 3674; x_wconf 86' lang='lat' dir='ltr'><strong>esse</strong></span> <span class='ocrx_word' id='word_1_501' title='bbox 1604 3619 1831 3675; x_wconf 81' lang='lat' dir='ltr'><strong>membra</strong></span> <span class='ocrx_word' id='word_1_502' title='bbox 1857 3624 2093 3692; x_wconf 85' lang='lat' dir='ltr'><strong>corporis</strong></span> 
     </span>
    </p>
   </div>
   <div class='ocr_carea' id='block_1_68' title="bbox 495 3711 2093 3776">
    <p class='ocr_par' dir='ltr' id='par_1_68' title="bbox 495 3711 2093 3776">
     <span class='ocr_line' id='line_1_68' title="bbox 495 3711 2093 3776; baseline 0.002 -13"><span class='ocrx_word' id='word_1_503' title='bbox 495 3712 689 3776; x_wconf 83' lang='lat' dir='ltr'><strong>nostri,</strong></span> <span class='ocrx_word' id='word_1_504' title='bbox 723 3711 1038 3766; x_wconf 84' lang='lat' dir='ltr'><strong>honestatem</strong></span> <span class='ocrx_word' id='word_1_505' title='bbox 1095 3711 1527 3767; x_wconf 78' lang='lat' dir='ltr'><strong>abundantiorem</strong></span> <span class='ocrx_word' id='word_1_506' title='bbox 1574 3713 2003 3767; x_wconf 88' lang='lat' dir='ltr'><strong>circumdarent:</strong></span> <span class='ocrx_word' id='word_1_507' title='bbox 2047 3723 2093 3766; x_wconf 78' lang='lat' dir='ltr'><strong>et</strong></span> 
     </span>
    </p>
   </div>
   <div class='ocr_carea' id='block_1_69' title="bbox 494 3803 2092 3872">
    <p class='ocr_par' dir='ltr' id='par_1_69' title="bbox 494 3803 2092 3872">
     <span class='ocr_line' id='line_1_69' title="bbox 494 3803 2092 3872; baseline 0.001 -16"><span class='ocrx_word' id='word_1_508' title='bbox 494 3817 610 3872; x_wconf 72' lang='lat' dir='ltr'><strong>qua:</strong></span> <span class='ocrx_word' id='word_1_509' title='bbox 645 3803 917 3857; x_wconf 81' lang='lat' dir='ltr'><strong>inhonesta</strong></span> <span class='ocrx_word' id='word_1_510' title='bbox 943 3817 1064 3858; x_wconf 86' lang='lat' dir='ltr'><strong>sunt</strong></span> <span class='ocrx_word' id='word_1_511' title='bbox 1090 3813 1287 3871; x_wconf 65' lang='lat' dir='ltr'><strong>nostra,</strong></span> <span class='ocrx_word' id='word_1_512' title='bbox 1323 3804 1642 3859; x_wconf 84' lang='lat' dir='ltr'><strong>honestatem</strong></span> <span class='ocrx_word' id='word_1_513' title='bbox 1661 3805 2092 3859; x_wconf 84' lang='lat' dir='ltr'><strong>abundantiorem</strong></span> 
     </span>
    </p>
   </div>
   <div class='ocr_carea' id='block_1_70' title="bbox 496 3891 2091 3973">
    <p class='ocr_par' dir='ltr' id='par_1_70' title="bbox 496 3891 2091 3973">
     <span class='ocr_line' id='line_1_70' title="bbox 496 3891 2091 3973; baseline 0.001 -21"><span class='ocrx_word' id='word_1_514' title='bbox 496 3898 741 3954; x_wconf 80' lang='lat' dir='ltr'><strong>haberent</strong></span> <span class='ocrx_word' id='word_1_515' title='bbox 771 3899 815 3973; x_wconf 94' lang='lat' dir='ltr'><strong>(l</strong></span> <span class='ocrx_word' id='word_1_516' title='bbox 844 3891 966 3954; x_wconf 87' lang='lat' dir='ltr'><strong>Cor.</strong></span> <span class='ocrx_word' id='word_1_517' title='bbox 985 3915 1080 3967; x_wconf 84' lang='lat' dir='ltr'><strong>xu,</strong></span> <span class='ocrx_word' id='word_1_518' title='bbox 1111 3899 1228 3972; x_wconf 75' lang='lat'><strong>23).</strong></span> <span class='ocrx_word' id='word_1_519' title='bbox 1256 3899 1359 3957; x_wconf 89' lang='lat' dir='ltr'><strong>Ubi</strong></span> <span class='ocrx_word' id='word_1_520' title='bbox 1385 3901 1532 3957; x_wconf 93' lang='lat' dir='ltr'><strong>enim</strong></span> <span class='ocrx_word' id='word_1_521' title='bbox 1565 3901 1734 3972; x_wconf 91' lang='lat' dir='ltr'><strong>magis</strong></span> <span class='ocrx_word' id='word_1_522' title='bbox 1761 3901 1842 3955; x_wconf 91' lang='lat' dir='ltr'><strong>vir</strong></span> <span class='ocrx_word' id='word_1_523' title='bbox 1870 3900 2091 3971; x_wconf 82' lang='lat' dir='ltr'><strong>sangui-</strong></span> 
     </span>
    </p>
   </div>
   <div class='ocr_carea' id='block_1_71' title="bbox 497 3991 2094 4064">
    <p class='ocr_par' dir='ltr' id='par_1_71' title="bbox 497 3991 2094 4064">
     <span class='ocr_line' id='line_1_71' title="bbox 497 3991 2094 4064; baseline 0.001 -18"><span class='ocrx_word' id='word_1_524' title='bbox 497 3992 580 4046; x_wconf 91' lang='lat' dir='ltr'><strong>nis</strong></span> <span class='ocrx_word' id='word_1_525' title='bbox 612 3993 693 4047; x_wconf 89' lang='lat' dir='ltr'><strong>sui</strong></span> <span class='ocrx_word' id='word_1_526' title='bbox 721 3991 1003 4048; x_wconf 88' lang='lat' dir='ltr'><strong>admoneri</strong></span> <span class='ocrx_word' id='word_1_527' title='bbox 1034 3991 1243 4058; x_wconf 90' lang='lat' dir='ltr'><strong>debuit,</strong></span> <span class='ocrx_word' id='word_1_528' title='bbox 1267 4008 1428 4064; x_wconf 93' lang='lat' dir='ltr'><strong>quam</strong></span> <span class='ocrx_word' id='word_1_529' title='bbox 1466 3993 1517 4048; x_wconf 92' lang='lat' dir='ltr'><strong>in</strong></span> <span class='ocrx_word' id='word_1_530' title='bbox 1546 4007 1609 4048; x_wconf 89' lang='lat' dir='ltr'><strong>ea</strong></span> <span class='ocrx_word' id='word_1_531' title='bbox 1639 4003 1811 4063; x_wconf 89' lang='lat' dir='ltr'><strong>parte,</strong></span> <span class='ocrx_word' id='word_1_532' title='bbox 1846 4008 1966 4063; x_wconf 65' lang='lat' dir='ltr'><strong>qua:</strong></span> <span class='ocrx_word' id='word_1_533' title='bbox 1993 3992 2094 4049; x_wconf 86' lang='lat' dir='ltr'><strong>mi-</strong></span> 
     </span>
    </p>
   </div>
   <div class='ocr_carea' id='block_1_72' title="bbox 497 4071 1254 4141">
    <p class='ocr_par' dir='ltr' id='par_1_72' title="bbox 497 4071 1254 4141">
     <span class='ocr_line' id='line_1_72' title="bbox 497 4071 1254 4141; baseline 0.001 -3"><span class='ocrx_word' id='word_1_534' title='bbox 497 4085 786 4141; x_wconf 89' lang='lat' dir='ltr'><strong>nisterium</strong></span> <span class='ocrx_word' id='word_1_535' title='bbox 814 4087 990 4141; x_wconf 91' lang='lat' dir='ltr'><strong>errori</strong></span> <span class='ocrx_word' id='word_1_536' title='bbox 1015 4071 1254 4140; x_wconf 82' lang='lat' dir='ltr'><strong>exhibet.</strong></span> 
     </span>
    </p>
   </div>
   <div class='ocr_carea' id='block_1_73' title="bbox 567 4176 2094 4250">
    <p class='ocr_par' dir='ltr' id='par_1_73' title="bbox 567 4176 2094 4250">
     <span class='ocr_line' id='line_1_73' title="bbox 567 4176 2094 4250; baseline 0.002 -19"><span class='ocrx_word' id='word_1_537' title='bbox 567 4178 656 4233; x_wconf 79' lang='grc'><strong>16.</strong></span> <span class='ocrx_word' id='word_1_538' title='bbox 699 4176 853 4234; x_wconf 88' lang='lat' dir='ltr'><strong>Nunc</strong></span> <span class='ocrx_word' id='word_1_539' title='bbox 912 4191 1123 4249; x_wconf 88' lang='lat' dir='ltr'><strong>tempus</strong></span> <span class='ocrx_word' id='word_1_540' title='bbox 1183 4187 1268 4235; x_wconf 89' lang='lat' dir='ltr'><strong>est</strong></span> <span class='ocrx_word' id='word_1_541' title='bbox 1299 4187 1358 4235; x_wconf 92' lang='lat' dir='ltr'><strong>ut</strong></span> <span class='ocrx_word' id='word_1_542' title='bbox 1403 4188 1460 4235; x_wconf 90' lang='lat' dir='ltr'><strong>et</strong></span> <span class='ocrx_word' id='word_1_543' title='bbox 1506 4179 1614 4234; x_wconf 90' lang='lat' dir='ltr'><strong>illis</strong></span> <span class='ocrx_word' id='word_1_544' title='bbox 1665 4177 2094 4250; x_wconf 88' lang='lat' dir='ltr'><strong>respondeamus</strong></span> 
     </span>
    </p>
   </div>
   <div class='ocr_carea' id='block_1_74' title="bbox 495 4270 2094 4342">
    <p class='ocr_par' dir='ltr' id='par_1_74' title="bbox 495 4270 2094 4342">
     <span class='ocr_line' id='line_1_74' title="bbox 495 4270 2094 4342; baseline 0.001 -17"><span class='ocrx_word' id='word_1_545' title='bbox 495 4271 587 4341; x_wconf 91' lang='lat' dir='ltr'><strong>qui</strong></span> <span class='ocrx_word' id='word_1_546' title='bbox 608 4270 818 4339; x_wconf 83' lang='lat' dir='ltr'><strong>dicunt,</strong></span> <span class='ocrx_word' id='word_1_547' title='bbox 847 4270 892 4326; x_wconf 91' lang='lat' dir='ltr'><strong>si</strong></span> <span class='ocrx_word' id='word_1_548' title='bbox 939 4287 1001 4326; x_wconf 90' lang='lat' dir='ltr'><strong>ea</strong></span> <span class='ocrx_word' id='word_1_549' title='bbox 1037 4286 1164 4341; x_wconf 88' lang='lat' dir='ltr'><strong>pars</strong></span> <span class='ocrx_word' id='word_1_550' title='bbox 1191 4271 1442 4342; x_wconf 89' lang='lat' dir='ltr'><strong>corporis</strong></span> <span class='ocrx_word' id='word_1_551' title='bbox 1469 4273 1641 4328; x_wconf 90' lang='lat' dir='ltr'><strong>nostri</strong></span> <span class='ocrx_word' id='word_1_552' title='bbox 1670 4271 1970 4327; x_wconf 90' lang='lat' dir='ltr'><strong>secundum</strong></span> <span class='ocrx_word' id='word_1_553' title='bbox 1997 4287 2094 4326; x_wconf 89' lang='lat' dir='ltr'><strong>na-</strong></span> 
     </span>
    </p>
   </div>
   <div class='ocr_carea' id='block_1_75' title="bbox 497 4364 2092 4436">
    <p class='ocr_par' dir='ltr' id='par_1_75' title="bbox 497 4364 2092 4436">
     <span class='ocr_line' id='line_1_75' title="bbox 497 4364 2092 4436; baseline 0.002 -20"><span class='ocrx_word' id='word_1_554' title='bbox 497 4370 676 4417; x_wconf 89' lang='lat' dir='ltr'><strong>turam</strong></span> <span class='ocrx_word' id='word_1_555' title='bbox 704 4371 809 4430; x_wconf 85' lang='lat' dir='ltr'><strong>est,</strong></span> <span class='ocrx_word' id='word_1_556' title='bbox 834 4378 1174 4434; x_wconf 85' lang='lat' dir='ltr'><strong>nequaquam</strong></span> <span class='ocrx_word' id='word_1_557' title='bbox 1210 4380 1332 4420; x_wconf 89' lang='lat' dir='ltr'><strong>eam</strong></span> <span class='ocrx_word' id='word_1_558' title='bbox 1367 4364 1635 4436; x_wconf 89' lang='lat' dir='ltr'><strong>amputari</strong></span> <span class='ocrx_word' id='word_1_559' title='bbox 1665 4365 1971 4436; x_wconf 88' lang='lat' dir='ltr'><strong>oportuisse</strong></span> <span class='ocrx_word' id='word_1_560' title='bbox 1999 4381 2013 4418; x_wconf 90' lang='lat'><strong>:</strong></span> <span class='ocrx_word' id='word_1_561' title='bbox 2046 4365 2092 4419; x_wconf 90' lang='lat' dir='ltr'><strong>si</strong></span> 
     </span>
    </p>
   </div>
   <div class='ocr_carea' id='block_1_76' title="bbox 499 4456 2093 4525">
    <p class='ocr_par' dir='ltr' id='par_1_76' title="bbox 499 4456 2093 4525">
     <span class='ocr_line' id='line_1_76' title="bbox 499 4456 2093 4525; baseline 0.001 -16"><span class='ocrx_word' id='word_1_562' title='bbox 499 4468 608 4510; x_wconf 92' lang='lat' dir='ltr'><strong>non</strong></span> <span class='ocrx_word' id='word_1_563' title='bbox 647 4465 733 4510; x_wconf 88' lang='lat' dir='ltr'><strong>est</strong></span> <span class='ocrx_word' id='word_1_564' title='bbox 785 4457 1082 4512; x_wconf 88' lang='lat' dir='ltr'><strong>secundum</strong></span> <span class='ocrx_word' id='word_1_565' title='bbox 1131 4468 1413 4525; x_wconf 85' lang='lat' dir='ltr'><strong>naturam,</strong></span> <span class='ocrx_word' id='word_1_566' title='bbox 1467 4473 1573 4514; x_wconf 94' lang='lat' dir='ltr'><strong>non</strong></span> <span class='ocrx_word' id='word_1_567' title='bbox 1631 4457 1888 4514; x_wconf 88' lang='lat' dir='ltr'><strong>debuisse</strong></span> <span class='ocrx_word' id='word_1_568' title='bbox 1931 4456 2093 4513; x_wconf 89' lang='lat' dir='ltr'><strong>simul</strong></span> 
     </span>
    </p>
   </div>
   <div class='ocr_carea' id='block_1_77' title="bbox 2193 3247 3751 3326">
    <p class='ocr_par' dir='ltr' id='par_1_77' title="bbox 2193 3247 3751 3326">
     <span class='ocr_line' id='line_1_77' title="bbox 2193 3247 3751 3326; baseline -0.009 -18"><span class='ocrx_word' id='word_1_569' title='bbox 2193 3253 2422 3326; x_wconf 82' lang='lat' dir='ltr'><strong>pertulit</strong></span> <span class='ocrx_word' id='word_1_570' title='bbox 2447 3252 2610 3310; x_wconf 69' lang='lat' dir='ltr'><strong>Iesus</strong></span> <span class='ocrx_word' id='word_1_571' title='bbox 2638 3251 2794 3323; x_wconf 83' lang='lat' dir='ltr'><strong>quasi</strong></span> <span class='ocrx_word' id='word_1_572' title='bbox 2829 3253 3016 3321; x_wconf 79' lang='lat' dir='ltr'><strong>Agnus</strong></span> <span class='ocrx_word' id='word_1_573' title='bbox 3068 3248 3186 3316; x_wconf 86' lang='lat' dir='ltr'><strong>Dei,</strong></span> <span class='ocrx_word' id='word_1_574' title='bbox 3217 3256 3277 3303; x_wconf 95' lang='lat' dir='ltr'><strong>ut</strong></span> <span class='ocrx_word' id='word_1_575' title='bbox 3310 3247 3533 3302; x_wconf 78' lang='lat' dir='ltr'><strong>tolleret</strong></span> <span class='ocrx_word' id='word_1_576' title='bbox 3574 3252 3751 3313; x_wconf 75' lang='lat' dir='ltr'><strong>peccata</strong></span> 
     </span>
    </p>
   </div>
   <div class='ocr_carea' id='block_1_78' title="bbox 2194 3343 2808 3416">
    <p class='ocr_par' dir='ltr' id='par_1_78' title="bbox 2194 3343 2808 3416">
     <span class='ocr_line' id='line_1_78' title="bbox 2194 3343 2808 3416; baseline -0.008 -11"><span class='ocrx_word' id='word_1_577' title='bbox 2194 3346 2381 3405; x_wconf 88' lang='lat' dir='ltr'><strong>mundi</strong></span> <span class='ocrx_word' id='word_1_578' title='bbox 2411 3346 2598 3416; x_wconf 81' lang='lat' dir='ltr'><strong>(Joan.</strong></span> <span class='ocrx_word' id='word_1_579' title='bbox 2626 3360 2668 3413; x_wconf 87' lang='grc' dir='ltr'>ι,</span> <span class='ocrx_word' id='word_1_580' title='bbox 2695 3343 2808 3415; x_wconf 72' lang='lat'><strong>36).</strong></span> 
     </span>
    </p>
   </div>
   <div class='ocr_carea' id='block_1_79' title="bbox 2266 3429 3754 3508">
    <p class='ocr_par' dir='ltr' id='par_1_79' title="bbox 2266 3429 3754 3508">
     <span class='ocr_line' id='line_1_79' title="bbox 2266 3429 3754 3508; baseline -0.011 -11"><span class='ocrx_word' id='word_1_581' title='bbox 2266 3443 2355 3497; x_wconf 82' lang='lat' dir='ltr'><strong>l9.</strong></span> <span class='ocrx_word' id='word_1_582' title='bbox 2388 3440 2516 3497; x_wconf 66' lang='lat' dir='ltr'><strong>Hsec</strong></span> <span class='ocrx_word' id='word_1_583' title='bbox 2539 3439 2665 3496; x_wconf 89' lang='lat' dir='ltr'><strong>ideo</strong></span> <span class='ocrx_word' id='word_1_584' title='bbox 2692 3438 3038 3508; x_wconf 91' lang='lat' dir='ltr'><strong>scripsimus,</strong></span> <span class='ocrx_word' id='word_1_585' title='bbox 3061 3445 3121 3491; x_wconf 91' lang='lat' dir='ltr'><strong>ut</strong></span> <span class='ocrx_word' id='word_1_586' title='bbox 3145 3433 3578 3491; x_wconf 85' lang='lat' dir='ltr'><strong>ostenderemus</strong></span> <span class='ocrx_word' id='word_1_587' title='bbox 3597 3429 3754 3498; x_wconf 72' lang='lat' dir='ltr'><strong>quiaet</strong></span> 
     </span>
    </p>
   </div>
   <div class='ocr_carea' id='block_1_80' title="bbox 2194 3525 3753 3604">
    <p class='ocr_par' dir='ltr' id='par_1_80' title="bbox 2194 3525 3753 3604">
     <span class='ocr_line' id='line_1_80' title="bbox 2194 3525 3753 3604; baseline -0.012 -15"><span class='ocrx_word' id='word_1_588' title='bbox 2194 3533 2386 3590; x_wconf 88' lang='lat' dir='ltr'><strong>debuit</strong></span> <span class='ocrx_word' id='word_1_589' title='bbox 2411 3532 2670 3604; x_wconf 66' lang='lat' dir='ltr'><strong>prmmitti</strong></span> <span class='ocrx_word' id='word_1_590' title='bbox 2695 3529 3078 3598; x_wconf 84' lang='lat' dir='ltr'><strong>circumcisio,</strong></span> <span class='ocrx_word' id='word_1_591' title='bbox 3101 3542 3230 3597; x_wconf 75' lang='lat' dir='ltr'><strong>qua:</strong></span> <span class='ocrx_word' id='word_1_592' title='bbox 3253 3525 3391 3582; x_wconf 84' lang='lat' dir='ltr'><strong>foris</strong></span> <span class='ocrx_word' id='word_1_593' title='bbox 3419 3534 3508 3580; x_wconf 88' lang='lat' dir='ltr'><strong>est</strong></span> <span class='ocrx_word' id='word_1_594' title='bbox 3526 3565 3542 3588; x_wconf 91' lang='lat'><strong>,</strong></span> <span class='ocrx_word' id='word_1_595' title='bbox 3570 3529 3617 3577; x_wconf 91' lang='lat' dir='ltr'><strong>ut</strong></span> <span class='ocrx_word' id='word_1_596' title='bbox 3641 3530 3688 3574; x_wconf 86' lang='lat' dir='ltr'><strong>et</strong></span> <span class='ocrx_word' id='word_1_597' title='bbox 3709 3533 3753 3569; x_wconf 68' lang='lat' dir='ltr'><strong>ea</strong></span> 
     </span>
    </p>
   </div>
   <div class='ocr_carea' id='block_1_81' title="bbox 2189 3614 3750 3699">
    <p class='ocr_par' dir='ltr' id='par_1_81' title="bbox 2189 3614 3750 3699">
     <span class='ocr_line' id='line_1_81' title="bbox 2189 3614 3750 3699; baseline -0.014 -16"><span class='ocrx_word' id='word_1_598' title='bbox 2189 3628 2304 3699; x_wconf 86' lang='lat' dir='ltr'><strong>jam</strong></span> <span class='ocrx_word' id='word_1_599' title='bbox 2342 3638 2464 3696; x_wconf 89' lang='lat' dir='ltr'><strong>post</strong></span> <span class='ocrx_word' id='word_1_600' title='bbox 2513 3627 2807 3680; x_wconf 86' lang='lat' dir='ltr'><strong>adventum</strong></span> <span class='ocrx_word' id='word_1_601' title='bbox 2841 3621 3056 3678; x_wconf 92' lang='lat' dir='ltr'><strong>Domini</strong></span> <span class='ocrx_word' id='word_1_602' title='bbox 3097 3619 3224 3689; x_wconf 84' lang='lat' dir='ltr'><strong>jure</strong></span> <span class='ocrx_word' id='word_1_603' title='bbox 3256 3617 3517 3673; x_wconf 86' lang='lat' dir='ltr'><strong>videatur</strong></span> <span class='ocrx_word' id='word_1_604' title='bbox 3553 3614 3750 3670; x_wconf 76' lang='lat' dir='ltr'><strong>excinsa.</strong></span> 
     </span>
    </p>
   </div>
   <div class='ocr_carea' id='block_1_82' title="bbox 2195 3707 3753 3780">
    <p class='ocr_par' dir='ltr' id='par_1_82' title="bbox 2195 3707 3753 3780">
     <span class='ocr_line' id='line_1_82' title="bbox 2195 3707 3753 3780; baseline -0.012 -5"><span class='ocrx_word' id='word_1_605' title='bbox 2195 3718 2355 3775; x_wconf 84' lang='lat' dir='ltr'><strong>Nune</strong></span> <span class='ocrx_word' id='word_1_606' title='bbox 2381 3728 2566 3774; x_wconf 87' lang='lat' dir='ltr'><strong>autem</strong></span> <span class='ocrx_word' id='word_1_607' title='bbox 2596 3715 2943 3772; x_wconf 88' lang='lat' dir='ltr'><strong>circumcisio</strong></span> <span class='ocrx_word' id='word_1_608' title='bbox 2973 3723 3059 3770; x_wconf 89' lang='lat' dir='ltr'><strong>est</strong></span> <span class='ocrx_word' id='word_1_609' title='bbox 3099 3711 3440 3774; x_wconf 80' lang='lat' dir='ltr'><strong>necessaria,</strong></span> <span class='ocrx_word' id='word_1_610' title='bbox 3472 3725 3592 3780; x_wconf 65' lang='lat' dir='ltr'><strong>qua</strong></span> <span class='ocrx_word' id='word_1_611' title='bbox 3625 3707 3669 3760; x_wconf 87' lang='lat' dir='ltr'><strong>in</strong></span> <span class='ocrx_word' id='word_1_612' title='bbox 3689 3718 3753 3757; x_wconf 77' lang='lat' dir='ltr'><strong>or-</strong></span> 
     </span>
    </p>
   </div>
   <div class='ocr_carea' id='block_1_83' title="bbox 2195 3798 3750 3878">
    <p class='ocr_par' dir='ltr' id='par_1_83' title="bbox 2195 3798 3750 3878">
     <span class='ocr_line' id='line_1_83' title="bbox 2195 3798 3750 3878; baseline -0.008 -11"><span class='ocrx_word' id='word_1_613' title='bbox 2195 3813 2346 3867; x_wconf 93' lang='lat' dir='ltr'><strong>culto</strong></span> <span class='ocrx_word' id='word_1_614' title='bbox 2385 3819 2492 3878; x_wconf 90' lang='lat' dir='ltr'><strong>est,</strong></span> <span class='ocrx_word' id='word_1_615' title='bbox 2522 3811 2666 3865; x_wconf 89' lang='lat' dir='ltr'><strong>sicut</strong></span> <span class='ocrx_word' id='word_1_616' title='bbox 2694 3807 2918 3864; x_wconf 74' lang='lat' dir='ltr'><strong>Judaeus</strong></span> <span class='ocrx_word' id='word_1_617' title='bbox 2944 3805 3312 3877; x_wconf 59' lang='lat' dir='ltr'><strong>praestantior,</strong></span> <span class='ocrx_word' id='word_1_618' title='bbox 3353 3803 3448 3872; x_wconf 90' lang='lat' dir='ltr'><strong>qui</strong></span> <span class='ocrx_word' id='word_1_619' title='bbox 3483 3804 3538 3857; x_wconf 89' lang='lat' dir='ltr'><strong>in</strong></span> <span class='ocrx_word' id='word_1_620' title='bbox 3563 3798 3750 3855; x_wconf 84' lang='lat' dir='ltr'><strong>occulto.</strong></span> 
     </span>
    </p>
   </div>
   <div class='ocr_carea' id='block_1_84' title="bbox 2197 3894 3754 3972">
    <p class='ocr_par' dir='ltr' id='par_1_84' title="bbox 2197 3894 3754 3972">
     <span class='ocr_line' id='line_1_84' title="bbox 2197 3894 3754 3972; baseline -0.012 -13"><span class='ocrx_word' id='word_1_621' title='bbox 2197 3906 2252 3959; x_wconf 92' lang='lat' dir='ltr'><strong>in</strong></span> <span class='ocrx_word' id='word_1_622' title='bbox 2297 3904 2530 3972; x_wconf 89' lang='lat' dir='ltr'><strong>spiritu,</strong></span> <span class='ocrx_word' id='word_1_623' title='bbox 2562 3917 2670 3958; x_wconf 92' lang='lat' dir='ltr'><strong>non</strong></span> <span class='ocrx_word' id='word_1_624' title='bbox 2716 3902 2928 3966; x_wconf 87' lang='lat' dir='ltr'><strong>littera;</strong></span> <span class='ocrx_word' id='word_1_625' title='bbox 2975 3898 3233 3970; x_wconf 90' lang='lat' dir='ltr'><strong>quoniam</strong></span> <span class='ocrx_word' id='word_1_626' title='bbox 3277 3911 3405 3952; x_wconf 90' lang='lat' dir='ltr'><strong>cum</strong></span> <span class='ocrx_word' id='word_1_627' title='bbox 3452 3896 3564 3950; x_wconf 89' lang='lat' dir='ltr'><strong>sint</strong></span> <span class='ocrx_word' id='word_1_628' title='bbox 3604 3894 3754 3947; x_wconf 76' lang='lat' dir='ltr'><strong>inuno</strong></span> 
     </span>
    </p>
   </div>
   <div class='ocr_carea' id='block_1_85' title="bbox 2197 3985 3753 4064">
    <p class='ocr_par' dir='ltr' id='par_1_85' title="bbox 2197 3985 3753 4064">
     <span class='ocr_line' id='line_1_85' title="bbox 2197 3985 3753 4064; baseline -0.011 -10"><span class='ocrx_word' id='word_1_629' title='bbox 2197 3999 2420 4054; x_wconf 89' lang='lat' dir='ltr'><strong>homine</strong></span> <span class='ocrx_word' id='word_1_630' title='bbox 2445 3997 2556 4052; x_wconf 89' lang='lat' dir='ltr'><strong>duo</strong></span> <span class='ocrx_word' id='word_1_631' title='bbox 2587 3996 2858 4062; x_wconf 88' lang='lat' dir='ltr'><strong>homines,</strong></span> <span class='ocrx_word' id='word_1_632' title='bbox 2881 3995 2950 4050; x_wconf 92' lang='lat' dir='ltr'><strong>de</strong></span> <span class='ocrx_word' id='word_1_633' title='bbox 2976 3993 3173 4064; x_wconf 89' lang='lat' dir='ltr'><strong>quibus</strong></span> <span class='ocrx_word' id='word_1_634' title='bbox 3193 3992 3405 4048; x_wconf 90' lang='lat' dir='ltr'><strong>dictum</strong></span> <span class='ocrx_word' id='word_1_635' title='bbox 3432 3999 3522 4046; x_wconf 87' lang='lat' dir='ltr'><strong>est</strong></span> <span class='ocrx_word' id='word_1_636' title='bbox 3546 4008 3561 4045; x_wconf 89' lang='lat'><strong>:</strong></span> <span class='ocrx_word' id='word_1_637' title='bbox 3592 3985 3653 4041; x_wconf 83' lang='lat' dir='ltr'><strong>Et</strong></span> <span class='ocrx_word' id='word_1_638' title='bbox 3670 3986 3706 4040; x_wconf 74' lang='lat' dir='ltr'><strong>si</strong></span> <span class='ocrx_word' id='word_1_639' title='bbox 3725 3986 3753 4036; x_wconf 74' lang='lat' dir='ltr'><strong>is</strong></span> 
     </span>
    </p>
   </div>
   <div class='ocr_carea' id='block_1_86' title="bbox 2195 4079 3753 4164">
    <p class='ocr_par' dir='ltr' id='par_1_86' title="bbox 2195 4079 3753 4164">
     <span class='ocr_line' id='line_1_86' title="bbox 2195 4079 3753 4164; baseline -0.01 -16"><span class='ocrx_word' id='word_1_640' title='bbox 2195 4094 2284 4164; x_wconf 84' lang='lat' dir='ltr'><strong>qui</strong></span> <span class='ocrx_word' id='word_1_641' title='bbox 2313 4092 2446 4162; x_wconf 76' lang='lat' dir='ltr'><strong>foris</strong></span> <span class='ocrx_word' id='word_1_642' title='bbox 2485 4101 2580 4157; x_wconf 89' lang='lat' dir='ltr'><strong>est,</strong></span> <span class='ocrx_word' id='word_1_643' title='bbox 2633 4092 2787 4146; x_wconf 83' lang='lat' dir='ltr'><strong>homo</strong></span> <span class='ocrx_word' id='word_1_644' title='bbox 2810 4099 2981 4144; x_wconf 83' lang='lat' dir='ltr'><strong>noster</strong></span> <span class='ocrx_word' id='word_1_645' title='bbox 3008 4086 3366 4156; x_wconf 79' lang='lat' dir='ltr'><strong>corrumpitur</strong></span> <span class='ocrx_word' id='word_1_646' title='bbox 3407 4084 3671 4139; x_wconf 68' lang='lat' dir='ltr'><strong>secundum</strong></span> <span class='ocrx_word' id='word_1_647' title='bbox 3689 4079 3753 4131; x_wconf 72' lang='lat' dir='ltr'><strong>dr-</strong></span> 
     </span>
    </p>
   </div>
   <div class='ocr_carea' id='block_1_87' title="bbox 2196 4171 3750 4253">
    <p class='ocr_par' dir='ltr' id='par_1_87' title="bbox 2196 4171 3750 4253">
     <span class='ocr_line' id='line_1_87' title="bbox 2196 4171 3750 4253; baseline -0.014 -10"><span class='ocrx_word' id='word_1_648' title='bbox 2196 4186 2392 4242; x_wconf 84' lang='lat' dir='ltr'><strong>sideria</strong></span> <span class='ocrx_word' id='word_1_649' title='bbox 2421 4185 2637 4250; x_wconf 82' lang='lat' dir='ltr'><strong>erroris,</strong></span> <span class='ocrx_word' id='word_1_650' title='bbox 2684 4183 2776 4238; x_wconf 84' lang='lat' dir='ltr'><strong>sed</strong></span> <span class='ocrx_word' id='word_1_651' title='bbox 2805 4181 2893 4253; x_wconf 91' lang='lat' dir='ltr'><strong>qui</strong></span> <span class='ocrx_word' id='word_1_652' title='bbox 2922 4181 3060 4234; x_wconf 89' lang='lat' dir='ltr'><strong>intus</strong></span> <span class='ocrx_word' id='word_1_653' title='bbox 3089 4187 3189 4243; x_wconf 88' lang='lat' dir='ltr'><strong>est,</strong></span> <span class='ocrx_word' id='word_1_654' title='bbox 3233 4185 3524 4232; x_wconf 70' lang='lat' dir='ltr'><strong>renovatur</strong></span> <span class='ocrx_word' id='word_1_655' title='bbox 3549 4173 3696 4228; x_wconf 68' lang='lat' dir='ltr'><strong>dedis</strong></span> <span class='ocrx_word' id='word_1_656' title='bbox 3714 4171 3750 4221; x_wconf 75' lang='lat' dir='ltr'><strong>is</strong></span> 
     </span>
    </p>
   </div>
   <div class='ocr_carea' id='block_1_88' title="bbox 2197 4263 3752 4350">
    <p class='ocr_par' dir='ltr' id='par_1_88' title="bbox 2197 4263 3752 4350">
     <span class='ocr_line' id='line_1_88' title="bbox 2197 4263 3752 4350; baseline -0.01 -16"><span class='ocrx_word' id='word_1_657' title='bbox 2197 4280 2337 4334; x_wconf 88' lang='lat' dir='ltr'><strong>diem</strong></span> <span class='ocrx_word' id='word_1_658' title='bbox 2364 4277 2432 4350; x_wconf 93' lang='lat' dir='ltr'><strong>(ll</strong></span> <span class='ocrx_word' id='word_1_659' title='bbox 2463 4277 2587 4332; x_wconf 82' lang='lat' dir='ltr'><strong>Cor.</strong></span> <span class='ocrx_word' id='word_1_660' title='bbox 2613 4290 2694 4342; x_wconf 86' lang='lat' dir='ltr'><strong>tv,</strong></span> <span class='ocrx_word' id='word_1_661' title='bbox 2725 4272 2855 4346; x_wconf 72' lang='lat'><strong>16);</strong></span> <span class='ocrx_word' id='word_1_662' title='bbox 2888 4282 2946 4328; x_wconf 89' lang='lat' dir='ltr'><strong>et</strong></span> <span class='ocrx_word' id='word_1_663' title='bbox 2969 4272 3137 4328; x_wconf 83' lang='lat' dir='ltr'><strong>alibi:</strong></span> <span class='ocrx_word' id='word_1_664' title='bbox 3169 4269 3517 4326; x_wconf 75' lang='lat' dir='ltr'><strong>Condetector</strong></span> <span class='ocrx_word' id='word_1_665' title='bbox 3543 4263 3752 4329; x_wconf 65' lang='lat' dir='ltr'><strong>enimtqi</strong></span> 
     </span>
    </p>
   </div>
   <div class='ocr_carea' id='block_1_89' title="bbox 2199 4353 3748 4434">
    <p class='ocr_par' dir='ltr' id='par_1_89' title="bbox 2199 4353 3748 4434">
     <span class='ocr_line' id='line_1_89' title="bbox 2199 4353 3748 4434; baseline -0.005 -10"><span class='ocrx_word' id='word_1_666' title='bbox 2199 4368 2298 4424; x_wconf 86' lang='lat' dir='ltr'><strong>Dei</strong></span> <span class='ocrx_word' id='word_1_667' title='bbox 2347 4368 2633 4424; x_wconf 85' lang='lat' dir='ltr'><strong>secundum</strong></span> <span class='ocrx_word' id='word_1_668' title='bbox 2677 4366 2970 4422; x_wconf 87' lang='lat' dir='ltr'><strong>interiorem</strong></span> <span class='ocrx_word' id='word_1_669' title='bbox 3020 4363 3280 4418; x_wconf 76' lang='lat' dir='ltr'><strong>hominem</strong></span> <span class='ocrx_word' id='word_1_670' title='bbox 3312 4359 3500 4434; x_wconf 64' lang='lat' dir='ltr'><strong>(Rom.</strong></span> <span class='ocrx_word' id='word_1_671' title='bbox 3535 4373 3624 4425; x_wconf 70' lang='lat' dir='ltr'><strong>vn,</strong></span> <span class='ocrx_word' id='word_1_672' title='bbox 3647 4353 3748 4423; x_wconf 68' lang='lat'><strong>2!);</strong></span> 
     </span>
    </p>
   </div>
   <div class='ocr_carea' id='block_1_90' title="bbox 2200 4449 3751 4529">
    <p class='ocr_par' dir='ltr' id='par_1_90' title="bbox 2200 4449 3751 4529">
     <span class='ocr_line' id='line_1_90' title="bbox 2200 4449 3751 4529; baseline -0.011 -9"><span class='ocrx_word' id='word_1_673' title='bbox 2200 4464 2431 4521; x_wconf 91' lang='lat' dir='ltr'><strong>interior</strong></span> <span class='ocrx_word' id='word_1_674' title='bbox 2454 4472 2540 4519; x_wconf 88' lang='lat' dir='ltr'><strong>est</strong></span> <span class='ocrx_word' id='word_1_675' title='bbox 2564 4463 2729 4518; x_wconf 90' lang='lat' dir='ltr'><strong>homo</strong></span> <span class='ocrx_word' id='word_1_676' title='bbox 2752 4470 2960 4527; x_wconf 90' lang='lat' dir='ltr'><strong>noster,</strong></span> <span class='ocrx_word' id='word_1_677' title='bbox 2992 4456 3086 4529; x_wconf 91' lang='lat' dir='ltr'><strong>qui</strong></span> <span class='ocrx_word' id='word_1_678' title='bbox 3118 4467 3206 4513; x_wconf 92' lang='lat' dir='ltr'><strong>est</strong></span> <span class='ocrx_word' id='word_1_679' title='bbox 3225 4455 3295 4512; x_wconf 89' lang='lat' dir='ltr'><strong>ad</strong></span> <span class='ocrx_word' id='word_1_680' title='bbox 3324 4455 3615 4526; x_wconf 84' lang='lat' dir='ltr'><strong>imaginem</strong></span> <span class='ocrx_word' id='word_1_681' title='bbox 3641 4449 3751 4506; x_wconf 82' lang='lat' dir='ltr'><strong>etsi-</strong></span> 
     </span>
    </p>
   </div>
   <div class='ocr_carea' id='block_1_91' title="bbox 497 4540 3750 4624">
    <p class='ocr_par' dir='ltr' id='par_1_91' title="bbox 497 4540 3750 4624">
     <span class='ocr_line' id='line_1_91' title="bbox 497 4540 3750 4624; baseline -0.001 -20"><span class='ocrx_word' id='word_1_682' title='bbox 497 4551 669 4605; x_wconf 87' lang='lat' dir='ltr'><strong>nasci.</strong></span> <span class='ocrx_word' id='word_1_683' title='bbox 693 4549 794 4619; x_wconf 84' lang='lat' dir='ltr'><strong>Qui</strong></span> <span class='ocrx_word' id='word_1_684' title='bbox 819 4551 1077 4622; x_wconf 89' lang='lat' dir='ltr'><strong>quoniam</strong></span> <span class='ocrx_word' id='word_1_685' title='bbox 1111 4563 1220 4607; x_wconf 88' lang='lat' dir='ltr'><strong>tam</strong></span> <span class='ocrx_word' id='word_1_686' title='bbox 1253 4555 1426 4624; x_wconf 79' lang='lat' dir='ltr'><strong>arguti</strong></span> <span class='ocrx_word' id='word_1_687' title='bbox 1452 4564 1598 4620; x_wconf 83' lang='lat' dir='ltr'><strong>sunt,</strong></span> <span class='ocrx_word' id='word_1_688' title='bbox 1623 4565 1678 4610; x_wconf 94' lang='lat' dir='ltr'><strong>et</strong></span> <span class='ocrx_word' id='word_1_689' title='bbox 1704 4555 1805 4624; x_wconf 88' lang='lat' dir='ltr'><strong>ipsi</strong></span> <span class='ocrx_word' id='word_1_690' title='bbox 1827 4552 2096 4609; x_wconf 87' lang='lat' dir='ltr'><strong>mibires-</strong></span> <span class='ocrx_word' id='word_1_691' title='bbox 2123 4540 2176 4601; x_wconf 83' lang='lat' dir='ltr'><strong>D</strong></span> <span class='ocrx_word' id='word_1_692' title='bbox 2203 4557 2568 4615; x_wconf 90' lang='lat' dir='ltr'><strong>militudinem</strong></span> <span class='ocrx_word' id='word_1_693' title='bbox 2604 4556 2706 4612; x_wconf 90' lang='lat' dir='ltr'><strong>Dei</strong></span> <span class='ocrx_word' id='word_1_694' title='bbox 2753 4555 2952 4622; x_wconf 89' lang='lat' dir='ltr'><strong>factus,</strong></span> <span class='ocrx_word' id='word_1_695' title='bbox 2990 4552 3232 4610; x_wconf 82' lang='lat' dir='ltr'><strong>exterior</strong></span> <span class='ocrx_word' id='word_1_696' title='bbox 3258 4550 3352 4620; x_wconf 86' lang='lat' dir='ltr'><strong>qui</strong></span> <span class='ocrx_word' id='word_1_697' title='bbox 3386 4549 3642 4620; x_wconf 83' lang='lat' dir='ltr'><strong>ﬁguratus</strong></span> <span class='ocrx_word' id='word_1_698' title='bbox 3665 4542 3750 4599; x_wconf 42' lang='lat' dir='ltr'><strong>eli.</strong></span> 
     </span>
    </p>
   </div>
   <div class='ocr_carea' id='block_1_92' title="bbox 497 4647 2093 4715">
    <p class='ocr_par' dir='ltr' id='par_1_92' title="bbox 497 4647 2093 4715">
     <span class='ocr_line' id='line_1_92' title="bbox 497 4647 2093 4715; baseline 0.002 -13"><span class='ocrx_word' id='word_1_699' title='bbox 497 4647 805 4715; x_wconf 90' lang='lat' dir='ltr'><strong>poudeant,</strong></span> <span class='ocrx_word' id='word_1_700' title='bbox 861 4656 1039 4704; x_wconf 90' lang='lat' dir='ltr'><strong>utrum</strong></span> <span class='ocrx_word' id='word_1_701' title='bbox 1068 4651 1364 4706; x_wconf 85' lang='lat' dir='ltr'><strong>secundum</strong></span> <span class='ocrx_word' id='word_1_702' title='bbox 1398 4661 1643 4706; x_wconf 90' lang='lat' dir='ltr'><strong>naturam</strong></span> <span class='ocrx_word' id='word_1_703' title='bbox 1682 4649 1957 4706; x_wconf 91' lang='lat' dir='ltr'><strong>successio</strong></span> <span class='ocrx_word' id='word_1_704' title='bbox 1991 4652 2093 4705; x_wconf 91' lang='lat' dir='ltr'><strong>hu-</strong></span> 
     </span>
    </p>
   </div>
   <div class='ocr_carea' id='block_1_93' title="bbox 497 4741 2094 4813">
    <p class='ocr_par' dir='ltr' id='par_1_93' title="bbox 497 4741 2094 4813">
     <span class='ocr_line' id='line_1_93' title="bbox 497 4741 2094 4813; baseline 0.003 -20"><span class='ocrx_word' id='word_1_705' title='bbox 497 4754 655 4794; x_wconf 88' lang='lat' dir='ltr'><strong>mana</strong></span> <span class='ocrx_word' id='word_1_706' title='bbox 677 4741 771 4807; x_wconf 82' lang='lat' dir='ltr'><strong>sit,</strong></span> <span class='ocrx_word' id='word_1_707' title='bbox 795 4757 915 4812; x_wconf 68' lang='lat' dir='ltr'><strong>quae</strong></span> <span class='ocrx_word' id='word_1_708' title='bbox 945 4743 1392 4813; x_wconf 87' lang='lat' dir='ltr'><strong>generationibus</strong></span> <span class='ocrx_word' id='word_1_709' title='bbox 1444 4743 1740 4812; x_wconf 88' lang='lat' dir='ltr'><strong>adolescit,</strong></span> <span class='ocrx_word' id='word_1_710' title='bbox 1787 4757 1857 4800; x_wconf 87' lang='lat' dir='ltr'><strong>an</strong></span> <span class='ocrx_word' id='word_1_711' title='bbox 1903 4751 2094 4800; x_wconf 86' lang='lat' dir='ltr'><strong>contra</strong></span> 
     </span>
    </p>
   </div>
   <div class='ocr_carea' id='block_1_94' title="bbox 495 4833 2094 4909">
    <p class='ocr_par' dir='ltr' id='par_1_94' title="bbox 495 4833 2094 4909">
     <span class='ocr_line' id='line_1_94' title="bbox 495 4833 2094 4909; baseline 0.003 -24"><span class='ocrx_word' id='word_1_712' title='bbox 495 4839 768 4888; x_wconf 89' lang='lat' dir='ltr'><strong>naturam.</strong></span> <span class='ocrx_word' id='word_1_713' title='bbox 795 4833 853 4888; x_wconf 93' lang='lat' dir='ltr'><strong>Si</strong></span> <span class='ocrx_word' id='word_1_714' title='bbox 881 4834 1027 4890; x_wconf 88' lang='lat' dir='ltr'><strong>enim</strong></span> <span class='ocrx_word' id='word_1_715' title='bbox 1054 4836 1353 4892; x_wconf 89' lang='lat' dir='ltr'><strong>secundum</strong></span> <span class='ocrx_word' id='word_1_716' title='bbox 1386 4847 1657 4906; x_wconf 89' lang='lat' dir='ltr'><strong>naturam,</strong></span> <span class='ocrx_word' id='word_1_717' title='bbox 1685 4852 1975 4909; x_wconf 89' lang='lat' dir='ltr'><strong>numquam</strong></span> <span class='ocrx_word' id='word_1_718' title='bbox 2000 4835 2094 4908; x_wconf 87' lang='lat' dir='ltr'><strong>igi-</strong></span> 
     </span>
    </p>
   </div>
   <div class='ocr_carea' id='block_1_95' title="bbox 499 4924 2095 5000">
    <p class='ocr_par' dir='ltr' id='par_1_95' title="bbox 499 4924 2095 5000">
     <span class='ocr_line' id='line_1_95' title="bbox 499 4924 2095 5000; baseline 0.004 -23"><span class='ocrx_word' id='word_1_719' title='bbox 499 4930 588 4977; x_wconf 90' lang='lat' dir='ltr'><strong>tur</strong></span> <span class='ocrx_word' id='word_1_720' title='bbox 619 4924 1028 4982; x_wconf 89' lang='lat' dir='ltr'><strong>iutermittenda</strong></span> <span class='ocrx_word' id='word_1_721' title='bbox 1083 4939 1168 4983; x_wconf 89' lang='lat' dir='ltr'><strong>est</strong></span> <span class='ocrx_word' id='word_1_722' title='bbox 1201 4946 1214 4982; x_wconf 89' lang='lat'><strong>:</strong></span> <span class='ocrx_word' id='word_1_723' title='bbox 1244 4939 1299 4984; x_wconf 93' lang='lat' dir='ltr'><strong>et</strong></span> <span class='ocrx_word' id='word_1_724' title='bbox 1334 4929 1608 4999; x_wconf 91' lang='lat' dir='ltr'><strong>quomodo</strong></span> <span class='ocrx_word' id='word_1_725' title='bbox 1636 4929 1923 5000; x_wconf 84' lang='lat' dir='ltr'><strong>integritas</strong></span> <span class='ocrx_word' id='word_1_726' title='bbox 1947 4931 2095 4984; x_wconf 90' lang='lat' dir='ltr'><strong>viro-</strong></span> 
     </span>
    </p>
   </div>
   <div class='ocr_carea' id='block_1_96' title="bbox 521 5069 2088 5149">
    <p class='ocr_par' dir='ltr' id='par_1_96' title="bbox 521 5069 2088 5149">
     <span class='ocr_line' id='line_1_96' title="bbox 521 5069 2088 5149; baseline 0.001 -21"><span class='ocrx_word' id='word_1_727' title='bbox 521 5137 533 5149; x_wconf 44' lang='lat'><strong>.</strong></span> <span class='ocrx_word' id='word_1_728' title='bbox 565 5081 592 5110; x_wconf 79' lang='grc' dir='ltr'><strong>ἰ</strong></span> <span class='ocrx_word' id='word_1_729' title='bbox 632 5072 1034 5149; x_wconf 82' lang='lat' dir='ltr'><strong>Eodent_sens_u</strong></span> <span class='ocrx_word' id='word_1_730' title='bbox 1091 5069 1186 5124; x_wconf 90' lang='lat' dir='ltr'><strong>lib.</strong></span> <span class='ocrx_word' id='word_1_731' title='bbox 1218 5069 1286 5126; x_wconf 89' lang='lat' dir='ltr'><strong>de</strong></span> <span class='ocrx_word' id='word_1_732' title='bbox 1316 5069 1449 5149; x_wconf 84' lang='lat' dir='ltr'><strong>Fide</strong></span> <span class='ocrx_word' id='word_1_733' title='bbox 1490 5070 1740 5139; x_wconf 84' lang='lat' dir='ltr'><strong>Resurr.,</strong></span> <span class='ocrx_word' id='word_1_734' title='bbox 1780 5074 1950 5130; x_wconf 77' lang='lat' dir='ltr'><strong>Morte</strong></span> <span class='ocrx_word' id='word_1_735' title='bbox 1977 5076 2088 5149; x_wconf 85' lang='lat' dir='ltr'><strong>ejus</strong></span> 
     </span>
    </p>
   </div>
   <div class='ocr_carea' id='block_1_97' title="bbox 491 5141 2090 5216">
    <p class='ocr_par' dir='ltr' id='par_1_97' title="bbox 491 5141 2090 5216">
     <span class='ocr_line' id='line_1_97' title="bbox 491 5141 2090 5216; baseline 0.002 -18"><span class='ocrx_word' id='word_1_736' title='bbox 491 5141 1053 5216; x_wconf 27' lang='lat' dir='ltr'><strong>signanturyinquit,</strong></span> <span class='ocrx_word' id='word_1_737' title='bbox 1104 5151 1321 5216; x_wconf 82' lang='lat' dir='ltr'><strong>mortem</strong></span> <span class='ocrx_word' id='word_1_738' title='bbox 1370 5141 1499 5216; x_wconf 82' lang='lat' dir='ltr'><strong>ejus_</strong></span> <span class='ocrx_word' id='word_1_739' title='bbox 1561 5155 1765 5198; x_wconf 84' lang='lat' dir='ltr'><strong>orantes</strong></span> <span class='ocrx_word' id='word_1_740' title='bbox 1809 5141 2090 5201; x_wconf 63' lang='lat' dir='ltr'><strong>annuntia-</strong></span> 
     </span>
    </p>
   </div>
   <div class='ocr_carea' id='block_1_98' title="bbox 493 5213 2091 5285">
    <p class='ocr_par' dir='ltr' id='par_1_98' title="bbox 493 5213 2091 5285">
     <span class='ocr_line' id='line_1_98' title="bbox 493 5213 2091 5285; baseline 0.002 -16"><span class='ocrx_word' id='word_1_741' title='bbox 493 5213 633 5280; x_wconf 68' lang='lat' dir='ltr'><strong>ntits,</strong></span> <span class='ocrx_word' id='word_1_742' title='bbox 663 5227 769 5270; x_wconf 90' lang='lat' dir='ltr'><strong>etc.</strong></span> <span class='ocrx_word' id='word_1_743' title='bbox 791 5215 1165 5285; x_wconf 84' lang='lat' dir='ltr'><strong>Tertullianus</strong></span> <span class='ocrx_word' id='word_1_744' title='bbox 1191 5214 1354 5268; x_wconf 85' lang='lat' dir='ltr'><strong>etiam</strong></span> <span class='ocrx_word' id='word_1_745' title='bbox 1371 5213 1441 5267; x_wconf 92' lang='lat' dir='ltr'><strong>de</strong></span> <span class='ocrx_word' id='word_1_746' title='bbox 1461 5213 1674 5270; x_wconf 88' lang='lat' dir='ltr'><strong>Corona</strong></span> <span class='ocrx_word' id='word_1_747' title='bbox 1698 5216 1853 5270; x_wconf 80' lang='lat' dir='ltr'><strong>Milit.</strong></span> <span class='ocrx_word' id='word_1_748' title='bbox 1884 5231 2004 5285; x_wconf 87' lang='lat' dir='ltr'><strong>cap.</strong></span> <span class='ocrx_word' id='word_1_749' title='bbox 2029 5221 2091 5282; x_wconf 79' lang='lat'><strong>5,</strong></span> 
     </span>
    </p>
   </div>
   <div class='ocr_carea' id='block_1_99' title="bbox 497 5284 2088 5358">
    <p class='ocr_par' dir='ltr' id='par_1_99' title="bbox 497 5284 2088 5358">
     <span class='ocr_line' id='line_1_99' title="bbox 497 5284 2088 5358; baseline 0.001 -18"><span class='ocrx_word' id='word_1_750' title='bbox 497 5287 637 5341; x_wconf 89' lang='lat' dir='ltr'><strong>hanc</strong></span> <span class='ocrx_word' id='word_1_751' title='bbox 665 5285 860 5341; x_wconf 76' lang='lat' dir='ltr'><strong>frontis</strong></span> <span class='ocrx_word' id='word_1_752' title='bbox 884 5284 1190 5340; x_wconf 78' lang='lat' dir='ltr'><strong>munienda:</strong></span> <span class='ocrx_word' id='word_1_753' title='bbox 1215 5289 1679 5358; x_wconf 78' lang='lat' dir='ltr'><strong>expressacrucis</strong></span> <span class='ocrx_word' id='word_1_754' title='bbox 1703 5287 1938 5358; x_wconf 86' lang='lat' dir='ltr'><strong>imagine</strong></span> <span class='ocrx_word' id='word_1_755' title='bbox 1955 5284 2088 5344; x_wconf 80' lang='lat' dir='ltr'><strong>reli-</strong></span> 
     </span>
    </p>
   </div>
   <div class='ocr_carea' id='block_1_100' title="bbox 495 5356 2093 5429">
    <p class='ocr_par' dir='ltr' id='par_1_100' title="bbox 495 5356 2093 5429">
     <span class='ocr_line' id='line_1_100' title="bbox 495 5356 2093 5429; baseline -0.001 -17"><span class='ocrx_word' id='word_1_756' title='bbox 495 5360 739 5429; x_wconf 85' lang='lat' dir='ltr'><strong>gionem,</strong></span> <span class='ocrx_word' id='word_1_757' title='bbox 761 5372 921 5429; x_wconf 84' lang='lat' dir='ltr'><strong>quam</strong></span> <span class='ocrx_word' id='word_1_758' title='bbox 949 5372 1018 5412; x_wconf 80' lang='lat' dir='ltr'><strong>ex</strong></span> <span class='ocrx_word' id='word_1_759' title='bbox 1047 5357 1344 5428; x_wconf 88' lang='lat' dir='ltr'><strong>apostolica</strong></span> <span class='ocrx_word' id='word_1_760' title='bbox 1378 5356 1672 5414; x_wconf 76' lang='lat' dir='ltr'><strong>traditione</strong></span> <span class='ocrx_word' id='word_1_761' title='bbox 1717 5356 1968 5414; x_wconf 78' lang='lat' dir='ltr'><strong>manasse</strong></span> <span class='ocrx_word' id='word_1_762' title='bbox 1995 5361 2093 5413; x_wconf 81' lang='lat' dir='ltr'><strong>tln-</strong></span> 
     </span>
    </p>
   </div>
   <div class='ocr_carea' id='block_1_101' title="bbox 495 5428 2092 5498">
    <p class='ocr_par' dir='ltr' id='par_1_101' title="bbox 495 5428 2092 5498">
     <span class='ocr_line' id='line_1_101' title="bbox 495 5428 2092 5498; baseline 0 -15"><span class='ocrx_word' id='word_1_763' title='bbox 495 5428 606 5495; x_wconf 85' lang='lat' dir='ltr'><strong>cet,</strong></span> <span class='ocrx_word' id='word_1_764' title='bbox 639 5429 706 5484; x_wconf 85' lang='lat' dir='ltr'><strong>ad</strong></span> <span class='ocrx_word' id='word_1_765' title='bbox 737 5428 979 5496; x_wconf 82' lang='lat' dir='ltr'><strong>singulos</strong></span> <span class='ocrx_word' id='word_1_766' title='bbox 1003 5443 1245 5498; x_wconf 90' lang='lat' dir='ltr'><strong>quosque</strong></span> <span class='ocrx_word' id='word_1_767' title='bbox 1273 5437 1428 5485; x_wconf 83' lang='lat' dir='ltr'><strong>actus</strong></span> <span class='ocrx_word' id='word_1_768' title='bbox 1449 5437 1610 5484; x_wconf 67' lang='lat' dir='ltr'><strong>actate</strong></span> <span class='ocrx_word' id='word_1_769' title='bbox 1635 5444 1728 5484; x_wconf 90' lang='lat' dir='ltr'><strong>sua</strong></span> <span class='ocrx_word' id='word_1_770' title='bbox 1762 5430 1938 5487; x_wconf 89' lang='lat' dir='ltr'><strong>iterati</strong></span> <span class='ocrx_word' id='word_1_771' title='bbox 1961 5445 2092 5487; x_wconf 90' lang='lat' dir='ltr'><strong>c0n-</strong></span> 
     </span>
    </p>
   </div>
   <div class='ocr_carea' id='block_1_102' title="bbox 499 5499 2093 5566">
    <p class='ocr_par' dir='ltr' id='par_1_102' title="bbox 499 5499 2093 5566">
     <span class='ocr_line' id='line_1_102' title="bbox 499 5499 2093 5566; baseline 0.003 -13"><span class='ocrx_word' id='word_1_772' title='bbox 499 5502 741 5556; x_wconf 88' lang='lat' dir='ltr'><strong>suevisse</strong></span> <span class='ocrx_word' id='word_1_773' title='bbox 763 5508 953 5553; x_wconf 89' lang='lat' dir='ltr'><strong>auctor</strong></span> <span class='ocrx_word' id='word_1_774' title='bbox 983 5508 1083 5554; x_wconf 91' lang='lat' dir='ltr'><strong>est.</strong></span> <span class='ocrx_word' id='word_1_775' title='bbox 1110 5499 1225 5566; x_wconf 88' lang='lat' dir='ltr'><strong>Qua</strong></span> <span class='ocrx_word' id='word_1_776' title='bbox 1252 5503 1321 5554; x_wconf 89' lang='lat' dir='ltr'><strong>de</strong></span> <span class='ocrx_word' id='word_1_777' title='bbox 1359 5517 1417 5556; x_wconf 90' lang='lat' dir='ltr'><strong>re</strong></span> <span class='ocrx_word' id='word_1_778' title='bbox 1458 5499 1545 5554; x_wconf 88' lang='lat' dir='ltr'><strong>adi</strong></span> <span class='ocrx_word' id='word_1_779' title='bbox 1576 5501 1848 5559; x_wconf 87' lang='lat' dir='ltr'><strong>similiter.</strong></span> <span class='ocrx_word' id='word_1_780' title='bbox 1892 5501 2093 5558; x_wconf 89' lang='lat' dir='ltr'><strong>Hieron</strong></span> 
     </span>
    </p>
   </div>
   <div class='ocr_carea' id='block_1_103' title="bbox 503 5569 2090 5696">
    <p class='ocr_par' dir='ltr' id='par_1_103' title="bbox 503 5569 2090 5696">
     <span class='ocr_line' id='line_1_103' title="bbox 503 5569 2090 5696; baseline 0.004 -74"><span class='ocrx_word' id='word_1_781' title='bbox 503 5574 673 5696; x_wconf 46' lang='lat' dir='ltr'><strong>egi:li</strong></span> <span class='ocrx_word' id='word_1_782' title='bbox 694 5571 788 5696; x_wconf 61' lang='grc' dir='ltr'><strong>ξε,</strong></span> <span class='ocrx_word' id='word_1_783' title='bbox 840 5570 906 5625; x_wconf 89' lang='lat' dir='ltr'><strong>ad</strong></span> <span class='ocrx_word' id='word_1_784' title='bbox 936 5569 1221 5638; x_wconf 83' lang='lat' dir='ltr'><strong>Eustoch.,</strong></span> <span class='ocrx_word' id='word_1_785' title='bbox 1254 5573 1440 5643; x_wconf 81' lang='lat' dir='ltr'><strong>Cyrill.</strong></span> <span class='ocrx_word' id='word_1_786' title='bbox 1475 5571 1694 5628; x_wconf 90' lang='lat' dir='ltr'><strong>llieros.</strong></span> <span class='ocrx_word' id='word_1_787' title='bbox 1727 5572 1952 5629; x_wconf 89' lang='lat' dir='ltr'><strong>Catech.</strong></span> <span class='ocrx_word' id='word_1_788' title='bbox 2003 5574 2090 5640; x_wconf 80' lang='grc'><strong>15,</strong></span> 
     </span>
     <span class='ocr_line' id='line_1_104' title="bbox 677 5661 760 5696; baseline -0.024 0"><span class='ocrx_word' id='word_1_789' title='bbox 677 5661 708 5696; x_wconf 88' lang='grc'>0</span> <span class='ocrx_word' id='word_1_790' title='bbox 747 5682 760 5694; x_wconf 90' lang='grc'><strong>.</strong></span> 
     </span>
    </p>
   </div>
   <div class='ocr_carea' id='block_1_104' title="bbox 514 5649 760 5696">
    <p class='ocr_par' dir='ltr' id='par_1_104' title="bbox 514 5649 760 5696">
     <span class='ocr_line' id='line_1_105' title="bbox 514 5649 760 5696; baseline 0.008 -4"><span class='ocrx_word' id='word_1_791' title='bbox 514 5649 571 5694; x_wconf 85' lang='lat' dir='ltr'><strong>et</strong></span> <span class='ocrx_word' id='word_1_792' title='bbox 598 5649 760 5696; x_wconf 80' lang='lat' dir='ltr'><strong>alios.</strong></span> 
     </span>
    </p>
   </div>
   <div class='ocr_carea' id='block_1_105' title="bbox 577 5707 2096 5790">
    <p class='ocr_par' dir='ltr' id='par_1_105' title="bbox 577 5707 2096 5790">
     <span class='ocr_line' id='line_1_106' title="bbox 577 5707 2096 5790; baseline 0.005 -26"><span class='ocrx_word' id='word_1_793' title='bbox 577 5707 606 5746; x_wconf 71' lang='grc' dir='ltr'>δ</span> <span class='ocrx_word' id='word_1_794' title='bbox 637 5709 722 5790; x_wconf 68' lang='lat' dir='ltr'><strong>Ea:</strong></span> <span class='ocrx_word' id='word_1_795' title='bbox 746 5712 922 5790; x_wconf 61' lang='lat' dir='ltr'><strong>quiane</strong></span> <span class='ocrx_word' id='word_1_796' title='bbox 942 5721 1268 5790; x_wconf 81' lang='lat' dir='ltr'><strong>e_t__corpore_</strong></span> <span class='ocrx_word' id='word_1_797' title='bbox 1280 5725 1644 5790; x_wconf 74' lang='lat' dir='ltr'><strong>constamuset</strong></span> <span class='ocrx_word' id='word_1_798' title='bbox 1681 5717 1886 5790; x_wconf 74' lang='lat' dir='ltr'><strong>spiritu,</strong></span> <span class='ocrx_word' id='word_1_799' title='bbox 1923 5715 2096 5790; x_wconf 75' lang='lat' dir='ltr'><strong>inquit</strong></span> 
     </span>
    </p>
   </div>
   <div class='ocr_carea' id='block_1_106' title="bbox 509 5779 2093 5858">
    <p class='ocr_par' dir='ltr' id='par_1_106' title="bbox 509 5779 2093 5858">
     <span class='ocr_line' id='line_1_107' title="bbox 509 5779 2093 5858; baseline 0.008 -30"><span class='ocrx_word' id='word_1_800' title='bbox 509 5786 727 5832; x_wconf 81' lang='lat' dir='ltr'><strong>sanctus</strong></span> <span class='ocrx_word' id='word_1_801' title='bbox 753 5779 948 5835; x_wconf 88' lang='lat' dir='ltr'><strong>Doctor</strong></span> <span class='ocrx_word' id='word_1_802' title='bbox 964 5781 1063 5836; x_wconf 89' lang='lat' dir='ltr'><strong>lib.</strong></span> <span class='ocrx_word' id='word_1_803' title='bbox 1085 5779 1128 5836; x_wconf 78' lang='grc' dir='ltr'><strong>η’</strong></span> <span class='ocrx_word' id='word_1_804' title='bbox 1142 5783 1210 5838; x_wconf 93' lang='lat' dir='ltr'><strong>de</strong></span> <span class='ocrx_word' id='word_1_805' title='bbox 1229 5782 1361 5840; x_wconf 87' lang='lat' dir='ltr'><strong>Cain</strong></span> <span class='ocrx_word' id='word_1_806' title='bbox 1374 5795 1433 5839; x_wconf 80' lang='lat' dir='ltr'><strong>et</strong></span> <span class='ocrx_word' id='word_1_807' title='bbox 1455 5786 1614 5855; x_wconf 81' lang='lat' dir='ltr'><strong>Abel,</strong></span> <span class='ocrx_word' id='word_1_808' title='bbox 1640 5779 1834 5858; x_wconf 54' lang='lat' dir='ltr'><strong>enixa,</strong></span> <span class='ocrx_word' id='word_1_809' title='bbox 1860 5779 2011 5842; x_wconf 60' lang='lat' dir='ltr'><strong>num;</strong></span> <span class='ocrx_word' id='word_1_810' title='bbox 2033 5787 2093 5841; x_wconf 83' lang='lat'><strong>6.</strong></span> 
     </span>
    </p>
   </div>
   <div class='ocr_carea' id='block_1_107' title="bbox 2200 4643 3748 4721">
    <p class='ocr_par' dir='ltr' id='par_1_107' title="bbox 2200 4643 3748 4721">
     <span class='ocr_line' id='line_1_108' title="bbox 2200 4643 3748 4721; baseline -0.01 -13"><span class='ocrx_word' id='word_1_811' title='bbox 2200 4667 2314 4708; x_wconf 93' lang='lat' dir='ltr'><strong>mo.</strong></span> <span class='ocrx_word' id='word_1_812' title='bbox 2343 4650 2436 4708; x_wconf 91' lang='lat' dir='ltr'><strong>Sic</strong></span> <span class='ocrx_word' id='word_1_813' title='bbox 2475 4650 2715 4721; x_wconf 88' lang='lat' dir='ltr'><strong>denique</strong></span> <span class='ocrx_word' id='word_1_814' title='bbox 2755 4659 2809 4706; x_wconf 92' lang='lat' dir='ltr'><strong>et</strong></span> <span class='ocrx_word' id='word_1_815' title='bbox 2847 4649 2904 4703; x_wconf 89' lang='lat' dir='ltr'><strong>in</strong></span> <span class='ocrx_word' id='word_1_816' title='bbox 2962 4645 3164 4704; x_wconf 87' lang='lat' dir='ltr'><strong>Genesi</strong></span> <span class='ocrx_word' id='word_1_817' title='bbox 3194 4644 3332 4701; x_wconf 89' lang='lat' dir='ltr'><strong>duas</strong></span> <span class='ocrx_word' id='word_1_818' title='bbox 3367 4643 3473 4698; x_wconf 92' lang='lat' dir='ltr'><strong>tibi</strong></span> <span class='ocrx_word' id='word_1_819' title='bbox 3520 4649 3748 4698; x_wconf 74' lang='lat' dir='ltr'><strong>creaturas</strong></span> 
     </span>
    </p>
   </div>
   <div class='ocr_carea' id='block_1_108' title="bbox 2202 4730 3746 4815">
    <p class='ocr_par' dir='ltr' id='par_1_108' title="bbox 2202 4730 3746 4815">
     <span class='ocr_line' id='line_1_109' title="bbox 2202 4730 3746 4815; baseline -0.01 -15"><span class='ocrx_word' id='word_1_820' title='bbox 2202 4744 2442 4800; x_wconf 89' lang='lat' dir='ltr'><strong>hominis</strong></span> <span class='ocrx_word' id='word_1_821' title='bbox 2470 4741 2714 4798; x_wconf 88' lang='lat' dir='ltr'><strong>ostendit</strong></span> <span class='ocrx_word' id='word_1_822' title='bbox 2739 4740 2897 4815; x_wconf 85' lang='lat' dir='ltr'><strong>(Gen.</strong></span> <span class='ocrx_word' id='word_1_823' title='bbox 2929 4756 2970 4807; x_wconf 82' lang='grc' dir='ltr'>ι,</span> <span class='ocrx_word' id='word_1_824' title='bbox 2997 4740 3119 4806; x_wconf 71' lang='lat'><strong>27),</strong></span> <span class='ocrx_word' id='word_1_825' title='bbox 3150 4735 3402 4794; x_wconf 85' lang='lat' dir='ltr'><strong>secundo</strong></span> <span class='ocrx_word' id='word_1_826' title='bbox 3431 4744 3662 4792; x_wconf 85' lang='lat' dir='ltr'><strong>creatum</strong></span> <span class='ocrx_word' id='word_1_827' title='bbox 3680 4730 3746 4782; x_wconf 83' lang='lat' dir='ltr'><strong>ho-</strong></span> 
     </span>
    </p>
   </div>
   <div class='ocr_carea' id='block_1_109' title="bbox 2197 4829 3129 4908">
    <p class='ocr_par' dir='ltr' id='par_1_109' title="bbox 2197 4829 3129 4908">
     <span class='ocr_line' id='line_1_110' title="bbox 2197 4829 3129 4908; baseline -0.008 -16"><span class='ocrx_word' id='word_1_828' title='bbox 2197 4837 2402 4893; x_wconf 84' lang='lat' dir='ltr'><strong>minem</strong></span> <span class='ocrx_word' id='word_1_829' title='bbox 2434 4835 2748 4908; x_wconf 85' lang='lat' dir='ltr'><strong>signiﬁcans</strong></span> <span class='ocrx_word' id='word_1_830' title='bbox 2774 4834 2930 4908; x_wconf 82' lang='lat' dir='ltr'><strong>(Gen.</strong></span> <span class='ocrx_word' id='word_1_831' title='bbox 2961 4848 3024 4899; x_wconf 90' lang='grc' dir='ltr'>ιι,</span> <span class='ocrx_word' id='word_1_832' title='bbox 3050 4829 3129 4902; x_wconf 92' lang='lat'><strong>7).</strong></span> 
     </span>
    </p>
   </div>
   <div class='ocr_carea' id='block_1_110' title="bbox 2271 4921 3748 4999">
    <p class='ocr_par' dir='ltr' id='par_1_110' title="bbox 2271 4921 3748 4999">
     <span class='ocr_line' id='line_1_111' title="bbox 2271 4921 3748 4999; baseline -0.008 -16"><span class='ocrx_word' id='word_1_833' title='bbox 2271 4929 2364 4985; x_wconf 77' lang='lat'><strong>20.</strong></span> <span class='ocrx_word' id='word_1_834' title='bbox 2392 4929 2542 4984; x_wconf 91' lang='lat' dir='ltr'><strong>Sicut</strong></span> <span class='ocrx_word' id='word_1_835' title='bbox 2585 4943 2716 4999; x_wconf 85' lang='lat' dir='ltr'><strong>ergo</strong></span> <span class='ocrx_word' id='word_1_836' title='bbox 2738 4927 2848 4983; x_wconf 94' lang='lat' dir='ltr'><strong>duo</strong></span> <span class='ocrx_word' id='word_1_837' title='bbox 2895 4924 3176 4990; x_wconf 87' lang='lat' dir='ltr'><strong>homines,</strong></span> <span class='ocrx_word' id='word_1_838' title='bbox 3209 4923 3284 4978; x_wconf 85' lang='lat' dir='ltr'><strong>ita</strong></span> <span class='ocrx_word' id='word_1_839' title='bbox 3327 4930 3385 4977; x_wconf 90' lang='lat' dir='ltr'><strong>et</strong></span> <span class='ocrx_word' id='word_1_840' title='bbox 3427 4921 3633 4994; x_wconf 83' lang='lat' dir='ltr'><strong>gemina</strong></span> <span class='ocrx_word' id='word_1_841' title='bbox 3656 4929 3748 4972; x_wconf 79' lang='lat' dir='ltr'><strong>coo-</strong></span> 
     </span>
    </p>
   </div>
   <div class='ocr_carea' id='block_1_111' title="bbox 2192 5065 3745 5144">
    <p class='ocr_par' dir='ltr' id='par_1_111' title="bbox 2192 5065 3745 5144">
     <span class='ocr_line' id='line_1_112' title="bbox 2192 5065 3745 5144; baseline -0.006 -15"><span class='ocrx_word' id='word_1_842' title='bbox 2192 5072 2363 5140; x_wconf 83' lang='lat' dir='ltr'><strong>Quam</strong></span> <span class='ocrx_word' id='word_1_843' title='bbox 2383 5071 2602 5144; x_wconf 90' lang='lat' dir='ltr'><strong>quidem</strong></span> <span class='ocrx_word' id='word_1_844' title='bbox 2628 5071 2866 5127; x_wconf 91' lang='lat' dir='ltr'><strong>hominis</strong></span> <span class='ocrx_word' id='word_1_845' title='bbox 2887 5069 3260 5126; x_wconf 86' lang='lat' dir='ltr'><strong>definitionem</strong></span> <span class='ocrx_word' id='word_1_846' title='bbox 3286 5069 3488 5140; x_wconf 88' lang='lat' dir='ltr'><strong>passim</strong></span> <span class='ocrx_word' id='word_1_847' title='bbox 3514 5065 3644 5138; x_wconf 89' lang='lat' dir='ltr'><strong>apud</strong></span> <span class='ocrx_word' id='word_1_848' title='bbox 3660 5078 3745 5121; x_wconf 67' lang='lat' dir='ltr'><strong>eum</strong></span> 
     </span>
    </p>
   </div>
   <div class='ocr_carea' id='block_1_112' title="bbox 2191 5146 2616 5202">
    <p class='ocr_par' dir='ltr' id='par_1_112' title="bbox 2191 5146 2616 5202">
     <span class='ocr_line' id='line_1_113' title="bbox 2191 5146 2616 5202; baseline -0.012 0"><span class='ocrx_word' id='word_1_849' title='bbox 2191 5146 2483 5202; x_wconf 77' lang='lat' dir='ltr'><strong>advertere</strong></span> <span class='ocrx_word' id='word_1_850' title='bbox 2513 5155 2616 5201; x_wconf 87' lang='lat' dir='ltr'><strong>est.</strong></span> 
     </span>
    </p>
   </div>
   <div class='ocr_carea' id='block_1_113' title="bbox 2271 5211 3744 5284">
    <p class='ocr_par' dir='ltr' id='par_1_113' title="bbox 2271 5211 3744 5284">
     <span class='ocr_line' id='line_1_114' title="bbox 2271 5211 3744 5284; baseline -0.01 -11"><span class='ocrx_word' id='word_1_851' title='bbox 2271 5228 2292 5257; x_wconf 76' lang='grc' dir='ltr'><strong>ο</strong></span> <span class='ocrx_word' id='word_1_852' title='bbox 2329 5217 2488 5272; x_wconf 83' lang='lat' dir='ltr'><strong>Rom.</strong></span> <span class='ocrx_word' id='word_1_853' title='bbox 2521 5215 2685 5280; x_wconf 88' lang='lat' dir='ltr'><strong>edit.,</strong></span> <span class='ocrx_word' id='word_1_854' title='bbox 2715 5231 2818 5271; x_wconf 87' lang='lat' dir='ltr'><strong>non</strong></span> <span class='ocrx_word' id='word_1_855' title='bbox 2848 5225 2922 5270; x_wconf 88' lang='lat' dir='ltr'><strong>est</strong></span> <span class='ocrx_word' id='word_1_856' title='bbox 2941 5214 3143 5284; x_wconf 85' lang='lat' dir='ltr'><strong>utrique</strong></span> <span class='ocrx_word' id='word_1_857' title='bbox 3168 5214 3306 5268; x_wconf 84' lang='lat' dir='ltr'><strong>idem</strong></span> <span class='ocrx_word' id='word_1_858' title='bbox 3335 5211 3618 5267; x_wconf 70' lang='lat' dir='ltr'><strong>secundum</strong></span> <span class='ocrx_word' id='word_1_859' title='bbox 3635 5218 3744 5262; x_wconf 74' lang='lat' dir='ltr'><strong>netu-</strong></span> 
     </span>
    </p>
   </div>
   <div class='ocr_carea' id='block_1_114' title="bbox 2193 5286 3744 5370">
    <p class='ocr_par' dir='ltr' id='par_1_114' title="bbox 2193 5286 3744 5370">
     <span class='ocr_line' id='line_1_115' title="bbox 2193 5286 3744 5370; baseline -0.007 -28"><span class='ocrx_word' id='word_1_860' title='bbox 2193 5306 2343 5353; x_wconf 86' lang='lat' dir='ltr'><strong>ram;</strong></span> <span class='ocrx_word' id='word_1_861' title='bbox 2374 5288 2466 5370; x_wconf 65' lang='lat' dir='ltr'><strong>sed</strong></span> <span class='ocrx_word' id='word_1_862' title='bbox 2491 5288 2632 5359; x_wconf 88' lang='lat' dir='ltr'><strong>quod</strong></span> <span class='ocrx_word' id='word_1_863' title='bbox 2669 5297 2749 5343; x_wconf 83' lang='lat' dir='ltr'><strong>est</strong></span> <span class='ocrx_word' id='word_1_864' title='bbox 2787 5288 2992 5360; x_wconf 87' lang='lat' dir='ltr'><strong>corpori</strong></span> <span class='ocrx_word' id='word_1_865' title='bbox 3157 5286 3212 5339; x_wconf 89' lang='lat' dir='ltr'><strong>id</strong></span> <span class='ocrx_word' id='word_1_866' title='bbox 3232 5294 3417 5340; x_wconf 85' lang='lat' dir='ltr'><strong>contra</strong></span> <span class='ocrx_word' id='word_1_867' title='bbox 3456 5293 3671 5338; x_wconf 69' lang='lat' dir='ltr'><strong>natura</strong></span> <span class='ocrx_word' id='word_1_868' title='bbox 3696 5287 3744 5331; x_wconf 79' lang='lat' dir='ltr'><strong>ert</strong></span> 
     </span>
    </p>
   </div>
   <div class='ocr_carea' id='block_1_115' title="bbox 2193 5377 3741 5498">
    <p class='ocr_par' dir='ltr' id='par_1_115' title="bbox 2193 5377 3741 5498">
     <span class='ocr_line' id='line_1_116' title="bbox 2193 5377 3741 5498; baseline -0.005 -12"><span class='ocrx_word' id='word_1_869' title='bbox 2193 5377 2542 5487; x_wconf 53' lang='grc' dir='ltr'><strong>ωζίρῗῖἶίίιηω</strong></span> <span class='ocrx_word' id='word_1_870' title='bbox 2570 5430 2700 5486; x_wconf 90' lang='lat' dir='ltr'><strong>edit.</strong></span> <span class='ocrx_word' id='word_1_871' title='bbox 2731 5430 2936 5496; x_wconf 87' lang='lat' dir='ltr'><strong>Paris.,</strong></span> <span class='ocrx_word' id='word_1_872' title='bbox 2966 5429 3018 5483; x_wconf 88' lang='lat' dir='ltr'><strong>in</strong></span> <span class='ocrx_word' id='word_1_873' title='bbox 3044 5429 3288 5498; x_wconf 84' lang='lat' dir='ltr'><strong>operibus</strong></span> <span class='ocrx_word' id='word_1_874' title='bbox 3321 5425 3444 5481; x_wconf 79' lang='lat' dir='ltr'><strong>Dei.</strong></span> <span class='ocrx_word' id='word_1_875' title='bbox 3476 5426 3604 5498; x_wconf 82' lang='lat' dir='ltr'><strong>Sunt</strong></span> <span class='ocrx_word' id='word_1_876' title='bbox 3626 5423 3741 5498; x_wconf 55' lang='lat' dir='ltr'><strong>etin!</strong></span> 
     </span>
    </p>
   </div>
   <div class='ocr_carea' id='block_1_116' title="bbox 2201 5491 3740 5584">
    <p class='ocr_par' dir='ltr' id='par_1_116' title="bbox 2201 5491 3740 5584">
     <span class='ocr_line' id='line_1_117' title="bbox 2201 5491 3740 5584; baseline -0.008 -26"><span class='ocrx_word' id='word_1_877' title='bbox 2201 5502 2550 5584; x_wconf 78' lang='lat' dir='ltr'><strong>aliqua__toto</strong></span> <span class='ocrx_word' id='word_1_878' title='bbox 2587 5502 2690 5557; x_wconf 89' lang='lat' dir='ltr'><strong>hoc</strong></span> <span class='ocrx_word' id='word_1_879' title='bbox 2732 5491 2962 5584; x_wconf 38' lang='lat' dir='ltr'><strong>num-etin</strong></span> <span class='ocrx_word' id='word_1_880' title='bbox 2991 5491 3198 5584; x_wconf 65' lang='lat' dir='ltr'><strong>mutata</strong></span> <span class='ocrx_word' id='word_1_881' title='bbox 3243 5502 3308 5584; x_wconf 11' lang='lat' dir='ltr'><strong>in,</strong></span> <span class='ocrx_word' id='word_1_882' title='bbox 3341 5499 3502 5555; x_wconf 79' lang='lat' dir='ltr'><strong>Rom.</strong></span> <span class='ocrx_word' id='word_1_883' title='bbox 3542 5496 3654 5551; x_wconf 85' lang='lat' dir='ltr'><strong>edit.</strong></span> <span class='ocrx_word' id='word_1_884' title='bbox 3677 5491 3740 5546; x_wconf 64' lang='lat' dir='ltr'><strong>sed</strong></span> 
     </span>
    </p>
   </div>
   <div class='ocr_carea' id='block_1_117' title="bbox 2201 5573 3740 5716">
    <p class='ocr_par' dir='ltr' id='par_1_117' title="bbox 2201 5573 3740 5716">
     <span class='ocr_line' id='line_1_118' title="bbox 2201 5573 3340 5646; baseline -0.005 -16"><span class='ocrx_word' id='word_1_885' title='bbox 2201 5589 2324 5646; x_wconf 77' lang='lat' dir='ltr'><strong>qua:</strong></span> <span class='ocrx_word' id='word_1_886' title='bbox 2351 5573 2517 5628; x_wconf 89' lang='lat' dir='ltr'><strong>alium</strong></span> <span class='ocrx_word' id='word_1_887' title='bbox 2550 5587 2772 5629; x_wconf 91' lang='lat' dir='ltr'><strong>sensum</strong></span> <span class='ocrx_word' id='word_1_888' title='bbox 2803 5574 3026 5628; x_wconf 90' lang='lat' dir='ltr'><strong>minime</strong></span> <span class='ocrx_word' id='word_1_889' title='bbox 3057 5573 3340 5628; x_wconf 89' lang='lat' dir='ltr'><strong>inducant.</strong></span> 
     </span>
     <span class='ocr_line' id='line_1_119' title="bbox 2277 5633 3740 5716; baseline -0.007 -15"><span class='ocrx_word' id='word_1_890' title='bbox 2277 5655 2300 5683; x_wconf 72' lang='grc' dir='ltr'>θ</span> <span class='ocrx_word' id='word_1_891' title='bbox 2343 5644 2560 5716; x_wconf 68' lang='lat' dir='ltr'><strong>Eaedem</strong></span> <span class='ocrx_word' id='word_1_892' title='bbox 2603 5644 2736 5702; x_wconf 88' lang='lat' dir='ltr'><strong>edit.</strong></span> <span class='ocrx_word' id='word_1_893' title='bbox 2769 5643 2973 5711; x_wconf 82' lang='lat' dir='ltr'><strong>Paris.,</strong></span> <span class='ocrx_word' id='word_1_894' title='bbox 3011 5644 3343 5716; x_wconf 82' lang='lat' dir='ltr'><strong>circumcisio</strong></span> <span class='ocrx_word' id='word_1_895' title='bbox 3369 5633 3740 5716; x_wconf 54' lang='lat' dir='ltr'><strong>praetermittenda</strong></span> 
     </span>
    </p>
   </div>
   <div class='ocr_carea' id='block_1_118' title="bbox 2198 5711 3736 5843">
    <p class='ocr_par' dir='ltr' id='par_1_118' title="bbox 2198 5711 3736 5843">
     <span class='ocr_line' id='line_1_120' title="bbox 2200 5711 3736 5840; baseline -0.001 -70"><span class='ocrx_word' id='word_1_896' title='bbox 2200 5717 2320 5795; x_wconf 73' lang='lat' dir='ltr'><strong>fuit.</strong></span> <span class='ocrx_word' id='word_1_897' title='bbox 2343 5715 2599 5840; x_wconf 49' lang='lat' dir='ltr'><strong>Etgufra,</strong></span> <span class='ocrx_word' id='word_1_898' title='bbox 2625 5717 2797 5771; x_wconf 79' lang='lat' dir='ltr'><strong>debuit</strong></span> <span class='ocrx_word' id='word_1_899' title='bbox 2817 5715 3144 5786; x_wconf 69' lang='lat' dir='ltr'><strong>printermitti</strong></span> <span class='ocrx_word' id='word_1_900' title='bbox 3165 5711 3516 5771; x_wconf 72' lang='lat' dir='ltr'><strong>circumcisio.</strong></span> <span class='ocrx_word' id='word_1_901' title='bbox 3541 5711 3736 5768; x_wconf 64' lang='lat' dir='ltr'><strong>Nam</strong></span> 
     </span>
     <span class='ocr_line' id='line_1_121' title="bbox 2198 5800 2506 5843; baseline -0.003 -2"><span class='ocrx_word' id='word_1_902' title='bbox 2198 5800 2415 5843; x_wconf 89' lang='lat' dir='ltr'><strong>commo</strong></span> <span class='ocrx_word' id='word_1_903' title='bbox 2457 5803 2506 5840; x_wconf 85' lang='lat' dir='ltr'><strong>e.</strong></span> 
     </span>
    </p>
   </div>
  </div>
