3932 6296
125 323 237 386 ηιυ
1266 318 1681 383 EPISTULA!“

1789 315 2070 378 CLASSIS
2107 317 2176 377 ll.
3206 318 3348 380 1150

118 437 312 494 versatio
335 446 442 494 est:
473 453 577 495 una
616 438 893 496 interioris
923 438 1182 506 hominis,
1209 438 1382 495 altera
1411 439 1648 495 exterio—
1676 438 1726 498 A
1822 433 1912 490 24.
1944 431 2283 503 Quamquam
2330 429 2377 484 si
2420 428 2712 500 diligenter
2756 430 3029 495 intendas,
3060 439 3113 486 et
3155 430 3243 486 illa
3282 435 3354 488 sit

117 530 196 586 ris.
221 530 487 602 thuidem
518 531 763 603 plerique
791 541 948 589 actus
970 531 1245 590 interioris
1267 531 1505 588 hominis
1524 546 1650 604 per-
1751 527 1912 591 ratio,
1943 540 2103 597 quam
2123 525 2235 594 jam
2258 538 2479 579 cessare
2507 521 2762 580 debuerit
2790 525 3038 598 praeputii
3061 523 3351 581 circumci-

118 621 300 677 veniuut
337 622 396 678 ad
448 623 780 680 exteriorem
828 623 1104 681 hominem
1133 664 1150 691 ,
1195 622 1650 694 quemadmodum
1752 621 1865 685 sio;
1890 619 2015 690 quia
2032 617 2318 690 plenitudo
2336 616 2578 689 gentium
2602 615 2908 673 venit.Non
2931 617 3076 673 enim
3100 618 3354 687 gentibus

116 715 382 772 castimonia
403 716 682 773 interioris
710 717 948 774 hominis
981 717 1177 774 transit
1204 715 1369 772 etiam
1398 716 1468 772 ad
1493 715 1654 772 casti-
1749 713 2100 770 circumcisio
2140 711 2396 767 mandata
2425 719 2531 778 est,
2562 709 2662 767 sed
2706 710 2902 768 semini
2934 710 3240 778 Abraham;
3275 711 3355 767 sic

115 817 252 863 tatem
278 807 524 878 corporis.
555 807 659 876 Qui
687 808 834 865 enim
860 807 1188 864 adulterium
1216 807 1398 864 cordis
1417 806 1651 881 ignorat,
1753 808 1902 864 enim
1957 805 2124 863 babes
2175 804 2229 860 in
2275 805 2458 875 primo
2502 802 2767 859 oraculo:
2825 802 2894 858 Et
2934 804 3065 858 dixit
3106 802 3246 858 Deus
3288 805 3357 858 ad

112 898 232 955 idem
255 900 416 972 utique
444 901 620 957 nescit
653 903 903 972 corporis
926 900 1257 958 adulterium
1287 918 1301 955 :
1334 915 1440 957 non
1471 910 1651 956 tamen
1757 899 2018 954 Abraham
2045 915 2063 954 :
2095 898 2177 954 Tu
2206 907 2380 953 autem
2408 896 2796 954 Testamentum
2836 915 3004 953 meum
3048 898 3358 966 observabis,

110 995 248 1050 etiam
269 993 384 1050 illud
421 1003 506 1050 est
541 1009 883 1065 consequens
906 1037 922 1062 ,
967 1003 1028 1050 ut
1053 994 1147 1066 qui
1190 1010 1298 1049 m-n
1330 992 1654 1050 adulteravit
1757 1002 1813 1048 tu
1837 1004 1887 1049 et
1912 1009 2083 1049 semen
2128 1005 2276 1048 tuum
2313 1001 2428 1063 post
2458 1001 2509 1047 te
2553 993 2610 1048 in
2637 993 2908 1066 progenies
2937 1008 3134 1048 eorum.
3172 993 3238 1048 Et
3266 992 3363 1049 hoc

109 1102 325 1160 corpore,
352 1102 452 1143 non
493 1086 889 1144 adulteraverit
931 1088 1094 1144 etiam
1127 1089 1315 1156 corde,
1353 1086 1652 1144 secundum
1757 1096 1832 1143 est
1860 1086 2242 1143 Testamentum
2284 1103 2455 1143 meum
2481 1129 2496 1154 ,
2538 1086 2680 1157 quod
2707 1087 3002 1143 observabis
3031 1089 3163 1142 inter
3198 1103 3281 1143 me
3317 1097 3365 1144 et

111 1181 254 1238 illud:
283 1181 524 1252 Quoniam
550 1183 638 1254 qui
672 1182 862 1239 viderit
890 1182 1160 1239 mulierem
1181 1182 1252 1237 ad
1283 1181 1655 1254 eoncupiscen-
1759 1198 1872 1249 vos,
1899 1190 1947 1237 et
1971 1197 2146 1236 semen
2185 1189 2331 1236 tuum
2360 1189 2476 1254 post
2523 1190 2571 1236 te
2599 1181 2655 1235 in
2705 1180 2975 1254 progenies
3010 1195 3208 1236 eorum.
3248 1179 3364 1237 Cir—

109 1278 218 1333 dum
237 1294 362 1346 eam,
383 1281 496 1352 jam
518 1277 834 1334 adulteravit
870 1294 989 1334 eam
1034 1280 1090 1334 in
1127 1280 1286 1334 corde
1312 1295 1405 1335 suo
1434 1277 1653 1352 (Matth.
1760 1275 2079 1330 cumcidetur
2101 1283 2326 1330 oestrum
2348 1289 2499 1329 omne
2518 1273 2889 1343 masculinum,
2916 1283 2965 1328 et
2987 1273 3365 1331 circumcidetis

108 1386 152 1436 v,
184 1369 283 1442 28).
323 1369 446 1426 Nam
471 1371 575 1428 etsi
615 1370 795 1427 adhuc
823 1380 850 1409 η
881 1386 989 1428 non
1021 1371 1093 1427 sit
1132 1371 1348 1428 adulter
1386 1372 1656 1442 corporis,
1761 1385 1972 1424 carnem
2002 1369 2244 1441 prteputii
2271 1368 2447 1436 vestri,
2478 1377 2526 1423 et
2552 1369 2648 1424 erit
2673 1370 2730 1423 in
2755 1369 2904 1442 signa
2946 1367 3256 1426 Testamenti
3285 1370 3368 1426 in-

105 1471 264 1518 tamen
286 1463 384 1534 jam
428 1463 626 1521 affectu
666 1463 882 1521 adulter
920 1474 1027 1521 est.
1060 1464 1208 1536 Ergo
1255 1474 1340 1522 est
1383 1465 1661 1521 interioris
1765 1470 1840 1516 ter
1861 1479 1940 1518 me
1967 1472 2014 1516 et
2044 1476 2152 1516 vos.
2187 1459 2375 1534 Infans
2401 1469 2516 1515 octo
2556 1460 2762 1517 dierum
2781 1462 3184 1518 circumcidelur
3205 1462 3366 1528 vobis,

103 1554 312 1612 hominis
328 1557 697 1615 circumcisio;
725 1574 848 1614 nam
871 1559 963 1630 qui
983 1558 1418 1624 circumciditur,
1767 1570 1917 1610 omne
1962 1553 2310 1609 masculinum
2356 1553 2410 1607 in
2454 1554 2724 1627 progenies
2763 1563 2982 1610 uestras.
3045 1554 3368 1612 Vernaculus

104 1644 250 1705 totius
285 1651 452 1706 carnis
495 1650 785 1707 illecebras
815 1659 1089 1722 tamquam
1134 1651 1458 1723 praputium
1489 1652 1660 1717 exuit;

103 1751 155 1795 ut
179 1743 241 1797 sit
263 1743 308 1796 in
335 1742 542 1812 spiritu,
575 1757 682 1798 non
713 1742 767 1798 in
799 1757 966 1799 carne
987 1785 1002 1811 ,
1043 1751 1099 1799 et
1141 1743 1336 1814 spiritu
1376 1742 1666 1800 mortificet

98 1837 322 1907 corporis
345 1837 424 1893 sui
449 1846 625 1892 actus.

165 1931 244 1985 2|.
280 1929 341 1986 Et
367 1930 482 1986 haec
509 1941 616 1997 est,
657 1945 782 2002 qua:
824 1931 878 1988 in
914 1931 1134 1988 occulto
1175 1940 1260 1988 est
1297 1933 1666 2001 circumcisio,

96 2025 229 2082 sicut
254 2025 513 2082 Abraham
560 2040 690 2084 ante
737 2027 791 2082 in
822 2028 1092 2099 prmputio
1112 2035 1255 2094 erat,
1288 2036 1477 2098 postea
1491 2027 1669 2085 factus

93 2126 174 2173 est
220 2119 268 2172 iu
310 2118 720 2176 circumcisione
772 2118 970 2192 (Rom.
1000 2136 1096 2187 tv,
1131 2121 1242 2192 ll).
1291 2119 1383 2178 Sic
1441 2119 1674 2177 interior

96 2211 252 2265 homo
279 2219 474 2279 noster,
499 2211 716 2283 quando
740 2221 826 2268 est
851 2211 904 2268 in
933 2226 1123 2280 carne,
1156 2221 1430 2285 tamquam
1458 2213 1511 2268 in
1537 2229 1674 2284 pra:-

95 2303 240 2374 putio
267 2311 378 2370 est;
409 2305 626 2376 quando
651 2312 836 2362 autem
861 2305 976 2375 jam
1004 2320 1114 2361 non
1145 2315 1232 2362 est
1258 2307 1313 2362 in
1342 2322 1508 2363 carne
1527 2349 1544 2374 ,
1575 2307 1672 2364 sed

95 2397 148 2453 in
177 2395 379 2468 spiritu,
412 2397 604 2469 incipit
626 2412 748 2455 esse
775 2398 830 2453 in
853 2397 1290 2464 circumcisione,
1324 2415 1432 2454 non
1455 2400 1509 2454 in
1537 2414 1676 2469 prte-

93 2488 258 2560 putio.
286 2487 430 2545 Sicut
455 2497 638 2545 autem
656 2487 746 2560 qui
772 2489 1208 2556 circumciditur,
1233 2503 1341 2546 non
1363 2497 1532 2546 totam
1554 2505 1673 2547 car-

95 2603 215 2644 nem
261 2586 439 2653 exuit,
485 2586 581 2643 sed
626 2586 803 2643 solum
832 2585 1194 2658 praeputium,
1225 2586 1316 2642 ubi
1360 2586 1677 2658 corruptela

88 2679 436 2750 frequentior;
469 2678 544 2734 ita
567 2679 662 2750 qui
686 2679 740 2734 in
759 2679 980 2735 occulto
995 2677 1430 2748 circumciditur,
1448 2694 1673 2736 carnem

91 2777 239 2833 illam
260 2776 422 2843 exuit,
447 2775 516 2832 de
536 2790 642 2848 qua
663 2773 926 2846 scriptum
951 2783 1069 2832 est:
1110 2775 1294 2831 Omnis
1323 2791 1446 2831 caro
1468 2778 1643 2848 fenum
1659 2817 1675 2843 ,

1769 1647 1952 1702 domus
1979 1656 2080 1701 tua:
2103 1656 2152 1702 et
2183 1645 2401 1718 pecunia
2416 1656 2618 1718 emptus
2638 1647 2702 1701 ab
2721 1647 2862 1701 omni
2883 1647 2993 1717 ﬁlio
3017 1647 3254 1716 alterius,
3282 1649 3370 1720 qui

1769 1758 1871 1796 non
1915 1750 1987 1796 est
2017 1757 2079 1796 ex
2119 1741 2313 1796 semine
2351 1749 2463 1807 tuo,
2505 1740 2902 1796 circumcisione
2927 1741 3370 1798 circumcidetur:

1696 1836 1746 1897 B
1770 1835 1800 1876 ἀ
1825 1847 1875 1893 et
1900 1837 1994 1892 erit
2015 1835 2400 1892 Testamentum
2431 1852 2600 1890 meum
2626 1836 2681 1890 in
2704 1852 2859 1891 carne
2885 1846 3076 1905 vestra,
3109 1837 3164 1892 in
3191 1835 3373 1893 Testa-

1771 1942 2000 1988 mentum
2022 1940 2292 1986 wternum.
2326 1927 2393 1983 Et
2426 1929 2816 1984 incircumcisus
2848 1929 3108 1984 masculus
3135 1930 3226 2001 qui
3268 1946 3374 1986 non

1772 2023 2151 2079 circumciderit
2195 2039 2406 2080 carnem
2431 2023 2671 2096 prteputii
2707 2023 2791 2078 sui
2818 2033 2996 2078 octava
3020 2024 3127 2094 die,
3161 2025 3371 2098 1077

1770 2117 2196 2175 exterminabitur
2215 2118 2389 2172 anima
2411 2117 2506 2172 illa
2525 2117 2590 2172 de
2611 2119 2942 2191 generatione
2960 2118 3053 2173 illa
3072 2136 3091 2186 ;
3115 2119 3235 2190 quia
3252 2118 3379 2176 Tes-

1774 2224 2056 2270 tamentum
2085 2231 2257 2270 meum
2280 2223 2630 2286 transgressus
2650 2223 2724 2269 est
2747 2211 2902 2285 (Gen.
2928 2229 3066 2283 xvtt,
3089 2215 3124 2272 9
3151 2224 3199 2271 et
3217 2215 3378 2286 seq.).

1774 2306 2040 2363 Hebraeus
2060 2306 2279 2378 quidem
2303 2315 2537 2377 negatur
2555 2305 2759 2362 habere
2788 2304 2858 2362 de
2879 2315 3072 2362 octavo
3095 2306 3207 2376 die,
3241 2308 3384 2366 sicut

1780 2413 1802 2439 ο
1831 2402 2024 2474 Aquila
2066 2401 2363 2473 significat.
2391 2400 2498 2457 Sed
2529 2415 2638 2457 non
2666 2401 2720 2455 in
2751 2401 2947 2470 Aquila
2973 2403 3154 2459 omnis
3188 2411 3377 2459 aucto-

1775 2495 1928 2560 ritas,
1960 2495 2052 2566 qui
2072 2495 2228 2565 quasi
2257 2492 2478 2550 Judaaus
2515 2492 2572 2548 in
2616 2493 2798 2550 littera
2825 2495 3112 2566 praeteriit,
3154 2511 3258 2554 nec
3286 2513 3382 2570 po-

1777 2586 1886 2644 suit
1914 2596 2166 2644 octavum
2191 2587 2363 2643 diem.

1849 2679 1940 2736 25.
1977 2679 2198 2736 Interim
2229 2686 2287 2736 et
2313 2687 2565 2736 octavum
2596 2679 2744 2737 diem
2767 2721 2784 2750 ,
2827 2690 2882 2738 et
2919 2681 2972 2738 in
2999 2682 3157 2754 signo
3195 2681 3380 2739 datam

1780 2771 2255 2831 circumcisionem
2293 2771 2523 2828 audisti:
2575 2773 2794 2846 signum
2823 2783 3002 2831 autem
3050 2775 3130 2831 rei
3159 2775 3384 2846 majoris

91 2879 140 2923 et
173 2868 330 2923 omnis
355 2867 525 2939 gloria
548 2870 692 2941 ejus,
727 2875 784 2921 ut
803 2869 901 2938 [los
930 2866 1058 2938 feni.
1085 2867 1236 2922 Aruit
1258 2869 1464 2940 fenum,
1493 2876 1546 2923 et
1579 2869 1680 2938 ﬂos
1783 2866 2043 2924 indicium
2091 2876 2198 2934 est,
2238 2866 2500 2923 indicium
2550 2868 2797 2924 veritatis
2839 2867 3075 2935 futurw;
3119 2878 3172 2926 et
3197 2868 3382 2926 datum

90 2962 208 3029 eius
235 2959 421 3015 decidit
445 2978 458 3013 :
487 2960 885 3016 uerbumautem
918 2957 1126 3015 Domini
1154 2968 1328 3015 manet
1346 2961 1400 3016 in
1429 2971 1680 3016 atternum
1785 2959 2192 3016 Testamentum
2216 2957 2450 3013 Abrahae
2473 2967 2530 3016 et
2551 2959 2746 3015 semini
2772 2959 2911 3030 ejus,
2935 2960 3021 3017 cui
3043 2961 3246 3020 dictum
3270 2969 3388 3018 est:

91 3053 268 3125 (Esai.
296 3069 383 3121 XL,
413 3053 471 3121 6,
503 3053 580 3117 7).
613 3053 682 3108 Et
710 3062 958 3110 remanet
981 3067 1132 3119 caro,
1159 3068 1283 3125 quae
1301 3053 1509 3110 videbit
1536 3054 1682 3110 salu-
1786 3051 1855 3108 In
1880 3051 2034 3108 Isaac
2055 3052 2152 3106 erit
2172 3055 2502 3123 semenjtuum
2522 3051 2678 3123 (Gen.
2700 3069 2816 3120 xxx,
2851 3052 2964 3124 12).
2987 3054 3131 3125 Ergo
3157 3055 3389 3112 circum-

90 3157 213 3204 tare
237 3147 330 3202 Dei
355 3187 372 3213 ,
419 3148 562 3204 sicut
602 3147 867 3219 scriptum
898 3155 1012 3204 est:
1051 3146 1116 3202 Et
1138 3148 1324 3203 videbit
1352 3149 1520 3204 omnis
1561 3165 1684 3204 caro
1789 3145 1898 3202 cidi
1920 3145 2071 3202 licuit
2099 3144 2368 3214 Judaeum,
2401 3144 2485 3202 vel
2515 3145 2666 3201 domi
2692 3146 2810 3218 ejus
2835 3154 3020 3203 natum
3047 3149 3129 3204 vel
3162 3149 3387 3220 pecunia

85 3240 324 3296 salutare
343 3237 440 3294 Dei
463 3238 616 3312 (Luc.
641 3254 725 3306 nt,
753 3239 836 3311 6).
867 3238 999 3308 Quae
1028 3241 1098 3295 sit
1139 3239 1242 3295 ista
1285 3254 1414 3296 caro
1436 3283 1452 3308 ,
1486 3241 1684 3297 munda
1713 3229 1760 3292 C
1790 3238 1911 3309 ejus
1932 3247 2199 3309 emptum.
2233 3237 2350 3294 Non
2374 3252 2667 3310 possumus
2695 3239 2952 3298 derivare
2972 3239 3077 3297 boc
3103 3241 3171 3297 ad
3200 3241 3392 3300 alieni-

85 3348 280 3399 aures,
314 3344 372 3389 ut
399 3331 696 3404 intelligas.

165 3428 258 3482 22.
290 3427 437 3484 Talis
466 3441 600 3498 ergo
628 3426 793 3484 debet
819 3442 943 3485 esse
979 3427 1036 3484 in
1081 3428 1294 3485 occulto
1322 3428 1688 3493 circumcisio,

1791 3333 2010 3401 genam,
2035 3337 2130 3384 aut
2153 3329 2510 3399 proselytum‘,
2537 3328 2638 3385 uisi
2663 3329 2867 3388 fuerint
2897 3330 2951 3387 in
2977 3330 3142 3388 domo
3160 3332 3392 3392 Abrahae

1792 3423 1928 3492 nati,
1955 3430 2048 3478 aut
2078 3421 2306 3493 pecunia
2334 3421 2455 3492 ejus
2498 3423 3031 3494 empti,velseminis
3057 3425 3196 3498 ejus.
3227 3427 3393 3486 Deni-

86 3530 155 3578 υι
182 3520 389 3577 nullam
419 3520 619 3577 habeat
645 3521 1108 3593 comparationem
1137 3536 1261 3580 cum
1293 3538 1356 3581 ea
1374 3565 1388 3590 ,
1415 3539 1534 3594 qua:
1556 3523 1693 3580 foris
1795 3533 1901 3590 que
1930 3515 2067 3573 nihil
2087 3515 2226 3572 dixit
2245 3515 2316 3572 de
2343 3517 2656 3589 proselytis,
2678 3516 2747 3575 de
2767 3518 2964 3591 quibus
2987 3520 3207 3592 quando
3227 3521 3398 3580 voluit

84 3623 203 3683 est,
258 3612 706 3672 circumcisione.
751 3615 820 3670 Et
867 3614 991 3672 ideo
1019 3616 1111 3687 qui
1142 3616 1194 3672 in
1227 3616 1444 3673 occulto
1472 3616 1696 3674 Judaens
1796 3610 2020 3678 dicere,
2057 3609 2366 3665 nominavit
2395 3624 2523 3676 eos,
2567 3610 2710 3667 sicut
2750 3610 2960 3668 babes:
3003 3611 3074 3669 Et
3102 3614 3301 3671 locutus
3321 3625 3399 3673 est

83 3714 203 3774 est,
230 3704 350 3777 ipse
374 3713 628 3776 praestat;
655 3706 748 3778 qui
777 3716 862 3763 est
887 3722 918 3763 a
945 3707 1106 3776 Juda,
1128 3710 1280 3780 cujus
1309 3724 1503 3766 manus
1531 3724 1695 3780 supra
1799 3707 2056 3766 Dominus
2079 3705 2148 3762 ad
2174 3704 2413 3777 Moysen,
2439 3705 2649 3762 dicens:
2676 3705 2912 3778 Loquere
2938 3710 3010 3762 ad
3037 3699 3232 3779 Aaron,
3260 3722 3307 3767 et
3328 3712 3399 3767 ad

78 3799 370 3856 cervicem
397 3798 743 3856 inimicorum
765 3801 908 3871 ejus,
935 3801 1028 3872 qui
1051 3801 1322 3858 recubans
1347 3804 1614 3876 requievit
1639 3813 1698 3861 ut
1801 3802 1939 3872 ﬁlios
1963 3806 2077 3876 ejus
2095 3843 2110 3870 ,
2140 3810 2188 3857 et
2214 3800 2284 3856 ad
2313 3817 2492 3857 omnes
2522 3801 2661 3872 ﬁlios
2682 3801 2892 3871 Israel,
2924 3813 2972 3859 et
3017 3804 3157 3861 dices
3181 3805 3252 3860 ad
3276 3823 3399 3863 eos:

83 3890 208 3959 leo,
240 3902 297 3948 et
330 3900 391 3947 ut
419 3892 633 3950 catulus
675 3892 875 3960 leonis,
904 3909 1062 3966 quem
1100 3894 1326 3952 laudant
1355 3895 1553 3954 fratres
1580 3897 1700 3970 ejus
1804 3896 2167 3965 Homthomo
2193 3915 2226 3952 a
2253 3897 2378 3968 ﬁliis
2395 3895 2586 3963 Israel,
2611 3907 2658 3952 et
2677 3915 2709 3953 a
2731 3898 3030 3970 proselytis,
3053 3901 3142 3970 qui
3166 3912 3285 3957 sunt
3305 3920 3402 3972 ap-

79 3981 257 4056 (Gen.
293 4001 447 4051 sm,
477 3986 561 4057 8).
611 3987 694 4043 Ab
723 3987 829 4043 boc
869 3985 1009 4044 Iuda
1055 4002 1165 4044 non
1190 3988 1376 4044 deficit
1401 3990 1698 4061 princeps;

77 4078 225 4150 quia
260 4092 448 4134 sermo
466 4079 585 4151 ejus
614 4080 889 4153 principes
908 4079 1057 4149 facit,
1083 4081 1176 4152 qui
1205 4097 1312 4138 non
1343 4082 1704 4154 subjiciantur

79 4172 388 4229 illecebris
429 4172 780 4231 saecularibus
803 4215 821 4241 ,
868 4183 923 4230 et
955 4175 1300 4245 captiventur
1337 4175 1707 4248 voluptatibus

75 4265 260 4323 istius
287 4267 504 4322 mundi.
539 4266 610 4323 Et
636 4268 762 4340 quia
793 4269 909 4340 ipse
936 4268 1104 4326 Judas
1134 4269 1187 4325 in
1221 4269 1362 4328 banc
1397 4271 1708 4343 generatio-

75 4377 226 4419 nem
264 4362 446 4431 venit,
469 4360 497 4401 ι)
527 4362 650 4418 ideo
681 4361 899 4434 plurimi
925 4363 1017 4435 qui
1056 4375 1244 4434 postea
1273 4366 1520 4437 generati
1540 4375 1669 4424 sunt
1694 4408 1708 4433 ,

75 4455 514 4527 praeferuntur;
555 4463 612 4510 ut
652 4455 913 4512 virtutum
942 4456 1250 4528 principatu
1284 4458 1576 4530 gaudeant.
1605 4459 1708 4514 Ha-

1803 3992 1956 4063 positi
1977 3992 2134 4060 vobis,
2163 3992 2474 4064 quicumque
2498 3990 2678 4062 fecerit
2699 3992 3060 4048 holocaustum
3082 3993 3237 4064 (Gen.
3265 4011 3400 4065 xvn,

1811 4075 1920 4156 l2).
1952 4083 2057 4140 Ubi
2085 4098 2214 4156 ergo
2236 4083 2658 4155 comprehendit
2684 4098 2780 4140 eos
2801 4125 2816 4152 ,
2846 4083 2920 4140 ibi
2948 4083 3061 4141 Lex
3088 4101 3185 4143 eos
3217 4096 3366 4145 tenet
3392 4106 3403 4144 ;

1808 4178 1898 4234 ubi
1924 4178 2146 4234 oraculo
2172 4194 2280 4235 non
2313 4178 2692 4251 significantur
2712 4221 2728 4247 ,
2761 4182 3042 4251 quomodo
3068 4184 3296 4257 astringi
3327 4186 3406 4242 vi-

1809 4272 2050 4330 dentur?
2087 4271 2178 4330 Sic
2212 4272 2382 4330 habes
2408 4273 2646 4346 denique
2672 4290 2685 4328 :
2716 4271 2820 4329 Dic
2855 4273 2982 4343 ﬁliis
3013 4276 3188 4332 Aaron
3215 4276 3405 4352 (Leuit.

1810 4381 1941 4432 xvn,
1978 4366 1998 4420 1
2028 4374 2074 4421 et
2096 4373 2256 4438 seq.),
2288 4365 2506 4438 quando
2533 4365 2602 4424 de
2629 4366 3006 4425 sacerdotibus
3030 4367 3182 4427 dicit.
3206 4371 3406 4442 Habes,

1811 4460 2028 4534 quando
2056 4471 2110 4517 et
2138 4460 2206 4516 de
2237 4461 2419 4518 levitis
2443 4460 2593 4518 dicit.

71 4549 340 4607 beamus
367 4549 551 4622 itaque
576 4549 1052 4613 circumcisionem
1085 4550 1138 4605 in
1177 4551 1426 4618 occulto,
1452 4561 1507 4608 et
1535 4553 1592 4609 in
1618 4568 1712 4611 oc-
1885 4553 1978 4610 26.
2011 4553 2155 4625 Ergo
2183 4553 2529 4610 omnifariam
2559 4555 2729 4613 claret
2747 4559 2908 4614 etiam
2939 4561 3240 4619 secundum
3273 4563 3419 4623 litte-

75 4643 257 4699 culto
295 4641 578 4709 Judaeum,
611 4643 703 4715 qui
742 4652 828 4700 est
868 4643 1132 4715 spiritalis
1159 4661 1172 4698 :
1206 4645 1466 4715 spiritalis
1507 4655 1711 4715 autem,
1740 4631 1796 4692 D
1819 4663 1935 4705 ram
1958 4648 2136 4720 Legis,
2159 4663 2482 4721 quamquam
2507 4647 2618 4708 Lex
2642 4652 2908 4723 spiritalis
2927 4655 3018 4726 sit,
3042 4668 3097 4716 et
3118 4660 3416 4717 secundum

77 4745 303 4808 utpote
333 4735 593 4808 princeps
615 4778 631 4802 ,
661 4735 924 4808 dijudicat
960 4736 1161 4805 omnia,
1196 4738 1313 4810 ipse
1342 4748 1522 4797 autem
1555 4755 1585 4796 a
1618 4757 1714 4798 ne-
1817 4743 1991 4814 ipsam
2023 4748 2206 4798 tamen
2233 4742 2471 4800 litteram
2500 4743 2572 4800 ad
2595 4727 3072 4808 circumcisionem
3105 4754 3276 4810 teneri
3307 4770 3418 4812 non

72 4830 254 4888 mine
273 4829 621 4901 dijudicatur
651 4829 698 4901 (l
719 4829 837 4886 Cor.
868 4830 927 4898 2,
956 4829 1070 4902 15).
1549 4912 1556 4916 π
1821 4836 2062 4908 potuisse
2104 4836 2382 4894 nationum
2411 4839 2681 4910 populos:
2720 4841 2820 4899 sed
2841 4843 3015 4914 ipsam
3041 4845 3420 4903 circumcisio-

71 4931 115 5000 ί
161 4925 272 4982 25.
313 4924 523 4982 Debuit
566 4939 698 4997 ergo
730 4935 753 4964 ο
785 4923 945 4996 Legis
973 4924 1230 4981 mandata
1267 4927 1587 4998 praescripto
1615 4928 1723 4985 cir.
1825 4945 1950 4988 nem
1983 4930 2034 4986 in
2066 4929 2224 5002 signo
2249 4929 2438 4998 fuisse,
2467 4931 2645 4990 donec
2671 4933 2959 5005 plenitudo
2982 4939 3228 5010 gentium
3253 4937 3422 4995 intra.

65 5017 428 5086 cumcisio,
460 5033 581 5090 qua:
606 5033 675 5076 ex
703 5025 860 5090 parte
900 5026 1054 5085 erat,
1087 5033 1342 5088 cessare,
1372 5029 1724 5094 posteaquam
1826 5033 1931 5090 ret,
1973 5033 2028 5080 et
2068 5024 2148 5080 sic
2191 5024 2370 5080 omnis
2415 5023 2583 5082 Israel
2626 5027 2812 5086 salvus
2849 5030 3035 5098 ﬁeret,
3068 5032 3424 5090 circumcisus

66 5111 263 5169 venit
297 5111 409 5183 qui
448 5111 919 5168 circumcisionem
951 5110 1160 5170 Iaceret
1187 5112 1354 5170 totius
1381 5113 1642 5183 hominis,
1669 5125 1727 5172 et
1828 5120 1995 5178 corde
2020 5160 2035 5187 ,
2079 5135 2185 5176 non
2216 5119 2411 5191 exigua
2443 5120 2675 5179 membri
2717 5123 2882 5181 unius
2910 5131 3085 5196 parte.
3121 5125 3264 5199 Ergo
3293 5128 3454 5184 satis'

65 5206 385 5279 impleret
404 5205 878 5264 circumcisionem
901 5206 1082 5280 Legis.
1110 5207 1245 5278 Quis
1275 5217 1460 5266 autem
1487 5219 1572 5266 est
1599 5211 1724 5278 iste,
1830 5221 1885 5270 et
1914 5220 2170 5268 excusata
2201 5227 2233 5267 a
2257 5211 2416 5270 nobis
2442 5253 2458 5277 .
2492 5220 2549 5270 et
2589 5214 2815 5272 exclusa
2855 5224 2942 5274 est
2965 5215 3281 5274 Iudaeorum
3310 5236 3428 5278 ma-

62 5301 201 5359 nisi
238 5299 353 5372 qui
389 5298 573 5356 dixit:
609 5298 735 5358 Non
769 5301 882 5357 veni
932 5301 1093 5373 legem
1132 5301 1328 5359 solvere
1377 5301 1470 5358 sed
1510 5302 1729 5374 intplere
1833 5318 1972 5360 nens
2003 5302 2277 5375 hodieque
2304 5304 2671 5363 circumcisio.

61 5392 350 5468 (Matth.
387 5409 449 5462 ν,
483 5393 617 5463 i7)?
1905 5396 1998 5451 27.
2030 5396 2187 5465 Quod
2210 5407 2395 5454 autem
2425 5397 2846 5471 reprehensioni
2873 5413 2996 5457 eam
3022 5402 3210 5460 dicunt
3239 5404 3428 5473 fuisse,

160 5516 199 5580 ξι
236 5505 448 5580 Εόἰξ.
481 5523 584 5562 non
611 5507 677 5580 sit
704 5507 912 5562 adulter
938 5523 1175 5580 corpore.
1838 5508 2057 5580 scripta;
2087 5507 2281 5575 reliqui
2314 5523 2444 5564 mss.
2473 5519 2534 5564 ut
2561 5510 2612 5564 in
2639 5517 2927 5567 contextu.

161 5577 197 5617 ι)
234 5577 335 5634 Ita
385 5576 555 5652 Rom.
597 5577 727 5652 edit.
777 5588 833 5652 et
869 5592 999 5652 mss.
1032 5576 1280 5652 aliquot:
1314 5588 1424 5636 vet.
1464 5587 1647 5652 autem
1678 5587 1736 5635 et
1909 5576 2123 5652 d130m.
2155 5580 2458 5652 editssola,
2489 5589 2538 5652 et
2565 5579 2891 5652 eritpactum
2917 5599 3109 5641 meum.

55 5665 246 5709 mss.
285 5651 584 5732 nonnulli,
611 5649 726 5732 ideo
753 5649 1048 5732 plurimi...
1075 5649 1357 5732 proﬁciunt
1380 5661 1438 5706 ut
1462 5651 1733 5732 uirtutem:
1848 5721 1877 5732 γ’
1915 5661 1938 5688 θ
1964 5650 2134 5732 Quam
2165 5650 2433 5732 latitiliare
2457 5649 2848 5732 sit_Ambrosio
2871 5656 3051 5732 varias
3074 5658 3283 5732 Aquila;
3313 5663 3428 5722 ιεο.

61 5732 234 5780 eaet.
276 5719 457 5798 cod.,
487 5721 601 5775 ideo
630 5719 950 5792 plurimis...
985 5719 1288 5792 praefertur,
1313 5733 1390 5790 ut,
1419 5733 1529 5779 etc.
1561 5722 1737 5778 Minus
1843 5721 2031 5798 tiones
2060 5723 2112 5776 in
2152 5721 2388 5776 medium
2442 5720 2857 5798 proferre,_tum
2911 5719 3157 5798 aliunde:
3199 5740 3313 5790 tum
3344 5719 3427 5796 ex

63 5791 461 5871 commode.
565 5860 598 5871 η
634 5791 637 5792 ⁷
901 5863 912 5871 _
989 5791 993 5792 ⁷
1100 5791 1107 5792 ⁷
1155 5863 1169 5871 _
1258 5865 1267 5871 .
1469 5865 1479 5871 _
1845 5793 2035 5864 psalmi
2065 5808 2248 5860 csvut,
2281 5791 2617 5865 expositi-ine
2642 5793 2818 5865 quivis
2845 5810 3124 5871 agnoscat,

172 5868 204 5896 ‘
247 5864 490 5921 Omnes
513 5860 644 5919 cdit.
669 5877 731 5919 ac
758 5863 913 5934 pauci
946 5878 1072 5918 mss.
1093 5901 1110 5930 ,
1145 5863 1293 5937 Legis
1323 5865 1564 5922 mandato
1605 5880 1740 5938 pra:-
