3932 6296
457 260 589 320 ηδι

1812 248 2063 317 ὃΑΝοΤΙ
2102 242 2426 312 Am“

3627 245 3728 303 i251

455 376 546 434 vel
575 390 702 434 esse
725 373 1056 449 gentilibus,
1090 374 1326 447 primum
1362 386 1470 430 non
1510 371 1715 431 habent
1750 370 2051 442 reprehen-
2080 380 2135 442 Α
2156 369 2336 438 dolus,
2364 367 2592 434 amitis,
2624 365 2942 423 insolentia.
2987 363 3136 422 Nihll
3181 378 3346 421 suum
3391 363 3565 429 novit,
3591 360 3730 419 nulla

460 471 592 528 dere
617 470 749 542 ipsi,
780 469 867 526 vel
896 467 1150 536 irridere,
1179 477 1205 506 ι
1233 466 1379 539 quod
1416 464 1512 522 alii
1543 474 1828 522 consortes
1854 463 2061 519 iaciunt
2161 464 2401 521 honores
2415 463 2523 521 sibi
2541 468 2784 533 arrogat.
2808 460 3078 532 prater-re
3098 472 3163 518 se
3184 458 3348 515 alteri
3376 460 3609 530 ignorat,
3626 457 3735 513 fra-

459 562 569 620 sui.
607 561 737 619 Esto
768 571 951 619 tamen
979 603 993 629 ,
1046 559 1380 631 fueritquod
1416 558 1746 624 irriderent;
1791 556 1922 628 quid
1958 556 2063 613 hoc
2162 557 2288 614 dem
2320 556 2516 624 nescit,
2549 553 2830 613 vindicare
2858 566 2985 611 sese
3013 566 3120 610 nec
3141 551 3282 619 vult,
3305 565 3414 607 nec
3460 559 3649 623 potest.
3675 549 3736 605 ln—

463 672 567 714 nos
616 672 836 714 movere
882 656 1083 726 debet,
1132 669 1256 712 cum
1288 653 1404 726 ipsa
1431 668 1564 711 crux
1609 652 1822 710 Domini
1858 650 2062 710 induis
2162 649 2395 706 scientia
2422 646 2553 720 quid
2578 647 2653 702 sit
2682 659 2823 718 puro
2846 657 2913 703 ac
2933 645 3173 717 simplici
3204 643 3398 716 nequit
3423 641 3735 699 altitonan-

463 750 808 818 scaudalum,
841 750 1049 808 Grtccis
1075 749 1333 816 stultitia,
1368 748 1527 807 nobis
1550 758 1734 807 autem
1761 748 1933 805 virtus
1964 745 2064 802 Dei
2166 743 2532 817 prehendere.

463 847 557 915 sit,
591 856 756 918 atque
799 845 1070 917 sapientia
1097 843 1143 917 (ι
1178 842 1302 901 Cor.
1334 842 1500 913 1,23,
1529 842 1670 915 ειν
1700 842 1772 899 Et
1810 842 1929 912 ipse
1955 839 2065 896 Do-

2239 839 2293 892 b.
2322 834 2499 893 Solvit
2525 834 2666 890 hanc
2692 834 2869 906 legem
2915 831 3116 899 Adam,
3148 831 3245 903 qui
3285 826 3467 886 voluit
3490 826 3592 884 sibi
3616 841 3736 883 arro-

472 941 653 996 minus
682 938 922 996 dixerit:
952 936 981 977 ιι
1011 937 1114 1008 Qui
1138 954 1218 996 me
1238 941 1488 1010 confusus
1513 938 1669 1010 fuerit
1697 952 1875 993 coruus
1903 933 2069 990 Ιιοιιιε-
2168 942 2303 1001 gare
2332 925 2480 1001 quod
2521 941 2629 984 non
2674 936 2983 1000 acceperat,
3012 934 3074 981 ut
3112 933 3264 983 esset
3306 925 3455 981 sicut
3490 934 3739 979 autem

469 1034 641 1103 nibus,
667 1033 956 1107 confundor
976 1041 1022 1090 et
1043 1048 1135 1106 ego
1164 1048 1281 1089 eum
1306 1048 1483 1089 eorum
1502 1029 1663 1091 Patre
1701 1046 1836 1095 meo,
1865 1026 1954 1096 qui
1988 1035 2070 1082 est

474 1127 529 1182 in
554 1126 695 1184 catis
725 1123 881 1201 (Luc.
911 1140 997 1192 tx,
1021 1123 1157 1195 26);
1192 1124 1399 1182 docens
1428 1138 1529 1181 nos
1554 1122 1644 1199 iis,
1673 1137 1798 1196 qua:
1822 1118 2074 1178 ridentur

472 1219 541 1276 ab
571 1217 883 1279 hominibus
904 1258 924 1286 .
971 1233 1080 1276 non
1112 1217 1558 1286 commovendos,
1589 1217 1635 1275 si
1663 1230 1768 1288 qua
1801 1230 1902 1287 pro
1939 1211 2072 1270 reli-

474 1313 651 1385 gionis
675 1311 945 1386 obsequio
971 1310 1312 1373 deteruntur.

966 1445 1305 1507 EPISTOLA
1345 1444 1581 1504 LXXIII.

482 1566 837 1642 lutet-roganti
864 1584 955 1624 cur
976 1566 1083 1623 lata
1112 1564 1175 1622 sit
1214 1560 1345 1636 Lex,
1375 1581 1493 1621 eum
1516 1581 1629 1621 eam
1659 1563 1834 1621 obesse
1879 1561 2083 1621 Paulus

550 1664 775 1731 indicet;
796 1661 1136 1736 respondetur
1168 1662 1404 1718 inutilem
1432 1676 1545 1717 eam
1573 1663 1831 1733 futuram,
1862 1657 1908 1715 si
1928 1665 2082 1713 naut-

553 1760 707 1828 ralis,
737 1775 851 1828 qua:
875 1758 1170 1814 inscribitur
1200 1756 1438 1812 cordibus
1463 1755 1679 1822 nostris,
1709 1762 1757 1809 et
1786 1753 1842 1807 in
1866 1749 2079 1822 infanti-

557 1852 650 1909 bus
675 1851 1106 1925 depreltenditur,
1136 1859 1331 1906 servata
1360 1859 1488 1906 esset
1515 1864 1535 1905 :
1562 1848 1658 1902 hac
1687 1846 1856 1901 soluta
1881 1885 1898 1914 ,
1937 1843 2086 1899 illam

563 1947 729 2019 fuisse
743 1944 1109 2012 necessariam,
1128 1952 1183 1999 ut
1198 1942 1583 1999 excusationem
1611 1940 1805 1998 tolleret
1817 1946 2087 2007 peccatum

560 2038 981 2112 manifestando,
1023 2036 1161 2110 (luod
1193 2035 1521 2109 postmodum
1542 2033 1734 2092 Christi
1772 2031 1939 2104 gratia
1967 2028 2090 2087 sub-

565 2135 726 2189 latum
750 2145 843 2193 est.

1005 2228 1314 2286 Ausaosms
1348 2224 1580 2285 luendae.

566 2345 616 2400 l.
646 2345 887 2401 Decursa
936 2342 1175 2401 lectione
1226 2341 1518 2414 Apostoli,
1566 2353 1675 2396 non
1729 2332 2096 2408 perlunctorie

499 2445 682 2494 motus
704 2450 798 2502 es;
823 2436 948 2507 quia
979 2432 1176 2492 audisti
1206 2432 1371 2491 hodie
1397 2432 1635 2490 lectum:
1669 2428 1782 2487 Leu
1807 2427 1944 2487 enim
1962 2425 2099 2481 irent

496 2522 784 2601 oneratur:
825 2529 909 2583 ubi
950 2540 1124 2584 autem
1164 2544 1266 2583 non
1304 2536 1379 2582 est
1409 2525 1558 2593 Lex,
1605 2540 1698 2583 ttat!
1741 2522 2101 2597 praestitutis

498 2624 681 2697 (liam.
728 2640 800 2691 tv,
835 2624 915 2696 5).
967 2622 1122 2681 Unde
1163 2631 1220 2681 et
1257 2620 1655 2679 consulendum
1704 2620 2005 2677 arbitratus
2039 2632 2102 2674 es

503 2731 524 2755 ε
558 2734 656 2774 cur
694 2719 800 2775 lata
829 2719 900 2775 sit
928 2718 1062 2784 Lex,
1094 2716 1141 2774 si
1180 2717 1317 2774 nihil
1359 2715 1656 2786 proderat;
1693 2714 1909 2788 1018
1933 2714 2104 2770 immo

501 2815 719 2883 uberat,
754 2830 874 2889 quae
907 2825 1229 2887 operaretur
1272 2810 1609 2870 iracundiam
1630 2851 1647 2879 ,
1678 2821 1734 2867 et
1773 2808 2101 2882 praevarica-

498 2907 706 2966 tionem
737 2906 1128 2965 introduceret.

571 3001 629 3057 2.
657 2998 725 3057 Ει
745 2998 967 3071 quidem
985 2995 1290 3055 secundum
1314 2993 1796 3066 interrogationem
1815 3000 1965 3049 tuam
1985 3002 2109 3047 cer-
2208 2991 2589 3064 pra-scriptum
2602 3000 2710 3044 non
2725 2985 2988 3057 eratquid
3000 2996 3284 3042 arerem.
3305 2981 3518 3057 1079
3533 2977 3763 3036 Deindeut

503 3102 616 3147 tum
666 3100 751 3149 est
798 3105 906 3151 non
956 3088 1126 3147 fuisse
1167 3088 1368 3161 Legem
1415 3086 1817 3154 necessariam,
1855 3099 1978 3156 quae
2008 3097 2108 3155 per

2171 1021 2424 1080 conditor
2456 1034 2631 1089 suus,
2670 1022 2752 1078 sic
2781 1030 2841 1077 ut
2875 1020 3122 1077 divinum
3161 1018 3439 1076 honorem
3482 1017 3736 1073 electaret

2173 1113 2363 1188 Itaque
2386 1130 2485 1187 per
2510 1112 2936 1172 inohedientilm
2962 1111 3235 1170 ol’eusam
3267 1108 3470 1177 traxit,
3495 1120 3552 1166 et
3572 1110 3737 1177 enlpsu

2175 1207 2369 1265 incidit
2389 1222 2458 1263 ex
2488 1205 2805 1263 insolentia.
2830 1206 2934 1274 Qui
2960 1205 3010 1262 si
3042 1218 3152 1260 non
3184 1205 3434 1275 rupisset
3479 1200 3739 1273 imperim.

2177 1311 2236 1361 et
2262 1300 2532 1359 ohediens
2558 1300 2753 1359 luisset
2782 1299 3053 1357 mandatis
3090 1296 3449 1364 eiulatibus,
3478 1300 3745 1367 ρτπεπςιυο

2179 1413 2301 1453 vam
2313 1407 2523 1452 uatum
2534 1406 2700 1467 atque
2719 1394 2976 1467 ingenitae
2996 1392 3098 1450 sibi
3120 1390 3469 1448 innocentia:
3487 1387 3743 1445 hzcrﬁbas

2182 1489 2418 1563 propriis
2458 1495 2824 1545 reservasset.
2870 1486 3011 1557 Ergo
3052 1486 3180 1556 qula
3213 1496 3318 1555 per
3365 1481 3742 1538 inulte-tientia-

2184 1581 2546 1653 pratrogativa
2576 1578 2846 1636 naturalis
2877 1577 3016 1649 legis
3052 1583 3322 1647 corrupta
3355 1584 3531 1645 atque
3560 1571 3743 1628 interim

2185 1685 2316 1742 est,
2354 1674 2482 1732 ideo
2520 1672 2782 1745 scriptum
2828 1673 2964 1744 legis
3008 1670 3391 1728 existimatum
3421 1677 3511 1725 est
3552 1681 3746 1722 access:-
3852 1710 3853 1735 1

2115 1780 2165 1843 Β
2188 1769 2328 1825 rium
2354 1785 2370 1835 ;
2401 1778 2457 1824 ut
2483 1766 2571 1823 vel
2595 1776 2802 1837 partem
2837 1764 3087 1832 haberet,
3112 1764 3211 1835 qui
3239 1765 3568 1818 universum
3604 1758 3748 1814 sara-
3852 1816 3853 1843 ᾗ

2190 1871 2305 1920 rat:
2329 1872 2386 1920 et
2410 1863 2499 1919 cui
2522 1861 2766 1934 perierat
2791 1859 2936 1932 quod
2953 1856 3236 1915 nascendo
3263 1862 3658 1926 assumpserat,
3675 1854 3747 1908 dis-

2189 1957 2369 2018 cendo
2397 1957 2598 2015 saltem
2626 1962 2984 2028 eoguossmet
3014 1962 3071 2009 et
3107 1951 3440 2009 custodiret.
3470 1948 3634 2008 Simul
3662 1947 3746 2017 quia

2189 2065 2357 2109 causa
2383 2047 2707 2122 dejectionis
2731 2047 2854 2120 ejus
2877 2040 3133 2118 superbia
3160 2043 3289 2111 fuit,
3320 2040 3583 2112 superbia
3614 2052 3747 2094 antea

2193 2157 2315 2205 orta
2343 2155 2430 2203 eat
2456 2160 2523 2202 ex
2554 2143 2915 2217 prorogativa
2944 2138 3315 2205 innocentia;
3347 2137 3546 2195 debuit
3584 2151 3640 2191 ea
3673 2134 3748 2190 Le:

2195 2240 2330 2298 ferri
2347 2255 2473 2314 qua:
2490 2238 2768 2296 subditum
2787 2238 2901 2295 Deo
2919 2245 2978 2293 et
3000 2236 3315 2308 subjectum
3337 2231 3599 2290 redderet
3619 2230 3747 2303 (Ret

2196 2353 2291 2400 vn.
2316 2336 2400 2407 8).
2430 2334 2567 2391 Nam
2592 2333 2712 2390 sine
2741 2331 2887 2402 Lege
2912 2338 3202 2403 peccatum
3227 2327 3604 2392 nesciebatur,
3622 2323 3751 2381 etui-

2199 2446 2303 2487 nor
2326 2440 2445 2486 erat
2485 2427 2670 2500 culpa,
2702 2426 2795 2483 ubi
2822 2432 2942 2481 erat
2976 2424 3159 2495 culpae
3197 2420 3539 2493 ignorantia.
3568 2416 3698 2476 Unde
3718 2424 3752 2469 cl

2202 2524 2466 2581 Dominus
2491 2515 3444 2593 ait:8inetteattissaus,etleelus
3473 2512 3751 2581 unum!

2200 2621 2292 2687 iit,
2321 2614 3190 2690 ρωωωηιωκῌοηηεεηιηε
3222 2614 3754 2666 smmum
3852 2614 3853 2651 ξ

2205 2728 2311 2771 ποι
2333 2710 2523 2767 haben
2548 2709 2617 2764 de
2641 2715 2850 2780 peccato
2873 2703 3058 2780 (Ioue.
3085 2716 3182 2768 xv,
3208 2701 3329 2772 22).

2278 2803 2334 2861 ϐ.
2370 2802 2502 2859 Lata
2538 2811 2625 2858 est
2670 2808 2809 2872 ergo
2836 2797 2945 2855 Lex
2967 2837 2984 2864 ,
3024 2795 3264 2868 primum
3306 2800 3370 2850 at
3406 2792 3758 2851 excusationem

2207 2895 2459 2964 tolleret,
2510 2909 2579 2951 ne
2620 2893 2749 2963 quis
2774 2891 3017 2947 diceret:
3063 2888 3364 2945 Puecatum
3411 2884 3631 2946 nesciri;
3664 2881 3760 2952 quis

2209 3098 2405 3142 onlnes
2413 3083 2662 3139 subditos
2674 3079 2884 3138 faceret
2898 3080 3014 3137 Deo
3024 3079 3313 3152 agnitione
3328 3072 3758 3149 pecuniarum.

508 3184 730 3258 Moysen
770 3183 895 3240 data
935 3192 1040 3240 est.
1073 3182 1207 3243 Nam
1253 3180 1303 3239 si
1345 3180 1651 3239 naturalem
1691 3178 1866 3250 legem
1891 3217 1908 3245 ,
1939 3188 2103 3247 quam
2132 3178 2181 3246 ο
2213 3164 3760 3250 iii).0mnesautemsubditosiceit,quiaannectunt-deis

509 3277 654 3335 Deus
669 3287 885 3335 creator
911 3276 1103 3333 inludit
1130 3273 1469 3347 singulorum
1501 3272 1834 3343 pectoribus,
1858 3269 2110 3327 homines

513 3384 737 3427 servare
769 3368 1097 3443 potuissent,
1129 3383 1235 3425 non
1263 3367 1444 3425 fuerat
1469 3380 1610 3438 opus
1638 3378 1701 3424 ea
1731 3363 1850 3435 lege
1874 3377 2019 3434 qua,
2051 3359 2108 3417 itt

516 3461 719 3519 tabulis
758 3461 961 3533 scripta
1009 3461 1257 3534 lapideis,
1288 3459 1585 3532 implicavit
1628 3468 1793 3528 atque
1831 3453 2113 3514 iunodavit

516 3554 690 3628 magis
714 3555 934 3612 humani
955 3552 1175 3629 generis
1199 3553 1595 3619 inﬁrmitatem,
1619 3568 1783 3625 quam
1805 3548 2115 3622 elaqueavit

519 3660 682 3721 atque
710 3648 961 3707 absolvit.
992 3647 1128 3705 Esse
1150 3656 1331 3705 autem
1369 3648 1548 3718 legem
1575 3643 1877 3703 naturalem
1909 3643 1964 3700 in
1992 3656 2115 3701 cui"

514 3741 675 3799 dibus
717 3741 924 3800 nostris
964 3742 1132 3801 etiam
1175 3740 1474 3815 Apostolus
1512 3740 1712 3807 docet,
1756 3740 1845 3809 qui
1892 3738 2118 3807 scripsit

519 3834 646 3908 quia
694 3833 1013 3908 plerumque
1063 3844 1110 3891 et
1146 3843 1320 3911 gentes
1350 3834 1657 3891 naturaliter
1686 3850 1780 3900 ea,
1824 3848 1939 3902 qua:
1962 3829 2118 3904 Legio

515 3942 655 3999 sunt,
690 3931 889 4003 facium
912 3947 933 3999 ,'
959 3938 1149 3989 etcum
1173 3927 1359 4003 Legem
1385 3947 1488 3986 non
1518 3930 1757 4003 legerint,
1788 3943 1921 3999 opus
1949 3912 2119 3982 tamen

517 4022 669 4097 Legis
700 4022 951 4095 scriptum
975 4021 1165 4078 habent
1190 4022 1245 4078 in
1279 4021 1525 4079 cordibus
1548 4021 1659 4079 suis
1687 4018 1866 4093 (Rom.
1900 4033 1968 4085 tt,
2002 4014 2114 4089 li).
2172 4028 2181 4039 ‘

587 4116 642 4170 3.
676 4112 754 4170 Ea
782 4113 946 4186 igitur
966 4115 1055 4171 lex
1086 4130 1193 4171 non
1217 4114 1497 4179 scribitur,
1526 4113 1622 4170 sed
1650 4113 1989 4171 innascitur:
2020 4126 2120 4169 nec

517 4207 696 4281 aliqua
734 4208 1028 4280 percipitur
1054 4206 1321 4274 lectione,
1370 4205 1469 4265 sed
1514 4205 1729 4279 proﬂua
1750 4205 1986 4278 quodam
2019 4219 2119 4262 ua-

519 4312 658 4357 tura:
686 4301 838 4358 futue
880 4301 933 4358 in
964 4301 1193 4374 singulis
1231 4300 1579 4372 exprimitur,
1618 4310 1671 4356 et
1698 4297 2124 4369 hnmanisinge-

520 4394 628 4449 niis
648 4391 915 4449 hauritur.
936 4393 1111 4463 Quam
1132 4391 1422 4453 debuimus
1447 4392 1529 4453 vel
1569 4391 1734 4451 futuri
1758 4391 1951 4463 judicii
1975 4398 2123 4449 metu

527 4500 778 4552 servare,
810 4484 969 4557 cujus
1000 4485 1157 4541 testis
1184 4485 1521 4545 conscientia
1550 4494 1740 4545 nostra
1768 4484 1948 4541 tacitis
1976 4483 2125 4556 cogi.

2209 3279 2334 3336 data
2362 3286 2484 3347 est,
2525 3278 2622 3334 sed
2650 3276 2813 3333 etiam
2854 3285 3046 3347 gentes
3093 3274 3348 3341 vocavit;
3385 3270 3637 3345 proselyti
3658 3267 3757 3324 enim

2210 3386 2281 3430 ex
2307 3371 2564 3444 gentibus
2583 3368 2958 3426 sociabantur.
2980 3364 3173 3438 Neque
3198 3378 3338 3421 vero
3369 3374 3624 3436 exceptus
3642 3358 3757 3416 vidui

2213 3476 2419 3539 potest,
2447 3464 2540 3537 qui
2566 3471 2791 3520 vocatus
2815 3460 3027 3528 defuit;
3058 3459 3170 3517 Lex
3193 3458 3346 3516 enim
3373 3472 3513 3531 quos
3536 3453 3756 3511 vocantet

2214 3558 2480 3630 ailigarit.
2516 3556 2908 3614 Universorum
2932 3555 3115 3626 itaque
3139 3554 3297 3624 culpa
3333 3561 3562 3625 cperata
3586 3557 3657 3607 est
3672 3546 3756 3602 sai-

2211 3650 2548 3723 jeetionem,
2595 3648 2865 3721 subiectio
2910 3644 3309 3714 humilitatem,
3367 3646 3639 3701 humilitas
3675 3642 3758 3694 bbe

2231 3743 2518 3800 dientiam.
2546 3741 2732 3813 Itaque
2754 3740 2880 3813 quia
2915 3739 3171 3811 superbia
3197 3739 3423 3812 culpam
3462 3740 3759 3795 contraxerat.

2219 3853 2253 3895 e
2277 3840 2555 3894 contrario
2590 3836 2749 3906 culpa
2795 3833 3166 3892 obedientiam
3206 3835 3521 3906 generat-it.
3548 3831 3677 3891 [inde
3708 3828 3761 3884 lu

2222 3932 2456 4003 scripta,
2482 3944 2607 4003 quae
2648 3927 2937 3986 videbatur
2958 3924 3256 4000 superﬂua,
3290 3927 3437 3985 facta
3467 3938 3552 3985 est
3580 3938 3762 3983 necessa-

2222 4027 2334 4093 ria;
2362 4034 2423 4082 ut
2448 4034 2728 4096 peccatum
2757 4030 2982 4096 peccato
3005 4023 3266 4081 solveret.

2294 4122 2347 4175 7.
2373 4118 2483 4176 Sed
2510 4132 2576 4174 ne
2606 4128 2798 4174 rursus
2825 4114 3025 4188 aliquis
3068 4115 3422 4172 doterreatur
3443 4157 3459 4181 ,
3494 4126 3547 4172 ct
3573 4114 3691 4171 dicat
3711 4112 3758 4165 iu-

2223 4222 2558 4270 cretuentutu
2588 4211 2801 4283 peccati
2834 4209 3039 4267 tactum
3068 4220 3192 4266 esse
3234 4223 3335 4281 per
3366 4209 3591 4280 Legem,
3626 4217 3670 4264 et
3699 4204 3762 4260 Le

2223 4323 2349 4380 gem
2377 4321 2484 4362 non
2518 4306 2696 4362 solum
2745 4318 2854 4361 non
2901 4303 3195 4376 profuisse,
3234 4302 3334 4360 sed
3380 4303 3549 4360 etiam
3591 4299 3761 4359 obfuisse

2226 4401 2549 4468 arbitretur;
2579 4400 2744 4458 habet
2770 4414 2878 4472 quo
2903 4396 3069 4458 solari
3098 4385 3253 4456 suam
3292 4401 3479 4471 possit
3516 4392 3761 4456 sollicitab-

2229 4511 2376 4558 nem.
2404 4495 2532 4567 quia
2562 4494 2661 4550 etsi
2689 4507 2779 4564 per
2822 4492 3010 4564 Legem
3057 4490 3500 4565 superabundavit
3531 4499 3758 4563 peccatus.

527 4576 828 4634 tationibus
852 4576 994 4650 apud
1026 4577 1195 4635 Deum
1226 4576 1344 4650 ipsa
1374 4592 1437 4639 se
1463 4577 1666 4652 prodit,
1695 4577 1896 4651 quibus
1918 4577 2008 4636 vel
2035 4593 2125 4637 re-
2148 4586 2206 4652 1)
2227 4587 2664 4659 superabundavit
2690 4596 2742 4642 et
2772 4585 2942 4660 gratis
2972 4583 3151 4659 (Rom.
3182 4598 3237 4653 ν,
3266 4582 3391 4660 20).
3421 4583 3560 4655 Quid
3587 4582 3647 4640 sit
3680 4580 3756 4637 lar.

521 4669 811 4743 dat-guttur
836 4669 1176 4743 improbitas,
1206 4671 1293 4730 vel
1317 4670 1631 4733 defenditur
1655 4672 1993 4729 innocentia.
2016 4671 2126 4730 Ita-

528 4781 635 4839 que
657 4780 780 4822 cum
812 4780 1028 4837 semper
1054 4775 1237 4839 pateat
1271 4765 1523 4836 Domino,
1550 4777 1661 4826 tum
1690 4766 1924 4824 maxime
1955 4766 2010 4824 in
2035 4766 2128 4825 die

521 4863 713 4937 iudicii
736 4860 1209 4932 manilestabitur;
1231 4862 1452 4937 quando
1473 4863 1686 4924 occulta
1712 4863 1894 4925 cordis
1918 4864 1974 4923 in
2000 4877 2130 4923 esa-

535 4973 657 5014 men
684 4956 927 5025 venient,
952 4967 1073 5027 quae
1102 4957 1428 5028 putabantur
1448 4957 1642 5020 latere.
1668 4958 1912 5029 Quorum
1943 4967 2130 5019 tamen

533 5051 792 5123 proditio,
814 5048 1154 5113 occultorum
1181 5051 1417 5122 scilicet,
1440 5066 1784 5127 nequaquam
1812 5062 2060 5121 noceret,
2085 5053 2135 5112 si

531 5146 618 5201 lex
648 5144 907 5201 naturalis
935 5138 1141 5207 inesset
1187 5145 1499 5217 pectoribus
1544 5145 1836 5215 humanis;
1875 5148 2135 5207 estcuius

530 5231 739 5305 sancta,
770 5234 891 5293 sine
920 5238 1183 5308 versutia,
1220 5240 1342 5297 sine
1377 5236 1590 5306 fraude,
1626 5252 1855 5299 consors
1878 5240 2135 5311 iustitia,

535 5346 732 5404 expers
759 5331 1081 5409 iniquitatis.

604 5423 658 5481 4.
685 5424 932 5497 Denique
974 5424 1377 5503 interrogemus
1423 5425 1728 5497 infantiam,
1771 5426 2060 5487 videamus
2087 5428 2135 5491 si

534 5520 677 5589 quod
706 5521 762 5576 in
795 5535 873 5591 _ea
919 5519 1128 5584 crimen
1162 5520 1457 5595 reperitur,
1503 5518 1552 5577 si
1580 5517 1833 5590 avaritia,
1881 5522 2132 5590 atnhitio,

592 5680 616 5707 α
647 5666 1043 5746 Gentilcsgiilos
1071 5668 1347 5744 intelligit,
1393 5674 1537 5746 apud
1574 5690 1715 5746 quos
1747 5676 2125 5734 circumcisio-

528 5743 729 5817 ncmin
752 5757 853 5797 usu
880 5740 1050 5803 fuisse
1070 5759 1234 5817 supra
1250 5740 1415 5802 'num.
1429 5740 1476 5801 ’5
1496 5756 1549 5803 et
1578 5740 1611 5803 ti
1632 5757 1992 5804 memoratum
2014 5759 2120 5817 est,

597 5808 620 5845 ι)
649 5812 889 5876 Quatuor
912 5826 1041 5867 mss.
1075 5808 1177 5882 Qui
1205 5831 1284 5872 me
1325 5820 1595 5887 confessus
1758 5818 2042 5889 conﬁtebor
2073 5808 2123 5877 et

2231 4680 2618 4753 intelligamus.

2303 4776 2357 4831 8.
2397 4771 2878 4846 Superabundavit
2896 4781 3177 4845 peccatum
3210 4784 3314 4845 per
3350 4771 3554 4848 Legem
3575 4769 3676 4845 quia
3696 4777 3756 4838 per

2231 4867 2433 4938 Legem
2463 4866 2674 4939 agnitio
2699 4867 2915 4940 peccati
2953 4865 3134 4939 (nam.
3164 4881 3261 4935 vn,
3294 4864 3385 4940 7),
3415 4874 3473 4923 et
3507 4852 3755 4938 πνειώὶ

2235 4962 2434 5019 obesse
2469 4961 2612 5016 seire
2653 4959 2742 5028 id,
2770 4960 2915 5030 quod
2961 4974 3058 5026 per
3105 4955 3488 5018 infirmitatem
3525 4959 3754 5015 vitarem

2237 5068 2481 5128 possem;
2509 5052 2579 5112 ad
2605 5053 2905 5112 «senatus
2948 5053 3096 5111 enim
3119 5053 3353 5126 prodest
3379 5053 3645 5127 praecisae
3669 5039 3754 5102 πή

2235 5152 2283 5211 si
2306 5165 2501 5209 cavere
2525 5162 2633 5207 non
2660 5162 2876 5222 questu,
2907 5146 3082 5207 oberit
3125 5161 3312 5208 nosse.
3341 5147 3514 5208 Versa
3550 5162 3659 5220 ergo
3689 5142 3751 5198 La

2236 5241 2295 5298 iu
2322 5242 2676 5309 contrarium,
2705 5251 2887 5298 tamen
2916 5242 3037 5314 ipso
3064 5241 3277 5314 peccati
3324 5237 3645 5301 incremento
3664 5236 3748 5291 im:

2237 5346 2319 5395 est
2347 5337 2477 5393 mihi
2507 5337 2685 5405 utilis;
2730 5338 2861 5410 quia
2906 5337 3225 5395 humiliatus
3273 5352 3424 5396 sum.
3452 5328 3747 5397 Undeetdli

2239 5429 2409 5486 David
2440 5447 2455 5485 :
2486 5429 2691 5486 Bonum
2721 5438 2795 5486 est
2816 5429 2977 5497 mihi,
3007 5428 3150 5502 quod
3180 5430 3495 5487 Ws
3521 5444 3619 5487 sum
3638 5420 3744 5497 (Νι

2236 5539 2423 5593 cmtt,
2455 5524 2571 5599 7i).
2622 5522 2973 5582 Humiliando
3001 5532 3184 5586 autem
3226 5536 3355 5601 me,
3386 5526 3523 5583 solvi
3558 5516 3741 5581 rimi“

2232 5694 2345 5751 ego.
2378 5674 2532 5737 Haud
2559 5680 2829 5752 apposite.

2274 5752 2605 5878 {"Codices
2634 5750 2801 5809 'Prat.
2854 5768 2919 5809 ac
2957 5750 3115 5808 Gem.
3144 5796 3159 5823 ,
3215 5773 3312 5811 cur
3378 5761 3451 5815 itu
3493 5760 3584 5825 sit,
3619 5751 3732 5808 ut"

2274 5838 2286 5877 t
2329 5839 2344 5876 ν
2393 5864 2406 5878 .
2436 5838 2467 5878 c
2494 5841 2542 5878 ρ.

2232 5837 2370 5877 num
2393 5864 2406 5892 ,
2436 5837 2542 5880 ctc.

3852 2476 3858 2717 η

3846 2736 3858 2771 η

3852 3156 3858 3247 1
