3932 6296
460 280 597 347 1158
1806 276 2013 340 SANC'I

2177 273 2412 345 [830811
3628 276 3730 338 ιιω

457 398 546 459 tis,
581 401 675 453 aut
721 391 898 464 pueri,
929 371 1036 451 hoc
1063 400 1171 462 est,
1213 393 1390 451 astatis
1420 393 1673 450 infirmae.
1723 391 2060 464 Paedadogus
2087 400 2137 460 Α
2164 401 2436 459 noverat,
2497 399 2707 464 partem
2763 391 3160 450 infirmioribus
3209 391 3320 448 diei
3374 391 3536 450 unius
3569 392 3721 450 obser-

456 489 624 553 cuim,
653 488 797 544 sicut
824 489 988 544 etiam
1020 488 1402 560 interpretatio
1429 487 1621 544 Latina
1655 487 1840 557 habet,
1868 498 1894 524 τι
1925 487 2058 544 doc-
2163 486 2380 539 vatione
2405 482 2765 555 praescripsit,
2790 483 3191 556 plenitudinem
3221 483 3548 540 fortioribus
3583 499 3726 541 reser-

453 591 539 636 tor
565 591 648 637 est
689 583 842 652 pueri
871 599 883 634 :
919 582 1009 653 qui
1044 582 1230 653 utique
1260 582 1595 653 imperfectae
1625 582 1773 638 aetati
1818 598 1928 639 non
1959 598 2059 654 po-
2166 578 2315 633 vavit
2341 595 2353 631 :
2387 577 2674 651 Synagoga
2704 577 2850 634 diem
2877 578 3158 648 observat,
3189 578 3440 636 Ecclesia
3457 577 3728 636 immortali-

457 685 565 732 test
593 675 837 746 perfecta
864 675 1124 734 adhibere
1165 686 1462 749 praecepta,
1498 692 1621 749 qutc
1647 677 1922 734 sustinere
1953 693 2061 733 non
2163 681 2349 728 tatem.
2367 669 2426 728 ln
2440 670 2584 742 Lege
2604 671 2768 743 igitur
2784 673 3052 744 portio,in
3067 673 3724 746 Evangelioperfectioest.

455 779 640 838 queat.
673 769 918 841 Denique
942 785 1043 842 per
1063 769 1389 841 prophetam
1413 769 1558 826 Deus
1582 769 1743 841 Legis
1767 771 1882 826 ait:
1915 769 2061 825 Dabo
2235 767 2288 822 6.
2325 765 2561 836 Populus
2607 764 2924 823 Judteorum
2970 769 3115 840 ligna
3169 777 3394 840 portare
3453 769 3727 840 prohibetur

456 861 596 916 vobis
617 871 874 932 praecepta
895 877 995 916 non
1023 861 1156 916 bona
1176 860 1390 932 (Ezech.
1424 879 1518 929 xx,
1547 862 1667 933 25),
1688 865 1792 918 hoc
1819 870 1924 929 est,
1951 877 2060 918 non
2166 857 2358 930 (Num.
2393 875 2480 926 xv,
2510 857 2630 932 55),
2661 858 2767 916 hoc
2815 869 2931 928 est,
2964 861 3055 918 illa
3087 878 3209 934 qua:
3252 870 3646 918 consumuntur
3667 862 3726 918 iu-

458 952 733 1024 perfecta;
762 953 905 1026 quod
928 953 1074 1009 enim
1093 954 1321 1022 bonum,
1344 954 1532 1025 utique
1553 954 1882 1025 perfectum.
1912 953 2058 1009 Idem
2161 952 2379 1009 cendio.
2416 951 2674 1010 Umbram
2702 964 2878 1024 tenet,
2911 957 3002 1026 qui
3050 957 3223 1014 sulem
3273 958 3497 1030 refugit.
3533 957 3646 1013 Tibi
3668 958 3728 1014 sol

453 1057 636 1102 autem
659 1047 800 1103 Deus
821 1046 1121 1118 Evangelio
1140 1049 1471 1118 perfectiora
1492 1047 2062 1118 servavit;siquidem
2156 1045 2388 1118 justitiae
2442 1049 2693 1106 umbram
2752 1051 3149 1123 impedimento
3197 1068 3326 1109 esse
3369 1068 3481 1108 non
3536 1068 3725 1123 passus.

456 1139 570 1196 ait:
599 1139 721 1197 Non
739 1140 1278 1214 veniLegemsolvere,
1293 1143 1384 1198 sed
1402 1143 1618 1211 implere
1639 1141 1924 1214 (Malliuv,
1949 1143 2059 1214 l7).
2162 1152 2410 1212 apertum
2440 1145 2631 1213 gratiae
2658 1160 2772 1201 suae
2816 1147 2998 1203 lumen
3040 1147 3337 1204 infundens
3364 1148 3447 1203 ait
3477 1167 3492 1204 :
3529 1146 3676 1212 Vade,
3697 1162 3729 1201 ει

529 1235 584 1292 5.
608 1234 742 1304 Qua:
784 1235 948 1307 igitur
975 1237 1133 1294 istius
1163 1252 1330 1294 causa
1359 1236 1660 1303 distantim,
1690 1237 1792 1292 nisi
1824 1238 2062 1292 humana
2164 1233 2353 1290 amodo
2371 1235 3093 1308 nidenepecces(loan.vtn,
3114 1239 3230 1310 ll).
3255 1239 3383 1295 Tibi
3410 1242 3602 1296 aeterni
3620 1241 3727 1294 illius

459 1327 967 1386 varietas?Sciebat
993 1328 1146 1385 dura:
1174 1329 1411 1384 cervicis
1439 1329 1700 1399 populum
1722 1327 2056 1394 Judaeorum,
2164 1327 2295 1382 solis
2347 1327 2589 1384 imitator
2637 1330 2716 1385 ait
2746 1348 2758 1383 :
2794 1329 2857 1386 Si
2896 1332 3011 1402 quis
3042 1340 3218 1386 autem
3275 1333 3727 1403 superadiﬁearent

454 1415 650 1489 blapsu
665 1418 947 1486 mobilem,
971 1418 1521 1490 liumiletn,perlidi:e
1535 1419 2061 1490 promptiorem,qui
2163 1439 2319 1492 super
2350 1422 2743 1492 fundamentum
2772 1441 2981 1493 aurum,
3008 1437 3306 1498 argentum,
3343 1428 3550 1497 lapides
3578 1429 3726 1497 pretia

451 1525 586 1566 aure
603 1511 818 1567 audiret
833 1520 1007 1568 etnon
1026 1509 1265 1578 audiret,
1279 1509 1458 1566 oculis
1480 1510 1710 1577 videret,
1727 1518 1902 1566 etnon
1919 1509 2063 1564 vide-
2168 1532 2272 1579 sos,
2299 1516 2465 1588 ligna,
2497 1521 2695 1588 fenum,
2739 1519 3022 1589 stipulam;
3054 1523 3480 1595 uniuscujusque
3505 1537 3630 1591 opus
3651 1539 3728 1573 nta-

451 1615 556 1674 ret,
585 1606 797 1663 lubrico
812 1607 1050 1678 quodam
1074 1605 1317 1686 infantia:
1365 1605 1540 1662 levem
1584 1615 1640 1662 et
1681 1605 2059 1661 immemorem
2166 1609 2410 1679 nifestum
2431 1612 2551 1666 erit.
2585 1611 2709 1668 Dies
2733 1612 2872 1666 enim
2894 1612 3106 1668 Domini
3132 1614 3511 1687 manifestabit,
3533 1616 3728 1679 συστάσι

452 1710 887 1773 praeceptorum;
916 1711 972 1758 et
998 1701 1123 1758 ideo
1149 1701 1348 1773 Legem
1386 1710 1662 1772 tamquam
1703 1699 2057 1770 paedagogum
2164 1701 2217 1754 in
2257 1702 2376 1774 igne
2413 1703 2743 1758 revelabitur.
2776 1703 2843 1758 Et
2873 1706 3288 1779 uniuscujusque
3332 1723 3469 1777 opus
3493 1707 3636 1777 quale
3655 1707 3726 1768 sit,

455 1793 646 1850 mobili
671 1794 850 1866 plebis
864 1794 1087 1867 ingenio
1103 1803 1160 1852 et
1178 1797 1349 1852 menti
1368 1794 1620 1852 adhibuit
1640 1795 1894 1862 inlirmte,
1918 1795 2064 1864 ipsa-
2089 1795 2140 1857 B
2166 1792 2303 1864 ignis
2321 1793 2558 1864 probabit
2579 1794 2621 1868 (l
2643 1794 2767 1850 Cor.
2783 1813 2864 1864 ιιι,
2881 1797 3007 1852 ﬁet
3031 1800 3186 1868 seq.).
3208 1798 3419 1855 Etideo
3437 1797 3731 1870 illudsnper-

455 1903 564 1960 que
591 1887 750 1960 Legis
783 1901 1055 1962 praecepta
1091 1889 1405 1946 moderatus
1431 1931 1445 1955 ,
1494 1889 1642 1944 aliud
1686 1889 1788 1960 legi
1837 1889 2051 1954 voluit,
2161 1885 2496 1944 mdiftcemus
2538 1905 2703 1959 supra
2730 1888 3008 1946 Christum
3037 1891 3316 1963 (Christus
3340 1893 3495 1947 enim
3527 1901 3728 1948 nostrum

455 1981 603 2038 aliud
650 1983 920 2056 intelligi;
968 1993 1032 2040 ut
1076 1983 1338 2055 insipiens
1384 1984 1576 2040 saltem
1619 1982 1767 2054 quod
1812 1982 2054 2054 legeret,
2162 1987 2247 2033 est
2273 1978 2710 2053 fundamentum)
2740 1983 2887 2054 quod
2913 2000 3020 2039 non
3043 1993 3342 2051 exuratur,
3386 1985 3487 2041 sed
3519 1985 3732 2041 meliore-

454 2077 779 2148 custodiret,
806 2089 863 2136 et
902 2097 934 2136 a
966 2080 1292 2152 praescripto
1332 2080 1531 2136 litterae
1577 2094 1687 2136 non
1732 2078 2053 2136 recederet:
2163 2082 2270 2128 tur.
2302 2073 2513 2130 Aurum
2557 2077 2884 2134 melioratur
2925 2079 3073 2150 igne,
3107 2080 3439 2136 melioratur
3464 2089 3728 2150 argentum.

456 2171 677 2242 sapiens
699 2172 1034 2245 intelligeret
1053 2173 1254 2230 divina:
1281 2173 1482 2231 mentis
1509 2172 1865 2238 sententiam,
1895 2187 2056 2243 quam
2234 2166 2290 2222 7.
2325 2167 2548 2224 Audisti
2590 2186 2783 2226 aurum
2815 2181 2872 2226 et
2899 2179 3184 2243 argentum
3213 2214 3229 2240 ,
3275 2183 3443 2243 putas
3470 2173 3572 2229 hoc
3598 2182 3729 2228 matc-

456 2261 640 2320 Iittera
687 2279 798 2321 non
839 2275 1129 2322 resonaret
1161 2281 1174 2318 :
1229 2264 1547 2336 imprudens
1605 2272 1853 2321 servaret
1901 2263 2062 2335 Legis
2164 2260 2324 2329 riale,
2352 2275 2694 2334 congregare
2726 2261 3009 2320 desideras
3038 2265 3173 2321 :sed
3203 2264 3350 2321 ludis
3375 2280 3621 2337 operam.
3647 2265 3728 2320 Hoc

455 2355 766 2426 imperium,
786 2355 1026 2428 prudens
1051 2357 1396 2429 mysterium.
1427 2355 1553 2411 Ideo
1576 2355 1689 2411 Lex
1711 2355 2057 2411 severitatem
2163 2368 2356 2408 aurum
2387 2361 2442 2409 et
2470 2365 2759 2425 argentum
2791 2370 2929 2411 onus
2961 2354 3144 2421 habet,
3176 2355 3417 2412 fructum
3450 2371 3558 2413 non
3588 2357 3726 2412 habet

455 2448 624 2520 gladii
654 2450 817 2507 habet
859 2460 1136 2523 tamquam
1186 2449 1511 2522 paedagogus
1553 2448 1838 2516 baculum;
1871 2457 1928 2504 ut
1957 2448 2061 2504 im-
2163 2445 2314 2504 Onus
2339 2449 2642 2518 quaerentis
2663 2457 2746 2504 est
2776 2457 3028 2520 sumptus
3056 2449 3314 2507 haeredis.
3342 2450 3465 2508 Hoc
3488 2467 3667 2508 aurum
3681 2453 3729 2506 si-

457 2541 711 2612 perfectae
738 2542 916 2614 plebis
936 2543 1310 2599 inﬁrmitatem
1342 2557 1517 2612 pinnae
1544 2541 1740 2599 saltem
1767 2541 2062 2598 denuntia-
2163 2551 2257 2597 cut
2275 2539 2482 2613 lignum
2507 2541 2778 2608 exuritur,
2804 2558 2911 2598 non
2940 2553 3332 2614 perpetuatur:
3357 2546 3467 2602 hoc
3489 2556 3729 2616 argean

457 2633 612 2692 tione
663 2635 942 2693 deterreat
975 2653 989 2691 :
1018 2636 1377 2708 Evangelium
1428 2646 1616 2692 autem
1668 2634 2059 2707 indulgentiam
2166 2632 2219 2688 in
2237 2632 2328 2690 die
2350 2633 2445 2689 illo
2468 2633 2858 2692 detrimentum
2876 2635 3003 2692 vita:
3031 2646 3159 2706 tuae,
3183 2653 3294 2694 non
3319 2638 3537 2694 lucrum
3558 2639 3727 2695 alferet.

459 2727 647 2796 habet,
670 2744 778 2801 quo
805 2739 1033 2802 peccata
1063 2729 1358 2785 donantur.
2166 2725 2323 2782 Aliud
2350 2743 2566 2794 aurum,
2596 2728 2740 2785 aliud
2763 2739 3051 2800 argentum
3077 2746 3108 2784 a
3137 2739 3189 2786 te
3209 2731 3506 2802 quaeritur,
3539 2731 3634 2786 hoc
3650 2742 3728 2792 est.

527 2823 583 2878 4.
605 2821 736 2879 Jure
755 2837 889 2894 ergo
909 2824 988 2878 ait
1010 2822 1235 2889 Paulus,
1259 2821 1384 2894 quia
1413 2822 1585 2877 littera
1610 2822 1817 2890 occidit,
1849 2821 2060 2893 spiritus
2164 2834 2360 2874 sensus
2390 2819 2592 2887 bonus,
2624 2819 2650 2857 ά
2686 2821 2915 2878 verbum
2958 2821 3250 2893 optimum,
3297 2822 3369 2880 de
3409 2824 3607 2895 quibus
3631 2823 3730 2879 dicit

454 2925 627 2970 autem
664 2915 971 2988 sicilicula]
998 2915 1120 2971 Cor.
1140 2931 1222 2982 ιιι,
1255 2913 1334 2986 6).
1365 2925 1385 2950 ο
1407 2913 1615 2970 Littera
1643 2913 1808 2984 igitur
1825 2913 2062 2969 circum-
2167 2914 2312 2970 Deus
2341 2915 2472 2986 quia
2510 2915 2604 2971 dat
2637 2931 2769 2972 vasa
2794 2931 2956 2973 aurea
2986 2926 3039 2970 et
3065 2925 3327 2988 argentea
3357 2916 3547 2987 (Prov.
3575 2927 3725 2982 xxi-it).

452 3008 850 3081 ciditexiguam
871 3007 1122 3080 corporis
1138 3007 1735 3081 portionem:spiritus
1753 3007 2060 3078 intelligens
2165 3005 2294 3062 Haec
2333 3017 2465 3062 sunt
2512 3023 2739 3064 munera
2772 3008 2868 3064 Dei
2916 3025 2931 3065 :
2994 3009 3218 3080 Eloquia
3263 3007 3510 3078 Domini,
3569 3012 3726 3080 elogiis

453 3102 922 3160 circumcisionem
959 3103 1126 3159 totius
1163 3101 1361 3158 animat
1395 3101 1758 3173 corporisque
1791 3100 2056 3164 custodit;
2165 3109 2309 3154 casta
2344 3117 2362 3155 :
2411 3111 2682 3172 argentum
2726 3101 2843 3174 igne
2885 3104 3254 3171 examinatum,
3290 3104 3568 3174 probatum
3595 3116 3726 3164 terra,

457 3206 536 3265 ut,
563 3195 859 3267 superfluis
887 3197 1181 3267 amputatis
1206 3193 1360 3268 (quid
1387 3194 1537 3252 enim
1567 3203 1675 3250 tam
1700 3194 2054 3266 superfluum,
2087 3191 2132 3254 C
2165 3201 2442 3264 purgatum
2469 3192 2711 3264 septuplo
2741 3191 2929 3266 (Psal.
2961 3211 3037 3263 xt,
3067 3195 3154 3265 7).
3189 3193 3380 3250 Gratia
3409 3210 3616 3264 sensus
3638 3195 3724 3256 tui,

453 3304 616 3360 quam
645 3290 893 3346 avaritiae
939 3289 1091 3357 vitia,
1124 3288 1476 3360 libidinisque
1525 3295 1772 3360 peccata,
1800 3302 1920 3358 qua:
1961 3300 2057 3340 na-
2162 3287 2308 3342 nitor
2330 3287 2470 3342 casti
2515 3289 2790 3344 sermonis
2836 3288 3106 3359 exigitur:
3135 3287 3400 3356 splendor
3448 3289 3607 3356 fidei,
3647 3304 3728 3343 nun

456 3389 577 3437 tura
604 3397 712 3438 non
743 3380 957 3449 habuit,
987 3381 1146 3453 culpa
1171 3379 1470 3453 quaesivit),
1505 3379 1828 3436 castimonia
1873 3389 2055 3436 tenea-
2161 3381 2394 3438 tinnitus
2424 3383 2666 3454 argenti.
2701 3383 2816 3439 lloc
2844 3393 3052 3451 manet,
3078 3384 3212 3440 illud
3255 3386 3402 3456 perit
3432 3403 3446 3438 :
3482 3387 3581 3442 hoc
3619 3401 3728 3441 mer-

457 3482 564 3544 tur,
608 3475 891 3550 frugalitas
935 3477 1211 3548 diligatur.
1255 3477 1486 3547 Signum
1520 3477 1685 3547 igitur
1716 3475 2058 3532 circumcisio
2158 3475 2348 3530 cedem
2381 3475 2563 3545 habet,
2591 3485 2648 3532 et
2679 3477 2877 3548 migrat
2923 3477 3244 3542 nobiscum;
3281 3479 3421 3536 illud
3468 3479 3731 3538 detrimen-

453 3572 758 3644 corporalis
786 3588 800 3626 :
834 3571 1035 3629 veritas
1061 3582 1242 3629 autem
1265 3571 1614 3628 circumcisio
1641 3571 1904 3644 spiritalis
1931 3583 2012 3628 est
2041 3590 2052 3624 :
2162 3574 2272 3622 tum
2297 3566 2484 3635 habet,
2514 3569 2657 3640 quod
2683 3567 2773 3624 hic
2803 3569 3147 3642 relinquitur.

454 3661 550 3720 illa
572 3664 875 3722 membrum
904 3673 1173 3737 amputat,
1206 3665 1308 3721 ista
1338 3676 1643 3736 peccatum.
1686 3665 1826 3721 Nihil
1856 3665 2056 3736 imper-
2232 3661 2286 3716 8.
2311 3661 2367 3717 Si
2397 3661 2518 3732 quis
2555 3661 2782 3718 divitum
2813 3673 2967 3736 putat
3011 3664 3157 3736 quod
3189 3665 3324 3722 illud
3355 3677 3642 3740 argentum
3667 3683 3728 3723 ιε·

451 3759 654 3817 fectum
702 3760 757 3816 in
803 3761 1028 3817 homine
1059 3770 1254 3817 natura
1284 3761 1600 3832 generavit,
1649 3775 1750 3816 ncc
1782 3769 2054 3832 tamquam
2162 3755 2403 3826 positum
2426 3763 2482 3811 et
2503 3756 2845 3814 reconditum
2876 3759 2926 3814 ei
2951 3757 3240 3831 suffragari
3271 3761 3455 3832 possit
3481 3763 3551 3818 ad
3575 3764 3728 3822 vitam.

451 3855 790 3927 superﬂuum
814 3854 1112 3927 jubebatur
1157 3853 1362 3912 auferri
1392 3873 1406 3910 :
1443 3853 1539 3911 sed
1573 3863 1630 3910 ut
1669 3853 2053 3924 adverterent,
2158 3862 2299 3904 onus
2328 3848 2486 3904 inane
2531 3859 2742 3921 portat,
2786 3851 2933 3924 quod
2963 3852 3153 3924 iudicii
3185 3853 3332 3926 ignis
3357 3857 3629 3914 absumat.
3655 3856 3728 3911 llic

451 3949 545 4022 qui
577 3959 788 4020 partem
822 3948 907 4006 sui
947 3947 1198 4021 corporis
1243 3949 1631 4020 amputabant,
1665 3947 1838 4005 multo
1886 3947 2055 4019 magis
2160 3940 2455 4013 relinquite
2485 3942 2629 4014 ligna
2658 3955 2863 4012 vestra,
2895 3945 3116 4011 divites,
3147 3958 3208 4004 ut
3231 3961 3374 4003 onus
3407 3959 3641 4006 vestrum
3667 3948 3730 4003 iu-

449 4043 779 4116 nmputanda
813 4051 1062 4115 peccata,
1088 4042 1416 4100 recidendos
1443 4057 1562 4111 eos,
1591 4041 1687 4113 qui
1712 4040 1911 4098 delicta
1933 4056 2057 4097 sua-
2161 4040 2286 4088 turo
2320 4032 2582 4091 incendio
2613 4035 2949 4094 incrementa
2981 4053 3088 4094 non
3120 4037 3300 4094 addat.
3330 4038 3390 4095 Si
3425 4046 3729 4114 erogaver'té:

449 4137 636 4207 deant,
677 4139 894 4196 etiamsi
935 4136 1170 4210 quadam
1213 4137 1425 4194 unitate
1469 4137 1721 4209 corporis
1765 4143 2055 4192 connectc-
2157 4126 2438 4182 minuetur
2468 4143 2608 4184 onus
2641 4146 2654 4181 :
2687 4119 2912 4200 etquod
2945 4132 3300 4201 remanserit,
3331 4148 3480 4191 onus
3506 4151 3613 4190 non
3636 4136 3731 4190 erit.

450 4241 660 4300 rentur,
691 4232 832 4289 sicut
854 4230 1027 4287 habes
1056 4231 1320 4302 scriptum
1347 4249 1360 4285 :
1419 4230 1481 4287 Si
1511 4230 1725 4286 dextera
1751 4247 1937 4285 manus
1965 4239 2057 4284 tua
2158 4219 2308 4290 Noli.
2331 4237 2516 4290 avare.
2547 4223 2876 4292 recondere;
2901 4242 2970 4284 ne
2988 4227 3086 4282 ﬁas
3113 4228 3264 4285 nudo
3292 4231 3523 4302 quidem
3546 4231 3733 4289 nomint

447 4327 770 4384 scandalizat
800 4337 868 4394 te,
897 4326 1144 4382 abscinde
1172 4341 1289 4382 eam
1309 4366 1324 4392 ,
1355 4334 1399 4382 et
1421 4327 1622 4400 projice
1656 4325 1747 4382 abs
1781 4337 1830 4381 te
1856 4343 1874 4390 ;
1898 4342 2054 4396 expe-
2155 4313 2544 4387 ChriSIiaMS,
2575 4333 2746 4391 opere
2789 4319 3012 4377 Judaaus
3038 4339 3051 4376 :
3079 4338 3205 4379 cum
3245 4325 3566 4384 adveneris
3600 4342 3731 4382 onera

447 4419 525 4475 dit
545 4419 681 4475 enim
701 4418 792 4474 tibi
819 4428 876 4474 ut
895 4428 1068 4491 pereat
1089 4435 1252 4474 unum
1279 4420 1626 4475 membrorum
1648 4427 1877 4486 tuorum,
1900 4433 2056 4486 quam
2161 4422 2255 4467 tua
2285 4413 2382 4469 tibi
2432 4428 2558 4471 esse
2603 4416 2893 4486 supplicio.
2927 4417 3141 4482 Dictum
3184 4430 3271 4475 est
3319 4422 3474 4477 enim
3520 4423 3614 4478 tibi
3651 4437 3732 4476 non

447 4523 613 4570 totum
639 4513 851 4587 1082
877 4528 1072 4584 corpus
1087 4522 1232 4568 tuum
1253 4523 1332 4568 eat
1362 4514 1417 4568 in
1439 4513 1731 4586 gehennam
1754 4510 1970 4584 (Matth.
1999 4528 2051 4578 v,
2078 4579 2121 4587 __
2157 4519 2258 4576 per
2294 4504 2576 4576 umbram,
2611 4508 2708 4565 sed
2754 4509 2809 4565 in
2859 4511 2978 4567 sole
3005 4527 3020 4565 :
3045 4511 3111 4567 Si
3151 4513 3304 4583 cujus
3337 4531 3472 4587 opus
3500 4525 3731 4574 nia-sent,

444 4607 561 4682 '50).
586 4579 733 4680 EFth
747 4579 899 4662 sicut
929 4579 1133 4676 pueris,
1165 4604 1241 4661 ita
1267 4579 1772 4676 Judaeismandata
1791 4611 1920 4660 sunt
1942 4617 2051 4659 non
2078 4579 2132 4641 Ῑ)
2164 4602 2376 4676 1083
2397 4601 2686 4659 mercedem
2709 4605 2926 4676 accipiet
2953 4623 2972 4661 :
3001 4608 3049 4661 si
3075 4579 3226 4675 cuius
3247 4579 3463 4677 arserit,
3493 4612 3734 4667 άιιήηιη-

442 4702 607 4775 plena
634 4705 940 4772 praecepta,
967 4697 1064 4754 sed
1096 4713 1171 4754 ex
1207 4706 1390 4769 parte,
1421 4707 1478 4754 et
1499 4697 1653 4754 velut
1682 4713 1844 4754 unam
1872 4711 2050 4754 mem~
2160 4706 2270 4750 tum
2296 4696 2520 4768 patietur
2551 4698 2596 4770 (ι
2625 4697 2749 4756 Cor.
2784 4716 2868 4767 ιιι,
2898 4701 3022 4774 14).

443 4797 532 4856 bri
550 4795 639 4856 sui
667 4802 885 4868 partem
911 4791 1174 4850 mundam
1215 4807 1444 4850 servare
1477 4791 1734 4864 prmcepti
1763 4800 1890 4849 sunt
1914 4832 1930 4859 ,
1956 4791 2047 4862 qui
2223 4792 2278 4848 9.
2320 4791 2389 4847 Et
2432 4791 2558 4849 ideo
2601 4800 2878 4864 tamquam
2924 4794 3197 4866 perfectus
3225 4797 3483 4855 eruditus
3512 4799 3567 4855 in
3597 4798 3730 4870 Lege.

442 4899 616 4949 totum
642 4902 851 4962 corpus
879 4903 1041 4945 suum
1072 4886 1338 4942 mundum
1367 4900 1590 4942 servare
1617 4900 1726 4942 non
1769 4894 2044 4956 poterant.
2151 4887 2507 4944 conﬁrmatus
2547 4886 2601 4943 in
2639 4886 2969 4960 Evangelio,
3010 4888 3295 4961 utriusque
3343 4891 3512 4948 fidem
3551 4894 3732 4960 suscipe-

513 4983 570 5042 5.
601 4982 826 5041 Sahbati
846 4994 1063 5052 quoque
1087 4978 1255 5036 ferias
1281 4993 1389 5035 uno
1409 4977 1568 5035 diein
1589 4977 1927 5036 hebdomada
1951 4992 2042 5033 ce-
2151 4981 2489 5039 Testamenti
2520 4999 2535 5037 :
2569 4981 2764 5038 Beatus
2791 4983 2937 5039 enim
2975 4984 3062 5054 qui
3103 4984 3331 5039 seminat
3369 5002 3528 5057 super
3564 5001 3730 5041 omne!

443 5077 661 5136 lebrare
696 5076 836 5149 iussi
877 5081 1006 5132 sunt
1035 5071 1237 5146 (Exod.
1267 5089 1420 5139 xxxi,
1450 5075 1578 5143 ιε),
1612 5084 1672 5130 ιιι
1715 5074 1848 5130 nulli
1888 5073 2046 5130 oneri
2149 5091 2373 5146 aquam,
2419 5074 2508 5130 ubi
2557 5076 2645 5131 bos
2685 5085 2733 5130 et
2776 5075 2953 5131 asinus
3002 5075 3170 5130 calcat
3222 5074 3399 5148 (Esai.
3435 5094 3613 5142 χχιιι,
3638 5077 3728 5144 an).

441 5171 829 5240 subderentur,
852 5170 944 5242 qui
970 5167 1262 5225 mundanis
1287 5167 1547 5238 operibus
1574 5168 1810 5225 absoluti
1835 5167 2038 5224 utinam
2149 5167 2290 5223 sicut
2317 5165 2480 5224 hodie
2513 5167 2712 5224 lectum
2743 5177 2858 5236 est,
2897 5167 3000 5224 hoc
3028 5176 3147 5233 est,
3193 5168 3288 5238 qui
3328 5171 3565 5227 seminat
3598 5183 3729 5239 super

441 5267 522 5324 sic
547 5265 842 5331 abiissent;
874 5263 1014 5320 utin
1043 5259 1177 5318 illud
1218 5270 1540 5332 perpetuum
1581 5263 1886 5318 futurorum
1915 5261 2056 5317 sub:
2148 5261 2404 5332 populos,
2433 5261 2527 5333 qui
2550 5270 2852 5334 sequuntur
2881 5260 3218 5318 Testamenti
3245 5264 3533 5336 utriusque
3559 5262 3726 5318 doctri-

440 5357 628 5416 batum
672 5356 1001 5414 saaculorum
1054 5353 1206 5410 nulla
1257 5367 1441 5409 secum
1485 5353 1735 5425 gravium
1775 5354 2041 5411 veherent
2147 5369 2310 5421 nam;
2356 5364 2380 5391 θ
2425 5354 2524 5410 bos
2551 5362 2635 5410 est
2659 5353 2755 5410 ille
2780 5355 3075 5419 oratorius,
3105 5352 3268 5426 Legis
3291 5355 3486 5428 jugum
3514 5365 3720 5428 portans.

439 5463 607 5508 onera
634 5447 983 5506 delictorum.
1015 5444 1124 5504 Sed
1151 5445 1276 5518 quia
1307 5443 1576 5501 lubricum
1605 5446 1861 5517 populum
1892 5446 2036 5504 Deus
2144 5446 2214 5503 de
2265 5457 2375 5518 quo
2428 5446 2517 5503 lex
2562 5445 2695 5504 dicit
2725 5465 2738 5502 :
2769 5445 2896 5502 Bovi
2949 5448 3216 5504 trituranti
3265 5466 3324 5504 os
3368 5467 3475 5506 non
3518 5446 3719 5521 alligabit

513 5577 540 5606 α
570 5565 827 5624 Nonnulli
851 5577 984 5620 mss.
1013 5562 1197 5617 ductor
1227 5570 1302 5617 est
1327 5561 1502 5632 pueri,
1529 5562 1612 5614 cui
1639 5561 1832 5632 utique,
1860 5573 1968 5618 etc.
2150 5562 2294 5618 malo
2318 5575 2506 5618 sensu.

511 5637 540 5676 δ
571 5638 716 5714 Egit.
751 5644 888 5714 vet.,
925 5635 1141 5714 lapsum
1180 5632 1432 5714 humilem
1451 5674 1465 5698 ,
1492 5633 1730 5714 perﬁdia:
1760 5635 2048 5714 promptio-
2218 5644 2251 5714 ξ
2281 5633 2483 5714 omnes
2507 5634 2647 5714 edit.
2670 5647 2735 5691 ac
2766 5635 2924 5714 pauci
2944 5636 3335 5714 mss.,_Littera
3354 5639 3514 5714 igitur
3529 5638 3712 5714 occidit;

445 5723 587 5774 rem;
611 5709 796 5774 Rom.,
812 5706 1082 5768 lasciuum,
1105 5704 1364 5771 mobilem,
1386 5705 1622 5774 perﬁdia:
1649 5706 2044 5775 promptiorem;
2152 5705 2349 5776 reliqui
2383 5707 2438 5761 in
2461 5707 2659 5776 quibus
2683 5715 2739 5762 et
2764 5704 3232 5776 probatissimi....
3261 5704 3592 5765 circumcidit.

445 5773 582 5852 mss.
643 5792 860 5852 quoque
887 5775 1166 5852 nonnulli_
1187 5777 1448 5830 omittunt
1496 5777 1741 5852 [tantilem
1759 5819 1773 5842 ,
1801 5773 2048 5852 quidam
2225 5773 2252 5813 ἀ
2278 5773 2442 5852 Ιὶ-οιιι.
2472 5773 2789 5852 Αὸιίἰιτᾼδοιιι,
2809 5780 3017 5852 ret-bum
3047 5781 3324 5852 optimum.
3353 5781 3480 5837 Haec
3496 5792 3608 5836 sunt
3628 5795 3708 5831 ttu-

442 5849 619 5925 etiam
663 5845 943 5925 mobilem“:
973 5845 1168 5925 reliqui
1210 5860 1343 5925 vero
1389 5855 1447 5925 ut
1487 5846 1550 5925 _in
1602 5845 1865 5925 contextu
1889 5887 1906 5915 ,
1943 5849 2048 5903 nisi
2155 5865 2282 5905 nera
2293 5847 2425 5925 Dei,
2445 5849 2508 5905 de
2529 5849 2860 5925 qu_ibus_dic_it
2888 5848 3060 5925 David
3079 5845 3106 5908 ἐ
3138 5851 3376 5925 Eloquia
3394 5853 3702 5925 Domini,etc.

445 5916 596 5993 quod
616 5928 717 5990 pro
752 5915 983 5987 perﬁdia:
1013 5915 1068 5975 in
1096 5914 1368 5988 aliquibus
1397 5915 1596 5989 legitur
1647 5914 1906 5993 perﬁdia,
1937 5935 2046 5978 non
2231 5929 2253 5959 ε
2293 5918 2512 5980 Ultimae
2534 5914 2668 5982 odit.
2703 5921 2909 5995 Paris,
2939 5923 3030 5983 bos
3057 5934 3132 5982 est
3159 5914 3596 5985 animarentur.
