3932 6296
204 292 222 348 1
231 290 315 348 9.57

1345 291 1834 352 EPISTOLARUM
1865 281 2158 351 ‘CLASSIS
2195 291 2258 348 ll.

3327 295 3470 356 1258

200 407 346 478 (Deut.
377 420 507 474 xxv,
529 405 620 477 4);
661 405 754 478 qui
783 405 947 463 habet
974 406 1365 478 scripturarum
1399 424 1600 466 cornua
1624 410 1762 465 divi-
1794 418 1842 474 Λ
1871 407 2166 465 secundum
2191 405 2606 478 promissionem
2651 407 2914 465 hacredes.
2963 408 3092 466 Haec
3119 418 3204 468 est
3242 411 3477 486 Aposto-

199 516 376 557 narum.
420 500 630 556 Pullum
670 508 852 557 autem
895 501 1063 556 asinae
1091 501 1354 557 Dominus
1385 503 1439 558 in
1472 503 1767 575 Evangelio
1870 501 1992 557 lica:
2028 500 2310 556 conclusio
2336 500 2643 556 sementim.

197 594 241 649 in
263 593 410 666 ﬁgura
442 593 625 665 populi
653 593 872 666 gentilis
900 593 1146 650 ascendit
1173 593 1328 668 (Luc.
1363 611 1476 662 xix,
1507 596 1619 668 55).

260 686 334 740 10.
372 685 507 742 Ρυιο
545 694 725 743 autem
765 685 1020 757 quoniam
1051 685 1206 742 dives
1247 696 1332 743 est
1376 687 1599 744 verbum
1645 688 1764 756 Dei,

194 777 318 849 quod
363 777 524 834 etiam
580 777 715 834 illud
762 776 1071 850 intelligere
1119 778 1449 848 debeanms,
1500 781 1625 852 quia
1670 781 1768 837 bos

195 871 335 928 habet
358 887 553 929 cornua
588 873 747 945 plena
781 877 1007 934 terroris
1032 918 1047 943 ,
1081 885 1269 934 taurus
1294 877 1553 934 ferociam
1583 875 1766 944 habet,

194 967 358 1024 asinus
401 969 877 1028 mansuetudinem
920 988 936 1027 :
980 972 1124 1044 quod
1172 973 1311 1030 bene
1363 973 1432 1028 ad
1482 970 1770 1043 praesentia

193 1060 459 1130 derivatur,
490 1063 616 1134 quia
637 1063 827 1121 beatus
853 1065 947 1138 qui
975 1074 1032 1122 et
1060 1067 1408 1123 severitatem
1435 1075 1489 1122 et
1514 1079 1770 1121 mansue-

193 1155 407 1214 tudinem
433 1165 622 1226 tenet;
664 1167 722 1215 ut
751 1161 925 1218 altero
962 1161 1248 1234 disciplina
1290 1170 1571 1227 servetur,
1598 1161 1774 1217 altero

193 1251 472 1310 innocentia
519 1269 626 1311 non
666 1256 1006 1329 opprimatur
1054 1275 1066 1311 :
1114 1257 1278 1313 nimia
1322 1258 1468 1313 enim
1510 1257 1774 1314 severitas

191 1355 453 1416 extorquet
477 1347 795 1420 plerumque
819 1358 1030 1406 terrore
1051 1349 1419 1406 mendacium.
1450 1351 1595 1407 Deus
1622 1349 1775 1421 diligi

191 1439 397 1507 maluit,
443 1455 602 1509 quam
654 1441 877 1498 timeri:
920 1443 1184 1500 Dominus
1229 1452 1409 1499 autem
1450 1443 1773 1500 charitatem

189 1533 372 1605 exigit,
411 1549 605 1592 servus
641 1537 932 1604 timorem;
973 1554 1096 1594 cum
1131 1550 1430 1610 perpetuus
1464 1538 1516 1594 in
1559 1537 1778 1595 homine

191 1636 350 1684 terror
372 1643 492 1685 esse
521 1645 630 1686 non
661 1632 833 1700 possit
859 1648 872 1698 ;
915 1633 1042 1704 quia
1070 1633 1330 1704 scriptum
1361 1643 1474 1702 est,
1510 1635 1653 1690 sicut
1679 1634 1779 1690 ho-

187 1721 270 1778 die
291 1724 478 1780 lectum
497 1733 609 1780 est:
627 1725 762 1780 Ecce
781 1727 836 1780 in
862 1726 1045 1781 timore
1058 1736 1225 1782 vestro
1246 1729 1348 1798 ipsi
1366 1729 1637 1796 timebunt,
1650 1745 1777 1799 quos

1943 596 1998 650 5.
2025 594 2132 651 Sed
2154 593 2396 650 occurrit
2417 593 2598 651 adhuc
2617 593 2692 662 ei,
2717 596 2809 667 qui
2836 605 3047 668 poterat
3073 598 3238 654 etiam
3259 599 3481 658 Iudaeus

1870 690 2055 747 dicere
2080 708 2091 744 :
2120 690 2190 746 Et
2217 704 2317 762 ego
2345 689 2521 746 haeres
2552 704 2675 745 sum
2703 707 2716 745 :
2741 691 2996 762 quaniam
3021 694 3123 750 sub
3147 694 3293 766 Lege
3317 712 3437 751 sum
3467 715 3480 749 :

1873 782 1987 840 Lex
2021 791 2200 838 autem
2239 792 2396 838 vetus
2445 781 2642 838 dicitur
2685 783 3090 842 Testamentum
3125 805 3139 841 :
3173 787 3262 843 ubi
3290 796 3478 844 autem

1874 886 2287 945 testamentum,
2310 877 2381 934 ibi
2404 877 2718 934 hazreditas.
2746 878 2814 934 Et
2836 878 2965 936 licet
2990 879 3056 936 ad
3079 880 3336 938 Hebraeos
3363 883 3482 954 ipse

1873 971 2075 1028 dixerit
2115 971 2303 1044 (Hebr.
2334 987 2410 1036 rx,
2439 971 2568 1043 17),
2597 971 2724 1044 quia
2764 980 3152 1030 testamentum
3184 990 3291 1032 non
3319 977 3486 1043 valet,

1877 1067 1983 1123 nisi
2004 1083 2151 1124 mors
2175 1067 2478 1124 intercedat
2502 1069 2799 1137 testatoris,
2826 1070 2879 1125 id
2901 1079 3005 1138 est,
3027 1072 3284 1142 quoniam
3309 1081 3482 1129 testa-

1876 1170 2120 1218 mentum
2153 1177 2260 1217 non
2290 1161 2432 1218 valet
2457 1161 2717 1233 quamdiu
2762 1163 2898 1218 vivit
2935 1172 3195 1231 testator,
3235 1166 3330 1221 sed
3367 1166 3487 1237 ejus

1879 1263 2057 1312 morte
2099 1255 2370 1322 ﬁrmatur;
2419 1265 2599 1311 tamen
2641 1254 2765 1327 quia
2807 1256 2861 1310 in
2900 1256 3174 1314 Hieremia
3224 1258 3488 1314 Dominus

1879 1347 2094 1404 locutus
2115 1357 2198 1403 est
2215 1347 2284 1404 de
2299 1347 2530 1414 Judaeis,
2548 1357 2605 1404 et
2621 1348 2696 1403 ait
2718 1367 2728 1401 :
2756 1347 2922 1404 Facta
2951 1360 3024 1406 est
3056 1351 3334 1407 hwreditas
3355 1353 3486 1407 mihi

1879 1441 2012 1495 sicut
2045 1441 2124 1496 leo
2152 1440 2372 1511 (Jerem.
2400 1457 2497 1508 xu,
2531 1439 2623 1514 8);
2650 1441 2902 1500 haeredes
2924 1458 3020 1500 eos
3064 1461 3262 1516 negare
3292 1447 3484 1502 noluit.

1882 1535 1989 1590 Sed
2009 1545 2134 1590 sunt
2162 1534 2407 1591 hmredes
2435 1535 2550 1590 sine
2571 1551 2652 1602 re,
2679 1545 2883 1593 suntet
2905 1553 3028 1594 cum
3053 1554 3110 1594 re
3132 1557 3145 1592 :
3168 1540 3495 1596 etdicuntur

1884 1629 2128 1685 haeredes
2144 1637 2410 1686 testatore
2423 1629 2660 1696 vivente,
2681 1631 2774 1700 qui
2787 1633 2973 1704 scripti
2997 1643 3144 1701 sunt,
3162 1635 3257 1690 sed
3271 1635 3391 1692 sine
3408 1651 3488 1693 re.

1956 1720 2008 1775 4.
2051 1721 2190 1776 Sunt
2216 1722 2381 1777 etiam
2421 1721 2668 1778 hmredes
2693 1725 2922 1793 parvuli,
2953 1726 3042 1796 qui
3075 1726 3209 1782 nihil
3238 1727 3496 1785 dill'erunt

189 1815 636 1884 timebatis.“Vale,
655 1817 935 1883 ﬁli,etnos
949 1819 1131 1891 dilige;
1153 1821 1274 1890 quia
1301 1821 1774 1894 nostediligimus.
1806 1847 1856 1909 Β
1884 1829 1913 1870 a
1943 1815 2160 1872 servulo
2182 1857 2196 1881 ,
2240 1816 2498 1886 quoniam
2537 1815 2639 1872 sub
2676 1818 3020 1875 curaloriblls
3050 1829 3178 1876 sunt
3206 1830 3230 1858 °
3258 1831 3312 1877 et
3340 1829 3497 1878 acto-

675 1913 1019 1970 EPISTOLA
1057 1914 1274 1970 LXXV.

189 2001 453 2077 Proposita
483 2007 699 2062 eruendi
732 2006 944 2062 Paulini
972 2023 1153 2063 sensus
1175 2008 1488 2080 difﬁcultate,
1521 2010 1780 2083 subjungit

256 2111 440 2155 textum
463 2102 696 2174 ejusdem
719 2102 979 2173 Apostoli,
1009 2102 1264 2158 hwredem
1289 2104 1488 2158 nullum
1518 2105 1651 2173 ﬁeri,
1683 2105 1782 2158 nisi

255 2207 340 2261 per
365 2192 521 2260 ﬁdem
541 2234 555 2258 ,
587 2194 911 2264 aﬂirmantis.
952 2193 1154 2250 Deinde
1178 2195 1395 2252 Judwos
1435 2197 1782 2252 haereditate»:

253 2293 453 2354 propter
479 2294 620 2340 vetus
650 2283 1032 2340 Testamentum
1052 2287 1149 2341 sibi
1170 2286 1394 2342 debitam
1420 2290 1782 2345 contendentes

255 2377 456 2448 refellit,
477 2380 773 2451 cujusmodt
785 2379 1015 2435 haeredes
1037 2380 1262 2437 habendi
1282 2382 1410 2450 sint,
1436 2383 1776 2453 patefaciens.

255 2487 259 2491 ‘
570 2470 870 2528 Alanosws
909 2471 938 2510 ι)
973 2472 1381 2532 Cannarum.

261 2562 304 2618 l.
343 2562 454 2619 Etsi
484 2565 654 2620 sciam
685 2565 829 2637 quod
863 2577 884 2606 ε
915 2566 1047 2622 nihil
1084 2566 1362 2625 difﬁcilius
1388 2569 1492 2637 sit,
1525 2585 1686 2640 quam
1714 2569 1782 2627 de

183 2654 424 2726 Apostoli
451 2656 686 2715 lectione
707 2658 981 2716 disserere
1003 2677 1018 2726 ;
1042 2676 1163 2717 cum
1197 2661 1313 2732 ipse
1332 2661 1596 2735 Origenes
1624 2663 1784 2736 longe

183 2747 358 2803 minor
382 2749 454 2804 sit
476 2749 526 2804 in
552 2766 716 2818 novo,
733 2767 894 2823 quam
920 2753 974 2808 in
993 2752 1165 2809 veteri
1187 2753 1538 2813 Testamento
1563 2774 1577 2810 :
1605 2764 1783 2813 tamen

180 2840 434 2910 quoniam
463 2843 734 2913 superiori
758 2845 986 2915 epistola
1014 2847 1163 2904 visus
1196 2847 1290 2904 tibi
1319 2863 1464 2918 sum,
1497 2865 1594 2906 cur
1621 2851 1786 2922 peda-

180 2949 347 3005 gogus
397 2935 507 2992 Lex
561 2936 881 3007 diceretur,
944 2956 1051 2996 non
1102 2941 1338 2999 absurde
1385 2943 1782 3016 explicavisse;

179 3026 444 3083 hodierno
496 3045 716 3102 quoque
762 3045 1018 3089 sermone
1072 3034 1182 3089 vim
1231 3035 1406 3106 ipsam
1451 3035 1785 3107 Apostolicae

179 3119 561 3192 disputationis
587 3123 894 3180 meditabor
913 3125 1147 3196 aperire.

1881 1908 2034 1964 ribus
2061 1927 2074 1964 :
2109 1906 2214 1975 Ita,
2249 1909 2442 1980 inquit,
2476 1920 2524 1963 et
2549 1925 2642 1964 nos
2668 1927 2872 1966 eramus
2899 1910 3079 1966 Judrei
3107 1920 3202 1968 sub
3232 1915 3498 1970 elementis

1884 2002 2062 2056 mundi
2092 2001 2255 2076 hujus
2279 2003 2572 2059 servientes.
2599 2002 2888 2076 Postquam
2917 2022 3036 2061 vero
3062 2008 3195 2062 venit
3225 2009 3496 2079 plenitudo

1886 2098 2160 2168 temporis,
2191 2108 2238 2152 et
2269 2097 2505 2154 Christus
2535 2099 2739 2154 advenit
2770 2097 2972 2171 (Galat.
3000 2116 3079 2171 tv,
3113 2100 3204 2173 3);
3245 2102 3355 2174 iam
3387 2118 3496 2159 non

1884 2205 2070 2247 sumus
2116 2191 2299 2256 servi,
2333 2191 2429 2247 sed
2470 2191 2666 2259 liberi,
2705 2194 2752 2247 si
2793 2193 3081 2249 credamus
3113 2194 3164 2249 in
3192 2195 3494 2252 Christum.

1884 2281 2030 2353 Ergo
2063 2285 2080 2320 ί
2112 2283 2262 2339 dedit
2290 2284 2397 2339 illis
2419 2285 2656 2355 speciem
2688 2285 3052 2356 haereditatis,
3088 2289 3496 2356 possessionem

1884 2377 2122 2446 negavit.
2156 2377 2368 2432 Habent
2397 2393 2597 2434 nomen
2630 2380 2888 2446 haeredis,
2921 2397 3075 2436 usum
3107 2399 3215 2438 non
3249 2383 3493 2450 habent;

1885 2466 2010 2538 quia
2044 2467 2186 2524 sicut
2214 2470 2426 2539 parvuli
2456 2469 2708 2527 haeredes
2731 2487 2929 2528 nomen
2963 2473 3166 2528 nudum
3201 2474 3498 2531 haeredita-

1886 2561 1976 2629 tis,
2003 2578 2108 2618 non
2142 2565 2527 2621 auctoritatem
2557 2577 2840 2636 usurpant,
2871 2568 3094 2638 jubendi
3117 2569 3205 2640 jus
3227 2579 3283 2626 et
3311 2571 3500 2628 utendi

1886 2672 1993 2712 non
2027 2657 2231 2714 habent
2259 2675 2273 2724 ;
2304 2660 2431 2729 quia
2473 2658 2875 2730 plenitudinem
2923 2677 3036 2717 suae
3065 2664 3246 2720 aetatis
3275 2680 3502 2737 exspec-

1886 2759 2023 2819 tant,
2053 2762 2109 2808 ut
2137 2769 2166 2807 a
2198 2754 2542 2809 curatoribus
2568 2755 2889 2811 liberentur.

1960 2846 2014 2900 5.
2059 2844 2212 2902 Sicut
2262 2861 2393 2917 ergo
2446 2847 2681 2917 parvuli,
2727 2848 2796 2901 ita
2842 2856 2897 2903 et
2945 2849 3122 2905 Judaei
3172 2852 3274 2907 sub
3321 2852 3503 2922 paeda-

1887 2954 2028 3010 gogo
2067 2949 2214 2994 sunt.
2267 2939 2383 2996 Lex
2413 2939 2740 3011 pardagogus
2768 2950 2852 2996 est
2886 2961 2898 2996 :
2931 2943 3256 3014 paedagogus
3287 2944 3354 2999 ad
3386 2960 3502 2999 ma-

1887 3032 2118 3102 gistrum
2150 3031 2338 3096 ducit;
2383 3033 2640 3103 magister
2667 3043 2852 3089 noster
2891 3034 3042 3089 solus
3081 3045 3166 3091 est
3203 3034 3452 3093 Christus
3487 3055 3500 3090 :

1893 3123 2072 3180 Nolite
2109 3125 2278 3179 dicere
2307 3124 2446 3180 vobis
2482 3126 2750 3180 dominum
2791 3136 2838 3181 et
2868 3130 3211 3198 magistrum;
3251 3131 3371 3198 quia
3401 3131 3501 3185 do-

251 3219 306 3274 2.
346 3218 634 3289 Superiora
681 3221 826 3276 enim
868 3221 1122 3278 lectionis
1167 3223 1287 3292 ejus
1323 3223 1430 3280 hoc
1455 3224 1691 3291 habent,
1719 3239 1787 3280 eo
1812 3237 1857 3301 ρ
1891 3218 2062 3272 minus
2107 3228 2154 3274 et
2207 3219 2451 3290 magister
2487 3228 2648 3274 vester
2688 3236 2823 3274 unus
2867 3231 2941 3274 est
2981 3219 3219 3276 Christus
3266 3223 3496 3293 (Matth.

174 3310 322 3382 quod
344 3327 411 3367 ex
429 3313 685 3384 operibus
707 3314 867 3386 Legis
889 3331 1052 3373 nemo
1067 3316 1414 3387 justiﬁcetur,
1437 3317 1534 3375 sed
1555 3333 1621 3374 ex
1645 3317 1780 3385 ﬁde;

177 3407 442 3473 Quoniam
485 3410 574 3480 qui
608 3426 674 3465 ea:
709 3411 949 3483 aperibus
986 3411 1138 3485 Legis
1185 3423 1336 3481 sunt,
1375 3413 1472 3469 sub
1511 3413 1784 3468 maledicto

170 3512 418 3560 sunt.....
469 3502 707 3561 Christus
759 3515 940 3563 autem
994 3507 1210 3563 redemit
1264 3523 1359 3563 nos
1402 3507 1466 3562 de
1509 3507 1784 3562 maledicto

170 3592 355 3669 Legis,
379 3597 548 3664 factus
577 3615 671 3666 pro
698 3598 842 3654 nobis
863 3599 1190 3654 maledictum
1211 3598 1412 3673 (Galat.
1439 3615 1521 3666 ttt,
1553 3601 1640 3667 10,
1669 3599 1779 3672 15).

169 3688 294 3745 Non
323 3706 395 3746 ex
429 3691 570 3762 Lege
598 3693 762 3763 igitur
785 3693 1078 3750 hrcreditas
1106 3695 1233 3751 data
1261 3704 1365 3761 est,
1389 3695 1485 3750 sed
1510 3711 1571 3750 ex
1599 3711 1789 3764 repro-

168 3783 463 3842 missione.
498 3783 710 3840 Etenim
745 3784 969 3841 Abralta:
1005 3787 1159 3842 dicite
1183 3797 1304 3843 sunt
1341 3789 1787 3857 repromissiones,

167 3883 221 3927 et
250 3875 439 3929 semini
477 3878 710 3949 ejus.....
743 3878 883 3948 quod
915 3886 989 3934 est
1019 3877 1252 3934 Christus
1290 3878 1492 3950 (lbid.,
1528 3879 1636 3952 16).
1667 3881 1786 3938 Lex

168 3965 364 4038 itaque
389 3959 876 4038 praevaricationum
901 3972 1071 4042 gratia
1092 3972 1262 4043 posita
1285 3982 1383 4039 est,
1402 3973 1566 4028 donec
1595 3975 1787 4029 veniret

165 4078 377 4128 semen,
405 4064 489 4116 cui
513 4066 883 4134 repromissum
909 4074 984 4120 est
1029 4065 1198 4139 (Ibid.
1226 4109 1240 4133 ,
1276 4066 1403 4137 l9);
1435 4077 1490 4123 et
1519 4067 1643 4123 ideo
1669 4086 1792 4123 con-

164 4156 326 4211 clusa
361 4166 482 4212 sunt
514 4158 729 4232 1085.
755 4160 932 4214 omnia
967 4160 1060 4215 sub
1098 4172 1340 4232 peccato,
1374 4172 1431 4215 ut
1459 4163 1792 4233 repromissio

163 4265 238 4304 ex
265 4249 376 4319 ﬁde
401 4249 532 4305 Iesu
564 4249 758 4307 Christi
784 4252 996 4308 daretur
1037 4253 1474 4310 credentibus.....
1505 4253 1791 4324 Postquam

160 4354 354 4398 autem
386 4345 518 4399 venit
546 4345 692 4411 ﬁdes,
718 4349 833 4419 jam
861 4364 962 4402 non
993 4348 1086 4402 sub
1115 4347 1251 4420 Lege
1293 4347 1459 4420 (Ibid.
1483 4389 1498 4414 ,
1537 4345 1656 4418 '25),
1688 4347 1790 4404 hoc

157 4446 280 4499 est,
316 4434 341 4471 ι¹
377 4437 477 4493 sub
508 4437 804 4510 paedagogo
831 4457 1049 4506 sumus;
1095 4449 1150 4497 et
1175 4443 1304 4513 quia
1332 4456 1520 4498 sumus
1548 4441 1642 4497 ﬁlii
1670 4442 1790 4510 Dei,

157 4537 222 4586 et
269 4545 472 4586 omnes
519 4547 706 4588 sumus
743 4534 795 4589 in
836 4533 1057 4591 Christo
1093 4535 1244 4592 Jesu.
1290 4537 1345 4594 Si
1383 4547 1564 4593 autem
1599 4551 1791 4594 omnes
1864 4572 1866 4575 -

157 4638 375 4679 sumus
400 4623 450 4679 in
482 4624 700 4682 Christo
727 4626 891 4695 Jesu,
920 4642 1051 4711 ergo
1083 4628 1318 4685 Abrahae
1351 4644 1540 4687 semen
1577 4644 1788 4698 sumus,

1891 3328 2045 3379 xxut,
2081 3311 2190 3378 10).
2243 3322 2267 3361 8
2297 3312 2630 3384 Ptedagogus
2661 3313 2883 3370 timetur
2903 3358 2916 3380 ,
2948 3317 3210 3387 magister
3237 3318 3378 3374 viam
3410 3335 3503 3375 sa-

1891 3405 2016 3461 lutis
2060 3405 2318 3462 ostendit.
2370 3406 2562 3462 Timor
2599 3423 2730 3479 ergo
2770 3408 2834 3463 ad
2878 3408 3192 3465 libertatem
3233 3411 3502 3482 perducit,

1892 3497 2114 3554 libertas
2145 3499 2212 3554 ad
2243 3498 2408 3555 ﬁdem
2432 3542 2446 3565 ,
2480 3499 2616 3555 ﬁdes
2644 3499 2710 3555 ad
2745 3500 3070 3558 charitatem
3105 3520 3120 3557 :
3150 3503 3389 3560 charitas
3415 3521 3506 3561 ac-

1892 3593 2061 3665 quirit
2097 3592 2479 3665 adoptionem,
2523 3593 2744 3664 adoptio
2784 3593 3179 3652 hmrcditatem.
3229 3598 3374 3670 Ergo
3413 3599 3504 3656 ubi

1892 3686 2028 3742 ﬁdes
2049 3728 2064 3755 ,
2101 3687 2172 3742 ibi
2203 3687 2464 3753 libertas;
2515 3702 2709 3744 servus
2737 3689 2883 3744 enim
2913 3691 3015 3745 sub
3046 3699 3192 3746 metu
3217 3733 3232 3759 ,
3266 3692 3406 3748 liber
3436 3709 3504 3750 ex

1894 3781 2019 3838 ﬁde.
2051 3781 2146 3838 Ille
2172 3782 2273 3838 sub
2298 3783 2504 3850 littera,
2531 3782 2636 3839 iste
2657 3785 2758 3840 sub
2779 3786 2951 3856 gratia
2977 3806 2988 3840 :
3016 3786 3106 3841 ille
3136 3786 3188 3842 in
3217 3790 3502 3858 servitute,

1893 3875 1996 3930 iste
2021 3875 2074 3930 in
2099 3875 2313 3945 spiritu.
2349 3875 2450 3931 Ubi
2483 3885 2664 3931 autem
2697 3878 2915 3945 spiritus
2943 3877 3177 3946 Domini,
3203 3881 3272 3934 ibi
3293 3881 3506 3938 libertas

1893 3969 1967 4043 (Il
1992 3967 2112 4025 Cor.
2142 3986 2220 4037 tu,
2255 3967 2388 4041 17).
2429 3970 2484 4026 Si
2515 3970 2678 4040 igitur
2704 3970 2793 4026 ubi
2833 3971 2986 4037 ﬁdes,
3013 3973 3086 4028 ibi
3116 3973 3372 4039 libertas;
3409 3975 3501 4031 ubi

1895 4063 2142 4129 libertas,
2164 4063 2237 4117 ibi
2259 4063 2463 4133 gratia;
2496 4061 2588 4116 ubi
2609 4063 2804 4133 gratia,
2828 4063 2901 4118 ibi
2926 4063 3217 4120 ltmreditas
3243 4082 3255 4120 :
3281 4065 3502 4122 Judmus

1894 4166 2074 4211 autem
2117 4154 2297 4210 littera
2329 4170 2434 4210 non
2467 4155 2660 4226 spiritu
2693 4157 2746 4210 iu
2790 4157 3053 4212 servitute
3090 4167 3213 4226 est;
3257 4160 3350 4229 qui
3390 4176 3497 4217 non

1893 4246 2057 4304 habet
2087 4247 2267 4315 ﬁdem,
2304 4263 2409 4302 non
2443 4247 2608 4303 habet
2633 4248 2855 4318 spiritus
2877 4249 3211 4306 libertatem.
3257 4251 3360 4308 Ubi
3397 4270 3501 4308 au-

1893 4351 1998 4399 tem
2038 4343 2184 4399 nulla
2224 4342 2483 4411 libertas,
2518 4343 2666 4398 nulla
2703 4343 2921 4414 gratia;
2965 4344 3055 4401 ubi
3104 4346 3252 4402 nulla
3301 4350 3498 4420 gratia,

1892 4439 2036 4494 nulla
2065 4439 2320 4510 adoptio;
2352 4439 2442 4495 ubi
2471 4438 2621 4494 nulla
2644 4437 2886 4508 adoptio,
2920 4440 3066 4494 nulla
3087 4442 3385 4497 successio.

1961 4535 2014 4589 6.
2057 4534 2355 4605 Tamquam
2384 4533 2583 4588 clausis
2623 4547 2754 4603 ergo
2779 4532 3005 4600 tabulis,
3033 4530 3061 4571 h
3083 4534 3258 4590 cernit
3285 4537 3497 4611 1085

1893 4629 2266 4686 hmreditatem
2292 4669 2307 4696 ,
2342 4644 2450 4684 non
2482 4627 2749 4699 possidet,
2781 4628 3164 4685 auctoritatem
3196 4646 3305 4686 non
3338 4633 3503 4688 habet

243 4793 273 4819 ει
301 4781 462 4860 ιξαιε,
485 4783 595 4852 ﬁli.
618 4791 724 4840 etc.
753 4784 808 4840 in
835 4782 958 4839 cod.
989 4781 1175 4852 COrb.,
1197 4785 1382 4841 Germ.
1411 4793 1465 4840 et
1491 4783 1613 4840 Ful.
1645 4799 1786 4855 prce-
1816 4787 1871 4848 D
1895 4785 2103 4860 ciatur,
2138 4784 2270 4860 nihil
2310 4784 2602 4860 relinquat.
2651 4785 2804 4852 Quod
2846 4796 3027 4842 autem
3071 4788 3135 4842 ad
3180 4789 3497 4860 Origenem,

155 4855 442 4911 termissa
472 4865 620 4911 sunt.

236 4925 271 4964 ι)
299 4926 462 5000 _C_od.
497 4926 673 5000 Long.
700 4943 766 4986 ac
796 4928 932 4986 Last.
959 4929 1261 4985 Ambrosius
1291 4929 1516 4984 lrenwo.
1549 4927 1617 4982 Et
1637 4937 1787 4984 certe

149 4998 202 5056 si
237 4997 317 5052 ad
353 4997 776 5071 Irenazum'data
803 5013 888 5058 est
913 5003 1161 5071 superior
1191 5000 1442 5070 epistola,
1475 4999 1614 5055 hanc
1649 5016 1785 5066 quo-

1897 4855 2036 4910 hanc
2071 4855 2342 4911 Ambrosii
2385 4855 2452 4909 de
2505 4857 2596 4911 illo
2638 4860 2965 4912 sententiam
3003 4855 3338 4916 verissimam
3379 4855 3501 4920 esse

1895 4929 2136 5001 agnoscit
2167 4927 2508 5001 [luetius‘lilu
2535 4944 2591 4982 ιιι
2623 4928 2871 5001 0rigen.,
2897 4929 3100 5001 σαμε,
3127 4929 3154 5001 §
3183 4931 3234 4996 1,
3268 4947 3417 4988 num.
3444 4936 3499 4990 7.

1899 4997 2004 5056 sed
2037 4999 2170 5053 alias
2219 4999 2354 5052 duas
2395 4997 2554 5068 hujus
2603 5000 2681 5055 rei
2722 5015 2914 5056 causas
2957 4997 3213 5068 subiicit,
3249 5003 3502 5063 videlicet

1896 5071 2037 5141 quod
2063 5071 2174 5137 jam
2211 5069 2456 5141 pluribus
2482 5073 2914 5135 commentariis,
2957 5072 3357 5140 traditionibus,
3389 5078 3501 5133 dis—

147 5086 277 5142 que
303 5069 378 5124 ad
407 5069 668 5127 Irenaeum
697 5073 874 5128 datam
901 5069 1070 5128 fuisse
1099 5069 1441 5126 manifestum
1473 5082 1577 5127 est.
1601 5071 1712 5127 Sed
1735 5071 1787 5126 in

148 5153 281 5199 tam
322 5142 588 5214 perplexa
615 5144 934 5200 difﬁcultate
960 5145 1090 5200 nihil
1128 5143 1305 5212 potius
1337 5143 1550 5200 videtur
1573 5185 1588 5208 ,
1625 5157 1786 5213 quam

143 5213 591 5272 omnium’edit.
623 5230 686 5272 ac
716 5217 950 5287 plurium
991 5231 1122 5272 mss.
1168 5215 1459 5272 lectionem
1507 5216 1628 5270 loco
1679 5229 1787 5268 non

145 5301 433 5344 movere.

1891 5140 2278 5197 sertationibus
2299 5140 2569 5216 illustrata
2601 5143 2776 5216 fuerat
2809 5143 3277 5216 vetusscriptura,
3303 5163 3422 5216 qum
3449 5152 3500 5206 ei

1895 5223 2182 5290 potuerant
2203 5227 2327 5267 esse
2347 5215 2553 5290 auxilio
2578 5233 2590 5270 :
2617 5214 2818 5290 deinde
2827 5212 3203 5290 _quod__ibide_m
3226 5212 3502 5290 abrogatis

1896 5287 2088 5365 priscis
2128 5286 2490 5365 ceremoniis,
2538 5287 2643 5358 ipsi
2676 5286 2728 5340 in
2771 5284 3048 5355 allegoriis
3097 5285 3321 5344 liberius
3359 5284 3504 5365 Etylo

1895 5357 2179 5425 indulgere
2210 5356 2420 5412 liceret.

1969 5427 1994 5466 (ἰ
2010 5429 2172 5501 Rom.
2193 5427 2456 5501 edit.,sub
2471 5429 2776 5500 paedagogo,
2798 5428 2894 5501 hoc
2919 5436 3013 5493 est,
3035 5427 3132 5501 sub
3152 5427 3291 5501 Lege
3302 5449 3502 5494 sumus.

1974 5512 1996 5539 ο
2035 5500 2164 5578 Mss.
2207 5500 2474 5578 n_o_nnulli,
2507 5511 2553 5554 et
2587 5499 2926 5578 auctoribus;
2965 5499 3189 5568 quidam
3223 5499 3384 5561 etiam
3409 5552 3424 5578 ,
3455 5521 3505 5564 et

1899 5573 2203 5643 factoribus.
2235 5572 2411 5626 Minus
2430 5572 2712 5643 (apposite.

1977 5643 1995 5681 τ
2037 5643 2195 5698 Rom.
2222 5643 2375 5707 edit.,
2402 5641 2675 5712 deditillis
2705 5659 2848 5712 spem
2877 5643 3217 5702 htereditatis.

1973 5725 1998 5790 ις
2039 5713 2310 5790 Nonnulli
2325 5727 2456 5767 mss.
2479 5753 2495 5778 ,
2538 5710 2793 5784 Magister
2820 5716 3068 5784 instruit,
3101 5720 3346 5790 magister
3371 5726 3507 5782 viam

1901 5787 2086 5843 salutis
2115 5784 2358 5839 Ostendit.

1973 5856 2003 5894 h
2041 5855 2282 5913 Nannius
2311 5854 2364 5909 in
2391 5853 2509 5910 haec
2539 5855 2706 5912 verba
2737 5859 2817 5916 sic
2836 5860 3132 5918 annotabat
3163 5881 3176 5920 :
3213 5885 3234 5918 ‹
3270 5865 3509 5930 Cernere

2987 5952 3068 6016 lsO

239 5371 267 5399 ε
319 5357 642 5414 Verisimile
688 5367 773 5414 est
817 5358 1171 5415 Ambrosium
1203 5400 1218 5425 ,
1263 5367 1324 5412 ut
1369 5360 1420 5412 in
1470 5358 1789 5429 Apostolico

143 5442 332 5487 textu
382 5429 738 5486 edisserendo
778 5439 986 5486 tantum
1035 5431 1216 5486 inesse
1252 5430 1581 5485 diflicultatis
1619 5429 1790 5500 proﬁ-

138 5512 392 5564 teatur,
426 5500 637 5555 duabus
668 5502 996 5566 illiscausis,
1023 5517 1158 5570 quas
1185 5501 1417 5571 epistola
1441 5502 1532 5566 57,
1558 5518 1706 5556 num.
1733 5504 1788 5568 1,

139 5575 209 5629 in
265 5571 523 5627 medium
571 5572 813 5642 profert.
851 5574 1142 5628 adductum
1173 5587 1325 5638 esse;
1369 5573 1620 5628 nimirum
1647 5573 1790 5643 quod

139 5645 211 5694 in
248 5644 610 5712 explicandis
633 5645 878 5700 consiliis
910 5645 1109 5699 divinis
1146 5655 1253 5699 tam
1286 5644 1584 5715 profundus
1610 5644 1700 5711 sit,
1735 5655 1792 5699 ut

142 5723 304 5764 eunt
341 5716 439 5786 vjx
471 5717 682 5784 assequi
711 5717 880 5786 possit
909 5715 1176 5769 humanus
1216 5716 1520 5771 intellectus
1555 5733 1568 5771 :
1601 5725 1790 5771 contra

147 5794 322 5858 ver0_
366 5777 448 5831 ila
486 5799 544 5858 eo
582 5777 972 5858 ipse'exponat
999 5787 1319 5858 quibusdam
1358 5787 1515 5853 locis,
1539 5797 1592 5842 ut
1623 5786 1792 5842 inter-

135 5849 327 5924 preti
368 5855 568 5919 prmter
595 5849 997 5918 grammaticam
1016 5849 1420 5914 "enarrationem
1438 5900 1454 5926 ,
1485 5849 1633 5930 quod
1659 5858 1794 5930 adjio

565 5940 839 6002 PATROL.
887 5949 1060 6004 XVI.
