3932 6296
118 369 229 432 ιιιι

1272 359 1762 423 Εριετθωιιυιι
1801 359 2082 422 CLASSIS
2124 360 2186 419 li.

3247 362 3388 423 126%

113 480 176 534 ait
198 496 209 533 :
232 477 287 537 Si
306 477 578 535 dormieris
598 478 731 533 inter
751 476 946 535 medias
972 483 1135 532 sortes
1165 473 1337 550 (Prol.
1368 490 1532 538 mn,
1558 472 1682 545 M);
1713 478 1765 540 Α
1790 474 1887 542 vit,
1911 474 1964 531 in
1989 476 2185 548 quibus
2212 473 2450 530 ostendit
2476 489 2579 527 nou
2612 471 2912 529 secundum
2941 473 3177 531 litteram
3210 476 3381 534 inier-

114 586 172 627 eo
196 570 325 641 quod
368 571 416 627 is
443 572 535 642 qui
565 570 778 627 medius
808 570 953 626 inter
989 570 1193 626 veteris
1225 578 1432 626 sortem
1466 578 1523 624 et
1561 567 1684 625 novi

116 666 420 723 Testamenli
452 675 570 731 est,
589 665 916 722 recumbens
944 665 997 720 in
1020 674 1271 733 utroque,
1302 663 1372 719 ad
1398 664 1549 734 regni
1574 677 1687 720 cte-

117 760 248 817 lestis
285 761 725 833 tranquillitatem
748 759 1090 816 adsciscitur.
1136 760 1283 815 lianc
1320 768 1521 815 sortem
1564 758 1688 814 filiae

118 852 304 925 Saiplue
323 853 577 922 petebant
594 852 924 909 ltmreditatis
944 861 1202 924 pateruzr,
1216 861 1270 907 et
1290 867 1478 908 earum
1502 853 1690 924 petitio

117 946 279 1003 divino
321 947 528 1018 judicio
578 948 805 1019 probata
852 956 941 1005 est
986 946 1173 1020 (Nam.
1204 962 1372 1012 nvtt,
1402 949 1429 1002 1
1455 956 1505 1002 et
1532 947 1687 1019 δρψ).

119 1037 214 1099 Sed
255 1039 357 1097 iiiiB
397 1040 653 1111 petebant
695 1042 751 1096 in
797 1042 1029 1107 umbra;
1082 1039 1283 1113 Salpha
1313 1040 1462 1096 enim
1499 1040 1691 1095 umbra

118 1135 218 1191 oris
249 1134 578 1209 significatur
604 1153 621 1191 ιη
648 1136 701 1190 in
734 1137 922 1197 umbra
955 1151 1088 1208 ergo
1113 1137 1382 1192 sermonis
1412 1137 1693 1209 petebant,

120 1208 456 1297 loquebantur
490 1228 637 1295 quod
675 1243 784 1285 non
824 1230 1186 1286 ret'elahatur.
1230 1208 1476 1285 Paterna:
1516 1230 1698 1300 itaque

122 1319 430 1384 Mutis
462 1320 655 1394 petitio
686 1322 901 1394 Salpbte
931 1322 1148 1379 ﬁliabus
1189 1324 1242 1379 in
1274 1324 1461 1379 umbra
1489 1336 1700 1379 sermo-

122 1414 201 1477 uis
222 1406 366 1480 erat;
398 1414 556 1475 nobis
578 1424 761 1479 autem
788 1426 872 1473 est
907 1416 962 1471 in
991 1416 1268 1489 Evangelii
1298 1415 1613 1489 splendore,
1646 1423 1702 1472 et

122 1505 439 1569 revelatioos
462 1507 672 1578 gratiam

188 1600 235 1657 7.
271 1600 457 1662 Simus
491 1600 679 1672 itaque
706 1616 808 1658 nos
832 1601 1111 1675 possessio
1159 1602 1253 1659 Dei
1275 1644 1290 1671 ,
1329 1611 1384 1659 et
1422 1602 1516 1659 ille
1549 1602 1704 1659 nobis

124 1696 309 1767 pertiti,
326 1696 380 1755 in
394 1710 503 1767 quo
526 1706 651 1753 sunt
678 1694 882 1753 divitis
907 1695 1097 1766 gloriae
1116 1704 1176 1753 et
1202 1695 1540 1753 itmditatis
1565 1695 1703 1765 eius.

122 1790 245 1861 Quis
263 1791 405 1853 sitire
424 1790 601 1858 dives,
633 1790 737 1847 nisi
764 1790 915 1850 solus
939 1791 1104 1856 Deus,
1128 1791 1223 1862 qui
1248 1791 1431 1847 omnia
1461 1787 1710 1846 creavit?

1788 565 2048 638 pretauda
2097 567 2232 637 legis
2272 565 2532 637 spiritalis
2583 564 2869 637 dogmata;
2920 581 3045 623 cum
3086 577 3142 624 et
3171 570 3385 627 sabbati

1790 659 1980 732 ignava
2002 659 2136 725 otia,
2182 668 2239 719 et
2265 659 2570 729 corporalis
2597 659 2871 731 superﬂua
2918 659 3228 719 destrueret
3276 666 3384 720 cir-

1789 752 2159 819 cumcisiouis,
2192 761 2357 824 atque
2382 752 2635 808 omnibus
2674 768 2956 813 accessum
2979 755 3045 810 ad
3080 755 3296 813 Patrem
3329 759 3382 813 in

1791 859 1902 901 uno
1922 854 2189 902 reseraret
2205 846 2419 915 spiritu.
2443 845 2729 915 Quomodo
2746 849 2891 903 enim
2920 857 3100 919 potest
3117 849 3389 907 discordia

1794 952 1935 1003 esse,
1953 938 2043 995 ubi
2061 955 2164 995 una
2179 940 2409 1007 voeatio,
2425 955 2592 996 unum
2604 955 2823 1010 corpus,
2839 949 2892 997 et
2905 956 3043 997 unus
3055 943 3394 1014 spiritusest?

1870 1033 1953 1091 10.
1983 1033 2122 1102 Quid
2153 1034 2298 1089 enim
2329 1032 2480 1089 aliud
2508 1032 2854 1089 descendens
2880 1043 3139 1106 operatus
3176 1047 3261 1093 est
3288 1037 3396 1093 Do-

1798 1126 1977 1181 minus
2004 1125 2165 1183 Jesus
2194 1125 2414 1200 (Epiros.
2445 1142 2521 1194 tv,
2542 1126 2625 1200 8),
2658 1127 2760 1183 nisi
2785 1138 2842 1184 at
2862 1126 2934 1184 de
2960 1129 3275 1201 captivitate
3297 1147 3397 1188 nos

1799 1219 1855 1276 in
1885 1221 2197 1277 libertatem
2229 1221 2555 1289 vindicaret,
2580 1230 2636 1277 et
2666 1220 2817 1276 illam
2846 1222 3221 1293 captivitatem
3256 1223 3402 1281 vinc-

1802 1323 1912 1371 tam
1945 1314 2191 1385 perﬁdiae
2235 1315 2468 1372 vinculis
2497 1315 2604 1371 sibi
2632 1314 2902 1393 captivam
2940 1315 3149 1376 Paccret
3170 1357 3185 1385 ,
3216 1316 3402 1389 alliga-

1803 1420 1915 1470 tam
1968 1414 2252 1487 sapientiae
2306 1412 2703 1487 compedibus,
2767 1416 3020 1474 mittente
3074 1431 3409 1489 unequoque

1803 1509 2071 1580 prudente
2099 1508 2266 1581 pedes
2304 1524 2434 1566 suos
2461 1510 2515 1564 in
2548 1509 2847 1583 compedes
2876 1510 3025 1584 ejus,
3057 1511 3201 1567 sicut
3225 1510 3404 1582 scrip-

1810 1614 1921 1660 tum
1944 1602 2094 1677 est(l
2104 1604 2242 1674 bid.)
2265 1620 2279 1659 :
2305 1612 2362 1660 et
2391 1620 2517 1660 cum
2540 1604 2942 1674 descendisset,
2970 1615 3025 1661 et
3052 1605 3397 1673 ascenderet,

1809 1705 1865 1752 ut
1880 1697 2119 1767 impleret
2139 1697 2317 1752 omnia
2348 1696 2530 1772 (Joan.
2562 1715 2599 1766 ι,
2630 1700 2744 1769 l0),
2777 1707 2831 1756 et
2861 1713 2963 1755 nos
2992 1714 3185 1756 omnes
3209 1699 3278 1757 de
3304 1701 3409 1772 ple-

1812 1789 2059 1847 nitudine
2087 1789 2207 1861 ejus
2231 1790 2640 1862 acciperemus?

126 1883 226 1943 Sed
260 1883 427 1943 multo
455 1884 633 1955 magis
658 1883 813 1942 dives
840 1884 1215 1941 misericordia
1237 1928 1251 1952 ,
1281 1884 1373 1955 qui
1402 1899 1595 1940 omnes
1626 1898 1711 1940 re-
1743 1884 1790 1944 l
1892 1885 1980 1941 ii.
2006 1884 2239 1957 ideoque
2266 1885 2503 1958 primum
2524 1886 2763 1958 repletos
2791 1887 2998 1957 Spiritu
3017 1898 3208 1944 sancto
3234 1889 3416 1960 posuit

124 1977 309 2047 demit,
327 1989 382 2036 et
404 1993 529 2047 nos,
549 1980 848 2039 secundum
878 1982 1093 2055 1m
1108 1981 1294 2038 carnis
1316 1991 1585 2049 naturam,
1620 1980 1714 2035 ira:

127 2071 261 2135 tilias
286 2081 341 2137 et
369 2082 396 2113 ⁸
424 2076 781 2133 commotioni
802 2077 1072 2133 obnoxios
1094 2077 1324 2134 mutavit
1350 2077 1503 2150 quasi
1529 2083 1719 2131 auctor

126 2172 344 2233 natura,
378 2176 435 2220 ut
474 2167 645 2224 simus
675 2166 773 2224 lilii
803 2169 954 2239 pacis
989 2178 1046 2225 et
1083 2169 1368 2226 oharitatis
1405 2168 1623 2242 (Ephes.
1658 2183 1714 2237 ιι,

125 2255 383 2333 δείνῳ).
415 2259 552 2330 Quis
575 2261 722 2319 enim
750 2271 999 2318 naturam
1025 2273 1236 2319 mutare
1262 2271 1461 2335 potest,
1495 2263 1598 2319 nisi
1628 2262 1719 2334 qui

125 2351 324 2413 creavit
347 2351 642 2411 naturam?
694 2354 882 2425 Itaque
908 2355 1192 2411 suscitavit
1215 2366 1479 2424 mortuos,
1505 2364 1561 2411 et
1591 2356 1722 2411 vivi-

127 2443 309 2502 iioalos
338 2444 391 2505 in
435 2444 659 2505 Christo
699 2445 895 2503 sedere
941 2448 1069 2504 feeit
1104 2448 1159 2504 in
1184 2448 1500 2507 caelestibus
1525 2449 1579 2503 in
1602 2448 1722 2520 ipso

126 2538 350 2601 Destino
376 2538 507 2601 Iesu
542 2538 733 2611 (Ibid.,
760 2540 838 2611 8).

196 2634 252 2697 8.
275 2634 393 2697 Non
423 2650 537 2707 quo
560 2636 851 2708 quicquam
879 2636 1162 2694 hominum
1193 2638 1613 2711 prmrogativam
1636 2651 1724 2694 se-

128 2727 291 2791 dandi
316 2727 582 2789 meruerit
610 2730 667 2786 in
710 2729 809 2786 illa
839 2730 971 2786 sede
1000 2731 1127 2795 Dei,
1174 2730 1245 2788 de
1290 2747 1396 2803 qua
1428 2731 1590 2787 Pater
1619 2730 1725 2787 soli

132 2819 271 2883 Filio
292 2820 428 2882 dixit
459 2838 473 2877 :
507 2821 644 2878 Sede
668 2838 702 2878 α
732 2822 930 2878 dextris
953 2823 1083 2877 meis
1123 2820 1299 2897 (Psal.
1330 2838 1418 2879 (il!
1444 2862 1460 2889 ,
1494 2820 1585 2893 i);
1627 2820 1725 2878 sed

129 2913 254 2985 quia
293 2912 349 2969 in
393 2914 488 2971 illa
517 2929 680 2970 carne
708 2913 936 2982 Christi,
972 2931 1069 2989 per
1105 2916 1447 2972 consortium
1476 2915 1724 2983 ejusdem

130 3018 367 3074 natura).
398 3023 527 3071 caro
568 3009 746 3067 omnis
791 3009 1010 3066 humani
1059 3013 1281 3082 generis
1312 3010 1580 3069 honorata
1620 3018 1725 3065 est.

129 3100 265 3167 Nam
288 3103 432 3167 sicut
458 3103 553 3169 ille
573 3104 631 3163 in
652 3114 841 3165 nostra
866 3119 1037 3168 carne
1065 3106 1317 3162 subditus
1350 3106 1549 3177 legitur
1571 3102 1724 3177 (Lee.

131 3213 195 3266 ιι,
225 3199 345 3271 5i).
366 3215 461 3269 per
487 3200 755 3259 unitatem
776 3200 961 3256 carnis
980 3209 1036 3257 et
1060 3198 1430 3256 obedientiam
1460 3196 1728 3269 corpOris,

1818 1979 1871 2033 in
1906 1978 2150 2035 Ecclesia
2180 1979 2492 2050 apostolos,
2541 1979 2839 2052 prOpbetas
2870 1979 3012 2035 alios
3034 2021 3048 2047 ,
3081 1981 3220 2038 alios
3251 1997 3415 2038 evan-

1819 2072 2061 2144 gelistas,
2090 2073 2226 2129 alios
2256 2084 2439 2131 autem
2474 2081 2725 2144 pastores
2746 2084 2800 2130 ct
2825 2073 3077 2132 doctores
3104 2116 3119 2141 ,
3141 2083 3205 2130 ut
3223 2090 3415 2131 eorum

1819 2165 2295 2223 adhortationibus
2350 2178 2833 2224 consummantur
2883 2167 3099 2253 1088
3146 2169 3424 2239 proiectus

1822 2260 2163 2318 credentium
2192 2303 2207 2329 ,
2256 2270 2311 2318 et
2340 2262 2638 2317 ministerii
2692 2261 2872 2318 ﬁdelis
2901 2273 2923 2301 ε
2967 2277 3105 2334 opus
3151 2271 3427 2319 cresceret

1821 2351 2046 2426 (Ephes.
2077 2370 2147 2422 tv,
2176 2355 2289 2425 li).
2320 2352 2647 2411 Ediiicatur
2666 2354 3043 2426 unusquisque
3061 2353 3427 2411 mdilicatione

1823 2444 2086 2501 virtutqu
2132 2448 2185 2502 in
2233 2462 2548 2502 mensuram
2580 2448 2758 2503 relatis
2783 2446 3097 2517 interioris,
3124 2463 3248 2519 quae
3272 2463 3427 2503 meu-

1824 2555 1950 2597 sura
1981 2542 2274 2613 perfectior
2301 2541 2425 2596 vitm
2452 2541 2821 2597 immaculata:
2855 2539 3051 2614 (Ibid.,
3088 2541 3202 2611 15),
3234 2540 3289 2598 id
3321 2548 3427 2608 est,

1827 2631 2057 2704 perfecti
2088 2633 2211 2699 viri,
2237 2634 2513 2705 accipiens
2557 2634 2628 2691 de
2662 2633 3003 2705 plenitudine
3030 2633 3233 2693 Christi
3276 2650 3433 2692 rece-

1828 2727 1904 2801 pit
1931 2732 2119 2801 gratite
2146 2729 2559 2800 plenitudinem.

1902 2823 1990 2877 te.
2024 2820 2158 2892 Quis
2188 2832 2368 2879 autem
2415 2823 2498 2878 vir
2520 2823 2794 2893 perfectus
2822 2831 2925 2888 est,
2958 2823 3062 2878 nisi
3098 2823 3192 2880 ille
3217 2823 3308 2894 qui
3339 2823 3436 2879 ab-

1830 2916 2040 2973 solutus
2072 2917 2298 2972 infantia
2326 2916 2552 2987 puerilis
2574 2917 2777 2989 ingenii
2803 2958 2818 2984 ,
2848 2928 3013 2990 atque
3042 2918 3435 2975 adolescentia:

1833 3010 2042 3067 incerto
2075 3026 2138 3066 ac
2167 3010 2398 3074 lubrico.
2434 3022 2487 3066 et
2511 3010 2876 3068 immoderato
2899 3012 3203 3082 juventutis
3231 3014 3436 3080 calore.

1835 3102 1887 3158 iu
1920 3102 2025 3159 viri
2053 3104 2279 3175 perfecti
2323 3104 2640 3161 firmitatem
2686 3107 3038 3175 successerit,
3080 3114 3243 3178 atque
3271 3108 3339 3165 ad
3373 3109 3439 3163 il-

1835 3196 1942 3251 lam
1984 3212 2198 3253 morum
2226 3198 2595 3253 maturitatem
2648 3197 2979 3269 adoleverit;
3032 3209 3229 3257 utnon
3280 3200 3441 3265 facile

131 3290 189 3353 in
214 3304 327 3363 quo
354 3289 456 3353 fuit
470 3290 733 3349 obedienc
756 3291 1010 3363 usquead
1036 3299 1269 3348 mortem
1293 3289 1523 3364 (Philip.
1552 3305 1613 3355 ιι,
1637 3288 1728 3360 8);
1759 3274 1809 3343 C
1836 3290 1979 3348 devii
2003 3289 2357 3362 dispulatoris
2374 3291 2613 3364 alloquio
2644 3290 2917 3360 ﬂectatur,
2940 3302 2996 3350 et
3024 3294 3177 3367 quasi
3207 3294 3441 3367 quadam

129 3381 213 3439 sic
236 3390 293 3445 et
318 3397 418 3443 nos
446 3381 504 3441 in
530 3383 678 3443 illius
709 3398 879 3441 carne
913 3383 1267 3440 consedimus
1295 3383 1350 3437 iu
1388 3380 1728 3438 calentibus.

127 3474 252 3537 Non
290 3490 427 3549 ergo
451 3476 697 3537 rediuiua
719 3517 733 3543 ,
767 3478 865 3534 sed
895 3478 949 3534 in
975 3476 1197 3533 Christo
1237 3475 1607 3540 consedimus,
1642 3474 1735 3545 qui

129 3571 287 3633 Salus
302 3571 464 3633 sedet
479 3573 547 3631 ad
564 3573 848 3631 dexteram
868 3572 963 3629 Dei
990 3572 1159 3628 Filius
1186 3571 1442 3640 hominis,
1458 3572 1598 3627 sicut
1618 3570 1737 3643 ipse

126 3662 271 3729 dixit
302 3681 317 3723 :
357 3665 558 3727 Ameria
606 3665 843 3725 videbitis
872 3662 1075 3722 Filiam
1110 3665 1336 3720 hominis
1379 3666 1639 3720 ardentem
1666 3662 1737 3718 ad

128 3757 402 3827 deus!“
424 3757 524 3821 Dei
554 3758 775 3832 (lculi.
804 3774 958 3825 xxvi,
980 3757 1099 3831 66).
1130 3758 1191 3813 in
1212 3773 1280 3813 eo
1309 3758 1456 3813 enim
1486 3755 1735 3812 abunda-

127 3857 210 3915 vit
228 3857 406 3930 gratia
446 3858 568 3933 ejus
593 3866 650 3914 et
676 3856 894 3915 bonitas
923 3870 1093 3926 super
1120 3869 1221 3911 nos
1248 3855 1303 3909 in
1333 3852 1557 3910 Christo
1578 3852 1734 3920 κω,

129 3960 194 4019 lit
221 3951 487 4024 oneribus
514 3959 784 4017 mortuos,
813 3965 911 4022 per
934 3950 1098 4007 tidem
1120 3949 1432 4019 redemptos
1455 3987 1471 4016 ,
1501 3947 1740 4003 salvatos

123 4046 336 4121 gratia,
380 4054 548 4111 tanta
593 4050 824 4105 donaret
880 4046 1153 4119 libertatis
1201 4060 1428 4101 munere
1456 4085 1472 4111 ,
1521 4044 1576 4100 in
1627 4058 1740 4115 quo

127 4140 290 4211 velut
309 4140 637 4207 resuscitala
655 4141 822 4198 etiam
840 4140 957 4212 ipsa
972 4149 1189 4205 natura,
1212 4154 1367 4195 novre
1387 4139 1562 4194 sensit
1586 4151 1740 4193 crea-

126 4244 277 4299 tum
298 4234 532 4307 [satiant
553 4250 568 4289 :
591 4243 651 4295 ut
678 4235 735 4293 in
761 4235 916 4292 bonis
945 4234 1208 4305 operibus
1227 4233 1568 4290 ambulemus
1588 4245 1742 4288 crea-

127 4331 171 4395 ti
195 4333 259 4395 ill
282 4331 543 4399 Christe.
566 4332 661 4402 qui
695 4340 828 4389 ante
874 4329 905 4371 δ
937 4330 1189 4387 obnoxiae
1231 4327 1568 4385 luereditatis
1610 4326 1742 4383 vitio

124 4424 622 4497 demererimus.

1835 3384 2100 3442 doctrina:
2144 3386 2539 3443 irrationabilis
2580 3386 2878 3445 turbidiore
2925 3388 2978 3443 in
3034 3389 3288 3462 scopulos
3329 3391 3445 3465 jac-

1840 3470 1984 3537 tetur
2017 3481 2282 3554 procella,
2334 3481 2401 3537 ad
2431 3482 2640 3537 erroris
2681 3479 2921 3537 remedia
2952 3496 3012 3538 se
3036 3483 3328 3541 conferens
3353 3501 3365 3538 :
3395 3495 3451 3540 et

1836 3578 1933 3647 qui
1988 3577 2277 3633 veritatem
2313 3592 2419 3631 nou
2449 3575 2625 3632 solum
2658 3578 2710 3631 in
2752 3591 3010 3633 sermone
3032 3620 3046 3645 ,
3073 3578 3169 3634 sed
3200 3583 3363 3635 etiam
3394 3580 3447 3643 in

1838 3669 2104 3741 operibus
2128 3680 2391 3740 sequatur
2412 3669 2545 3737 suis,
2563 3678 2616 3726 et
2634 3668 3052 3733 aediﬁcationem
3083 3673 3365 3728 charitatis
3392 3673 3445 3728 iu

1839 3780 1898 3820 se
1920 3763 2206 3834 suscipiat;
2227 3773 2286 3820 ut
2304 3765 2358 3819 iu
2378 3765 2586 3820 unitate
2613 3762 2737 3821 fidei
2756 3773 2810 3820 et
2833 3765 3129 3838 agnitionis
3151 3776 3425 3834 occurrat,

1839 3864 1898 3912 et
1913 3856 2067 3928 quasi
2093 3858 2399 3913 membrum
2421 3872 2528 3913 non
2548 3858 2689 3914 desit
2704 3858 2867 3935 capiti
2893 3874 3014 3926 suo,
3035 3859 3086 3914 id
3100 3867 3187 3925 est
3202 3859 3446 3929 Christo,

1839 3949 1935 4021 qui
1962 3960 2045 4006 eat
2074 3961 2237 4029 caput
2269 3951 2539 4017 omnium,
2561 3966 2627 4007 ex
2658 3965 2766 4025 quo
2792 3961 2965 4007 totum
2989 3966 3191 4023 corpus
3209 3952 3449 4010 fidelium

1841 4052 1897 4099 et
1919 4043 2245 4114 sapientium
2280 4060 2376 4115 per
2419 4044 2761 4101 harmoniam
2812 4046 3195 4102 rationabilem
3250 4045 3449 4115 Verbi,

1842 4139 1947 4195 hoc
1968 4147 2054 4193 est
2081 4139 2226 4194 enim
2257 4135 2282 4175 δ
2316 4139 2852 4218 συναρμολογούμενον
2870 4181 2887 4213 ,
2918 4141 3144 4220 ἁρμονίᾳ
3183 4148 3273 4198 τοῦ
3299 4141 3448 4221 λόγον

1840 4229 2098 4304 δεδεμένον
2122 4230 2313 4302 (lbid.,
2349 4231 2462 4301 i6),
2498 4230 2551 4285 id
2573 4239 2677 4298 est,
2709 4229 2994 4286 harmonia
3040 4231 3198 4289 Verbi
3228 4247 3450 4303 compa-

1842 4325 2083 4397 ginatum
2111 4333 2166 4380 et
2195 4331 2544 4395 compactum
2568 4334 2730 4396 atque
2761 4338 3091 4394 eonncxum,
3117 4340 3211 4396 per
3233 4342 3454 4383 onmem

1840 4420 2157 4490 juncturam
2187 4417 2637 4487 ministrationis,
2669 4420 2722 4473 in
2751 4432 3067 4474 mensuram
3101 4419 3452 4492 uniuscujus-

210 4517 273 4585 9.
312 4516 560 4585 Etenim.
590 4516 821 4577 sublatis
848 4516 1157 4575 inimicitiis
1183 4532 1307 4589 quae
1336 4523 1496 4572 erant
1524 4523 1651 4573 ante
1686 4515 1745 4570 in
1847 4528 1952 4585 que
1970 4501 2141 4586 pariis
2164 4522 2519 4585 augmentum
2547 4513 2796 4585 corporis
2838 4512 2967 4570 facit
2991 4554 3007 4581 ,
3042 4516 3094 4571 in
3136 4514 3453 4573 aedificatio-

123 4627 334 4679 carne,
370 4627 473 4684 pax
503 4611 645 4668 facta
676 4620 758 4668 est
787 4611 1167 4667 universitatis
1195 4626 1253 4665 tu
1277 4607 1661 4682 emio(Epltes.
1681 4624 1744 4671 ιι,

1852 4623 1975 4665 nem
2001 4608 2085 4664 sui
2110 4649 2125 4675 ,
2171 4608 2225 4663 in
2256 4609 2559 4675 charitate;
2588 4617 2648 4663 ut
2699 4617 2947 4680 assurgat
2989 4625 3152 4666 unum
3188 4612 3449 4682 templum

124 4706 268 4780 id);
304 4672 589 4771 essent
618 4704 872 4767 homines
898 4704 1043 4763 sicut
1069 4703 1253 4775 angeli
1279 4703 1334 4758 in
1364 4672 1542 4770 terra,
1577 4711 1635 4757 ut
1658 4715 1748 4757 es-
1776 4672 1825 4741 ”
1855 4701 1949 4757 Dei
1981 4704 2034 4756 in
2076 4672 2353 4768 omnibus,
2395 4709 2449 4757 et
2468 4672 2637 4756 unum
2675 4672 2938 4758 domicilii
2966 4703 3211 4767 cmiestis
3243 4672 3454 4760 Ιιςιίιὶιει-

120 4808 263 4869 senl.
291 4811 495 4874 gentes
524 4816 693 4861 unum
718 4808 881 4870 atque
905 4796 1197 4864 Israelita,
1227 4804 1285 4850 ut
1309 4796 1365 4850 in
1388 4793 1609 4851 nomine
1640 4807 1748 4849 uno
1851 4793 2033 4849 cuium
2063 4792 2116 4847 iu
2143 4794 2338 4863 spiritu
2368 4792 2769 4849 unlversormn.

119 4905 181 4959 et
217 4909 413 4957 novus
440 4895 609 4955 homo
649 4905 707 4953 et
736 4901 911 4958 vetus,
939 4890 1159 4946 sublato
1200 4890 1413 4960 pariete
1450 4891 1702 4944 maceria-
1732 4928 1746 4951 ,
1926 4888 2016 4944 15.
2047 4885 2104 4941 In
2136 4900 2245 4957 quo
2281 4902 2392 4941 non
2424 4886 2598 4942 solum
2651 4897 2962 4945 sanctorum
3007 4888 3287 4949 hominum
3315 4930 3329 4954 ,
3356 4889 3453 4946 sed

118 4988 229 5061 qui
292 4996 591 5059 utrumque
635 4985 930 5045 dissidioso
974 4982 1135 5040 obice
1160 4980 1469 5048 dividebat,
1512 4982 1655 5036 inter
1690 4993 1751 5035 se
1853 4981 2095 5035 omnium
2126 4977 2764 5043 crcdentium,omuium
2809 4981 2973 5038 etiam
3004 4983 3345 5052 superiorum
3369 4999 3456 5036 ra-

119 5081 531 5145 «invenirent.
555 5078 690 5139 Nam
716 5092 840 5139 cum
868 5075 1031 5147 hujus
1059 5084 1252 5131 naturo
1295 5074 1502 5141 carnis,
1532 5073 1667 5127 iram
1696 5080 1753 5127 et
1857 5073 2204 5131 tionabilium
2230 5073 2505 5131 Virtutum
2551 5089 2615 5130 ac
2659 5074 3023 5143 Potestatum,
3060 5079 3453 5134 conuexionetn

115 5172 456 5239 discordias
512 5187 578 5231 ac
632 5169 1031 5231 dissensiones-
1061 5168 1450 5230 exeitavisset.
1509 5166 1622 5222 Lex
1648 5180 1750 5221 nos
1858 5168 2007 5235 ﬁdei,
2039 5168 2375 5240 spiritusque
2405 5167 2778 5241 accipiendam
2809 5170 3081 5239 arbitror;
3120 5179 3178 5227 ut
3209 5187 3304 5243 per
3331 5172 3456 5229 itar-

112 5267 532 5331 datnnatortttn
557 5265 829 5331 audisset
859 5261 1118 5328 vinculis,
1141 5259 1395 5317 Christus
1414 5260 1575 5317 Jesus
1606 5260 1753 5315 inso-
1859 5262 2098 5317 muniam
2141 5261 2429 5332 quamdam
2464 5261 2728 5318 virtutum
2759 5278 2823 5318 ac
2854 5263 3304 5332 ministeriorum,
3333 5283 3457 5323 cor-

110 5359 376 5417 ientiam
402 5372 563 5441 atque
595 5357 1067 5430 intemperantiam
1096 5352 1302 5419 carnis,
1330 5350 1752 5415 mortificatioue
1862 5370 1963 5427 pus
2000 5370 2167 5414 unum
2205 5370 2275 5412 ex
2316 5355 2573 5412 omnibus
2620 5354 2960 5412 rationabilis
3004 5365 3215 5413 naturae
3251 5358 3463 5431 8ρίιὶιί-

113 5455 503 5528 compressit,
533 5453 708 5527 legem
746 5449 1127 5518 mandatorum
1154 5449 1207 5505 iu
1245 5447 1481 5505 decretis
1527 5462 1752 5504 evacua-
1862 5449 1964 5506 bus
1992 5448 2273 5505 adhaereat
2311 5448 2478 5520 capiti
2531 5461 2631 5505 suo
2660 5445 2917 5519 Christo,
2974 5447 3049 5511 ita
3088 5448 3463 5515 :ediiicationis

203 5626 235 5659 α
272 5616 444 5677 was.
475 5629 541 5671 ae
577 5629 693 5684 seq.
742 5613 898 5677 edit.,
950 5620 1001 5668 et
1041 5611 1197 5684 morti
1227 5609 1505 5676 obnoxios;
1536 5607 1757 5665 Amerb.
1868 5606 2089 5663 Amerb.
2120 5622 2216 5684 pro
2244 5606 2530 5676 aedificatur
2573 5602 2754 5674 legum
2783 5603 3109 5684 φᾴέιὶσαιαεε
3141 5607 3300 5673 EM-
3329 5624 3462 5671 νθιο

112 5676 463 5757 mitesque
486 5676 719 5750 mss.,'et
1094 5680 1366 5757 funestior.
1868 5687 1925 5737 et
1952 5694 2069 5757 _se_q.
2098 5676 2415 5757 edit.,__opi_is
2444 5684 2720 5757 cresceret,
2738 5676 3085 5757 (adiﬁcantur
3101 5720 3116 5745 ,
3136 5688 3250 5757 etc.

201 5756 234 5796 δ
269 5747 419 5815 Ἀεὶ.
449 5747 679 5828 aliquid,
700 5756 908 5811 obnoxii
929 5756 1225 5828 hereditatis
1244 5754 1368 5828 uitio
1391 5769 1627 5828 eramus;
1649 5766 1717 5828 ml

1923 5747 1967 5828 _d
1996 5750 2155 5806 Rom.
2188 5747 2328 5828 edit.
2358 5748 2696 5828 jugulaverat
2715 5788 2730 5815 ,
2762 5747 2980 5827 ἁρμονίᾳ
3020 5758 3109 5808 τοῦ
3330 5751 3471 5813 δεδι.

112 5825 243 5897 lius
293 5830 493 5885 caeteri
520 5822 624 5892 [et
666 5822 858 5882 omnes
902 5828 1055 5892 ettit.,
1100 5826 1366 5892 9mm,
1406 5835 1538 5889 ele.,
1572 5824 1662 5885 ubi
1710 5829 1766 5883 ei
1871 5826 2031 5897 μένον,
2050 5822 2205 5897 quod
2242 5822 2658 5897 etiam‘abest__a
2705 5822 2837 5897 mss.
2872 5822 2981 5883 non
3017 5822 3223 5897 paucis)
3273 5824 3467 5883 verum

116 5886 475 5971 primigenii
497 5886 698 5965 peccati
716 5886 1057 5964 apertissime
1085 5886 1759 5971 exprimiturpropagatiu.
1871 5886 1993 5950 cum
2018 5886 2265 5971 librariis
2304 5893 2437 5971 satis
2480 5890 2747 5971 latuiiiare
2790 5886 3034 5971 Graecum
3077 5896 3360 5971 emittere,
3390 5898 3471 5953 lo-

212 5978 239 6015 c
280 5960 379 6025 lia
429 5960 560 6022 tuas.
590 5960 787 6035 magno
829 5982 1104 6027 numero:
1156 5960 1661 6035 notuiulli'aut'em,
1712 5974 1767 6022 et
1870 5978 1993 6021 cum
2021 5980 2086 6023 ex
2114 5966 2234 6021 aliis
2249 5964 2544 6036 codicibus,
2560 5972 2616 6022 et
2635 5960 3031 6029 edibduximus
3057 5967 3471 6029 restituendum.
