  <div class='ocr_page' id='page_1' title='image "/cluster/home/n/w/nwhite01/storage/ocr_20150623/16/hvd.32044015471998/635.png"; bbox 0 0 3932 6296; ppageno 0'>
   <div class='ocr_carea' id='block_1_1' title="bbox 492 365 628 425">
    <p class='ocr_par' dir='ltr' id='par_1_1' title="bbox 492 365 628 425">
     <span class='ocr_line' id='line_1_1' title="bbox 492 365 628 425; baseline -0.022 0"><span class='ocrx_word' id='word_1_1' title='bbox 492 365 628 425; x_wconf 76' lang='lat' dir='ltr'><strong>I265</strong></span> 
     </span>
    </p>
   </div>
   <div class='ocr_carea' id='block_1_2' title="bbox 1871 330 2477 396">
    <p class='ocr_par' dir='ltr' id='par_1_2' title="bbox 1871 330 2477 396">
     <span class='ocr_line' id='line_1_2' title="bbox 1871 330 2477 396; baseline -0.018 0"><span class='ocrx_word' id='word_1_2' title='bbox 1871 334 2114 396; x_wconf 79' lang='lat' dir='ltr'><strong>SANCTI</strong></span> <span class='ocrx_word' id='word_1_3' title='bbox 2153 330 2477 392; x_wconf 72' lang='lat' dir='ltr'><strong>AMBROSII</strong></span> 
     </span>
    </p>
   </div>
   <div class='ocr_carea' id='block_1_3' title="bbox 3659 321 3752 382">
    <p class='ocr_par' dir='ltr' id='par_1_3' title="bbox 3659 321 3752 382">
     <span class='ocr_line' id='line_1_3' title="bbox 3659 321 3752 382; baseline 0.032 -3"><span class='ocrx_word' id='word_1_4' title='bbox 3659 321 3752 382; x_wconf 57' lang='grc' dir='ltr'><strong>Μ</strong></span> 
     </span>
    </p>
   </div>
   <div class='ocr_carea' id='block_1_4' title="bbox 488 436 3754 550">
    <p class='ocr_par' dir='ltr' id='par_1_4' title="bbox 488 436 3754 550">
     <span class='ocr_line' id='line_1_4' title="bbox 488 436 3754 550; baseline -0.014 -13"><span class='ocrx_word' id='word_1_5' title='bbox 488 490 755 550; x_wconf 78' lang='lat' dir='ltr'><strong>compage</strong></span> <span class='ocrx_word' id='word_1_6' title='bbox 776 482 1046 536; x_wconf 78' lang='lat' dir='ltr'><strong>connexa,</strong></span> <span class='ocrx_word' id='word_1_7' title='bbox 1088 474 1146 522; x_wconf 92' lang='lat' dir='ltr'><strong>ut</strong></span> <span class='ocrx_word' id='word_1_8' title='bbox 1177 479 1247 521; x_wconf 93' lang='lat' dir='ltr'><strong>ne</strong></span> <span class='ocrx_word' id='word_1_9' title='bbox 1277 470 1422 519; x_wconf 84' lang='lat' dir='ltr'><strong>tactu</strong></span> <span class='ocrx_word' id='word_1_10' title='bbox 1452 458 1671 533; x_wconf 86' lang='lat' dir='ltr'><strong>quidem</strong></span> <span class='ocrx_word' id='word_1_11' title='bbox 1697 456 1955 528; x_wconf 76' lang='lat' dir='ltr'><strong>iunctura</strong></span> <span class='ocrx_word' id='word_1_12' title='bbox 1977 453 2089 509; x_wconf 89' lang='lat' dir='ltr'><strong>sin—</strong></span> <span class='ocrx_word' id='word_1_13' title='bbox 2115 454 2167 516; x_wconf 73' lang='grc' dir='ltr'>Α</span> <span class='ocrx_word' id='word_1_14' title='bbox 2194 446 2324 503; x_wconf 89' lang='lat' dir='ltr'><strong>ﬁant</strong></span> <span class='ocrx_word' id='word_1_15' title='bbox 2339 446 2464 518; x_wconf 88' lang='lat' dir='ltr'><strong>jura</strong></span> <span class='ocrx_word' id='word_1_16' title='bbox 2490 444 2737 515; x_wconf 87' lang='lat' dir='ltr'><strong>pietatis;</strong></span> <span class='ocrx_word' id='word_1_17' title='bbox 2762 442 2885 514; x_wconf 86' lang='lat' dir='ltr'><strong>quia</strong></span> <span class='ocrx_word' id='word_1_18' title='bbox 2913 441 3022 499; x_wconf 85' lang='lat' dir='ltr'><strong>hoc</strong></span> <span class='ocrx_word' id='word_1_19' title='bbox 3042 453 3286 514; x_wconf 88' lang='lat' dir='ltr'><strong>quoque</strong></span> <span class='ocrx_word' id='word_1_20' title='bbox 3312 437 3437 512; x_wconf 88' lang='lat' dir='ltr'><strong>plus</strong></span> <span class='ocrx_word' id='word_1_21' title='bbox 3454 436 3673 550; x_wconf 61' lang='lat' dir='ltr'><strong>defertur</strong></span> <span class='ocrx_word' id='word_1_22' title='bbox 3690 454 3754 509; x_wconf 61' lang='lat' dir='ltr'><strong>pa.</strong></span> 
     </span>
    </p>
   </div>
   <div class='ocr_carea' id='block_1_5' title="bbox 490 548 2091 645">
    <p class='ocr_par' dir='ltr' id='par_1_5' title="bbox 490 548 2091 645">
     <span class='ocr_line' id='line_1_5' title="bbox 490 548 2091 645; baseline -0.017 -16"><span class='ocrx_word' id='word_1_23' title='bbox 490 548 743 645; x_wconf 83' lang='lat' dir='ltr'><strong>gulorum</strong></span> <span class='ocrx_word' id='word_1_24' title='bbox 774 563 1175 621; x_wconf 69' lang='lat' dir='ltr'><strong>adhaerentium</strong></span> <span class='ocrx_word' id='word_1_25' title='bbox 1203 558 1519 627; x_wconf 84' lang='lat' dir='ltr'><strong>discrepare</strong></span> <span class='ocrx_word' id='word_1_26' title='bbox 1544 551 1815 609; x_wconf 91' lang='lat' dir='ltr'><strong>videatur.</strong></span> <span class='ocrx_word' id='word_1_27' title='bbox 1868 548 1981 605; x_wconf 92' lang='lat' dir='ltr'><strong>Iloc</strong></span> <span class='ocrx_word' id='word_1_28' title='bbox 2006 555 2091 603; x_wconf 90' lang='lat' dir='ltr'><strong>est</strong></span> 
     </span>
    </p>
   </div>
   <div class='ocr_carea' id='block_1_6' title="bbox 490 638 2089 733">
    <p class='ocr_par' dir='ltr' id='par_1_6' title="bbox 490 638 2089 733">
     <span class='ocr_line' id='line_1_6' title="bbox 490 638 2089 733; baseline -0.016 -10"><span class='ocrx_word' id='word_1_29' title='bbox 490 638 635 724; x_wconf 56' lang='lat' dir='ltr'><strong>cnim</strong></span> <span class='ocrx_word' id='word_1_30' title='bbox 666 673 689 700; x_wconf 82' lang='grc'>⁰</span> <span class='ocrx_word' id='word_1_31' title='bbox 718 659 862 732; x_wconf 92' lang='lat' dir='ltr'><strong>quod</strong></span> <span class='ocrx_word' id='word_1_32' title='bbox 909 659 1036 733; x_wconf 77' lang='grc' dir='ltr'><strong>ἁφήν</strong></span> <span class='ocrx_word' id='word_1_33' title='bbox 1085 653 1221 711; x_wconf 76' lang='lat' dir='ltr'><strong>dixit</strong></span> <span class='ocrx_word' id='word_1_34' title='bbox 1253 650 1510 715; x_wconf 72' lang='lat' dir='ltr'><strong>Grmcus,</strong></span> <span class='ocrx_word' id='word_1_35' title='bbox 1541 655 1633 708; x_wconf 78' lang='grc' dir='ltr'><strong>τῆς</strong></span> <span class='ocrx_word' id='word_1_36' title='bbox 1686 645 1939 722; x_wconf 65' lang='grc' dir='ltr'><strong>χορηγίας</strong></span> <span class='ocrx_word' id='word_1_37' title='bbox 1978 638 2089 697; x_wconf 82' lang='grc' dir='ltr'><strong>κατ’</strong></span> 
     </span>
    </p>
   </div>
   <div class='ocr_carea' id='block_1_7' title="bbox 491 740 2092 837">
    <p class='ocr_par' dir='ltr' id='par_1_7' title="bbox 491 740 2092 837">
     <span class='ocr_line' id='line_1_7' title="bbox 491 740 2092 837; baseline -0.018 -20"><span class='ocrx_word' id='word_1_38' title='bbox 491 761 740 837; x_wconf 71' lang='grc' dir='ltr'><strong>ἐνέργειαν</strong></span> <span class='ocrx_word' id='word_1_39' title='bbox 767 757 818 810; x_wconf 76' lang='grc' dir='ltr'><strong><em>ἕν</em></strong></span> <span class='ocrx_word' id='word_1_40' title='bbox 862 756 1035 830; x_wconf 77' lang='grc' dir='ltr'><strong>μέτρῳ</strong></span> <span class='ocrx_word' id='word_1_41' title='bbox 1060 767 1075 806; x_wconf 86' lang='lat'><strong>:</strong></span> <span class='ocrx_word' id='word_1_42' title='bbox 1101 746 1245 821; x_wconf 93' lang='lat' dir='ltr'><strong>quod</strong></span> <span class='ocrx_word' id='word_1_43' title='bbox 1289 758 1398 800; x_wconf 93' lang='lat' dir='ltr'><strong>non</strong></span> <span class='ocrx_word' id='word_1_44' title='bbox 1436 740 1663 798; x_wconf 86' lang='lat' dir='ltr'><strong>difficile</strong></span> <span class='ocrx_word' id='word_1_45' title='bbox 1694 740 1800 837; x_wconf 82' lang='lat' dir='ltr'><strong>erit</strong></span> <span class='ocrx_word' id='word_1_46' title='bbox 1827 743 1977 792; x_wconf 91' lang='lat' dir='ltr'><strong>tanto</strong></span> <span class='ocrx_word' id='word_1_47' title='bbox 2003 748 2092 837; x_wconf 74' lang='lat' dir='ltr'><strong>ar-</strong></span> 
     </span>
    </p>
   </div>
   <div class='ocr_carea' id='block_1_8' title="bbox 492 824 2092 908">
    <p class='ocr_par' dir='ltr' id='par_1_8' title="bbox 492 824 2092 908">
     <span class='ocr_line' id='line_1_8' title="bbox 492 824 2092 908; baseline -0.018 0"><span class='ocrx_word' id='word_1_48' title='bbox 492 824 730 908; x_wconf 75' lang='lat' dir='ltr'><strong>chitecto</strong></span> <span class='ocrx_word' id='word_1_49' title='bbox 782 824 1082 902; x_wconf 81' lang='lat' dir='ltr'><strong>secundum</strong></span> <span class='ocrx_word' id='word_1_50' title='bbox 1123 851 1435 896; x_wconf 85' lang='lat' dir='ltr'><strong>mensuram</strong></span> <span class='ocrx_word' id='word_1_51' title='bbox 1469 830 1900 901; x_wconf 84' lang='lat' dir='ltr'><strong>uniuscujusque</strong></span> <span class='ocrx_word' id='word_1_52' title='bbox 1929 824 2092 883; x_wconf 90' lang='lat' dir='ltr'><strong>meri-</strong></span> 
     </span>
    </p>
   </div>
   <div class='ocr_carea' id='block_1_9' title="bbox 495 926 2091 1000">
    <p class='ocr_par' dir='ltr' id='par_1_9' title="bbox 495 926 2091 1000">
     <span class='ocr_line' id='line_1_9' title="bbox 495 926 2091 1000; baseline -0.018 0"><span class='ocrx_word' id='word_1_53' title='bbox 495 954 676 1000; x_wconf 92' lang='lat' dir='ltr'><strong>torum</strong></span> <span class='ocrx_word' id='word_1_54' title='bbox 719 954 783 995; x_wconf 88' lang='lat' dir='ltr'><strong>ac</strong></span> <span class='ocrx_word' id='word_1_55' title='bbox 832 936 958 993; x_wconf 88' lang='lat' dir='ltr'><strong>fidei</strong></span> <span class='ocrx_word' id='word_1_56' title='bbox 984 933 1401 992; x_wconf 76' lang='lat' dir='ltr'><strong>convenientem</strong></span> <span class='ocrx_word' id='word_1_57' title='bbox 1434 926 1543 984; x_wconf 83' lang='lat' dir='ltr'><strong>sibi</strong></span> <span class='ocrx_word' id='word_1_58' title='bbox 1572 930 1935 985; x_wconf 86' lang='lat' dir='ltr'><strong>connectere;</strong></span> <span class='ocrx_word' id='word_1_59' title='bbox 1966 931 2091 974; x_wconf 91' lang='lat' dir='ltr'><strong>cum</strong></span> 
     </span>
    </p>
   </div>
   <div class='ocr_carea' id='block_1_10' title="bbox 494 1015 2090 1094">
    <p class='ocr_par' dir='ltr' id='par_1_10' title="bbox 494 1015 2090 1094">
     <span class='ocr_line' id='line_1_10' title="bbox 494 1015 2090 1094; baseline -0.016 0"><span class='ocrx_word' id='word_1_60' title='bbox 494 1035 783 1094; x_wconf 62' lang='lat' dir='ltr'><strong>aediﬁcatio</strong></span> <span class='ocrx_word' id='word_1_61' title='bbox 810 1029 1144 1090; x_wconf 77' lang='lat' dir='ltr'><strong>cliaritatish</strong></span> <span class='ocrx_word' id='word_1_62' title='bbox 1193 1028 1389 1084; x_wconf 88' lang='lat' dir='ltr'><strong>rimam</strong></span> <span class='ocrx_word' id='word_1_63' title='bbox 1434 1021 1756 1081; x_wconf 87' lang='lat' dir='ltr'><strong>oﬁ&#39;ensionis</strong></span> <span class='ocrx_word' id='word_1_64' title='bbox 1811 1015 2090 1083; x_wconf 90' lang='lat' dir='ltr'><strong>excludat,</strong></span> 
     </span>
    </p>
   </div>
   <div class='ocr_carea' id='block_1_11' title="bbox 493 1110 2093 1202">
    <p class='ocr_par' dir='ltr' id='par_1_11' title="bbox 493 1110 2093 1202">
     <span class='ocr_line' id='line_1_11' title="bbox 493 1110 2093 1202; baseline -0.014 -15"><span class='ocrx_word' id='word_1_65' title='bbox 493 1140 659 1202; x_wconf 89' lang='lat' dir='ltr'><strong>atque</strong></span> <span class='ocrx_word' id='word_1_66' title='bbox 683 1128 953 1185; x_wconf 91' lang='lat' dir='ltr'><strong>obstruat.</strong></span> <span class='ocrx_word' id='word_1_67' title='bbox 983 1123 1104 1181; x_wconf 86' lang='lat' dir='ltr'><strong>Non</strong></span> <span class='ocrx_word' id='word_1_68' title='bbox 1128 1129 1213 1180; x_wconf 89' lang='lat' dir='ltr'><strong>est</strong></span> <span class='ocrx_word' id='word_1_69' title='bbox 1237 1134 1368 1192; x_wconf 85' lang='lat' dir='ltr'><strong>ergo</strong></span> <span class='ocrx_word' id='word_1_70' title='bbox 1397 1115 1757 1175; x_wconf 87' lang='lat' dir='ltr'><strong>dubitandum</strong></span> <span class='ocrx_word' id='word_1_71' title='bbox 1785 1110 2093 1170; x_wconf 77' lang='lat' dir='ltr'><strong>ccelestium</strong></span> 
     </span>
    </p>
   </div>
   <div class='ocr_carea' id='block_1_12' title="bbox 495 1202 2089 1296">
    <p class='ocr_par' dir='ltr' id='par_1_12' title="bbox 495 1202 2089 1296">
     <span class='ocr_line' id='line_1_12' title="bbox 495 1202 2089 1296; baseline -0.014 -15"><span class='ocrx_word' id='word_1_72' title='bbox 495 1230 828 1296; x_wconf 77' lang='lat' dir='ltr'><strong>potestatum</strong></span> <span class='ocrx_word' id='word_1_73' title='bbox 859 1219 1148 1276; x_wconf 69' lang='lat' dir='ltr'><strong>adbmsura</strong></span> <span class='ocrx_word' id='word_1_74' title='bbox 1179 1216 1246 1272; x_wconf 87' lang='lat' dir='ltr'><strong>ad</strong></span> <span class='ocrx_word' id='word_1_75' title='bbox 1276 1216 1382 1270; x_wconf 86' lang='lat' dir='ltr'><strong>hoc</strong></span> <span class='ocrx_word' id='word_1_76' title='bbox 1412 1210 1673 1282; x_wconf 87' lang='lat' dir='ltr'><strong>templum</strong></span> <span class='ocrx_word' id='word_1_77' title='bbox 1705 1202 2089 1265; x_wconf 67' lang='lat' dir='ltr'><strong>aediﬁcandum</strong></span> 
     </span>
    </p>
   </div>
   <div class='ocr_carea' id='block_1_13' title="bbox 492 1299 2091 1386">
    <p class='ocr_par' dir='ltr' id='par_1_13' title="bbox 492 1299 2091 1386">
     <span class='ocr_line' id='line_1_13' title="bbox 492 1299 2091 1386; baseline -0.015 -11"><span class='ocrx_word' id='word_1_78' title='bbox 492 1317 806 1383; x_wconf 87' lang='lat' dir='ltr'><strong>consortia;</strong></span> <span class='ocrx_word' id='word_1_79' title='bbox 831 1316 1191 1386; x_wconf 82' lang='lat' dir='ltr'><strong>incongruum</strong></span> <span class='ocrx_word' id='word_1_80' title='bbox 1223 1308 1421 1383; x_wconf 79' lang='lat' dir='ltr'><strong>quippe</strong></span> <span class='ocrx_word' id='word_1_81' title='bbox 1451 1304 1686 1375; x_wconf 76' lang='lat' dir='ltr'><strong>intelligi</strong></span> <span class='ocrx_word' id='word_1_82' title='bbox 1718 1299 1865 1374; x_wconf 90' lang='lat' dir='ltr'><strong>quod</strong></span> <span class='ocrx_word' id='word_1_83' title='bbox 1896 1299 1969 1355; x_wconf 89' lang='lat' dir='ltr'><strong>ita</strong></span> <span class='ocrx_word' id='word_1_84' title='bbox 2000 1313 2091 1352; x_wconf 89' lang='lat' dir='ltr'><strong>as-</strong></span> 
     </span>
    </p>
   </div>
   <div class='ocr_carea' id='block_1_14' title="bbox 493 1388 2089 1482">
    <p class='ocr_par' dir='ltr' id='par_1_14' title="bbox 493 1388 2089 1482">
     <span class='ocr_line' id='line_1_14' title="bbox 493 1388 2089 1482; baseline -0.016 -14"><span class='ocrx_word' id='word_1_85' title='bbox 493 1417 685 1482; x_wconf 78' lang='lat' dir='ltr'><strong>surgat</strong></span> <span class='ocrx_word' id='word_1_86' title='bbox 709 1408 962 1464; x_wconf 79' lang='lat' dir='ltr'><strong>humana:</strong></span> <span class='ocrx_word' id='word_1_87' title='bbox 992 1403 1275 1462; x_wconf 89' lang='lat' dir='ltr'><strong>charitatis</strong></span> <span class='ocrx_word' id='word_1_88' title='bbox 1300 1397 1655 1457; x_wconf 70' lang='lat' dir='ltr'><strong>mdiﬁcatloin</strong></span> <span class='ocrx_word' id='word_1_89' title='bbox 1686 1392 1948 1464; x_wconf 86' lang='lat' dir='ltr'><strong>templum</strong></span> <span class='ocrx_word' id='word_1_90' title='bbox 1974 1388 2089 1456; x_wconf 85' lang='lat' dir='ltr'><strong>Dei,</strong></span> 
     </span>
    </p>
   </div>
   <div class='ocr_carea' id='block_1_15' title="bbox 497 1483 2092 1560">
    <p class='ocr_par' dir='ltr' id='par_1_15' title="bbox 497 1483 2092 1560">
     <span class='ocr_line' id='line_1_15' title="bbox 497 1483 2092 1560; baseline -0.015 0"><span class='ocrx_word' id='word_1_91' title='bbox 497 1514 556 1560; x_wconf 91' lang='lat' dir='ltr'><strong>ut</strong></span> <span class='ocrx_word' id='word_1_92' title='bbox 581 1504 676 1558; x_wconf 88' lang='lat' dir='ltr'><strong>ﬁat</strong></span> <span class='ocrx_word' id='word_1_93' title='bbox 704 1503 756 1556; x_wconf 94' lang='lat' dir='ltr'><strong>in</strong></span> <span class='ocrx_word' id='word_1_94' title='bbox 800 1500 960 1556; x_wconf 87' lang='lat' dir='ltr'><strong>nobis</strong></span> <span class='ocrx_word' id='word_1_95' title='bbox 1003 1496 1270 1553; x_wconf 88' lang='lat' dir='ltr'><strong>habitatio</strong></span> <span class='ocrx_word' id='word_1_96' title='bbox 1310 1494 1403 1548; x_wconf 91' lang='lat' dir='ltr'><strong>Dei</strong></span> <span class='ocrx_word' id='word_1_97' title='bbox 1432 1493 1487 1547; x_wconf 92' lang='lat' dir='ltr'><strong>in</strong></span> <span class='ocrx_word' id='word_1_98' title='bbox 1517 1488 1736 1560; x_wconf 85' lang='lat' dir='ltr'><strong>spiritu,</strong></span> <span class='ocrx_word' id='word_1_99' title='bbox 1766 1500 1872 1542; x_wconf 90' lang='lat' dir='ltr'><strong>non</strong></span> <span class='ocrx_word' id='word_1_100' title='bbox 1896 1483 1969 1539; x_wconf 87' lang='lat' dir='ltr'><strong>sit</strong></span> <span class='ocrx_word' id='word_1_101' title='bbox 1996 1496 2092 1537; x_wconf 85' lang='lat' dir='ltr'><strong>au—</strong></span> 
     </span>
    </p>
   </div>
   <div class='ocr_carea' id='block_1_16' title="bbox 500 1585 1489 1660">
    <p class='ocr_par' dir='ltr' id='par_1_16' title="bbox 500 1585 1489 1660">
     <span class='ocr_line' id='line_1_16' title="bbox 500 1585 1489 1660; baseline -0.014 -7"><span class='ocrx_word' id='word_1_102' title='bbox 500 1606 611 1654; x_wconf 91' lang='lat' dir='ltr'><strong>tem</strong></span> <span class='ocrx_word' id='word_1_103' title='bbox 651 1599 705 1650; x_wconf 91' lang='lat' dir='ltr'><strong>in</strong></span> <span class='ocrx_word' id='word_1_104' title='bbox 755 1591 1075 1650; x_wconf 66' lang='lat' dir='ltr'><strong>caelestibus</strong></span> <span class='ocrx_word' id='word_1_105' title='bbox 1106 1585 1489 1660; x_wconf 86' lang='lat' dir='ltr'><strong>potestatibus.</strong></span> 
     </span>
    </p>
   </div>
   <div class='ocr_carea' id='block_1_17' title="bbox 572 1666 2093 1758">
    <p class='ocr_par' dir='ltr' id='par_1_17' title="bbox 572 1666 2093 1758">
     <span class='ocr_line' id='line_1_17' title="bbox 572 1666 2093 1758; baseline -0.014 -14"><span class='ocrx_word' id='word_1_106' title='bbox 572 1689 659 1744; x_wconf 71' lang='lat' dir='ltr'><strong>l-i.</strong></span> <span class='ocrx_word' id='word_1_107' title='bbox 687 1686 857 1758; x_wconf 85' lang='lat' dir='ltr'><strong>Cujus</strong></span> <span class='ocrx_word' id='word_1_108' title='bbox 894 1684 972 1740; x_wconf 90' lang='lat' dir='ltr'><strong>rei</strong></span> <span class='ocrx_word' id='word_1_109' title='bbox 1003 1682 1175 1755; x_wconf 87' lang='lat' dir='ltr'><strong>gratia</strong></span> <span class='ocrx_word' id='word_1_110' title='bbox 1199 1722 1214 1748; x_wconf 95' lang='lat'><strong>,</strong></span> <span class='ocrx_word' id='word_1_111' title='bbox 1247 1688 1309 1735; x_wconf 90' lang='lat' dir='ltr'><strong>ut</strong></span> <span class='ocrx_word' id='word_1_112' title='bbox 1335 1675 1605 1734; x_wconf 86' lang='lat' dir='ltr'><strong>maturius</strong></span> <span class='ocrx_word' id='word_1_113' title='bbox 1626 1672 1682 1728; x_wconf 88' lang='lat' dir='ltr'><strong>in</strong></span> <span class='ocrx_word' id='word_1_114' title='bbox 1715 1670 1877 1727; x_wconf 84' lang='lat' dir='ltr'><strong>nobis</strong></span> <span class='ocrx_word' id='word_1_115' title='bbox 1913 1666 2093 1725; x_wconf 64' lang='lat' dir='ltr'><strong>{edifi-</strong></span> 
     </span>
    </p>
   </div>
   <div class='ocr_carea' id='block_1_18' title="bbox 494 1760 2097 1852">
    <p class='ocr_par' dir='ltr' id='par_1_18' title="bbox 494 1760 2097 1852">
     <span class='ocr_line' id='line_1_18' title="bbox 494 1760 2097 1852; baseline -0.016 -11"><span class='ocrx_word' id='word_1_116' title='bbox 494 1784 639 1841; x_wconf 81' lang='lat' dir='ltr'><strong>cntio</strong></span> <span class='ocrx_word' id='word_1_117' title='bbox 669 1779 983 1852; x_wconf 86' lang='lat' dir='ltr'><strong>bnjusmodi</strong></span> <span class='ocrx_word' id='word_1_118' title='bbox 1011 1774 1353 1848; x_wconf 84' lang='lat' dir='ltr'><strong>procederet,</strong></span> <span class='ocrx_word' id='word_1_119' title='bbox 1386 1772 1638 1827; x_wconf 85' lang='lat' dir='ltr'><strong>hortatur</strong></span> <span class='ocrx_word' id='word_1_120' title='bbox 1669 1780 1772 1821; x_wconf 91' lang='lat' dir='ltr'><strong>nos</strong></span> <span class='ocrx_word' id='word_1_121' title='bbox 1799 1760 2097 1834; x_wconf 80' lang='lat' dir='ltr'><strong>Apostolus</strong></span> 
     </span>
    </p>
   </div>
   <div class='ocr_carea' id='block_1_19' title="bbox 2193 531 3756 610">
    <p class='ocr_par' dir='ltr' id='par_1_19' title="bbox 2193 531 3756 610">
     <span class='ocr_line' id='line_1_19' title="bbox 2193 531 3756 610; baseline -0.007 -11"><span class='ocrx_word' id='word_1_122' title='bbox 2193 542 2465 608; x_wconf 87' lang='lat' dir='ltr'><strong>rentibus,</strong></span> <span class='ocrx_word' id='word_1_123' title='bbox 2490 554 2558 597; x_wconf 93' lang='lat' dir='ltr'><strong>ne</strong></span> <span class='ocrx_word' id='word_1_124' title='bbox 2583 539 2713 595; x_wconf 57' lang='lat' dir='ltr'><strong>lusa</strong></span> <span class='ocrx_word' id='word_1_125' title='bbox 2736 537 2911 610; x_wconf 89' lang='lat' dir='ltr'><strong>pietas</strong></span> <span class='ocrx_word' id='word_1_126' title='bbox 2940 537 3122 609; x_wconf 84' lang='lat' dir='ltr'><strong>patris</strong></span> <span class='ocrx_word' id='word_1_127' title='bbox 3151 535 3463 592; x_wconf 84' lang='lat' dir='ltr'><strong>ulciscatur</strong></span> <span class='ocrx_word' id='word_1_128' title='bbox 3488 548 3547 589; x_wconf 86' lang='lat' dir='ltr'><strong>se</strong></span> <span class='ocrx_word' id='word_1_129' title='bbox 3572 531 3596 570; x_wconf 73' lang='grc' dir='ltr'><strong><em>ἀ</em></strong></span> <span class='ocrx_word' id='word_1_130' title='bbox 3620 533 3756 589; x_wconf 73' lang='lat' dir='ltr'><strong>exha-</strong></span> 
     </span>
    </p>
   </div>
   <div class='ocr_carea' id='block_1_20' title="bbox 2193 626 3756 701">
    <p class='ocr_par' dir='ltr' id='par_1_20' title="bbox 2193 626 3756 701">
     <span class='ocr_line' id='line_1_20' title="bbox 2193 626 3756 701; baseline -0.006 -9"><span class='ocrx_word' id='word_1_131' title='bbox 2193 636 2496 701; x_wconf 89' lang='lat' dir='ltr'><strong>rcdatione,</strong></span> <span class='ocrx_word' id='word_1_132' title='bbox 2526 632 2615 690; x_wconf 86' lang='lat' dir='ltr'><strong>vel</strong></span> <span class='ocrx_word' id='word_1_133' title='bbox 2638 630 2991 688; x_wconf 86' lang='lat' dir='ltr'><strong>abdicatione</strong></span> <span class='ocrx_word' id='word_1_134' title='bbox 3016 628 3387 686; x_wconf 85' lang='lat' dir='ltr'><strong>contumacis</strong></span> <span class='ocrx_word' id='word_1_135' title='bbox 3416 626 3756 699; x_wconf 79' lang='lat' dir='ltr'><strong>pignoriszni</strong></span> 
     </span>
    </p>
   </div>
   <div class='ocr_carea' id='block_1_21' title="bbox 2193 719 3756 798">
    <p class='ocr_par' dir='ltr' id='par_1_21' title="bbox 2193 719 3756 798">
     <span class='ocr_line' id='line_1_21' title="bbox 2193 719 3756 798; baseline -0.007 -13"><span class='ocrx_word' id='word_1_136' title='bbox 2193 729 2302 785; x_wconf 88' lang='lat' dir='ltr'><strong>rari</strong></span> <span class='ocrx_word' id='word_1_137' title='bbox 2334 727 2579 798; x_wconf 89' lang='lat' dir='ltr'><strong>profecto</strong></span> <span class='ocrx_word' id='word_1_138' title='bbox 2624 725 2848 783; x_wconf 86' lang='lat' dir='ltr'><strong>desines</strong></span> <span class='ocrx_word' id='word_1_139' title='bbox 2887 739 3013 796; x_wconf 68' lang='lat' dir='ltr'><strong>quae</strong></span> <span class='ocrx_word' id='word_1_140' title='bbox 3048 723 3126 779; x_wconf 90' lang='lat' dir='ltr'><strong>sit</strong></span> <span class='ocrx_word' id='word_1_141' title='bbox 3162 730 3323 778; x_wconf 85' lang='lat' dir='ltr'><strong>tanta</strong></span> <span class='ocrx_word' id='word_1_142' title='bbox 3349 719 3554 777; x_wconf 65' lang='lat' dir='ltr'><strong>divine</strong></span> <span class='ocrx_word' id='word_1_143' title='bbox 3581 719 3756 775; x_wconf 67' lang='lat' dir='ltr'><strong>haretli-</strong></span> 
     </span>
    </p>
   </div>
   <div class='ocr_carea' id='block_1_22' title="bbox 2193 818 2681 892">
    <p class='ocr_par' dir='ltr' id='par_1_22' title="bbox 2193 818 2681 892">
     <span class='ocr_line' id='line_1_22' title="bbox 2193 818 2681 892; baseline -0.004 -15"><span class='ocrx_word' id='word_1_144' title='bbox 2193 820 2325 878; x_wconf 86' lang='lat' dir='ltr'><strong>tatis</strong></span> <span class='ocrx_word' id='word_1_145' title='bbox 2349 818 2681 892; x_wconf 78' lang='lat' dir='ltr'><strong>appetentis.</strong></span> 
     </span>
    </p>
   </div>
   <div class='ocr_carea' id='block_1_23' title="bbox 2264 908 3761 985">
    <p class='ocr_par' dir='ltr' id='par_1_23' title="bbox 2264 908 3761 985">
     <span class='ocr_line' id='line_1_23' title="bbox 2264 908 3761 985; baseline -0.005 -14"><span class='ocrx_word' id='word_1_146' title='bbox 2264 915 2321 971; x_wconf 96' lang='lat'><strong>2.</strong></span> <span class='ocrx_word' id='word_1_147' title='bbox 2348 915 2446 971; x_wconf 87' lang='lat' dir='ltr'><strong>Est</strong></span> <span class='ocrx_word' id='word_1_148' title='bbox 2470 923 2652 971; x_wconf 84' lang='lat' dir='ltr'><strong>autem</strong></span> <span class='ocrx_word' id='word_1_149' title='bbox 2680 911 2973 971; x_wconf 76' lang='lat' dir='ltr'><strong>btereditas</strong></span> <span class='ocrx_word' id='word_1_150' title='bbox 3012 911 3311 985; x_wconf 87' lang='lat' dir='ltr'><strong>proposita</strong></span> <span class='ocrx_word' id='word_1_151' title='bbox 3350 908 3659 968; x_wconf 86' lang='lat' dir='ltr'><strong>cbristianis</strong></span> <span class='ocrx_word' id='word_1_152' title='bbox 3678 923 3761 964; x_wconf 76' lang='lat' dir='ltr'><strong>om-</strong></span> 
     </span>
    </p>
   </div>
   <div class='ocr_carea' id='block_1_24' title="bbox 2196 1002 3873 1077">
    <p class='ocr_par' dir='ltr' id='par_1_24' title="bbox 2196 1002 3873 1077">
     <span class='ocr_line' id='line_1_24' title="bbox 2196 1002 3873 1077; baseline -0.008 -8"><span class='ocrx_word' id='word_1_153' title='bbox 2196 1011 2386 1077; x_wconf 85' lang='lat' dir='ltr'><strong>nibus;</strong></span> <span class='ocrx_word' id='word_1_154' title='bbox 2408 1010 2489 1067; x_wconf 90' lang='lat' dir='ltr'><strong>sic</strong></span> <span class='ocrx_word' id='word_1_155' title='bbox 2512 1008 2660 1066; x_wconf 91' lang='lat' dir='ltr'><strong>enim</strong></span> <span class='ocrx_word' id='word_1_156' title='bbox 2673 1008 2805 1066; x_wconf 91' lang='lat' dir='ltr'><strong>dicit</strong></span> <span class='ocrx_word' id='word_1_157' title='bbox 2816 1008 3009 1064; x_wconf 83' lang='lat' dir='ltr'><strong>Esaias</strong></span> <span class='ocrx_word' id='word_1_158' title='bbox 3027 1025 3041 1061; x_wconf 91' lang='lat'>:</span> <span class='ocrx_word' id='word_1_159' title='bbox 3065 1005 3167 1062; x_wconf 89' lang='lat' dir='ltr'><strong>Est</strong></span> <span class='ocrx_word' id='word_1_160' title='bbox 3178 1005 3484 1063; x_wconf 68' lang='lat' dir='ltr'><strong>haereditas</strong></span> <span class='ocrx_word' id='word_1_161' title='bbox 3496 1002 3763 1059; x_wconf 67' lang='lat' dir='ltr'><strong>credentibus</strong></span> <span class='ocrx_word' id='word_1_162' title='bbox 3872 1024 3873 1033; x_wconf 57' lang='grc' dir='ltr'><strong>ι</strong></span> 
     </span>
    </p>
   </div>
   <div class='ocr_carea' id='block_1_25' title="bbox 2194 1100 3873 1175">
    <p class='ocr_par' dir='ltr' id='par_1_25' title="bbox 2194 1100 3873 1175">
     <span class='ocr_line' id='line_1_25' title="bbox 2194 1100 3873 1175; baseline -0.005 -16"><span class='ocrx_word' id='word_1_163' title='bbox 2194 1105 2251 1159; x_wconf 87' lang='lat' dir='ltr'><strong>in</strong></span> <span class='ocrx_word' id='word_1_164' title='bbox 2281 1103 2506 1159; x_wconf 83' lang='lat' dir='ltr'><strong>Domino</strong></span> <span class='ocrx_word' id='word_1_165' title='bbox 2540 1101 2713 1175; x_wconf 84' lang='lat' dir='ltr'><strong>(Esai.</strong></span> <span class='ocrx_word' id='word_1_166' title='bbox 2745 1117 2857 1167; x_wconf 79' lang='grc' dir='ltr'>ιιν,</span> <span class='ocrx_word' id='word_1_167' title='bbox 2891 1100 2985 1174; x_wconf 78' lang='grc'><strong>17)</strong></span> <span class='ocrx_word' id='word_1_168' title='bbox 3013 1119 3029 1156; x_wconf 90' lang='lat'><strong>:</strong></span> <span class='ocrx_word' id='word_1_169' title='bbox 3061 1116 3190 1173; x_wconf 73' lang='lat' dir='ltr'><strong>qua:</strong></span> <span class='ocrx_word' id='word_1_170' title='bbox 3222 1105 3494 1172; x_wconf 87' lang='lat' dir='ltr'><strong>speratur</strong></span> <span class='ocrx_word' id='word_1_171' title='bbox 3534 1113 3599 1153; x_wconf 83' lang='lat' dir='ltr'><strong>ex</strong></span> <span class='ocrx_word' id='word_1_172' title='bbox 3623 1110 3766 1168; x_wconf 80' lang='lat' dir='ltr'><strong>repro-</strong></span> <span class='ocrx_word' id='word_1_173' title='bbox 3872 1116 3873 1175; x_wconf 42' lang='grc' dir='ltr'><strong>ι</strong></span> 
     </span>
    </p>
   </div>
   <div class='ocr_carea' id='block_1_26' title="bbox 2197 1191 3766 1268">
    <p class='ocr_par' dir='ltr' id='par_1_26' title="bbox 2197 1191 3766 1268">
     <span class='ocr_line' id='line_1_26' title="bbox 2197 1191 3766 1268; baseline -0.006 -13"><span class='ocrx_word' id='word_1_174' title='bbox 2197 1198 2478 1263; x_wconf 91' lang='lat' dir='ltr'><strong>missione,</strong></span> <span class='ocrx_word' id='word_1_175' title='bbox 2528 1212 2635 1252; x_wconf 90' lang='lat' dir='ltr'><strong>non</strong></span> <span class='ocrx_word' id='word_1_176' title='bbox 2684 1211 2756 1252; x_wconf 85' lang='lat' dir='ltr'><strong>ex</strong></span> <span class='ocrx_word' id='word_1_177' title='bbox 2807 1195 2973 1268; x_wconf 87' lang='lat' dir='ltr'><strong>Lege.</strong></span> <span class='ocrx_word' id='word_1_178' title='bbox 3023 1195 3184 1266; x_wconf 90' lang='lat' dir='ltr'><strong>Quod</strong></span> <span class='ocrx_word' id='word_1_179' title='bbox 3217 1193 3437 1251; x_wconf 78' lang='lat' dir='ltr'><strong>veteris</strong></span> <span class='ocrx_word' id='word_1_180' title='bbox 3486 1191 3766 1249; x_wconf 75' lang='lat' dir='ltr'><strong>Testameati</strong></span> 
     </span>
    </p>
   </div>
   <div class='ocr_carea' id='block_1_27' title="bbox 2197 1286 3764 1362">
    <p class='ocr_par' dir='ltr' id='par_1_27' title="bbox 2197 1286 3764 1362">
     <span class='ocr_line' id='line_1_27' title="bbox 2197 1286 3764 1362; baseline -0.006 -14"><span class='ocrx_word' id='word_1_181' title='bbox 2197 1291 2454 1362; x_wconf 89' lang='lat' dir='ltr'><strong>exemplo</strong></span> <span class='ocrx_word' id='word_1_182' title='bbox 2484 1290 2769 1362; x_wconf 83' lang='lat' dir='ltr'><strong>probatur,</strong></span> <span class='ocrx_word' id='word_1_183' title='bbox 2801 1290 3019 1346; x_wconf 89' lang='lat' dir='ltr'><strong>dicente</strong></span> <span class='ocrx_word' id='word_1_184' title='bbox 3045 1289 3213 1347; x_wconf 89' lang='lat' dir='ltr'><strong>Sarra</strong></span> <span class='ocrx_word' id='word_1_185' title='bbox 3249 1306 3263 1343; x_wconf 89' lang='lat'><strong>:</strong></span> <span class='ocrx_word' id='word_1_186' title='bbox 3291 1286 3533 1359; x_wconf 72' lang='lat' dir='ltr'><strong>Ezpelte</strong></span> <span class='ocrx_word' id='word_1_187' title='bbox 3548 1286 3764 1351; x_wconf 69' lang='lat' dir='ltr'><strong>ancilla,</strong></span> 
     </span>
    </p>
   </div>
   <div class='ocr_carea' id='block_1_28' title="bbox 2198 1383 3769 1460">
    <p class='ocr_par' dir='ltr' id='par_1_28' title="bbox 2198 1383 3769 1460">
     <span class='ocr_line' id='line_1_28' title="bbox 2198 1383 3769 1460; baseline -0.003 -18"><span class='ocrx_word' id='word_1_188' title='bbox 2198 1397 2245 1442; x_wconf 89' lang='lat' dir='ltr'><strong>et</strong></span> <span class='ocrx_word' id='word_1_189' title='bbox 2274 1386 2441 1456; x_wconf 81' lang='lat' dir='ltr'><strong>ﬁlium</strong></span> <span class='ocrx_word' id='word_1_190' title='bbox 2467 1389 2619 1460; x_wconf 87' lang='lat' dir='ltr'><strong>ejus;</strong></span> <span class='ocrx_word' id='word_1_191' title='bbox 2650 1402 2755 1441; x_wconf 86' lang='lat' dir='ltr'><strong>non</strong></span> <span class='ocrx_word' id='word_1_192' title='bbox 2780 1386 2916 1442; x_wconf 82' lang='lat' dir='ltr'><strong>enim</strong></span> <span class='ocrx_word' id='word_1_193' title='bbox 2941 1384 3108 1441; x_wconf 67' lang='lat' dir='ltr'><strong>lieres</strong></span> <span class='ocrx_word' id='word_1_194' title='bbox 3135 1384 3237 1440; x_wconf 85' lang='lat' dir='ltr'><strong>erit</strong></span> <span class='ocrx_word' id='word_1_195' title='bbox 3269 1384 3427 1455; x_wconf 73' lang='lat' dir='ltr'><strong>ﬁlius</strong></span> <span class='ocrx_word' id='word_1_196' title='bbox 3455 1383 3658 1438; x_wconf 74' lang='lat' dir='ltr'><strong>ancilla:</strong></span> <span class='ocrx_word' id='word_1_197' title='bbox 3686 1398 3769 1437; x_wconf 79' lang='lat' dir='ltr'><strong>catt</strong></span> 
     </span>
    </p>
   </div>
   <div class='ocr_carea' id='block_1_29' title="bbox 2198 1473 3766 1551">
    <p class='ocr_par' dir='ltr' id='par_1_29' title="bbox 2198 1473 3766 1551">
     <span class='ocr_line' id='line_1_29' title="bbox 2198 1473 3766 1551; baseline -0.004 -16"><span class='ocrx_word' id='word_1_198' title='bbox 2198 1480 2310 1550; x_wconf 83' lang='lat' dir='ltr'><strong>ﬁlio</strong></span> <span class='ocrx_word' id='word_1_199' title='bbox 2338 1496 2449 1535; x_wconf 89' lang='lat' dir='ltr'><strong>meo</strong></span> <span class='ocrx_word' id='word_1_200' title='bbox 2484 1478 2642 1534; x_wconf 84' lang='lat' dir='ltr'><strong>Isaac</strong></span> <span class='ocrx_word' id='word_1_201' title='bbox 2680 1476 2835 1551; x_wconf 81' lang='lat' dir='ltr'><strong>(Gen.</strong></span> <span class='ocrx_word' id='word_1_202' title='bbox 2877 1493 3006 1545; x_wconf 81' lang='lat' dir='ltr'><strong>xxi,</strong></span> <span class='ocrx_word' id='word_1_203' title='bbox 3046 1476 3162 1548; x_wconf 72' lang='lat'><strong>10).</strong></span> <span class='ocrx_word' id='word_1_204' title='bbox 3192 1476 3379 1532; x_wconf 86' lang='lat' dir='ltr'><strong>Filius</strong></span> <span class='ocrx_word' id='word_1_205' title='bbox 3408 1474 3595 1533; x_wconf 68' lang='lat' dir='ltr'><strong>Sarra</strong></span> <span class='ocrx_word' id='word_1_206' title='bbox 3630 1473 3766 1542; x_wconf 66' lang='lat' dir='ltr'><strong>Isaac,</strong></span> 
     </span>
    </p>
   </div>
   <div class='ocr_carea' id='block_1_30' title="bbox 2199 1570 3768 1641">
    <p class='ocr_par' dir='ltr' id='par_1_30' title="bbox 2199 1570 3768 1641">
     <span class='ocr_line' id='line_1_30' title="bbox 2199 1570 3768 1641; baseline -0.003 -13"><span class='ocrx_word' id='word_1_207' title='bbox 2199 1572 2341 1629; x_wconf 90' lang='lat' dir='ltr'><strong>ﬁlius</strong></span> <span class='ocrx_word' id='word_1_208' title='bbox 2365 1572 2577 1628; x_wconf 76' lang='lat' dir='ltr'><strong>ancilla:</strong></span> <span class='ocrx_word' id='word_1_209' title='bbox 2616 1571 2839 1638; x_wconf 87' lang='lat' dir='ltr'><strong>lsmael;</strong></span> <span class='ocrx_word' id='word_1_210' title='bbox 2870 1571 2923 1626; x_wconf 88' lang='lat' dir='ltr'><strong>bi</strong></span> <span class='ocrx_word' id='word_1_211' title='bbox 2951 1579 3078 1627; x_wconf 86' lang='lat' dir='ltr'><strong>ante</strong></span> <span class='ocrx_word' id='word_1_212' title='bbox 3103 1570 3319 1641; x_wconf 80' lang='lat' dir='ltr'><strong>Legem</strong></span> <span class='ocrx_word' id='word_1_213' title='bbox 3349 1575 3526 1626; x_wconf 90' lang='lat' dir='ltr'><strong>sunt:</strong></span> <span class='ocrx_word' id='word_1_214' title='bbox 3558 1583 3680 1640; x_wconf 87' lang='lat' dir='ltr'><strong>ergo</strong></span> <span class='ocrx_word' id='word_1_215' title='bbox 3701 1583 3768 1623; x_wconf 84' lang='lat' dir='ltr'><strong>as-</strong></span> 
     </span>
    </p>
   </div>
   <div class='ocr_carea' id='block_1_31' title="bbox 2202 1661 3770 1739">
    <p class='ocr_par' dir='ltr' id='par_1_31' title="bbox 2202 1661 3770 1739">
     <span class='ocr_line' id='line_1_31' title="bbox 2202 1661 3770 1739; baseline -0.003 -17"><span class='ocrx_word' id='word_1_216' title='bbox 2202 1667 2403 1737; x_wconf 90' lang='lat' dir='ltr'><strong>tiquior</strong></span> <span class='ocrx_word' id='word_1_217' title='bbox 2429 1666 2781 1739; x_wconf 84' lang='lat' dir='ltr'><strong>repromissio</strong></span> <span class='ocrx_word' id='word_1_218' title='bbox 2800 1679 2963 1737; x_wconf 90' lang='lat' dir='ltr'><strong>quam</strong></span> <span class='ocrx_word' id='word_1_219' title='bbox 2992 1664 3127 1721; x_wconf 88' lang='lat' dir='ltr'><strong>Lex.</strong></span> <span class='ocrx_word' id='word_1_220' title='bbox 3168 1663 3289 1720; x_wconf 84' lang='lat' dir='ltr'><strong>Nos</strong></span> <span class='ocrx_word' id='word_1_221' title='bbox 3319 1662 3626 1720; x_wconf 88' lang='lat' dir='ltr'><strong>secundum</strong></span> <span class='ocrx_word' id='word_1_222' title='bbox 3661 1661 3770 1718; x_wconf 81' lang='lat' dir='ltr'><strong>Isaac</strong></span> 
     </span>
    </p>
   </div>
   <div class='ocr_carea' id='block_1_32' title="bbox 2202 1759 3768 1834">
    <p class='ocr_par' dir='ltr' id='par_1_32' title="bbox 2202 1759 3768 1834">
     <span class='ocr_line' id='line_1_32' title="bbox 2202 1759 3768 1834; baseline -0.001 -17"><span class='ocrx_word' id='word_1_223' title='bbox 2202 1762 2300 1818; x_wconf 93' lang='lat' dir='ltr'><strong>ﬁlii</strong></span> <span class='ocrx_word' id='word_1_224' title='bbox 2331 1777 2429 1834; x_wconf 91' lang='lat' dir='ltr'><strong>per</strong></span> <span class='ocrx_word' id='word_1_225' title='bbox 2455 1760 2967 1834; x_wconf 89' lang='lat' dir='ltr'><strong>repromissionem,</strong></span> <span class='ocrx_word' id='word_1_226' title='bbox 3011 1760 3189 1817; x_wconf 67' lang='lat' dir='ltr'><strong>Judaei</strong></span> <span class='ocrx_word' id='word_1_227' title='bbox 3233 1759 3553 1817; x_wconf 88' lang='lat' dir='ltr'><strong>secundum</strong></span> <span class='ocrx_word' id='word_1_228' title='bbox 3595 1774 3768 1815; x_wconf 70' lang='lat' dir='ltr'><strong>eam</strong></span> 
     </span>
    </p>
   </div>
   <div class='ocr_carea' id='block_1_33' title="bbox 494 1852 3771 1949">
    <p class='ocr_par' dir='ltr' id='par_1_33' title="bbox 494 1852 3771 1949">
     <span class='ocr_line' id='line_1_33' title="bbox 494 1852 3771 1949; baseline -0.007 -16"><span class='ocrx_word' id='word_1_229' title='bbox 494 1876 709 1949; x_wconf 75' lang='lat' dir='ltr'><strong>aperire</strong></span> <span class='ocrx_word' id='word_1_230' title='bbox 737 1873 926 1931; x_wconf 92' lang='lat' dir='ltr'><strong>oculos</strong></span> <span class='ocrx_word' id='word_1_231' title='bbox 951 1869 1154 1935; x_wconf 88' lang='lat' dir='ltr'><strong>cordis,</strong></span> <span class='ocrx_word' id='word_1_232' title='bbox 1179 1868 1403 1923; x_wconf 82' lang='lat' dir='ltr'><strong>elevare</strong></span> <span class='ocrx_word' id='word_1_233' title='bbox 1433 1864 1502 1920; x_wconf 92' lang='lat' dir='ltr'><strong>ad</strong></span> <span class='ocrx_word' id='word_1_234' title='bbox 1533 1859 1841 1932; x_wconf 77' lang='lat' dir='ltr'><strong>superiora,</strong></span> <span class='ocrx_word' id='word_1_235' title='bbox 1869 1855 2099 1949; x_wconf 87' lang='lat' dir='ltr'><strong>agnitio-</strong></span> <span class='ocrx_word' id='word_1_236' title='bbox 2128 1866 2177 1927; x_wconf 81' lang='grc' dir='ltr'><strong>Β</strong></span> <span class='ocrx_word' id='word_1_237' title='bbox 2204 1854 2296 1910; x_wconf 87' lang='lat' dir='ltr'><strong>ﬁlii</strong></span> <span class='ocrx_word' id='word_1_238' title='bbox 2324 1856 2536 1912; x_wconf 76' lang='lat' dir='ltr'><strong>ancilla:</strong></span> <span class='ocrx_word' id='word_1_239' title='bbox 2565 1853 2767 1928; x_wconf 85' lang='lat' dir='ltr'><strong>(Gulat.</strong></span> <span class='ocrx_word' id='word_1_240' title='bbox 2795 1870 2871 1922; x_wconf 75' lang='grc' dir='ltr'><strong>ιν,</strong></span> <span class='ocrx_word' id='word_1_241' title='bbox 2908 1853 3027 1926; x_wconf 84' lang='grc'>28).</span> <span class='ocrx_word' id='word_1_242' title='bbox 3055 1852 3228 1911; x_wconf 85' lang='lat' dir='ltr'><strong>Nobis</strong></span> <span class='ocrx_word' id='word_1_243' title='bbox 3256 1862 3444 1911; x_wconf 84' lang='lat' dir='ltr'><strong>mater</strong></span> <span class='ocrx_word' id='word_1_244' title='bbox 3465 1853 3653 1920; x_wconf 61' lang='lat' dir='ltr'><strong>libus,</strong></span> <span class='ocrx_word' id='word_1_245' title='bbox 3685 1868 3771 1925; x_wconf 66' lang='lat' dir='ltr'><strong>qua</strong></span> 
     </span>
    </p>
   </div>
   <div class='ocr_carea' id='block_1_34' title="bbox 499 1948 2099 2037">
    <p class='ocr_par' dir='ltr' id='par_1_34' title="bbox 499 1948 2099 2037">
     <span class='ocr_line' id='line_1_34' title="bbox 499 1948 2099 2037; baseline -0.015 -11"><span class='ocrx_word' id='word_1_246' title='bbox 499 1948 624 2026; x_wconf 83' lang='lat' dir='ltr'><strong>nem</strong></span> <span class='ocrx_word' id='word_1_247' title='bbox 650 1967 747 2024; x_wconf 84' lang='lat' dir='ltr'><strong>Dei</strong></span> <span class='ocrx_word' id='word_1_248' title='bbox 767 1964 1018 2037; x_wconf 86' lang='lat' dir='ltr'><strong>impense</strong></span> <span class='ocrx_word' id='word_1_249' title='bbox 1038 1975 1310 2034; x_wconf 71' lang='lat' dir='ltr'><strong>quterere,</strong></span> <span class='ocrx_word' id='word_1_250' title='bbox 1334 1957 1623 2015; x_wconf 76' lang='lat' dir='ltr'><strong>veritatem</strong></span> <span class='ocrx_word' id='word_1_251' title='bbox 1651 1954 1949 2016; x_wconf 89' lang='lat' dir='ltr'><strong>discutere,</strong></span> <span class='ocrx_word' id='word_1_252' title='bbox 1976 1948 2099 2003; x_wconf 87' lang='lat' dir='ltr'><strong>abs-</strong></span> 
     </span>
    </p>
   </div>
   <div class='ocr_carea' id='block_1_35' title="bbox 494 2041 2098 2125">
    <p class='ocr_par' dir='ltr' id='par_1_35' title="bbox 494 2041 2098 2125">
     <span class='ocr_line' id='line_1_35' title="bbox 494 2041 2098 2125; baseline -0.015 -4"><span class='ocrx_word' id='word_1_253' title='bbox 494 2064 734 2121; x_wconf 88' lang='lat' dir='ltr'><strong>condere</strong></span> <span class='ocrx_word' id='word_1_254' title='bbox 758 2061 814 2117; x_wconf 93' lang='lat' dir='ltr'><strong>in</strong></span> <span class='ocrx_word' id='word_1_255' title='bbox 839 2058 1009 2116; x_wconf 91' lang='lat' dir='ltr'><strong>corde</strong></span> <span class='ocrx_word' id='word_1_256' title='bbox 1037 2055 1292 2113; x_wconf 88' lang='lat' dir='ltr'><strong>mandata</strong></span> <span class='ocrx_word' id='word_1_257' title='bbox 1320 2053 1442 2121; x_wconf 83' lang='lat' dir='ltr'><strong>Dei,</strong></span> <span class='ocrx_word' id='word_1_258' title='bbox 1471 2050 1749 2125; x_wconf 84' lang='lat' dir='ltr'><strong>deponere</strong></span> <span class='ocrx_word' id='word_1_259' title='bbox 1772 2043 1980 2103; x_wconf 88' lang='lat' dir='ltr'><strong>erroris</strong></span> <span class='ocrx_word' id='word_1_260' title='bbox 2004 2041 2098 2098; x_wconf 89' lang='lat' dir='ltr'><strong>de-</strong></span> 
     </span>
    </p>
   </div>
   <div class='ocr_carea' id='block_1_36' title="bbox 499 2139 2099 2222">
    <p class='ocr_par' dir='ltr' id='par_1_36' title="bbox 499 2139 2099 2222">
     <span class='ocr_line' id='line_1_36' title="bbox 499 2139 2099 2222; baseline -0.015 -7"><span class='ocrx_word' id='word_1_261' title='bbox 499 2158 724 2221; x_wconf 82' lang='lat' dir='ltr'><strong>sideria,</strong></span> <span class='ocrx_word' id='word_1_262' title='bbox 756 2153 1045 2211; x_wconf 89' lang='lat' dir='ltr'><strong>dedecoris</strong></span> <span class='ocrx_word' id='word_1_263' title='bbox 1080 2148 1297 2222; x_wconf 74' lang='lat'><strong>1089</strong></span> <span class='ocrx_word' id='word_1_264' title='bbox 1315 2146 1552 2213; x_wconf 89' lang='lat' dir='ltr'><strong>occulta,</strong></span> <span class='ocrx_word' id='word_1_265' title='bbox 1584 2139 1836 2199; x_wconf 78' lang='lat' dir='ltr'><strong>renovari</strong></span> <span class='ocrx_word' id='word_1_266' title='bbox 1856 2154 1955 2210; x_wconf 86' lang='lat' dir='ltr'><strong>per</strong></span> <span class='ocrx_word' id='word_1_267' title='bbox 1975 2150 2099 2208; x_wconf 84' lang='lat' dir='ltr'><strong>gra-</strong></span> 
     </span>
    </p>
   </div>
   <div class='ocr_carea' id='block_1_37' title="bbox 501 2233 2099 2311">
    <p class='ocr_par' dir='ltr' id='par_1_37' title="bbox 501 2233 2099 2311">
     <span class='ocr_line' id='line_1_37' title="bbox 501 2233 2099 2311; baseline -0.015 -3"><span class='ocrx_word' id='word_1_268' title='bbox 501 2254 630 2308; x_wconf 89' lang='lat' dir='ltr'><strong>tiam</strong></span> <span class='ocrx_word' id='word_1_269' title='bbox 659 2253 1125 2305; x_wconf 75' lang='lat' dir='ltr'><strong>sacramentorum</strong></span> <span class='ocrx_word' id='word_1_270' title='bbox 1158 2283 1173 2309; x_wconf 95' lang='lat'><strong>,</strong></span> <span class='ocrx_word' id='word_1_271' title='bbox 1208 2251 1514 2311; x_wconf 90' lang='lat' dir='ltr'><strong>temperare</strong></span> <span class='ocrx_word' id='word_1_272' title='bbox 1559 2233 1917 2299; x_wconf 88' lang='lat' dir='ltr'><strong>iracundiam,</strong></span> <span class='ocrx_word' id='word_1_273' title='bbox 1949 2244 2099 2287; x_wconf 83' lang='lat' dir='ltr'><strong>com-</strong></span> 
     </span>
    </p>
   </div>
   <div class='ocr_carea' id='block_1_38' title="bbox 498 2329 2102 2400">
    <p class='ocr_par' dir='ltr' id='par_1_38' title="bbox 498 2329 2102 2400">
     <span class='ocr_line' id='line_1_38' title="bbox 498 2329 2102 2400; baseline -0.014 -1"><span class='ocrx_word' id='word_1_274' title='bbox 498 2343 797 2400; x_wconf 78' lang='lat' dir='ltr'><strong>motionem</strong></span> <span class='ocrx_word' id='word_1_275' title='bbox 822 2348 953 2395; x_wconf 89' lang='lat' dir='ltr'><strong>ante</strong></span> <span class='ocrx_word' id='word_1_276' title='bbox 996 2349 1253 2392; x_wconf 89' lang='lat' dir='ltr'><strong>occasum</strong></span> <span class='ocrx_word' id='word_1_277' title='bbox 1298 2332 1431 2387; x_wconf 91' lang='lat' dir='ltr'><strong>solis</strong></span> <span class='ocrx_word' id='word_1_278' title='bbox 1468 2329 1761 2393; x_wconf 78' lang='lat' dir='ltr'><strong>relaxare,</strong></span> <span class='ocrx_word' id='word_1_279' title='bbox 1805 2337 2004 2381; x_wconf 84' lang='lat' dir='ltr'><strong>cavere</strong></span> <span class='ocrx_word' id='word_1_280' title='bbox 2033 2336 2102 2377; x_wconf 90' lang='lat' dir='ltr'><strong>ne</strong></span> 
     </span>
    </p>
   </div>
   <div class='ocr_carea' id='block_1_39' title="bbox 500 2416 2101 2509">
    <p class='ocr_par' dir='ltr' id='par_1_39' title="bbox 500 2416 2101 2509">
     <span class='ocr_line' id='line_1_39' title="bbox 500 2416 2101 2509; baseline -0.016 -14"><span class='ocrx_word' id='word_1_281' title='bbox 500 2437 790 2509; x_wconf 83' lang='lat' dir='ltr'><strong>superiora</strong></span> <span class='ocrx_word' id='word_1_282' title='bbox 820 2441 915 2488; x_wconf 85' lang='lat' dir='ltr'><strong>tua</strong></span> <span class='ocrx_word' id='word_1_283' title='bbox 938 2439 1168 2500; x_wconf 89' lang='lat' dir='ltr'><strong>occupet</strong></span> <span class='ocrx_word' id='word_1_284' title='bbox 1209 2422 1593 2491; x_wconf 89' lang='lat' dir='ltr'><strong>adversarius,</strong></span> <span class='ocrx_word' id='word_1_285' title='bbox 1624 2422 1850 2493; x_wconf 89' lang='lat' dir='ltr'><strong>spiritus</strong></span> <span class='ocrx_word' id='word_1_286' title='bbox 1882 2417 1975 2472; x_wconf 88' lang='lat' dir='ltr'><strong>ille</strong></span> <span class='ocrx_word' id='word_1_287' title='bbox 2006 2416 2101 2471; x_wconf 89' lang='lat' dir='ltr'><strong>ba-</strong></span> 
     </span>
    </p>
   </div>
   <div class='ocr_carea' id='block_1_40' title="bbox 501 2507 2099 2598">
    <p class='ocr_par' dir='ltr' id='par_1_40' title="bbox 501 2507 2099 2598">
     <span class='ocr_line' id='line_1_40' title="bbox 501 2507 2099 2598; baseline -0.014 -13"><span class='ocrx_word' id='word_1_288' title='bbox 501 2507 636 2585; x_wconf 79' lang='lat' dir='ltr'><strong>beiis</strong></span> <span class='ocrx_word' id='word_1_289' title='bbox 667 2531 1015 2598; x_wconf 90' lang='lat' dir='ltr'><strong>potestatem,</strong></span> <span class='ocrx_word' id='word_1_290' title='bbox 1041 2522 1132 2591; x_wconf 90' lang='lat' dir='ltr'><strong>qui</strong></span> <span class='ocrx_word' id='word_1_291' title='bbox 1154 2534 1215 2575; x_wconf 90' lang='lat' dir='ltr'><strong>se</strong></span> <span class='ocrx_word' id='word_1_292' title='bbox 1236 2515 1508 2572; x_wconf 88' lang='lat' dir='ltr'><strong>immersit</strong></span> <span class='ocrx_word' id='word_1_293' title='bbox 1534 2514 1587 2569; x_wconf 94' lang='lat' dir='ltr'><strong>in</strong></span> <span class='ocrx_word' id='word_1_294' title='bbox 1611 2528 1707 2569; x_wconf 89' lang='lat' dir='ltr'><strong>cor</strong></span> <span class='ocrx_word' id='word_1_295' title='bbox 1734 2510 1890 2568; x_wconf 71' lang='lat' dir='ltr'><strong>Judze</strong></span> <span class='ocrx_word' id='word_1_296' title='bbox 1916 2507 2099 2581; x_wconf 83' lang='lat' dir='ltr'><strong>(Joan.</strong></span> 
     </span>
    </p>
   </div>
   <div class='ocr_carea' id='block_1_41' title="bbox 499 2606 2099 2690">
    <p class='ocr_par' dir='ltr' id='par_1_41' title="bbox 499 2606 2099 2690">
     <span class='ocr_line' id='line_1_41' title="bbox 499 2606 2099 2690; baseline -0.013 -14"><span class='ocrx_word' id='word_1_297' title='bbox 499 2636 616 2685; x_wconf 85' lang='lat' dir='ltr'><strong>xm,</strong></span> <span class='ocrx_word' id='word_1_298' title='bbox 656 2616 769 2690; x_wconf 87' lang='lat' dir='ltr'><strong>l2),</strong></span> <span class='ocrx_word' id='word_1_299' title='bbox 800 2625 856 2672; x_wconf 90' lang='lat' dir='ltr'><strong>et</strong></span> <span class='ocrx_word' id='word_1_300' title='bbox 878 2611 1206 2670; x_wconf 88' lang='lat' dir='ltr'><strong>comminuit</strong></span> <span class='ocrx_word' id='word_1_301' title='bbox 1249 2609 1447 2665; x_wconf 75' lang='lat' dir='ltr'><strong>animae</strong></span> <span class='ocrx_word' id='word_1_302' title='bbox 1473 2606 1840 2678; x_wconf 75' lang='lat' dir='ltr'><strong>ejusjanuas;</strong></span> <span class='ocrx_word' id='word_1_303' title='bbox 1876 2616 1946 2657; x_wconf 90' lang='lat' dir='ltr'><strong>ne</strong></span> <span class='ocrx_word' id='word_1_304' title='bbox 1971 2614 2099 2671; x_wconf 88' lang='lat' dir='ltr'><strong>pos-</strong></span> 
     </span>
    </p>
   </div>
   <div class='ocr_carea' id='block_1_42' title="bbox 502 2699 2099 2777">
    <p class='ocr_par' dir='ltr' id='par_1_42' title="bbox 502 2699 2099 2777">
     <span class='ocr_line' id='line_1_42' title="bbox 502 2699 2099 2777; baseline -0.012 -8"><span class='ocrx_word' id='word_1_305' title='bbox 502 2722 588 2770; x_wconf 80' lang='lat' dir='ltr'><strong>set</strong></span> <span class='ocrx_word' id='word_1_306' title='bbox 606 2712 891 2777; x_wconf 88' lang='lat' dir='ltr'><strong>resistere,</strong></span> <span class='ocrx_word' id='word_1_307' title='bbox 921 2706 1095 2763; x_wconf 91' lang='lat' dir='ltr'><strong>furem</strong></span> <span class='ocrx_word' id='word_1_308' title='bbox 1119 2704 1439 2769; x_wconf 78' lang='lat' dir='ltr'><strong>excludere,</strong></span> <span class='ocrx_word' id='word_1_309' title='bbox 1480 2699 1799 2758; x_wconf 88' lang='lat' dir='ltr'><strong>mendacem</strong></span> <span class='ocrx_word' id='word_1_310' title='bbox 1827 2703 2099 2762; x_wconf 84' lang='lat' dir='ltr'><strong>avertere,</strong></span> 
     </span>
    </p>
   </div>
   <div class='ocr_carea' id='block_1_43' title="bbox 501 2799 2117 2879">
    <p class='ocr_par' dir='ltr' id='par_1_43' title="bbox 501 2799 2117 2879">
     <span class='ocr_line' id='line_1_43' title="bbox 501 2799 2117 2879; baseline -0.013 -13"><span class='ocrx_word' id='word_1_311' title='bbox 501 2822 796 2879; x_wconf 84' lang='lat' dir='ltr'><strong>exsurgere</strong></span> <span class='ocrx_word' id='word_1_312' title='bbox 826 2821 855 2860; x_wconf 91' lang='lat' dir='ltr'><strong>a</strong></span> <span class='ocrx_word' id='word_1_313' title='bbox 885 2803 1136 2869; x_wconf 90' lang='lat' dir='ltr'><strong>mortuis,</strong></span> <span class='ocrx_word' id='word_1_314' title='bbox 1156 2799 1511 2857; x_wconf 86' lang='lat' dir='ltr'><strong>sobrietatem</strong></span> <span class='ocrx_word' id='word_1_315' title='bbox 1532 2808 1847 2852; x_wconf 87' lang='lat' dir='ltr'><strong>assumere:</strong></span> <span class='ocrx_word' id='word_1_316' title='bbox 1872 2804 2117 2847; x_wconf 82' lang='lat' dir='ltr'><strong>uxorem</strong></span> 
     </span>
    </p>
   </div>
   <div class='ocr_carea' id='block_1_44' title="bbox 500 2882 2099 2968">
    <p class='ocr_par' dir='ltr' id='par_1_44' title="bbox 500 2882 2099 2968">
     <span class='ocr_line' id='line_1_44' title="bbox 500 2882 2099 2968; baseline -0.014 -11"><span class='ocrx_word' id='word_1_317' title='bbox 500 2902 639 2968; x_wconf 88' lang='lat' dir='ltr'><strong>viro,</strong></span> <span class='ocrx_word' id='word_1_318' title='bbox 666 2907 729 2955; x_wconf 90' lang='lat' dir='ltr'><strong>ut</strong></span> <span class='ocrx_word' id='word_1_319' title='bbox 761 2896 1063 2953; x_wconf 77' lang='lat' dir='ltr'><strong>Ecclesiam</strong></span> <span class='ocrx_word' id='word_1_320' title='bbox 1089 2892 1346 2959; x_wconf 89' lang='lat' dir='ltr'><strong>Christo,</strong></span> <span class='ocrx_word' id='word_1_321' title='bbox 1391 2888 1594 2945; x_wconf 84' lang='lat' dir='ltr'><strong>debere</strong></span> <span class='ocrx_word' id='word_1_322' title='bbox 1632 2900 1755 2943; x_wconf 89' lang='lat' dir='ltr'><strong>esse</strong></span> <span class='ocrx_word' id='word_1_323' title='bbox 1792 2882 2099 2945; x_wconf 88' lang='lat' dir='ltr'><strong>subditam;</strong></span> 
     </span>
    </p>
   </div>
   <div class='ocr_carea' id='block_1_45' title="bbox 503 2979 2105 3067">
    <p class='ocr_par' dir='ltr' id='par_1_45' title="bbox 503 2979 2105 3067">
     <span class='ocr_line' id='line_1_45' title="bbox 503 2979 2105 3067; baseline -0.014 -14"><span class='ocrx_word' id='word_1_324' title='bbox 503 2998 680 3053; x_wconf 90' lang='lat' dir='ltr'><strong>virum</strong></span> <span class='ocrx_word' id='word_1_325' title='bbox 714 3010 812 3067; x_wconf 91' lang='lat' dir='ltr'><strong>pro</strong></span> <span class='ocrx_word' id='word_1_326' title='bbox 839 3008 1013 3048; x_wconf 80' lang='lat' dir='ltr'><strong>uxore</strong></span> <span class='ocrx_word' id='word_1_327' title='bbox 1041 2989 1279 3045; x_wconf 85' lang='lat' dir='ltr'><strong>animam</strong></span> <span class='ocrx_word' id='word_1_328' title='bbox 1320 2998 1473 3041; x_wconf 91' lang='lat' dir='ltr'><strong>suam</strong></span> <span class='ocrx_word' id='word_1_329' title='bbox 1499 2981 1728 3047; x_wconf 80' lang='lat' dir='ltr'><strong>oﬁerre,</strong></span> <span class='ocrx_word' id='word_1_330' title='bbox 1759 2979 1901 3036; x_wconf 90' lang='lat' dir='ltr'><strong>sicut</strong></span> <span class='ocrx_word' id='word_1_331' title='bbox 1920 2992 1980 3033; x_wconf 91' lang='lat' dir='ltr'><strong>se</strong></span> <span class='ocrx_word' id='word_1_332' title='bbox 2004 2988 2105 3048; x_wconf 90' lang='lat' dir='ltr'><strong>pro</strong></span> 
     </span>
    </p>
   </div>
   <div class='ocr_carea' id='block_1_46' title="bbox 504 3074 2105 3149">
    <p class='ocr_par' dir='ltr' id='par_1_46' title="bbox 504 3074 2105 3149">
     <span class='ocr_line' id='line_1_46' title="bbox 504 3074 2105 3149; baseline -0.013 -2"><span class='ocrx_word' id='word_1_333' title='bbox 504 3089 750 3146; x_wconf 81' lang='lat' dir='ltr'><strong>Ecclesia</strong></span> <span class='ocrx_word' id='word_1_334' title='bbox 781 3083 1009 3143; x_wconf 90' lang='lat' dir='ltr'><strong>tradidit</strong></span> <span class='ocrx_word' id='word_1_335' title='bbox 1033 3081 1286 3140; x_wconf 87' lang='lat' dir='ltr'><strong>Christus</strong></span> <span class='ocrx_word' id='word_1_336' title='bbox 1328 3076 1550 3149; x_wconf 82' lang='lat' dir='ltr'><strong>(Eplies.</strong></span> <span class='ocrx_word' id='word_1_337' title='bbox 1576 3091 1629 3143; x_wconf 78' lang='grc' dir='ltr'><strong>ν,</strong></span> <span class='ocrx_word' id='word_1_338' title='bbox 1656 3074 1751 3144; x_wconf 85' lang='grc'><strong>25)</strong></span> <span class='ocrx_word' id='word_1_339' title='bbox 1782 3091 1795 3127; x_wconf 88' lang='lat'><strong>:</strong></span> <span class='ocrx_word' id='word_1_340' title='bbox 1824 3080 2105 3143; x_wconf 91' lang='lat' dir='ltr'><strong>postremo</strong></span> 
     </span>
    </p>
   </div>
   <div class='ocr_carea' id='block_1_47' title="bbox 503 3168 2103 3255">
    <p class='ocr_par' dir='ltr' id='par_1_47' title="bbox 503 3168 2103 3255">
     <span class='ocr_line' id='line_1_47' title="bbox 503 3168 2103 3255; baseline -0.012 -16"><span class='ocrx_word' id='word_1_341' title='bbox 503 3183 663 3255; x_wconf 84' lang='lat' dir='ltr'><strong>quasi</strong></span> <span class='ocrx_word' id='word_1_342' title='bbox 686 3182 890 3238; x_wconf 92' lang='lat' dir='ltr'><strong>bonum</strong></span> <span class='ocrx_word' id='word_1_343' title='bbox 917 3178 1236 3234; x_wconf 90' lang='lat' dir='ltr'><strong>bellatorem</strong></span> <span class='ocrx_word' id='word_1_344' title='bbox 1268 3186 1487 3228; x_wconf 88' lang='lat' dir='ltr'><strong>sumere</strong></span> <span class='ocrx_word' id='word_1_345' title='bbox 1514 3183 1665 3224; x_wconf 89' lang='lat' dir='ltr'><strong>arma</strong></span> <span class='ocrx_word' id='word_1_346' title='bbox 1697 3168 1793 3223; x_wconf 89' lang='lat' dir='ltr'><strong>Dei</strong></span> <span class='ocrx_word' id='word_1_347' title='bbox 1820 3208 1836 3235; x_wconf 92' lang='lat'><strong>,</strong></span> <span class='ocrx_word' id='word_1_348' title='bbox 1866 3181 1931 3222; x_wconf 89' lang='lat' dir='ltr'><strong>ac</strong></span> <span class='ocrx_word' id='word_1_349' title='bbox 1962 3178 2103 3235; x_wconf 71' lang='lat' dir='ltr'><strong>pra:-</strong></span> 
     </span>
    </p>
   </div>
   <div class='ocr_carea' id='block_1_48' title="bbox 2200 1944 3770 2022">
    <p class='ocr_par' dir='ltr' id='par_1_48' title="bbox 2200 1944 3770 2022">
     <span class='ocr_line' id='line_1_48' title="bbox 2200 1944 3770 2022; baseline -0.003 -16"><span class='ocrx_word' id='word_1_350' title='bbox 2200 1965 2307 2006; x_wconf 93' lang='lat' dir='ltr'><strong>non</strong></span> <span class='ocrx_word' id='word_1_351' title='bbox 2335 1949 2702 2022; x_wconf 85' lang='lat' dir='ltr'><strong>parturiebat,</strong></span> <span class='ocrx_word' id='word_1_352' title='bbox 2735 1958 2792 2005; x_wconf 88' lang='lat' dir='ltr'><strong>et</strong></span> <span class='ocrx_word' id='word_1_353' title='bbox 2817 1958 3003 2020; x_wconf 85' lang='lat' dir='ltr'><strong>postea</strong></span> <span class='ocrx_word' id='word_1_354' title='bbox 3031 1963 3098 2004; x_wconf 86' lang='lat' dir='ltr'><strong>ex</strong></span> <span class='ocrx_word' id='word_1_355' title='bbox 3124 1948 3571 2018; x_wconf 82' lang='lat' dir='ltr'><strong>repromissione</strong></span> <span class='ocrx_word' id='word_1_356' title='bbox 3588 1944 3770 2013; x_wconf 79' lang='lat' dir='ltr'><strong>effudit,</strong></span> 
     </span>
    </p>
   </div>
   <div class='ocr_carea' id='block_1_49' title="bbox 2202 2042 3771 2117">
    <p class='ocr_par' dir='ltr' id='par_1_49' title="bbox 2202 2042 3771 2117">
     <span class='ocr_line' id='line_1_49' title="bbox 2202 2042 3771 2117; baseline -0.003 -17"><span class='ocrx_word' id='word_1_357' title='bbox 2202 2045 2522 2117; x_wconf 85' lang='lat' dir='ltr'><strong>peperitque</strong></span> <span class='ocrx_word' id='word_1_358' title='bbox 2554 2045 2893 2101; x_wconf 86' lang='lat' dir='ltr'><strong>masculum:</strong></span> <span class='ocrx_word' id='word_1_359' title='bbox 2925 2045 3034 2101; x_wconf 91' lang='lat' dir='ltr'><strong>illis</strong></span> <span class='ocrx_word' id='word_1_360' title='bbox 3059 2052 3240 2100; x_wconf 87' lang='lat' dir='ltr'><strong>mater</strong></span> <span class='ocrx_word' id='word_1_361' title='bbox 3259 2042 3435 2115; x_wconf 78' lang='lat' dir='ltr'><strong>Agar,</strong></span> <span class='ocrx_word' id='word_1_362' title='bbox 3468 2042 3771 2115; x_wconf 81' lang='lat' dir='ltr'><strong>generansis</strong></span> 
     </span>
    </p>
   </div>
   <div class='ocr_carea' id='block_1_50' title="bbox 2202 2118 3770 2210">
    <p class='ocr_par' dir='ltr' id='par_1_50' title="bbox 2202 2118 3770 2210">
     <span class='ocr_line' id='line_1_50' title="bbox 2202 2118 3770 2210; baseline -0.005 -13"><span class='ocrx_word' id='word_1_363' title='bbox 2202 2139 2544 2197; x_wconf 86' lang='lat' dir='ltr'><strong>servitutem.</strong></span> <span class='ocrx_word' id='word_1_364' title='bbox 2568 2138 2730 2194; x_wconf 89' lang='lat' dir='ltr'><strong>Liber</strong></span> <span class='ocrx_word' id='word_1_365' title='bbox 2748 2146 2855 2206; x_wconf 89' lang='lat' dir='ltr'><strong>est,</strong></span> <span class='ocrx_word' id='word_1_366' title='bbox 2882 2137 2970 2194; x_wconf 90' lang='lat' dir='ltr'><strong>cui</strong></span> <span class='ocrx_word' id='word_1_367' title='bbox 2989 2138 3166 2210; x_wconf 88' lang='lat' dir='ltr'><strong>gratia</strong></span> <span class='ocrx_word' id='word_1_368' title='bbox 3191 2138 3572 2209; x_wconf 82' lang='lat' dir='ltr'><strong>promittitur;</strong></span> <span class='ocrx_word' id='word_1_369' title='bbox 3596 2118 3770 2201; x_wconf 59' lang='lat' dir='ltr'><strong>serva},</strong></span> 
     </span>
    </p>
   </div>
   <div class='ocr_carea' id='block_1_51' title="bbox 2201 2229 3774 2304">
    <p class='ocr_par' dir='ltr' id='par_1_51' title="bbox 2201 2229 3774 2304">
     <span class='ocr_line' id='line_1_51' title="bbox 2201 2229 3774 2304; baseline -0.004 -14"><span class='ocrx_word' id='word_1_370' title='bbox 2201 2235 2285 2290; x_wconf 91' lang='lat' dir='ltr'><strong>cui</strong></span> <span class='ocrx_word' id='word_1_371' title='bbox 2309 2233 2496 2304; x_wconf 85' lang='lat' dir='ltr'><strong>jugum</strong></span> <span class='ocrx_word' id='word_1_372' title='bbox 2525 2231 2686 2303; x_wconf 83' lang='lat' dir='ltr'><strong>Legis</strong></span> <span class='ocrx_word' id='word_1_373' title='bbox 2709 2229 3005 2302; x_wconf 88' lang='lat' dir='ltr'><strong>imponitur</strong></span> <span class='ocrx_word' id='word_1_374' title='bbox 3036 2250 3051 2286; x_wconf 85' lang='lat'><strong>:</strong></span> <span class='ocrx_word' id='word_1_375' title='bbox 3088 2230 3243 2302; x_wconf 85' lang='lat' dir='ltr'><strong>prius</strong></span> <span class='ocrx_word' id='word_1_376' title='bbox 3271 2245 3411 2303; x_wconf 89' lang='lat' dir='ltr'><strong>ergo</strong></span> <span class='ocrx_word' id='word_1_377' title='bbox 3439 2229 3600 2287; x_wconf 88' lang='lat' dir='ltr'><strong>nobis</strong></span> <span class='ocrx_word' id='word_1_378' title='bbox 3627 2242 3774 2300; x_wconf 78' lang='lat' dir='ltr'><strong>repro-</strong></span> 
     </span>
    </p>
   </div>
   <div class='ocr_carea' id='block_1_52' title="bbox 2203 2320 3775 2396">
    <p class='ocr_par' dir='ltr' id='par_1_52' title="bbox 2203 2320 3775 2396">
     <span class='ocr_line' id='line_1_52' title="bbox 2203 2320 3775 2396; baseline -0.002 -16"><span class='ocrx_word' id='word_1_379' title='bbox 2203 2325 2393 2381; x_wconf 84' lang='lat' dir='ltr'><strong>missio</strong></span> <span class='ocrx_word' id='word_1_380' title='bbox 2416 2339 2578 2396; x_wconf 89' lang='lat' dir='ltr'><strong>quam</strong></span> <span class='ocrx_word' id='word_1_381' title='bbox 2621 2323 2730 2380; x_wconf 90' lang='lat' dir='ltr'><strong>illis</strong></span> <span class='ocrx_word' id='word_1_382' title='bbox 2758 2323 2901 2390; x_wconf 88' lang='lat' dir='ltr'><strong>Lex;</strong></span> <span class='ocrx_word' id='word_1_383' title='bbox 2945 2331 3004 2380; x_wconf 90' lang='lat' dir='ltr'><strong>et</strong></span> <span class='ocrx_word' id='word_1_384' title='bbox 3042 2323 3351 2381; x_wconf 89' lang='lat' dir='ltr'><strong>secundum</strong></span> <span class='ocrx_word' id='word_1_385' title='bbox 3395 2320 3775 2379; x_wconf 70' lang='lat' dir='ltr'><strong>naturamau-</strong></span> 
     </span>
    </p>
   </div>
   <div class='ocr_carea' id='block_1_53' title="bbox 2202 2417 3775 2492">
    <p class='ocr_par' dir='ltr' id='par_1_53' title="bbox 2202 2417 3775 2492">
     <span class='ocr_line' id='line_1_53' title="bbox 2202 2417 3775 2492; baseline -0.002 -18"><span class='ocrx_word' id='word_1_386' title='bbox 2202 2419 2367 2492; x_wconf 87' lang='lat' dir='ltr'><strong>quior</strong></span> <span class='ocrx_word' id='word_1_387' title='bbox 2392 2418 2642 2487; x_wconf 87' lang='lat' dir='ltr'><strong>libertas,</strong></span> <span class='ocrx_word' id='word_1_388' title='bbox 2664 2434 2828 2490; x_wconf 87' lang='lat' dir='ltr'><strong>quam</strong></span> <span class='ocrx_word' id='word_1_389' title='bbox 2860 2419 3120 2475; x_wconf 84' lang='lat' dir='ltr'><strong>servitus.</strong></span> <span class='ocrx_word' id='word_1_390' title='bbox 3153 2417 3411 2473; x_wconf 87' lang='lat' dir='ltr'><strong>Libertas</strong></span> <span class='ocrx_word' id='word_1_391' title='bbox 3452 2418 3615 2490; x_wconf 79' lang='lat' dir='ltr'><strong>igitur</strong></span> <span class='ocrx_word' id='word_1_392' title='bbox 3638 2432 3695 2473; x_wconf 87' lang='lat' dir='ltr'><strong>ex</strong></span> <span class='ocrx_word' id='word_1_393' title='bbox 3714 2431 3775 2472; x_wconf 76' lang='lat' dir='ltr'><strong>rr-</strong></span> 
     </span>
    </p>
   </div>
   <div class='ocr_carea' id='block_1_54' title="bbox 2203 2511 3776 2587">
    <p class='ocr_par' dir='ltr' id='par_1_54' title="bbox 2203 2511 3776 2587">
     <span class='ocr_line' id='line_1_54' title="bbox 2203 2511 3776 2587; baseline 0 -18"><span class='ocrx_word' id='word_1_394' title='bbox 2203 2514 2591 2587; x_wconf 91' lang='lat' dir='ltr'><strong>promissione,</strong></span> <span class='ocrx_word' id='word_1_395' title='bbox 2634 2528 2699 2569; x_wconf 90' lang='lat' dir='ltr'><strong>ex</strong></span> <span class='ocrx_word' id='word_1_396' title='bbox 2730 2512 2876 2584; x_wconf 88' lang='lat' dir='ltr'><strong>Lege</strong></span> <span class='ocrx_word' id='word_1_397' title='bbox 2904 2513 3165 2569; x_wconf 89' lang='lat' dir='ltr'><strong>servitus.</strong></span> <span class='ocrx_word' id='word_1_398' title='bbox 3196 2512 3308 2571; x_wconf 87' lang='lat' dir='ltr'><strong>Sed</strong></span> <span class='ocrx_word' id='word_1_399' title='bbox 3356 2513 3497 2570; x_wconf 87' lang='lat' dir='ltr'><strong>licet</strong></span> <span class='ocrx_word' id='word_1_400' title='bbox 3527 2511 3776 2584; x_wconf 73' lang='lat' dir='ltr'><strong>reprou&#39;s-</strong></span> 
     </span>
    </p>
   </div>
   <div class='ocr_carea' id='block_1_55' title="bbox 2206 2605 3775 2680">
    <p class='ocr_par' dir='ltr' id='par_1_55' title="bbox 2206 2605 3775 2680">
     <span class='ocr_line' id='line_1_55' title="bbox 2206 2605 3775 2680; baseline -0.001 -17"><span class='ocrx_word' id='word_1_401' title='bbox 2206 2606 2287 2663; x_wconf 92' lang='lat' dir='ltr'><strong>sio</strong></span> <span class='ocrx_word' id='word_1_402' title='bbox 2307 2607 2424 2680; x_wconf 90' lang='lat' dir='ltr'><strong>ipsa</strong></span> <span class='ocrx_word' id='word_1_403' title='bbox 2451 2617 2583 2663; x_wconf 91' lang='lat' dir='ltr'><strong>ante</strong></span> <span class='ocrx_word' id='word_1_404' title='bbox 2609 2606 2809 2678; x_wconf 89' lang='lat' dir='ltr'><strong>Legem</strong></span> <span class='ocrx_word' id='word_1_405' title='bbox 2840 2606 2933 2674; x_wconf 91' lang='lat' dir='ltr'><strong>sit,</strong></span> <span class='ocrx_word' id='word_1_406' title='bbox 2958 2614 3019 2662; x_wconf 92' lang='lat' dir='ltr'><strong>ut</strong></span> <span class='ocrx_word' id='word_1_407' title='bbox 3047 2605 3313 2673; x_wconf 88' lang='lat' dir='ltr'><strong>diximus,</strong></span> <span class='ocrx_word' id='word_1_408' title='bbox 3344 2620 3417 2663; x_wconf 82' lang='lat' dir='ltr'><strong>ex</strong></span> <span class='ocrx_word' id='word_1_409' title='bbox 3442 2605 3775 2679; x_wconf 76' lang='lat' dir='ltr'><strong>repromissio-</strong></span> 
     </span>
    </p>
   </div>
   <div class='ocr_carea' id='block_1_56' title="bbox 2205 2699 3776 2768">
    <p class='ocr_par' dir='ltr' id='par_1_56' title="bbox 2205 2699 3776 2768">
     <span class='ocr_line' id='line_1_56' title="bbox 2205 2699 3776 2768; baseline -0.001 -11"><span class='ocrx_word' id='word_1_410' title='bbox 2205 2715 2275 2757; x_wconf 88' lang='lat' dir='ltr'><strong>ne</strong></span> <span class='ocrx_word' id='word_1_411' title='bbox 2300 2711 2481 2757; x_wconf 89' lang='lat' dir='ltr'><strong>autem</strong></span> <span class='ocrx_word' id='word_1_412' title='bbox 2526 2700 2773 2768; x_wconf 89' lang='lat' dir='ltr'><strong>libertas,</strong></span> <span class='ocrx_word' id='word_1_413' title='bbox 2807 2700 2861 2756; x_wconf 91' lang='lat' dir='ltr'><strong>in</strong></span> <span class='ocrx_word' id='word_1_414' title='bbox 2900 2700 3475 2766; x_wconf 82' lang='lat' dir='ltr'><strong>libertate-charitas;</strong></span> <span class='ocrx_word' id='word_1_415' title='bbox 3517 2699 3776 2757; x_wconf 77' lang='lat' dir='ltr'><strong>secundus</strong></span> 
     </span>
    </p>
   </div>
   <div class='ocr_carea' id='block_1_57' title="bbox 2213 2793 3777 2869">
    <p class='ocr_par' dir='ltr' id='par_1_57' title="bbox 2213 2793 3777 2869">
     <span class='ocr_line' id='line_1_57' title="bbox 2213 2793 3777 2869; baseline -0.003 -17"><span class='ocrx_word' id='word_1_416' title='bbox 2213 2795 2427 2869; x_wconf 79' lang='lat'><strong>1090</strong></span> <span class='ocrx_word' id='word_1_417' title='bbox 2480 2795 2683 2868; x_wconf 88' lang='lat' dir='ltr'><strong>Legem</strong></span> <span class='ocrx_word' id='word_1_418' title='bbox 2730 2804 2909 2852; x_wconf 90' lang='lat' dir='ltr'><strong>tamen</strong></span> <span class='ocrx_word' id='word_1_419' title='bbox 2947 2804 3033 2852; x_wconf 89' lang='lat' dir='ltr'><strong>est</strong></span> <span class='ocrx_word' id='word_1_420' title='bbox 3077 2794 3323 2852; x_wconf 80' lang='lat' dir='ltr'><strong>charitas</strong></span> <span class='ocrx_word' id='word_1_421' title='bbox 3348 2836 3367 2863; x_wconf 95' lang='lat'><strong>,</strong></span> <span class='ocrx_word' id='word_1_422' title='bbox 3405 2804 3433 2833; x_wconf 71' lang='grc' dir='ltr'>ε</span> <span class='ocrx_word' id='word_1_423' title='bbox 3477 2810 3600 2867; x_wconf 73' lang='lat' dir='ltr'><strong>quae</strong></span> <span class='ocrx_word' id='word_1_424' title='bbox 3640 2793 3777 2864; x_wconf 71' lang='lat' dir='ltr'><strong>major</strong></span> 
     </span>
    </p>
   </div>
   <div class='ocr_carea' id='block_1_58' title="bbox 2208 2889 2616 2946">
    <p class='ocr_par' dir='ltr' id='par_1_58' title="bbox 2208 2889 2616 2946">
     <span class='ocr_line' id='line_1_58' title="bbox 2208 2889 2616 2946; baseline 0.002 -3"><span class='ocrx_word' id='word_1_425' title='bbox 2208 2889 2462 2946; x_wconf 85' lang='lat' dir='ltr'><strong>libertate</strong></span> <span class='ocrx_word' id='word_1_426' title='bbox 2513 2896 2616 2946; x_wconf 87' lang='lat' dir='ltr'><strong>est.</strong></span> 
     </span>
    </p>
   </div>
   <div class='ocr_carea' id='block_1_59' title="bbox 2278 2982 3777 3057">
    <p class='ocr_par' dir='ltr' id='par_1_59' title="bbox 2278 2982 3777 3057">
     <span class='ocr_line' id='line_1_59' title="bbox 2278 2982 3777 3057; baseline -0.001 -18"><span class='ocrx_word' id='word_1_427' title='bbox 2278 2984 2332 3039; x_wconf 78' lang='lat'><strong>5.</strong></span> <span class='ocrx_word' id='word_1_428' title='bbox 2373 2982 2491 3039; x_wconf 86' lang='lat' dir='ltr'><strong>Non</strong></span> <span class='ocrx_word' id='word_1_429' title='bbox 2533 2998 2664 3054; x_wconf 89' lang='lat' dir='ltr'><strong>ergo</strong></span> <span class='ocrx_word' id='word_1_430' title='bbox 2709 2984 2893 3041; x_wconf 79' lang='lat' dir='ltr'><strong>servi?</strong></span> <span class='ocrx_word' id='word_1_431' title='bbox 2941 2983 3013 3039; x_wconf 89' lang='lat' dir='ltr'><strong>Et</strong></span> <span class='ocrx_word' id='word_1_432' title='bbox 3060 2985 3341 3055; x_wconf 89' lang='lat' dir='ltr'><strong>quomodo</strong></span> <span class='ocrx_word' id='word_1_433' title='bbox 3388 2987 3656 3057; x_wconf 85' lang='lat' dir='ltr'><strong>scriptum</strong></span> <span class='ocrx_word' id='word_1_434' title='bbox 3682 2992 3777 3041; x_wconf 86' lang='lat' dir='ltr'><strong>est:</strong></span> 
     </span>
    </p>
   </div>
   <div class='ocr_carea' id='block_1_60' title="bbox 2208 3074 3779 3155">
    <p class='ocr_par' dir='ltr' id='par_1_60' title="bbox 2208 3074 3779 3155">
     <span class='ocr_line' id='line_1_60' title="bbox 2208 3074 3779 3155; baseline 0.002 -23"><span class='ocrx_word' id='word_1_435' title='bbox 2208 3074 2466 3143; x_wconf 86' lang='lat' dir='ltr'><strong>Laudate,</strong></span> <span class='ocrx_word' id='word_1_436' title='bbox 2490 3076 2644 3144; x_wconf 81' lang='lat' dir='ltr'><strong>servi,</strong></span> <span class='ocrx_word' id='word_1_437' title='bbox 2674 3074 2960 3155; x_wconf 68' lang='lat' dir='ltr'><strong>Dominum</strong></span> <span class='ocrx_word' id='word_1_438' title='bbox 2981 3075 3158 3150; x_wconf 88' lang='lat' dir='ltr'><strong>(Psal.</strong></span> <span class='ocrx_word' id='word_1_439' title='bbox 3182 3093 3405 3147; x_wconf 85' lang='lat' dir='ltr'><strong>cxxxtv,</strong></span> <span class='ocrx_word' id='word_1_440' title='bbox 3436 3077 3518 3150; x_wconf 79' lang='lat' dir='ltr'><strong>l).</strong></span> <span class='ocrx_word' id='word_1_441' title='bbox 3536 3076 3779 3149; x_wconf 64' lang='lat' dir='ltr'><strong>Quonam</strong></span> 
     </span>
    </p>
   </div>
   <div class='ocr_carea' id='block_1_61' title="bbox 2209 3169 3780 3244">
    <p class='ocr_par' dir='ltr' id='par_1_61' title="bbox 2209 3169 3780 3244">
     <span class='ocr_line' id='line_1_61' title="bbox 2209 3169 3780 3244; baseline 0.003 -21"><span class='ocrx_word' id='word_1_442' title='bbox 2209 3169 2324 3241; x_wconf 89' lang='lat' dir='ltr'><strong>ipse</strong></span> <span class='ocrx_word' id='word_1_443' title='bbox 2350 3170 2649 3240; x_wconf 81' lang='lat' dir='ltr'><strong>Apostolus</strong></span> <span class='ocrx_word' id='word_1_444' title='bbox 2672 3171 2752 3226; x_wconf 90' lang='lat' dir='ltr'><strong>ait</strong></span> <span class='ocrx_word' id='word_1_445' title='bbox 2783 3188 2798 3227; x_wconf 89' lang='lat'><strong>:</strong></span> <span class='ocrx_word' id='word_1_446' title='bbox 2830 3169 2939 3228; x_wconf 87' lang='lat' dir='ltr'><strong>Sed</strong></span> <span class='ocrx_word' id='word_1_447' title='bbox 2974 3181 3033 3226; x_wconf 87' lang='lat' dir='ltr'><strong>ut</strong></span> <span class='ocrx_word' id='word_1_448' title='bbox 3055 3172 3193 3226; x_wconf 74' lang='lat' dir='ltr'><strong>servi</strong></span> <span class='ocrx_word' id='word_1_449' title='bbox 3217 3171 3416 3227; x_wconf 76' lang='lat' dir='ltr'><strong>Christi</strong></span> <span class='ocrx_word' id='word_1_450' title='bbox 3447 3174 3686 3244; x_wconf 75' lang='lat' dir='ltr'><strong>facientes</strong></span> <span class='ocrx_word' id='word_1_451' title='bbox 3706 3187 3780 3227; x_wconf 76' lang='lat' dir='ltr'><strong>se-</strong></span> 
     </span>
    </p>
   </div>
   <div class='ocr_carea' id='block_1_62' title="bbox 507 3261 3780 3345">
    <p class='ocr_par' dir='ltr' id='par_1_62' title="bbox 507 3261 3780 3345">
     <span class='ocr_line' id='line_1_62' title="bbox 507 3261 3780 3345; baseline -0.005 -11"><span class='ocrx_word' id='word_1_452' title='bbox 507 3276 734 3333; x_wconf 89' lang='lat' dir='ltr'><strong>tendere</strong></span> <span class='ocrx_word' id='word_1_453' title='bbox 782 3288 1019 3345; x_wconf 88' lang='lat' dir='ltr'><strong>semper,</strong></span> <span class='ocrx_word' id='word_1_454' title='bbox 1073 3284 1186 3326; x_wconf 92' lang='lat' dir='ltr'><strong>non</strong></span> <span class='ocrx_word' id='word_1_455' title='bbox 1240 3267 1418 3322; x_wconf 91' lang='lat' dir='ltr'><strong>solum</strong></span> <span class='ocrx_word' id='word_1_456' title='bbox 1474 3263 1739 3319; x_wconf 82' lang='lat' dir='ltr'><strong>adversus</strong></span> <span class='ocrx_word' id='word_1_457' title='bbox 1777 3274 1998 3317; x_wconf 90' lang='lat' dir='ltr'><strong>carnem</strong></span> <span class='ocrx_word' id='word_1_458' title='bbox 2048 3266 2103 3319; x_wconf 88' lang='lat' dir='ltr'><strong>et</strong></span> <span class='ocrx_word' id='word_1_459' title='bbox 2128 3273 2175 3339; x_wconf 74' lang='grc' dir='ltr'>ο</span> <span class='ocrx_word' id='word_1_460' title='bbox 2209 3266 2459 3319; x_wconf 86' lang='lat' dir='ltr'><strong>tuntatem</strong></span> <span class='ocrx_word' id='word_1_461' title='bbox 2488 3261 2590 3319; x_wconf 83' lang='lat' dir='ltr'><strong>Dei</strong></span> <span class='ocrx_word' id='word_1_462' title='bbox 2608 3279 2675 3319; x_wconf 81' lang='lat' dir='ltr'><strong>ea:</strong></span> <span class='ocrx_word' id='word_1_463' title='bbox 2700 3264 2876 3319; x_wconf 85' lang='lat' dir='ltr'><strong>animo</strong></span> <span class='ocrx_word' id='word_1_464' title='bbox 2899 3280 3017 3319; x_wconf 84' lang='lat' dir='ltr'><strong>cum</strong></span> <span class='ocrx_word' id='word_1_465' title='bbox 3046 3265 3182 3320; x_wconf 88' lang='lat' dir='ltr'><strong>bona</strong></span> <span class='ocrx_word' id='word_1_466' title='bbox 3200 3266 3472 3321; x_wconf 76' lang='lat' dir='ltr'><strong>voluntate</strong></span> <span class='ocrx_word' id='word_1_467' title='bbox 3494 3263 3702 3338; x_wconf 74' lang='grc' dir='ltr'><strong>(Εριισ,</strong></span> <span class='ocrx_word' id='word_1_468' title='bbox 3725 3278 3780 3330; x_wconf 76' lang='lat' dir='ltr'><strong>rt,</strong></span> 
     </span>
    </p>
   </div>
   <div class='ocr_carea' id='block_1_63' title="bbox 510 3353 2106 3446">
    <p class='ocr_par' dir='ltr' id='par_1_63' title="bbox 510 3353 2106 3446">
     <span class='ocr_line' id='line_1_63' title="bbox 510 3353 2106 3446; baseline -0.014 -15"><span class='ocrx_word' id='word_1_469' title='bbox 510 3375 855 3446; x_wconf 88' lang='lat' dir='ltr'><strong>sanguinem,</strong></span> <span class='ocrx_word' id='word_1_470' title='bbox 890 3372 988 3425; x_wconf 90' lang='lat' dir='ltr'><strong>sed</strong></span> <span class='ocrx_word' id='word_1_471' title='bbox 1014 3367 1179 3423; x_wconf 90' lang='lat' dir='ltr'><strong>etiam</strong></span> <span class='ocrx_word' id='word_1_472' title='bbox 1211 3362 1503 3418; x_wconf 85' lang='lat' dir='ltr'><strong>adversum</strong></span> <span class='ocrx_word' id='word_1_473' title='bbox 1531 3356 1811 3429; x_wconf 86' lang='lat' dir='ltr'><strong>spiritales</strong></span> <span class='ocrx_word' id='word_1_474' title='bbox 1836 3353 2106 3426; x_wconf 88' lang='lat' dir='ltr'><strong>nequitias</strong></span> 
     </span>
    </p>
   </div>
   <div class='ocr_carea' id='block_1_64' title="bbox 511 3448 2109 3540">
    <p class='ocr_par' dir='ltr' id='par_1_64' title="bbox 511 3448 2109 3540">
     <span class='ocr_line' id='line_1_64' title="bbox 511 3448 2109 3540; baseline -0.012 -16"><span class='ocrx_word' id='word_1_475' title='bbox 511 3465 733 3540; x_wconf 80' lang='lat' dir='ltr'><strong>(Ephes.</strong></span> <span class='ocrx_word' id='word_1_476' title='bbox 763 3481 839 3532; x_wconf 82' lang='lat' dir='ltr'><strong>vr,</strong></span> <span class='ocrx_word' id='word_1_477' title='bbox 860 3462 987 3535; x_wconf 81' lang='lat' dir='ltr'><strong>l2);</strong></span> <span class='ocrx_word' id='word_1_478' title='bbox 1021 3475 1090 3516; x_wconf 92' lang='lat' dir='ltr'><strong>ne</strong></span> <span class='ocrx_word' id='word_1_479' title='bbox 1114 3476 1145 3514; x_wconf 87' lang='lat' dir='ltr'><strong>a</strong></span> <span class='ocrx_word' id='word_1_480' title='bbox 1175 3456 1290 3514; x_wconf 90' lang='lat' dir='ltr'><strong>suis</strong></span> <span class='ocrx_word' id='word_1_481' title='bbox 1315 3452 1571 3521; x_wconf 90' lang='lat' dir='ltr'><strong>emolliri,</strong></span> <span class='ocrx_word' id='word_1_482' title='bbox 1596 3451 1667 3508; x_wconf 92' lang='lat' dir='ltr'><strong>ab</strong></span> <span class='ocrx_word' id='word_1_483' title='bbox 1691 3450 1968 3508; x_wconf 83' lang='lat' dir='ltr'><strong>extraneis</strong></span> <span class='ocrx_word' id='word_1_484' title='bbox 1987 3448 2109 3520; x_wconf 84' lang='lat' dir='ltr'><strong>capi</strong></span> 
     </span>
    </p>
   </div>
   <div class='ocr_carea' id='block_1_65' title="bbox 510 3541 2104 3634">
    <p class='ocr_par' dir='ltr' id='par_1_65' title="bbox 510 3541 2104 3634">
     <span class='ocr_line' id='line_1_65' title="bbox 510 3541 2104 3634; baseline -0.013 -16"><span class='ocrx_word' id='word_1_485' title='bbox 510 3562 678 3634; x_wconf 89' lang='lat' dir='ltr'><strong>possit</strong></span> <span class='ocrx_word' id='word_1_486' title='bbox 689 3561 836 3617; x_wconf 68' lang='lat' dir='ltr'><strong>.lliec</strong></span> <span class='ocrx_word' id='word_1_487' title='bbox 851 3556 1091 3614; x_wconf 85' lang='lat' dir='ltr'><strong>breviter</strong></span> <span class='ocrx_word' id='word_1_488' title='bbox 1102 3550 1585 3623; x_wconf 88' lang='lat' dir='ltr'><strong>comprehensa,ut</strong></span> <span class='ocrx_word' id='word_1_489' title='bbox 1600 3544 1773 3618; x_wconf 90' lang='lat' dir='ltr'><strong>potui,</strong></span> <span class='ocrx_word' id='word_1_490' title='bbox 1790 3541 2104 3617; x_wconf 80' lang='lat' dir='ltr'><strong>perstrinxi.</strong></span> 
     </span>
    </p>
   </div>
   <div class='ocr_carea' id='block_1_66' title="bbox 512 3638 1935 3721">
    <p class='ocr_par' dir='ltr' id='par_1_66' title="bbox 512 3638 1935 3721">
     <span class='ocr_line' id='line_1_66' title="bbox 512 3638 1935 3721; baseline -0.013 -10"><span class='ocrx_word' id='word_1_491' title='bbox 512 3655 668 3721; x_wconf 85' lang='lat' dir='ltr'><strong>Vale,</strong></span> <span class='ocrx_word' id='word_1_492' title='bbox 698 3653 811 3719; x_wconf 90' lang='lat' dir='ltr'><strong>ﬁli,</strong></span> <span class='ocrx_word' id='word_1_493' title='bbox 836 3660 893 3706; x_wconf 89' lang='lat' dir='ltr'><strong>et</strong></span> <span class='ocrx_word' id='word_1_494' title='bbox 913 3664 1014 3705; x_wconf 91' lang='lat' dir='ltr'><strong>nos</strong></span> <span class='ocrx_word' id='word_1_495' title='bbox 1043 3647 1247 3717; x_wconf 87' lang='lat' dir='ltr'><strong>dilige;</strong></span> <span class='ocrx_word' id='word_1_496' title='bbox 1281 3643 1405 3713; x_wconf 90' lang='lat' dir='ltr'><strong>quia</strong></span> <span class='ocrx_word' id='word_1_497' title='bbox 1438 3657 1536 3696; x_wconf 91' lang='lat' dir='ltr'><strong>nos</strong></span> <span class='ocrx_word' id='word_1_498' title='bbox 1569 3649 1621 3696; x_wconf 90' lang='lat' dir='ltr'><strong>te</strong></span> <span class='ocrx_word' id='word_1_499' title='bbox 1642 3638 1935 3710; x_wconf 88' lang='lat' dir='ltr'><strong>diligimus.</strong></span> 
     </span>
    </p>
   </div>
   <div class='ocr_carea' id='block_1_67' title="bbox 1005 3733 1646 3797">
    <p class='ocr_par' dir='ltr' id='par_1_67' title="bbox 1005 3733 1646 3797">
     <span class='ocr_line' id='line_1_67' title="bbox 1005 3733 1646 3797; baseline -0.012 0"><span class='ocrx_word' id='word_1_500' title='bbox 1005 3737 1345 3797; x_wconf 83' lang='lat' dir='ltr'><strong>EPISTOLA</strong></span> <span class='ocrx_word' id='word_1_501' title='bbox 1383 3733 1646 3793; x_wconf 80' lang='lat' dir='ltr'><strong>LXXVII.</strong></span> 
     </span>
    </p>
   </div>
   <div class='ocr_carea' id='block_1_68' title="bbox 518 3832 2112 3917">
    <p class='ocr_par' dir='ltr' id='par_1_68' title="bbox 518 3832 2112 3917">
     <span class='ocr_line' id='line_1_68' title="bbox 518 3832 2112 3917; baseline -0.012 -16"><span class='ocrx_word' id='word_1_502' title='bbox 518 3840 742 3917; x_wconf 83' lang='lat' dir='ltr'><strong>Roganti</strong></span> <span class='ocrx_word' id='word_1_503' title='bbox 762 3855 875 3912; x_wconf 78' lang='lat' dir='ltr'><strong>qua:</strong></span> <span class='ocrx_word' id='word_1_504' title='bbox 905 3835 1178 3892; x_wconf 80' lang='lat' dir='ltr'><strong>htereditas</strong></span> <span class='ocrx_word' id='word_1_505' title='bbox 1206 3833 1302 3888; x_wconf 88' lang='lat' dir='ltr'><strong>illa</strong></span> <span class='ocrx_word' id='word_1_506' title='bbox 1321 3832 1408 3899; x_wconf 88' lang='lat' dir='ltr'><strong>sit,</strong></span> <span class='ocrx_word' id='word_1_507' title='bbox 1441 3848 1534 3903; x_wconf 87' lang='lat' dir='ltr'><strong>pro</strong></span> <span class='ocrx_word' id='word_1_508' title='bbox 1567 3846 1669 3901; x_wconf 87' lang='lat' dir='ltr'><strong>qua</strong></span> <span class='ocrx_word' id='word_1_509' title='bbox 1698 3838 1914 3886; x_wconf 87' lang='lat' dir='ltr'><strong>mortem</strong></span> <span class='ocrx_word' id='word_1_510' title='bbox 1952 3844 2112 3899; x_wconf 86' lang='lat' dir='ltr'><strong>oppe—</strong></span> 
     </span>
    </p>
   </div>
   <div class='ocr_carea' id='block_1_69' title="bbox 585 3925 2114 4007">
    <p class='ocr_par' dir='ltr' id='par_1_69' title="bbox 585 3925 2114 4007">
     <span class='ocr_line' id='line_1_69' title="bbox 585 3925 2114 4007; baseline -0.009 -14"><span class='ocrx_word' id='word_1_511' title='bbox 585 3949 690 3994; x_wconf 84' lang='lat' dir='ltr'><strong>tere</strong></span> <span class='ocrx_word' id='word_1_512' title='bbox 731 3933 958 4007; x_wconf 82' lang='lat' dir='ltr'><strong>plerique</strong></span> <span class='ocrx_word' id='word_1_513' title='bbox 998 3946 1104 3986; x_wconf 88' lang='lat' dir='ltr'><strong>non</strong></span> <span class='ocrx_word' id='word_1_514' title='bbox 1138 3928 1414 3994; x_wconf 86' lang='lat' dir='ltr'><strong>dubitant;</strong></span> <span class='ocrx_word' id='word_1_515' title='bbox 1442 3925 1714 4007; x_wconf 83' lang='lat' dir='ltr'><strong>respondet</strong></span> <span class='ocrx_word' id='word_1_516' title='bbox 1765 3925 1898 3980; x_wconf 78' lang='lat' dir='ltr'><strong>lianc</strong></span> <span class='ocrx_word' id='word_1_517' title='bbox 1945 3925 2114 3995; x_wconf 84' lang='lat' dir='ltr'><strong>ipsam</strong></span> 
     </span>
    </p>
   </div>
   <div class='ocr_carea' id='block_1_70' title="bbox 585 4004 2116 4101">
    <p class='ocr_par' dir='ltr' id='par_1_70' title="bbox 585 4004 2116 4101">
     <span class='ocr_line' id='line_1_70' title="bbox 585 4004 2116 4101; baseline -0.01 -13"><span class='ocrx_word' id='word_1_518' title='bbox 585 4048 695 4089; x_wconf 89' lang='lat' dir='ltr'><strong>esse</strong></span> <span class='ocrx_word' id='word_1_519' title='bbox 718 4004 869 4101; x_wconf 76' lang='lat' dir='ltr'><strong>quam</strong></span> <span class='ocrx_word' id='word_1_520' title='bbox 891 4043 956 4083; x_wconf 75' lang='lat' dir='ltr'><strong>ea:</strong></span> <span class='ocrx_word' id='word_1_521' title='bbox 974 4023 1372 4097; x_wconf 83' lang='lat' dir='ltr'><strong>repromissione</strong></span> <span class='ocrx_word' id='word_1_522' title='bbox 1396 4022 1542 4092; x_wconf 88' lang='lat' dir='ltr'><strong>quasi</strong></span> <span class='ocrx_word' id='word_1_523' title='bbox 1569 4004 1715 4074; x_wconf 81' lang='lat' dir='ltr'><strong>liberi</strong></span> <span class='ocrx_word' id='word_1_524' title='bbox 1742 4016 2116 4091; x_wconf 54' lang='lat' dir='ltr'><strong>adipiscimuﬂ;</strong></span> 
     </span>
    </p>
   </div>
   <div class='ocr_carea' id='block_1_71' title="bbox 590 4113 2116 4181">
    <p class='ocr_par' dir='ltr' id='par_1_71' title="bbox 590 4113 2116 4181">
     <span class='ocr_line' id='line_1_71' title="bbox 590 4113 2116 4181; baseline -0.009 -1"><span class='ocrx_word' id='word_1_525' title='bbox 590 4142 682 4180; x_wconf 90' lang='lat' dir='ltr'><strong>nos</strong></span> <span class='ocrx_word' id='word_1_526' title='bbox 735 4123 871 4179; x_wconf 86' lang='lat' dir='ltr'><strong>enim</strong></span> <span class='ocrx_word' id='word_1_527' title='bbox 908 4136 1025 4176; x_wconf 87' lang='lat' dir='ltr'><strong>cum</strong></span> <span class='ocrx_word' id='word_1_528' title='bbox 1074 4118 1187 4174; x_wconf 87' lang='lat' dir='ltr'><strong>Deo</strong></span> <span class='ocrx_word' id='word_1_529' title='bbox 1225 4132 1288 4172; x_wconf 80' lang='lat' dir='ltr'><strong>ea:</strong></span> <span class='ocrx_word' id='word_1_530' title='bbox 1330 4115 1583 4171; x_wconf 86' lang='lat' dir='ltr'><strong>charitatc</strong></span> <span class='ocrx_word' id='word_1_531' title='bbox 1625 4113 1941 4181; x_wconf 82' lang='lat' dir='ltr'><strong>serviamus,</strong></span> <span class='ocrx_word' id='word_1_532' title='bbox 1996 4128 2116 4168; x_wconf 80' lang='lat' dir='ltr'><strong>vera</strong></span> 
     </span>
    </p>
   </div>
   <div class='ocr_carea' id='block_1_72' title="bbox 587 4205 2118 4292">
    <p class='ocr_par' dir='ltr' id='par_1_72' title="bbox 587 4205 2118 4292">
     <span class='ocr_line' id='line_1_72' title="bbox 587 4205 2118 4292; baseline -0.01 -18"><span class='ocrx_word' id='word_1_533' title='bbox 587 4218 744 4292; x_wconf 88' lang='lat' dir='ltr'><strong>potiri</strong></span> <span class='ocrx_word' id='word_1_534' title='bbox 779 4217 1033 4271; x_wconf 86' lang='lat' dir='ltr'><strong>libertate.</strong></span> <span class='ocrx_word' id='word_1_535' title='bbox 1065 4210 1181 4267; x_wconf 87' lang='lat' dir='ltr'><strong>Hoc</strong></span> <span class='ocrx_word' id='word_1_536' title='bbox 1209 4210 1265 4265; x_wconf 91' lang='lat' dir='ltr'><strong>in</strong></span> <span class='ocrx_word' id='word_1_537' title='bbox 1295 4206 1441 4265; x_wconf 86' lang='lat' dir='ltr'><strong>Esau</strong></span> <span class='ocrx_word' id='word_1_538' title='bbox 1479 4207 1829 4262; x_wconf 73' lang='lat' dir='ltr'><strong>benedictione</strong></span> <span class='ocrx_word' id='word_1_539' title='bbox 1858 4205 2118 4277; x_wconf 87' lang='lat' dir='ltr'><strong>signatum</strong></span> 
     </span>
    </p>
   </div>
   <div class='ocr_carea' id='block_1_73' title="bbox 592 4299 2116 4378">
    <p class='ocr_par' dir='ltr' id='par_1_73' title="bbox 592 4299 2116 4378">
     <span class='ocr_line' id='line_1_73' title="bbox 592 4299 2116 4378; baseline -0.009 -12"><span class='ocrx_word' id='word_1_540' title='bbox 592 4313 737 4368; x_wconf 76' lang='lat' dir='ltr'><strong>docet</strong></span> <span class='ocrx_word' id='word_1_541' title='bbox 760 4328 777 4377; x_wconf 90' lang='lat'><strong><em>;</em></strong></span> <span class='ocrx_word' id='word_1_542' title='bbox 808 4309 944 4364; x_wconf 88' lang='lat' dir='ltr'><strong>unde</strong></span> <span class='ocrx_word' id='word_1_543' title='bbox 968 4307 1163 4378; x_wconf 84' lang='lat' dir='ltr'><strong>colligit</strong></span> <span class='ocrx_word' id='word_1_544' title='bbox 1192 4320 1256 4361; x_wconf 79' lang='lat' dir='ltr'><strong>eo;</strong></span> <span class='ocrx_word' id='word_1_545' title='bbox 1284 4302 1419 4376; x_wconf 83' lang='lat' dir='ltr'><strong>Lege</strong></span> <span class='ocrx_word' id='word_1_546' title='bbox 1447 4318 1539 4372; x_wconf 87' lang='lat' dir='ltr'><strong>per</strong></span> <span class='ocrx_word' id='word_1_547' title='bbox 1566 4317 1721 4373; x_wconf 85' lang='lat' dir='ltr'><strong>quam</strong></span> <span class='ocrx_word' id='word_1_548' title='bbox 1749 4301 1967 4356; x_wconf 75' lang='lat' dir='ltr'><strong>semitas</strong></span> <span class='ocrx_word' id='word_1_549' title='bbox 1993 4299 2116 4371; x_wconf 79' lang='lat' dir='ltr'><strong>fuit,</strong></span> 
     </span>
    </p>
   </div>
   <div class='ocr_carea' id='block_1_74' title="bbox 592 4395 2119 4480">
    <p class='ocr_par' dir='ltr' id='par_1_74' title="bbox 592 4395 2119 4480">
     <span class='ocr_line' id='line_1_74' title="bbox 592 4395 2119 4480; baseline -0.007 -21"><span class='ocrx_word' id='word_1_550' title='bbox 592 4406 747 4459; x_wconf 87' lang='lat' dir='ltr'><strong>etiam</strong></span> <span class='ocrx_word' id='word_1_551' title='bbox 766 4404 1049 4480; x_wconf 83' lang='lat' dir='ltr'><strong>libertatem</strong></span> <span class='ocrx_word' id='word_1_552' title='bbox 1068 4417 1198 4467; x_wconf 86' lang='lat' dir='ltr'><strong>esse,</strong></span> <span class='ocrx_word' id='word_1_553' title='bbox 1220 4408 1277 4453; x_wconf 89' lang='lat' dir='ltr'><strong>ut</strong></span> <span class='ocrx_word' id='word_1_554' title='bbox 1297 4413 1414 4469; x_wconf 81' lang='lat' dir='ltr'><strong>qute</strong></span> <span class='ocrx_word' id='word_1_555' title='bbox 1433 4396 1501 4451; x_wconf 90' lang='lat' dir='ltr'><strong>ad</strong></span> <span class='ocrx_word' id='word_1_556' title='bbox 1516 4397 1673 4467; x_wconf 83' lang='lat' dir='ltr'><strong>ﬁdem</strong></span> <span class='ocrx_word' id='word_1_557' title='bbox 1702 4412 1793 4451; x_wconf 89' lang='lat' dir='ltr'><strong>nos</strong></span> <span class='ocrx_word' id='word_1_558' title='bbox 1812 4395 2119 4450; x_wconf 70' lang='lat' dir='ltr'><strong>adduxerit:</strong></span> 
     </span>
    </p>
   </div>
   <div class='ocr_carea' id='block_1_75' title="bbox 593 4490 2121 4563">
    <p class='ocr_par' dir='ltr' id='par_1_75' title="bbox 593 4490 2121 4563">
     <span class='ocr_line' id='line_1_75' title="bbox 593 4490 2121 4563; baseline -0.006 -10"><span class='ocrx_word' id='word_1_559' title='bbox 593 4497 738 4553; x_wconf 89' lang='lat' dir='ltr'><strong>addit</strong></span> <span class='ocrx_word' id='word_1_560' title='bbox 761 4513 864 4551; x_wconf 84' lang='lat' dir='ltr'><strong>non</strong></span> <span class='ocrx_word' id='word_1_561' title='bbox 893 4494 1179 4559; x_wconf 82' lang='lat' dir='ltr'><strong>Christum,</strong></span> <span class='ocrx_word' id='word_1_562' title='bbox 1223 4491 1312 4547; x_wconf 86' lang='lat' dir='ltr'><strong>sed</strong></span> <span class='ocrx_word' id='word_1_563' title='bbox 1355 4490 1571 4563; x_wconf 78' lang='lat' dir='ltr'><strong>Moysen</strong></span> <span class='ocrx_word' id='word_1_564' title='bbox 1618 4499 2014 4555; x_wconf 84' lang='lat' dir='ltr'><strong>accusaturum;</strong></span> <span class='ocrx_word' id='word_1_565' title='bbox 2041 4500 2121 4545; x_wconf 84' lang='lat' dir='ltr'><strong>at-</strong></span> 
     </span>
    </p>
   </div>
   <div class='ocr_carea' id='block_1_76' title="bbox 594 4585 2123 4664">
    <p class='ocr_par' dir='ltr' id='par_1_76' title="bbox 594 4585 2123 4664">
     <span class='ocr_line' id='line_1_76' title="bbox 594 4585 2123 4664; baseline -0.003 -17"><span class='ocrx_word' id='word_1_566' title='bbox 594 4608 690 4664; x_wconf 86' lang='lat' dir='ltr'><strong>que</strong></span> <span class='ocrx_word' id='word_1_567' title='bbox 719 4591 849 4646; x_wconf 89' lang='lat' dir='ltr'><strong>adeo</strong></span> <span class='ocrx_word' id='word_1_568' title='bbox 886 4589 1101 4645; x_wconf 73' lang='lat' dir='ltr'><strong>Judwos</strong></span> <span class='ocrx_word' id='word_1_569' title='bbox 1132 4586 1393 4658; x_wconf 87' lang='lat' dir='ltr'><strong>desipere,</strong></span> <span class='ocrx_word' id='word_1_570' title='bbox 1426 4602 1457 4639; x_wconf 88' lang='lat' dir='ltr'><strong>a</strong></span> <span class='ocrx_word' id='word_1_571' title='bbox 1495 4585 1679 4657; x_wconf 84' lang='lat' dir='ltr'><strong>quibus</strong></span> <span class='ocrx_word' id='word_1_572' title='bbox 1707 4595 1978 4642; x_wconf 88' lang='lat' dir='ltr'><strong>accusator</strong></span> <span class='ocrx_word' id='word_1_573' title='bbox 2016 4601 2123 4657; x_wconf 71' lang='lat' dir='ltr'><strong>prta</strong></span> 
     </span>
    </p>
   </div>
   <div class='ocr_carea' id='block_1_77' title="bbox 599 4681 1184 4759">
    <p class='ocr_par' dir='ltr' id='par_1_77' title="bbox 599 4681 1184 4759">
     <span class='ocr_line' id='line_1_77' title="bbox 599 4681 1184 4759; baseline -0.009 -18"><span class='ocrx_word' id='word_1_574' title='bbox 599 4688 732 4741; x_wconf 90' lang='lat' dir='ltr'><strong>bono</strong></span> <span class='ocrx_word' id='word_1_575' title='bbox 747 4684 932 4759; x_wconf 84' lang='lat' dir='ltr'><strong>judice</strong></span> <span class='ocrx_word' id='word_1_576' title='bbox 953 4681 1184 4754; x_wconf 82' lang='lat' dir='ltr'><strong>cligitur.</strong></span> 
     </span>
    </p>
   </div>
   <div class='ocr_carea' id='block_1_78' title="bbox 974 4769 1685 4829">
    <p class='ocr_par' dir='ltr' id='par_1_78' title="bbox 974 4769 1685 4829">
     <span class='ocr_line' id='line_1_78' title="bbox 974 4769 1685 4829; baseline -0.003 -1"><span class='ocrx_word' id='word_1_577' title='bbox 974 4771 1277 4829; x_wconf 77' lang='lat' dir='ltr'><strong>AIBBOSIUS</strong></span> <span class='ocrx_word' id='word_1_578' title='bbox 1314 4769 1685 4827; x_wconf 72' lang='lat' dir='ltr'><strong>HORONTIANO.</strong></span> 
     </span>
    </p>
   </div>
   <div class='ocr_carea' id='block_1_79' title="bbox 601 4862 2124 4936">
    <p class='ocr_par' dir='ltr' id='par_1_79' title="bbox 601 4862 2124 4936">
     <span class='ocr_line' id='line_1_79' title="bbox 601 4862 2124 4936; baseline -0.005 -11"><span class='ocrx_word' id='word_1_579' title='bbox 601 4867 800 4926; x_wconf 82' lang='lat' dir='ltr'><strong>l.-Non</strong></span> <span class='ocrx_word' id='word_1_580' title='bbox 824 4866 1007 4923; x_wconf 88' lang='lat' dir='ltr'><strong>otiose</strong></span> <span class='ocrx_word' id='word_1_581' title='bbox 1042 4863 1399 4936; x_wconf 79' lang='lat' dir='ltr'><strong>quaerendum</strong></span> <span class='ocrx_word' id='word_1_582' title='bbox 1451 4865 1656 4935; x_wconf 88' lang='lat' dir='ltr'><strong>putasti</strong></span> <span class='ocrx_word' id='word_1_583' title='bbox 1684 4878 1807 4935; x_wconf 79' lang='lat' dir='ltr'><strong>quae</strong></span> <span class='ocrx_word' id='word_1_584' title='bbox 1838 4863 1911 4919; x_wconf 89' lang='lat' dir='ltr'><strong>sit</strong></span> <span class='ocrx_word' id='word_1_585' title='bbox 1937 4862 2017 4920; x_wconf 89' lang='lat' dir='ltr'><strong>rei</strong></span> <span class='ocrx_word' id='word_1_586' title='bbox 2041 4862 2124 4918; x_wconf 91' lang='lat' dir='ltr'><strong>di-</strong></span> 
     </span>
    </p>
   </div>
   <div class='ocr_carea' id='block_1_80' title="bbox 535 4958 2124 5030">
    <p class='ocr_par' dir='ltr' id='par_1_80' title="bbox 535 4958 2124 5030">
     <span class='ocr_line' id='line_1_80' title="bbox 535 4958 2124 5030; baseline -0.003 -10"><span class='ocrx_word' id='word_1_587' title='bbox 535 4965 674 5023; x_wconf 72' lang='lat' dir='ltr'><strong>vina:</strong></span> <span class='ocrx_word' id='word_1_588' title='bbox 703 4960 1030 5027; x_wconf 68' lang='lat' dir='ltr'><strong>btereditas;</strong></span> <span class='ocrx_word' id='word_1_589' title='bbox 1077 4968 1134 5016; x_wconf 92' lang='lat' dir='ltr'><strong>et</strong></span> <span class='ocrx_word' id='word_1_590' title='bbox 1162 4974 1259 5017; x_wconf 90' lang='lat' dir='ltr'><strong>cur</strong></span> <span class='ocrx_word' id='word_1_591' title='bbox 1292 4969 1314 4998; x_wconf 76' lang='grc' dir='ltr'><strong>ο</strong></span> <span class='ocrx_word' id='word_1_592' title='bbox 1346 4966 1497 5015; x_wconf 88' lang='lat' dir='ltr'><strong>tanto</strong></span> <span class='ocrx_word' id='word_1_593' title='bbox 1535 4958 1837 5015; x_wconf 59' lang='lat' dir='ltr'><strong>aestimetur</strong></span> <span class='ocrx_word' id='word_1_594' title='bbox 1874 4960 2124 5030; x_wconf 87' lang='lat' dir='ltr'><strong>nomine,</strong></span> 
     </span>
    </p>
   </div>
   <div class='ocr_carea' id='block_1_81' title="bbox 465 5052 2128 5136">
    <p class='ocr_par' dir='ltr' id='par_1_81' title="bbox 465 5052 2128 5136">
     <span class='ocr_line' id='line_1_81' title="bbox 465 5052 2128 5136; baseline -0.005 -18"><span class='ocrx_word' id='word_1_595' title='bbox 465 5130 471 5136; x_wconf 21' lang='grc' dir='ltr'>θ</span> <span class='ocrx_word' id='word_1_596' title='bbox 534 5071 592 5117; x_wconf 80' lang='grc' dir='ltr'><strong>ιιι</strong></span> <span class='ocrx_word' id='word_1_597' title='bbox 643 5067 867 5131; x_wconf 89' lang='lat' dir='ltr'><strong>propter</strong></span> <span class='ocrx_word' id='word_1_598' title='bbox 915 5071 1036 5114; x_wconf 90' lang='lat' dir='ltr'><strong>eam</strong></span> <span class='ocrx_word' id='word_1_599' title='bbox 1064 5054 1311 5126; x_wconf 89' lang='lat' dir='ltr'><strong>plerique</strong></span> <span class='ocrx_word' id='word_1_600' title='bbox 1336 5054 1499 5110; x_wconf 91' lang='lat' dir='ltr'><strong>etiam</strong></span> <span class='ocrx_word' id='word_1_601' title='bbox 1540 5061 1772 5109; x_wconf 90' lang='lat' dir='ltr'><strong>mortem</strong></span> <span class='ocrx_word' id='word_1_602' title='bbox 1803 5068 1955 5109; x_wconf 91' lang='lat' dir='ltr'><strong>suam</strong></span> <span class='ocrx_word' id='word_1_603' title='bbox 1995 5052 2128 5110; x_wconf 86' lang='lat' dir='ltr'><strong>oﬁ‘e—</strong></span> 
     </span>
    </p>
   </div>
   <div class='ocr_carea' id='block_1_82' title="bbox 425 5144 2129 5218">
    <p class='ocr_par' dir='ltr' id='par_1_82' title="bbox 425 5144 2129 5218">
     <span class='ocr_line' id='line_1_82' title="bbox 425 5144 2129 5218; baseline -0.004 -9"><span class='ocrx_word' id='word_1_604' title='bbox 425 5161 434 5169; x_wconf 86' lang='lat'>&#39;</span> <span class='ocrx_word' id='word_1_605' title='bbox 533 5160 679 5209; x_wconf 87' lang='lat' dir='ltr'><strong>rant.</strong></span> <span class='ocrx_word' id='word_1_606' title='bbox 710 5149 912 5206; x_wconf 81' lang='lat' dir='ltr'><strong>Verum</strong></span> <span class='ocrx_word' id='word_1_607' title='bbox 942 5148 992 5204; x_wconf 89' lang='lat' dir='ltr'><strong>si</strong></span> <span class='ocrx_word' id='word_1_608' title='bbox 1019 5144 1339 5203; x_wconf 87' lang='lat' dir='ltr'><strong>consideres</strong></span> <span class='ocrx_word' id='word_1_609' title='bbox 1384 5146 1510 5218; x_wconf 90' lang='lat' dir='ltr'><strong>quia</strong></span> <span class='ocrx_word' id='word_1_610' title='bbox 1538 5154 1598 5203; x_wconf 91' lang='lat' dir='ltr'><strong>et</strong></span> <span class='ocrx_word' id='word_1_611' title='bbox 1644 5146 1698 5202; x_wconf 95' lang='lat' dir='ltr'><strong>in</strong></span> <span class='ocrx_word' id='word_1_612' title='bbox 1748 5162 1849 5202; x_wconf 87' lang='lat' dir='ltr'><strong>usu</strong></span> <span class='ocrx_word' id='word_1_613' title='bbox 1890 5145 2129 5203; x_wconf 87' lang='lat' dir='ltr'><strong>humano</strong></span> 
     </span>
    </p>
   </div>
   <div class='ocr_carea' id='block_1_83' title="bbox 534 5239 2127 5313">
    <p class='ocr_par' dir='ltr' id='par_1_83' title="bbox 534 5239 2127 5313">
     <span class='ocr_line' id='line_1_83' title="bbox 534 5239 2127 5313; baseline -0.001 -14"><span class='ocrx_word' id='word_1_614' title='bbox 534 5241 869 5301; x_wconf 75' lang='lat' dir='ltr'><strong>haereditatis</strong></span> <span class='ocrx_word' id='word_1_615' title='bbox 890 5239 1222 5313; x_wconf 65' lang='lat' dir='ltr'><strong>pecuniaria:</strong></span> <span class='ocrx_word' id='word_1_616' title='bbox 1260 5239 1434 5310; x_wconf 85' lang='lat' dir='ltr'><strong>gratia</strong></span> <span class='ocrx_word' id='word_1_617' title='bbox 1458 5240 1617 5305; x_wconf 91' lang='lat' dir='ltr'><strong>facit,</strong></span> <span class='ocrx_word' id='word_1_618' title='bbox 1648 5247 1706 5295; x_wconf 90' lang='lat' dir='ltr'><strong>ut</strong></span> <span class='ocrx_word' id='word_1_619' title='bbox 1731 5240 2127 5297; x_wconf 86' lang='lat' dir='ltr'><strong>venerabiliora</strong></span> 
     </span>
    </p>
   </div>
   <div class='ocr_carea' id='block_1_84' title="bbox 604 5354 2128 5427">
    <p class='ocr_par' dir='ltr' id='par_1_84' title="bbox 604 5354 2128 5427">
     <span class='ocr_line' id='line_1_84' title="bbox 604 5354 2128 5427; baseline 0.001 -13"><span class='ocrx_word' id='word_1_620' title='bbox 604 5369 629 5397; x_wconf 73' lang='grc' dir='ltr'>α</span> <span class='ocrx_word' id='word_1_621' title='bbox 659 5359 772 5416; x_wconf 88' lang='lat' dir='ltr'><strong>Sic.</strong></span> <span class='ocrx_word' id='word_1_622' title='bbox 795 5357 1017 5414; x_wconf 82' lang='lat' dir='ltr'><strong>Amerb.</strong></span> <span class='ocrx_word' id='word_1_623' title='bbox 1044 5366 1099 5411; x_wconf 90' lang='lat' dir='ltr'><strong>et</strong></span> <span class='ocrx_word' id='word_1_624' title='bbox 1129 5370 1261 5411; x_wconf 90' lang='lat' dir='ltr'><strong>mss.</strong></span> <span class='ocrx_word' id='word_1_625' title='bbox 1284 5354 1522 5427; x_wconf 89' lang='lat' dir='ltr'><strong>aliquot,</strong></span> <span class='ocrx_word' id='word_1_626' title='bbox 1556 5370 1586 5410; x_wconf 92' lang='lat' dir='ltr'><strong>a</strong></span> <span class='ocrx_word' id='word_1_627' title='bbox 1613 5356 1813 5426; x_wconf 89' lang='lat' dir='ltr'><strong>quibus</strong></span> <span class='ocrx_word' id='word_1_628' title='bbox 1843 5356 1997 5413; x_wconf 90' lang='lat' dir='ltr'><strong>Eras.</strong></span> <span class='ocrx_word' id='word_1_629' title='bbox 2024 5358 2128 5416; x_wconf 90' lang='lat' dir='ltr'><strong>hoc</strong></span> 
     </span>
    </p>
   </div>
   <div class='ocr_carea' id='block_1_85' title="bbox 531 5427 2126 5499">
    <p class='ocr_par' dir='ltr' id='par_1_85' title="bbox 531 5427 2126 5499">
     <span class='ocr_line' id='line_1_85' title="bbox 531 5427 2126 5499; baseline 0.001 -14"><span class='ocrx_word' id='word_1_630' title='bbox 531 5431 649 5487; x_wconf 80' lang='lat' dir='ltr'><strong>SOIu</strong></span> <span class='ocrx_word' id='word_1_631' title='bbox 679 5429 1039 5499; x_wconf 82' lang='lat' dir='ltr'><strong>diﬁ&#39;ert,quod</strong></span> <span class='ocrx_word' id='word_1_632' title='bbox 1071 5427 1235 5499; x_wconf 85' lang='lat' dir='ltr'><strong>verba</strong></span> <span class='ocrx_word' id='word_1_633' title='bbox 1255 5427 1588 5499; x_wconf 82' lang='lat' dir='ltr'><strong>transposuit</strong></span> <span class='ocrx_word' id='word_1_634' title='bbox 1610 5427 1663 5481; x_wconf 92' lang='lat' dir='ltr'><strong>in</strong></span> <span class='ocrx_word' id='word_1_635' title='bbox 1696 5428 1840 5483; x_wconf 91' lang='lat' dir='ltr'><strong>hunc</strong></span> <span class='ocrx_word' id='word_1_636' title='bbox 1869 5429 2088 5486; x_wconf 91' lang='lat' dir='ltr'><strong>modum</strong></span> <span class='ocrx_word' id='word_1_637' title='bbox 2109 5471 2126 5499; x_wconf 94' lang='lat'><strong>,</strong></span> 
     </span>
    </p>
   </div>
   <div class='ocr_carea' id='block_1_86' title="bbox 533 5497 2128 5572">
    <p class='ocr_par' dir='ltr' id='par_1_86' title="bbox 533 5497 2128 5572">
     <span class='ocr_line' id='line_1_86' title="bbox 533 5497 2128 5572; baseline 0.001 -17"><span class='ocrx_word' id='word_1_638' title='bbox 533 5502 666 5571; x_wconf 85' lang='lat' dir='ltr'><strong>quod</strong></span> <span class='ocrx_word' id='word_1_639' title='bbox 697 5498 1051 5572; x_wconf 58' lang='lat' dir='ltr'><strong>dimittit-oecus</strong></span> <span class='ocrx_word' id='word_1_640' title='bbox 1071 5498 1197 5572; x_wconf 72' lang='grc' dir='ltr'><strong>ᾅφὴν</strong></span> <span class='ocrx_word' id='word_1_641' title='bbox 1223 5507 1337 5572; x_wconf 66' lang='grc' dir='ltr'><strong>τῆς,</strong></span> <span class='ocrx_word' id='word_1_642' title='bbox 1363 5497 1824 5572; x_wconf 82' lang='lat' dir='ltr'><strong>etc.Editautcm</strong></span> <span class='ocrx_word' id='word_1_643' title='bbox 1855 5501 2010 5557; x_wconf 81' lang='lat' dir='ltr'><strong>Rom.</strong></span> <span class='ocrx_word' id='word_1_644' title='bbox 2041 5497 2128 5557; x_wconf 50' lang='lat' dir='ltr'><strong>re;</strong></span> 
     </span>
    </p>
   </div>
   <div class='ocr_carea' id='block_1_87' title="bbox 534 5569 2128 5652">
    <p class='ocr_par' dir='ltr' id='par_1_87' title="bbox 534 5569 2128 5652">
     <span class='ocr_line' id='line_1_87' title="bbox 534 5569 2128 5652; baseline 0.004 -28"><span class='ocrx_word' id='word_1_645' title='bbox 534 5569 717 5652; x_wconf 78' lang='lat' dir='ltr'><strong>posuit</strong></span> <span class='ocrx_word' id='word_1_646' title='bbox 743 5571 878 5642; x_wconf 85' lang='lat' dir='ltr'><strong>quod</strong></span> <span class='ocrx_word' id='word_1_647' title='bbox 909 5570 1039 5625; x_wconf 75' lang='lat' dir='ltr'><strong>dixit</strong></span> <span class='ocrx_word' id='word_1_648' title='bbox 1068 5569 1278 5652; x_wconf 63' lang='lat' dir='ltr'><strong>Graecus</strong></span> <span class='ocrx_word' id='word_1_649' title='bbox 1303 5569 1387 5626; x_wconf 84' lang='grc' dir='ltr'><strong>διὰ</strong></span> <span class='ocrx_word' id='word_1_650' title='bbox 1424 5571 1598 5652; x_wconf 69' lang='grc' dir='ltr'><strong>πάσης</strong></span> <span class='ocrx_word' id='word_1_651' title='bbox 1624 5570 1768 5652; x_wconf 44' lang='grc' dir='ltr'><strong>ἀγῆς,</strong></span> <span class='ocrx_word' id='word_1_652' title='bbox 1790 5580 1904 5652; x_wconf 62' lang='grc' dir='ltr'><strong>τῆς,</strong></span> <span class='ocrx_word' id='word_1_653' title='bbox 1932 5583 2037 5628; x_wconf 88' lang='lat' dir='ltr'><strong>etc.</strong></span> <span class='ocrx_word' id='word_1_654' title='bbox 2069 5575 2128 5630; x_wconf 92' lang='lat' dir='ltr'><strong>In</strong></span> 
     </span>
    </p>
   </div>
   <div class='ocr_carea' id='block_1_88' title="bbox 537 5640 2017 5708">
    <p class='ocr_par' dir='ltr' id='par_1_88' title="bbox 537 5640 2017 5708">
     <span class='ocr_line' id='line_1_88' title="bbox 537 5640 2017 5708; baseline 0.004 -15"><span class='ocrx_word' id='word_1_655' title='bbox 537 5640 781 5708; x_wconf 83' lang='lat' dir='ltr'><strong>pluribus</strong></span> <span class='ocrx_word' id='word_1_656' title='bbox 818 5655 944 5695; x_wconf 87' lang='lat' dir='ltr'><strong>vero</strong></span> <span class='ocrx_word' id='word_1_657' title='bbox 972 5655 1104 5695; x_wconf 88' lang='lat' dir='ltr'><strong>mss.</strong></span> <span class='ocrx_word' id='word_1_658' title='bbox 1136 5640 1323 5695; x_wconf 71' lang='lat' dir='ltr'><strong>Grtncu</strong></span> <span class='ocrx_word' id='word_1_659' title='bbox 1356 5647 1624 5696; x_wconf 80' lang='lat' dir='ltr'><strong>sententia</strong></span> <span class='ocrx_word' id='word_1_660' title='bbox 1655 5640 2017 5699; x_wconf 80' lang='lat' dir='ltr'><strong>desideratur.</strong></span> 
     </span>
    </p>
   </div>
   <div class='ocr_carea' id='block_1_89' title="bbox 605 5708 2127 5780">
    <p class='ocr_par' dir='ltr' id='par_1_89' title="bbox 605 5708 2127 5780">
     <span class='ocr_line' id='line_1_89' title="bbox 605 5708 2127 5780; baseline 0.007 -18"><span class='ocrx_word' id='word_1_661' title='bbox 605 5708 635 5745; x_wconf 69' lang='grc' dir='ltr'><strong>ι)</strong></span> <span class='ocrx_word' id='word_1_662' title='bbox 666 5710 809 5765; x_wconf 86' lang='lat' dir='ltr'><strong>Edit.</strong></span> <span class='ocrx_word' id='word_1_663' title='bbox 836 5719 944 5764; x_wconf 87' lang='lat' dir='ltr'><strong>vet.</strong></span> <span class='ocrx_word' id='word_1_664' title='bbox 988 5725 1053 5764; x_wconf 90' lang='lat' dir='ltr'><strong>ac</strong></span> <span class='ocrx_word' id='word_1_665' title='bbox 1082 5724 1211 5764; x_wconf 87' lang='lat' dir='ltr'><strong>mss.</strong></span> <span class='ocrx_word' id='word_1_666' title='bbox 1246 5712 1527 5780; x_wconf 89' lang='lat' dir='ltr'><strong>nonnulli,</strong></span> <span class='ocrx_word' id='word_1_667' title='bbox 1561 5714 1766 5767; x_wconf 85' lang='lat' dir='ltr'><strong>ruinam</strong></span> <span class='ocrx_word' id='word_1_668' title='bbox 1793 5712 2127 5780; x_wconf 74' lang='lat' dir='ltr'><strong>offensionis:</strong></span> 
     </span>
    </p>
   </div>
   <div class='ocr_carea' id='block_1_90' title="bbox 540 5775 2129 5860">
    <p class='ocr_par' dir='ltr' id='par_1_90' title="bbox 540 5775 2129 5860">
     <span class='ocr_line' id='line_1_90' title="bbox 540 5775 2129 5860; baseline 0.009 -31"><span class='ocrx_word' id='word_1_669' title='bbox 540 5775 701 5860; x_wconf 75' lang='lat' dir='ltr'><strong>Rom.</strong></span> <span class='ocrx_word' id='word_1_670' title='bbox 731 5788 787 5858; x_wconf 76' lang='lat' dir='ltr'><strong>et</strong></span> <span class='ocrx_word' id='word_1_671' title='bbox 811 5781 901 5860; x_wconf 71' lang='lat' dir='ltr'><strong>alii</strong></span> <span class='ocrx_word' id='word_1_672' title='bbox 940 5779 1137 5860; x_wconf 75' lang='lat' dir='ltr'><strong>scripti</strong></span> <span class='ocrx_word' id='word_1_673' title='bbox 1161 5781 1311 5850; x_wconf 92' lang='lat' dir='ltr'><strong>cod.,</strong></span> <span class='ocrx_word' id='word_1_674' title='bbox 1337 5775 1523 5837; x_wconf 80' lang='lat' dir='ltr'><strong>rimam</strong></span> <span class='ocrx_word' id='word_1_675' title='bbox 1548 5775 1849 5853; x_wconf 67' lang='lat' dir='ltr'><strong>offensionis</strong></span> <span class='ocrx_word' id='word_1_676' title='bbox 1868 5826 1884 5854; x_wconf 94' lang='lat'><strong>,</strong></span> <span class='ocrx_word' id='word_1_677' title='bbox 1913 5787 2129 5857; x_wconf 81' lang='lat' dir='ltr'><strong>quidam</strong></span> 
     </span>
    </p>
   </div>
   <div class='ocr_carea' id='block_1_91' title="bbox 542 5846 1195 5914">
    <p class='ocr_par' dir='ltr' id='par_1_91' title="bbox 542 5846 1195 5914">
     <span class='ocr_line' id='line_1_91' title="bbox 542 5846 1195 5914; baseline 0.011 -17"><span class='ocrx_word' id='word_1_678' title='bbox 542 5846 896 5914; x_wconf 76' lang='lat' dir='ltr'><strong>confessionis.</strong></span> <span class='ocrx_word' id='word_1_679' title='bbox 930 5846 1195 5904; x_wconf 79' lang='lat' dir='ltr'><strong>Absurde.</strong></span> 
     </span>
    </p>
   </div>
   <div class='ocr_carea' id='block_1_92' title="bbox 617 5915 2130 6000">
    <p class='ocr_par' dir='ltr' id='par_1_92' title="bbox 617 5915 2130 6000">
     <span class='ocr_line' id='line_1_92' title="bbox 617 5915 2130 6000; baseline 0.013 -31"><span class='ocrx_word' id='word_1_680' title='bbox 617 5925 641 5953; x_wconf 78' lang='grc' dir='ltr'><strong>ο</strong></span> <span class='ocrx_word' id='word_1_681' title='bbox 670 5915 825 5970; x_wconf 76' lang='lat' dir='ltr'><strong>Rom.</strong></span> <span class='ocrx_word' id='word_1_682' title='bbox 855 5917 1015 5988; x_wconf 90' lang='lat' dir='ltr'><strong>edit.,</strong></span> <span class='ocrx_word' id='word_1_683' title='bbox 1057 5935 1150 5974; x_wconf 87' lang='lat' dir='ltr'><strong>cur</strong></span> <span class='ocrx_word' id='word_1_684' title='bbox 1170 5923 1450 5979; x_wconf 80' lang='lat' dir='ltr'><strong>testimetur</strong></span> <span class='ocrx_word' id='word_1_685' title='bbox 1492 5928 1658 5997; x_wconf 85' lang='lat' dir='ltr'><strong>tanti;</strong></span> <span class='ocrx_word' id='word_1_686' title='bbox 1700 5937 1837 6000; x_wconf 86' lang='lat' dir='ltr'><strong>vet.,</strong></span> <span class='ocrx_word' id='word_1_687' title='bbox 1866 5945 1961 5987; x_wconf 85' lang='lat' dir='ltr'><strong>cur</strong></span> <span class='ocrx_word' id='word_1_688' title='bbox 1988 5940 2130 5988; x_wconf 85' lang='lat' dir='ltr'><strong>tanta</strong></span> 
     </span>
    </p>
   </div>
   <div class='ocr_carea' id='block_1_93' title="bbox 2208 3356 3782 3430">
    <p class='ocr_par' dir='ltr' id='par_1_93' title="bbox 2208 3356 3782 3430">
     <span class='ocr_line' id='line_1_93' title="bbox 2208 3356 3782 3430; baseline 0.001 -17"><span class='ocrx_word' id='word_1_689' title='bbox 2208 3356 2310 3427; x_wconf 85' lang='lat'><strong>6)?</strong></span> <span class='ocrx_word' id='word_1_690' title='bbox 2339 3356 2542 3413; x_wconf 79' lang='lat' dir='ltr'><strong>Verum</strong></span> <span class='ocrx_word' id='word_1_691' title='bbox 2574 3367 2661 3413; x_wconf 89' lang='lat' dir='ltr'><strong>est</strong></span> <span class='ocrx_word' id='word_1_692' title='bbox 2683 3366 2741 3414; x_wconf 91' lang='lat' dir='ltr'><strong>et</strong></span> <span class='ocrx_word' id='word_1_693' title='bbox 2768 3358 3011 3414; x_wconf 88' lang='lat' dir='ltr'><strong>servitus</strong></span> <span class='ocrx_word' id='word_1_694' title='bbox 3055 3358 3254 3424; x_wconf 87' lang='lat' dir='ltr'><strong>libera,</strong></span> <span class='ocrx_word' id='word_1_695' title='bbox 3284 3374 3413 3430; x_wconf 70' lang='lat' dir='ltr'><strong>qua:</strong></span> <span class='ocrx_word' id='word_1_696' title='bbox 3453 3370 3543 3416; x_wconf 89' lang='lat' dir='ltr'><strong>est</strong></span> <span class='ocrx_word' id='word_1_697' title='bbox 3568 3359 3782 3416; x_wconf 83' lang='lat' dir='ltr'><strong>volunta-</strong></span> 
     </span>
    </p>
   </div>
   <div class='ocr_carea' id='block_1_94' title="bbox 2209 3450 3784 3523">
    <p class='ocr_par' dir='ltr' id='par_1_94' title="bbox 2209 3450 3784 3523">
     <span class='ocr_line' id='line_1_94' title="bbox 2209 3450 3784 3523; baseline 0.002 -17"><span class='ocrx_word' id='word_1_698' title='bbox 2209 3450 2312 3517; x_wconf 90' lang='lat' dir='ltr'><strong>ria,</strong></span> <span class='ocrx_word' id='word_1_699' title='bbox 2335 3450 2404 3506; x_wconf 85' lang='lat' dir='ltr'><strong>de</strong></span> <span class='ocrx_word' id='word_1_700' title='bbox 2428 3464 2535 3521; x_wconf 89' lang='lat' dir='ltr'><strong>qua</strong></span> <span class='ocrx_word' id='word_1_701' title='bbox 2563 3450 2857 3523; x_wconf 82' lang='lat' dir='ltr'><strong>Apostolus</strong></span> <span class='ocrx_word' id='word_1_702' title='bbox 2887 3452 2965 3507; x_wconf 88' lang='lat' dir='ltr'><strong>ait</strong></span> <span class='ocrx_word' id='word_1_703' title='bbox 2991 3469 3006 3505; x_wconf 91' lang='lat'>:</span> <span class='ocrx_word' id='word_1_704' title='bbox 3037 3451 3142 3520; x_wconf 86' lang='lat' dir='ltr'><strong>Qui</strong></span> <span class='ocrx_word' id='word_1_705' title='bbox 3170 3452 3303 3507; x_wconf 81' lang='lat' dir='ltr'><strong>liber</strong></span> <span class='ocrx_word' id='word_1_706' title='bbox 3324 3463 3548 3509; x_wconf 73' lang='lat' dir='ltr'><strong>uocatus</strong></span> <span class='ocrx_word' id='word_1_707' title='bbox 3586 3462 3680 3520; x_wconf 84' lang='lat' dir='ltr'><strong>est,</strong></span> <span class='ocrx_word' id='word_1_708' title='bbox 3704 3468 3784 3508; x_wconf 80' lang='lat' dir='ltr'><strong>ssr-</strong></span> 
     </span>
    </p>
   </div>
   <div class='ocr_carea' id='block_1_95' title="bbox 2209 3541 3784 3617">
    <p class='ocr_par' dir='ltr' id='par_1_95' title="bbox 2209 3541 3784 3617">
     <span class='ocr_line' id='line_1_95' title="bbox 2209 3541 3784 3617; baseline 0.001 -19"><span class='ocrx_word' id='word_1_709' title='bbox 2209 3560 2303 3600; x_wconf 75' lang='lat' dir='ltr'><strong>uus</strong></span> <span class='ocrx_word' id='word_1_710' title='bbox 2319 3552 2393 3599; x_wconf 89' lang='lat' dir='ltr'><strong>est</strong></span> <span class='ocrx_word' id='word_1_711' title='bbox 2419 3541 2615 3600; x_wconf 86' lang='lat' dir='ltr'><strong>Christi</strong></span> <span class='ocrx_word' id='word_1_712' title='bbox 2657 3543 2703 3615; x_wconf 96' lang='lat' dir='ltr'><strong>(l</strong></span> <span class='ocrx_word' id='word_1_713' title='bbox 2750 3542 2872 3600; x_wconf 87' lang='lat' dir='ltr'><strong>Cor.</strong></span> <span class='ocrx_word' id='word_1_714' title='bbox 2903 3560 3008 3611; x_wconf 88' lang='lat' dir='ltr'><strong>vn,</strong></span> <span class='ocrx_word' id='word_1_715' title='bbox 3042 3544 3160 3617; x_wconf 86' lang='lat'><strong>22).</strong></span> <span class='ocrx_word' id='word_1_716' title='bbox 3208 3544 3341 3602; x_wconf 72' lang='lat' dir='ltr'><strong>llazt:</strong></span> <span class='ocrx_word' id='word_1_717' title='bbox 3365 3555 3459 3604; x_wconf 86' lang='lat' dir='ltr'><strong>est</strong></span> <span class='ocrx_word' id='word_1_718' title='bbox 3485 3548 3709 3604; x_wconf 82' lang='lat' dir='ltr'><strong>servitus</strong></span> <span class='ocrx_word' id='word_1_719' title='bbox 3738 3560 3784 3600; x_wconf 74' lang='lat' dir='ltr'><strong>ea</strong></span> 
     </span>
    </p>
   </div>
   <div class='ocr_carea' id='block_1_96' title="bbox 2211 3622 3877 3714">
    <p class='ocr_par' dir='ltr' id='par_1_96' title="bbox 2211 3622 3877 3714">
     <span class='ocr_line' id='line_1_96' title="bbox 2211 3622 3877 3714; baseline 0.003 -21"><span class='ocrx_word' id='word_1_720' title='bbox 2211 3637 2415 3701; x_wconf 90' lang='lat' dir='ltr'><strong>animo,</strong></span> <span class='ocrx_word' id='word_1_721' title='bbox 2449 3653 2557 3694; x_wconf 89' lang='lat' dir='ltr'><strong>non</strong></span> <span class='ocrx_word' id='word_1_722' title='bbox 2578 3653 2646 3694; x_wconf 85' lang='lat' dir='ltr'><strong>ex</strong></span> <span class='ocrx_word' id='word_1_723' title='bbox 2667 3639 3016 3696; x_wconf 87' lang='lat' dir='ltr'><strong>necessitate.</strong></span> <span class='ocrx_word' id='word_1_724' title='bbox 3059 3637 3253 3712; x_wconf 89' lang='lat' dir='ltr'><strong>Itaque</strong></span> <span class='ocrx_word' id='word_1_725' title='bbox 3278 3656 3382 3697; x_wconf 92' lang='lat' dir='ltr'><strong>nos</strong></span> <span class='ocrx_word' id='word_1_726' title='bbox 3430 3644 3579 3698; x_wconf 83' lang='lat' dir='ltr'><strong>servi</strong></span> <span class='ocrx_word' id='word_1_727' title='bbox 3608 3640 3785 3714; x_wconf 70' lang='lat' dir='ltr'><strong>quidea</strong></span> 
     </span>
    </p>
   </div>
   <div class='ocr_carea' id='block_1_97' title="bbox 2214 3730 3788 3798">
    <p class='ocr_par' dir='ltr' id='par_1_97' title="bbox 2214 3730 3788 3798">
     <span class='ocr_line' id='line_1_97' title="bbox 2214 3730 3788 3798; baseline 0.004 -12"><span class='ocrx_word' id='word_1_728' title='bbox 2214 3745 2401 3786; x_wconf 83' lang='lat' dir='ltr'><strong>sumus</strong></span> <span class='ocrx_word' id='word_1_729' title='bbox 2427 3730 2706 3787; x_wconf 85' lang='lat' dir='ltr'><strong>Creatoris</strong></span> <span class='ocrx_word' id='word_1_730' title='bbox 2760 3730 2983 3788; x_wconf 89' lang='lat' dir='ltr'><strong>nostri:</strong></span> <span class='ocrx_word' id='word_1_731' title='bbox 3029 3730 3127 3788; x_wconf 89' lang='lat' dir='ltr'><strong>sed</strong></span> <span class='ocrx_word' id='word_1_732' title='bbox 3175 3732 3495 3791; x_wconf 80' lang='lat' dir='ltr'><strong>libertatem</strong></span> <span class='ocrx_word' id='word_1_733' title='bbox 3542 3734 3788 3798; x_wconf 72' lang='lat' dir='ltr'><strong>habe-tl.</strong></span> 
     </span>
    </p>
   </div>
   <div class='ocr_carea' id='block_1_98' title="bbox 2213 3823 3791 3900">
    <p class='ocr_par' dir='ltr' id='par_1_98' title="bbox 2213 3823 3791 3900">
     <span class='ocr_line' id='line_1_98' title="bbox 2213 3823 3791 3900; baseline 0.003 -21"><span class='ocrx_word' id='word_1_734' title='bbox 2213 3838 2375 3896; x_wconf 90' lang='lat' dir='ltr'><strong>quam</strong></span> <span class='ocrx_word' id='word_1_735' title='bbox 2416 3839 2511 3895; x_wconf 89' lang='lat' dir='ltr'><strong>per</strong></span> <span class='ocrx_word' id='word_1_736' title='bbox 2551 3825 2780 3897; x_wconf 89' lang='lat' dir='ltr'><strong>gratiam</strong></span> <span class='ocrx_word' id='word_1_737' title='bbox 2827 3823 3033 3882; x_wconf 87' lang='lat' dir='ltr'><strong>Christi</strong></span> <span class='ocrx_word' id='word_1_738' title='bbox 3076 3827 3422 3898; x_wconf 89' lang='lat' dir='ltr'><strong>accepimus,</strong></span> <span class='ocrx_word' id='word_1_739' title='bbox 3469 3829 3707 3900; x_wconf 79' lang='lat' dir='ltr'><strong>generati</strong></span> <span class='ocrx_word' id='word_1_740' title='bbox 3741 3840 3791 3883; x_wconf 77' lang='lat' dir='ltr'><strong>es</strong></span> 
     </span>
    </p>
   </div>
   <div class='ocr_carea' id='block_1_99' title="bbox 2214 3923 3791 4000">
    <p class='ocr_par' dir='ltr' id='par_1_99' title="bbox 2214 3923 3791 4000">
     <span class='ocr_line' id='line_1_99' title="bbox 2214 3923 3791 4000; baseline 0.006 -24"><span class='ocrx_word' id='word_1_741' title='bbox 2214 3924 2639 3993; x_wconf 88' lang='lat' dir='ltr'><strong>repromissione</strong></span> <span class='ocrx_word' id='word_1_742' title='bbox 2661 3923 2960 3980; x_wconf 89' lang='lat' dir='ltr'><strong>secundum</strong></span> <span class='ocrx_word' id='word_1_743' title='bbox 2985 3923 3172 3981; x_wconf 90' lang='lat' dir='ltr'><strong>ﬁdem.</strong></span> <span class='ocrx_word' id='word_1_744' title='bbox 3199 3924 3361 3983; x_wconf 87' lang='lat' dir='ltr'><strong>Unde</strong></span> <span class='ocrx_word' id='word_1_745' title='bbox 3388 3929 3554 4000; x_wconf 87' lang='lat' dir='ltr'><strong>quasi</strong></span> <span class='ocrx_word' id='word_1_746' title='bbox 3573 3945 3637 3984; x_wconf 78' lang='lat' dir='ltr'><strong>ex</strong></span> <span class='ocrx_word' id='word_1_747' title='bbox 3656 3927 3791 3985; x_wconf 79' lang='lat' dir='ltr'><strong>libcn</strong></span> 
     </span>
    </p>
   </div>
   <div class='ocr_carea' id='block_1_100' title="bbox 2216 4015 3794 4095">
    <p class='ocr_par' dir='ltr' id='par_1_100' title="bbox 2216 4015 3794 4095">
     <span class='ocr_line' id='line_1_100' title="bbox 2216 4015 3794 4095; baseline 0.002 -23"><span class='ocrx_word' id='word_1_748' title='bbox 2216 4016 2411 4087; x_wconf 88' lang='lat' dir='ltr'><strong>geniti,</strong></span> <span class='ocrx_word' id='word_1_749' title='bbox 2457 4015 2731 4074; x_wconf 87' lang='lat' dir='ltr'><strong>libertatis</strong></span> <span class='ocrx_word' id='word_1_750' title='bbox 2774 4017 3106 4075; x_wconf 90' lang='lat' dir='ltr'><strong>sacriﬁcium</strong></span> <span class='ocrx_word' id='word_1_751' title='bbox 3149 4018 3496 4091; x_wconf 79' lang='lat' dir='ltr'><strong>deferamus,</strong></span> <span class='ocrx_word' id='word_1_752' title='bbox 3551 4021 3794 4095; x_wconf 77' lang='lat' dir='ltr'><strong>signatiia</strong></span> 
     </span>
    </p>
   </div>
   <div class='ocr_carea' id='block_1_101' title="bbox 2219 4108 3793 4180">
    <p class='ocr_par' dir='ltr' id='par_1_101' title="bbox 2219 4108 3793 4180">
     <span class='ocr_line' id='line_1_101' title="bbox 2219 4108 3793 4180; baseline 0.005 -18"><span class='ocrx_word' id='word_1_753' title='bbox 2219 4108 2396 4165; x_wconf 91' lang='lat' dir='ltr'><strong>fronte</strong></span> <span class='ocrx_word' id='word_1_754' title='bbox 2413 4148 2428 4176; x_wconf 91' lang='lat'><strong>,</strong></span> <span class='ocrx_word' id='word_1_755' title='bbox 2453 4109 2593 4165; x_wconf 89' lang='lat' dir='ltr'><strong>sicut</strong></span> <span class='ocrx_word' id='word_1_756' title='bbox 2612 4109 2817 4167; x_wconf 86' lang='lat' dir='ltr'><strong>liberos</strong></span> <span class='ocrx_word' id='word_1_757' title='bbox 2837 4110 3025 4179; x_wconf 85' lang='lat' dir='ltr'><strong>decet;</strong></span> <span class='ocrx_word' id='word_1_758' title='bbox 3055 4121 3114 4168; x_wconf 89' lang='lat' dir='ltr'><strong>ut</strong></span> <span class='ocrx_word' id='word_1_759' title='bbox 3136 4128 3249 4170; x_wconf 91' lang='lat' dir='ltr'><strong>non</strong></span> <span class='ocrx_word' id='word_1_760' title='bbox 3278 4115 3701 4180; x_wconf 87' lang='lat' dir='ltr'><strong>confundamur,</strong></span> <span class='ocrx_word' id='word_1_761' title='bbox 3721 4111 3793 4170; x_wconf 74' lang='lat' dir='ltr'><strong>sed</strong></span> 
     </span>
    </p>
   </div>
   <div class='ocr_carea' id='block_1_102' title="bbox 2220 4205 3794 4282">
    <p class='ocr_par' dir='ltr' id='par_1_102' title="bbox 2220 4205 3794 4282">
     <span class='ocr_line' id='line_1_102' title="bbox 2220 4205 3794 4282; baseline 0.006 -22"><span class='ocrx_word' id='word_1_762' title='bbox 2220 4205 2537 4275; x_wconf 82' lang='lat' dir='ltr'><strong>gloriemur,</strong></span> <span class='ocrx_word' id='word_1_763' title='bbox 2584 4206 2782 4279; x_wconf 85' lang='lat' dir='ltr'><strong>signati</strong></span> <span class='ocrx_word' id='word_1_764' title='bbox 2813 4208 3030 4280; x_wconf 76' lang='lat' dir='ltr'><strong>Spiritu,</strong></span> <span class='ocrx_word' id='word_1_765' title='bbox 3075 4224 3183 4267; x_wconf 92' lang='lat' dir='ltr'><strong>non</strong></span> <span class='ocrx_word' id='word_1_766' title='bbox 3210 4226 3405 4269; x_wconf 90' lang='lat' dir='ltr'><strong>carne.</strong></span> <span class='ocrx_word' id='word_1_767' title='bbox 3451 4212 3656 4282; x_wconf 84' lang='lat' dir='ltr'><strong>Quibus</strong></span> <span class='ocrx_word' id='word_1_768' title='bbox 3679 4218 3794 4269; x_wconf 70' lang='lat' dir='ltr'><strong>recte</strong></span> 
     </span>
    </p>
   </div>
   <div class='ocr_carea' id='block_1_103' title="bbox 2220 4298 3795 4376">
    <p class='ocr_par' dir='ltr' id='par_1_103' title="bbox 2220 4298 3795 4376">
     <span class='ocr_line' id='line_1_103' title="bbox 2220 4298 3795 4376; baseline 0.002 -22"><span class='ocrx_word' id='word_1_769' title='bbox 2220 4298 2419 4355; x_wconf 90' lang='lat' dir='ltr'><strong>dicitur</strong></span> <span class='ocrx_word' id='word_1_770' title='bbox 2447 4317 2462 4354; x_wconf 90' lang='lat'><strong>:</strong></span> <span class='ocrx_word' id='word_1_771' title='bbox 2484 4299 2654 4367; x_wconf 85' lang='lat' dir='ltr'><strong>State,</strong></span> <span class='ocrx_word' id='word_1_772' title='bbox 2686 4308 2735 4355; x_wconf 86' lang='lat' dir='ltr'><strong>et</strong></span> <span class='ocrx_word' id='word_1_773' title='bbox 2761 4302 2921 4357; x_wconf 84' lang='lat' dir='ltr'><strong>nolite</strong></span> <span class='ocrx_word' id='word_1_774' title='bbox 2943 4302 3131 4357; x_wconf 87' lang='lat' dir='ltr'><strong>iterum</strong></span> <span class='ocrx_word' id='word_1_775' title='bbox 3145 4305 3279 4376; x_wconf 82' lang='lat' dir='ltr'><strong>jugo</strong></span> <span class='ocrx_word' id='word_1_776' title='bbox 3304 4299 3795 4360; x_wconf 70' lang='lat' dir='ltr'><strong>servitutist</strong></span> 
     </span>
    </p>
   </div>
   <div class='ocr_carea' id='block_1_104' title="bbox 2225 4391 3795 4466">
    <p class='ocr_par' dir='ltr' id='par_1_104' title="bbox 2225 4391 3795 4466">
     <span class='ocr_line' id='line_1_104' title="bbox 2225 4391 3795 4466; baseline 0.003 -20"><span class='ocrx_word' id='word_1_777' title='bbox 2225 4391 2426 4464; x_wconf 82' lang='lat' dir='ltr'><strong>(Galat.</strong></span> <span class='ocrx_word' id='word_1_778' title='bbox 2453 4408 2508 4459; x_wconf 85' lang='lat' dir='ltr'><strong>v,</strong></span> <span class='ocrx_word' id='word_1_779' title='bbox 2544 4392 2622 4464; x_wconf 84' lang='lat' dir='ltr'><strong>I).</strong></span> <span class='ocrx_word' id='word_1_780' title='bbox 2654 4392 2774 4450; x_wconf 82' lang='lat' dir='ltr'><strong>Non</strong></span> <span class='ocrx_word' id='word_1_781' title='bbox 2819 4394 2957 4452; x_wconf 90' lang='lat' dir='ltr'><strong>dixit</strong></span> <span class='ocrx_word' id='word_1_782' title='bbox 2990 4413 3005 4451; x_wconf 91' lang='lat'><strong>:</strong></span> <span class='ocrx_word' id='word_1_783' title='bbox 3037 4393 3220 4452; x_wconf 76' lang='lat' dir='ltr'><strong>Nolite</strong></span> <span class='ocrx_word' id='word_1_784' title='bbox 3244 4396 3484 4466; x_wconf 82' lang='lat' dir='ltr'><strong>servire,</strong></span> <span class='ocrx_word' id='word_1_785' title='bbox 3530 4397 3632 4455; x_wconf 83' lang='lat' dir='ltr'><strong>sed</strong></span> <span class='ocrx_word' id='word_1_786' title='bbox 3672 4395 3795 4450; x_wconf 66' lang='lat' dir='ltr'><strong>unﬁt:</strong></span> 
     </span>
    </p>
   </div>
   <div class='ocr_carea' id='block_1_105' title="bbox 2215 4488 3792 4565">
    <p class='ocr_par' dir='ltr' id='par_1_105' title="bbox 2215 4488 3792 4565">
     <span class='ocr_line' id='line_1_105' title="bbox 2215 4488 3792 4565; baseline 0.003 -25"><span class='ocrx_word' id='word_1_787' title='bbox 2215 4488 2346 4559; x_wconf 85' lang='lat' dir='ltr'><strong>jugo</strong></span> <span class='ocrx_word' id='word_1_788' title='bbox 2365 4488 2625 4544; x_wconf 80' lang='lat' dir='ltr'><strong>servitutis</strong></span> <span class='ocrx_word' id='word_1_789' title='bbox 2651 4490 2940 4563; x_wconf 71' lang='lat' dir='ltr'><strong>contineri;</strong></span> <span class='ocrx_word' id='word_1_790' title='bbox 2962 4500 3048 4548; x_wconf 89' lang='lat' dir='ltr'><strong>est</strong></span> <span class='ocrx_word' id='word_1_791' title='bbox 3072 4491 3220 4548; x_wconf 91' lang='lat' dir='ltr'><strong>enim</strong></span> <span class='ocrx_word' id='word_1_792' title='bbox 3249 4493 3482 4563; x_wconf 83' lang='lat' dir='ltr'><strong>gravius</strong></span> <span class='ocrx_word' id='word_1_793' title='bbox 3502 4493 3687 4565; x_wconf 79' lang='lat' dir='ltr'><strong>jngurn</strong></span> <span class='ocrx_word' id='word_1_794' title='bbox 3704 4503 3792 4545; x_wconf 80' lang='lat' dir='ltr'><strong>ser-</strong></span> 
     </span>
    </p>
   </div>
   <div class='ocr_carea' id='block_1_106' title="bbox 2225 4582 2907 4654">
    <p class='ocr_par' dir='ltr' id='par_1_106' title="bbox 2225 4582 2907 4654">
     <span class='ocr_line' id='line_1_106' title="bbox 2225 4582 2907 4654; baseline 0.007 -17"><span class='ocrx_word' id='word_1_795' title='bbox 2225 4582 2432 4651; x_wconf 87' lang='lat' dir='ltr'><strong>vitutis,</strong></span> <span class='ocrx_word' id='word_1_796' title='bbox 2460 4598 2624 4654; x_wconf 89' lang='lat' dir='ltr'><strong>quam</strong></span> <span class='ocrx_word' id='word_1_797' title='bbox 2647 4585 2907 4642; x_wconf 86' lang='lat' dir='ltr'><strong>servitus.</strong></span> 
     </span>
    </p>
   </div>
   <div class='ocr_carea' id='block_1_107' title="bbox 2148 4659 3794 4756">
    <p class='ocr_par' dir='ltr' id='par_1_107' title="bbox 2148 4659 3794 4756">
     <span class='ocr_line' id='line_1_107' title="bbox 2148 4659 3794 4756; baseline 0 -18"><span class='ocrx_word' id='word_1_798' title='bbox 2148 4675 2203 4738; x_wconf 91' lang='lat' dir='ltr'><strong>D</strong></span> <span class='ocrx_word' id='word_1_799' title='bbox 2300 4678 2354 4734; x_wconf 71' lang='grc'><strong>4.</strong></span> <span class='ocrx_word' id='word_1_800' title='bbox 2399 4677 2646 4751; x_wconf 87' lang='lat' dir='ltr'><strong>Denique</strong></span> <span class='ocrx_word' id='word_1_801' title='bbox 2676 4679 2829 4737; x_wconf 87' lang='lat' dir='ltr'><strong>Isaac</strong></span> <span class='ocrx_word' id='word_1_802' title='bbox 2857 4680 2969 4737; x_wconf 88' lang='lat' dir='ltr'><strong>ﬁlio</strong></span> <span class='ocrx_word' id='word_1_803' title='bbox 3004 4659 3110 4737; x_wconf 84' lang='lat' dir='ltr'><strong>suo</strong></span> <span class='ocrx_word' id='word_1_804' title='bbox 3138 4681 3284 4739; x_wconf 84' lang='lat' dir='ltr'><strong>Esau</strong></span> <span class='ocrx_word' id='word_1_805' title='bbox 3334 4685 3555 4756; x_wconf 84' lang='lat' dir='ltr'><strong>petenti</strong></span> <span class='ocrx_word' id='word_1_806' title='bbox 3584 4680 3794 4740; x_wconf 60' lang='grc' dir='ltr'><strong>δευώίι</strong></span> 
     </span>
    </p>
   </div>
   <div class='ocr_carea' id='block_1_108' title="bbox 2223 4771 3795 4837">
    <p class='ocr_par' dir='ltr' id='par_1_108' title="bbox 2223 4771 3795 4837">
     <span class='ocr_line' id='line_1_108' title="bbox 2223 4771 3795 4837; baseline 0.006 -10"><span class='ocrx_word' id='word_1_807' title='bbox 2223 4771 2429 4829; x_wconf 84' lang='lat' dir='ltr'><strong>tionem</strong></span> <span class='ocrx_word' id='word_1_808' title='bbox 2457 4773 2532 4828; x_wconf 89' lang='lat' dir='ltr'><strong>ait</strong></span> <span class='ocrx_word' id='word_1_809' title='bbox 2559 4790 2573 4828; x_wconf 89' lang='lat'><strong>:</strong></span> <span class='ocrx_word' id='word_1_810' title='bbox 2606 4772 2743 4830; x_wconf 84' lang='lat' dir='ltr'><strong>Ecce</strong></span> <span class='ocrx_word' id='word_1_811' title='bbox 2783 4776 2849 4830; x_wconf 88' lang='lat' dir='ltr'><strong>ab</strong></span> <span class='ocrx_word' id='word_1_812' title='bbox 2873 4774 3103 4831; x_wconf 82' lang='lat' dir='ltr'><strong>ubertate</strong></span> <span class='ocrx_word' id='word_1_813' title='bbox 3141 4785 3295 4833; x_wconf 77' lang='lat' dir='ltr'><strong>teme</strong></span> <span class='ocrx_word' id='word_1_814' title='bbox 3319 4779 3420 4832; x_wconf 88' lang='lat' dir='ltr'><strong>erit</strong></span> <span class='ocrx_word' id='word_1_815' title='bbox 3450 4777 3543 4833; x_wconf 86' lang='lat' dir='ltr'><strong>tibi</strong></span> <span class='ocrx_word' id='word_1_816' title='bbox 3568 4773 3795 4837; x_wconf 64' lang='lat' dir='ltr'><strong>Ws</strong></span> 
     </span>
    </p>
   </div>
   <div class='ocr_carea' id='block_1_109' title="bbox 2225 4866 3796 4943">
    <p class='ocr_par' dir='ltr' id='par_1_109' title="bbox 2225 4866 3796 4943">
     <span class='ocr_line' id='line_1_109' title="bbox 2225 4866 3796 4943; baseline 0.004 -22"><span class='ocrx_word' id='word_1_817' title='bbox 2225 4875 2275 4921; x_wconf 86' lang='lat' dir='ltr'><strong>et</strong></span> <span class='ocrx_word' id='word_1_818' title='bbox 2303 4882 2336 4920; x_wconf 87' lang='lat' dir='ltr'><strong>a</strong></span> <span class='ocrx_word' id='word_1_819' title='bbox 2361 4882 2476 4922; x_wconf 90' lang='lat' dir='ltr'><strong>rore</strong></span> <span class='ocrx_word' id='word_1_820' title='bbox 2509 4866 2623 4921; x_wconf 75' lang='lat' dir='ltr'><strong>cali</strong></span> <span class='ocrx_word' id='word_1_821' title='bbox 2666 4883 2869 4922; x_wconf 80' lang='lat' dir='ltr'><strong>suntme</strong></span> <span class='ocrx_word' id='word_1_822' title='bbox 2897 4883 2917 4922; x_wconf 90' lang='lat'><strong><em>:</em></strong></span> <span class='ocrx_word' id='word_1_823' title='bbox 2955 4878 3003 4923; x_wconf 88' lang='lat' dir='ltr'><strong>et</strong></span> <span class='ocrx_word' id='word_1_824' title='bbox 3027 4884 3187 4940; x_wconf 85' lang='lat' dir='ltr'><strong>super</strong></span> <span class='ocrx_word' id='word_1_825' title='bbox 3211 4868 3456 4943; x_wconf 71' lang='lat' dir='ltr'><strong>gladium</strong></span> <span class='ocrx_word' id='word_1_826' title='bbox 3493 4882 3639 4928; x_wconf 64' lang='lat' dir='ltr'><strong>tum</strong></span> <span class='ocrx_word' id='word_1_827' title='bbox 3663 4869 3796 4927; x_wconf 71' lang='lat' dir='ltr'><strong>sila.</strong></span> 
     </span>
    </p>
   </div>
   <div class='ocr_carea' id='block_1_110' title="bbox 2228 4954 3799 5035">
    <p class='ocr_par' dir='ltr' id='par_1_110' title="bbox 2228 4954 3799 5035">
     <span class='ocr_line' id='line_1_110' title="bbox 2228 4954 3799 5035; baseline -0.001 -22"><span class='ocrx_word' id='word_1_828' title='bbox 2228 4967 2276 5013; x_wconf 88' lang='lat' dir='ltr'><strong>et</strong></span> <span class='ocrx_word' id='word_1_829' title='bbox 2303 4958 2490 5014; x_wconf 74' lang='lat' dir='ltr'><strong>servies</strong></span> <span class='ocrx_word' id='word_1_830' title='bbox 2515 4958 2669 5029; x_wconf 73' lang='lat' dir='ltr'><strong>fratri</strong></span> <span class='ocrx_word' id='word_1_831' title='bbox 2692 4968 2802 5014; x_wconf 89' lang='lat' dir='ltr'><strong>tuo.</strong></span> <span class='ocrx_word' id='word_1_832' title='bbox 2836 4957 2954 5014; x_wconf 84' lang='lat' dir='ltr'><strong>Erit</strong></span> <span class='ocrx_word' id='word_1_833' title='bbox 2973 4969 3144 5016; x_wconf 72' lang='lat' dir='ltr'><strong>auum</strong></span> <span class='ocrx_word' id='word_1_834' title='bbox 3177 4978 3296 5017; x_wconf 75' lang='lat' dir='ltr'><strong>cum</strong></span> <span class='ocrx_word' id='word_1_835' title='bbox 3318 4962 3629 5035; x_wconf 81' lang='lat' dir='ltr'><strong>deposueris</strong></span> <span class='ocrx_word' id='word_1_836' title='bbox 3654 4971 3699 5016; x_wconf 81' lang='lat' dir='ltr'><strong>et</strong></span> <span class='ocrx_word' id='word_1_837' title='bbox 3719 4954 3799 5012; x_wconf 71' lang='lat' dir='ltr'><strong>ssi-</strong></span> 
     </span>
    </p>
   </div>
   <div class='ocr_carea' id='block_1_111' title="bbox 2231 5049 3795 5127">
    <p class='ocr_par' dir='ltr' id='par_1_111' title="bbox 2231 5049 3795 5127">
     <span class='ocr_line' id='line_1_111' title="bbox 2231 5049 3795 5127; baseline 0.001 -21"><span class='ocrx_word' id='word_1_838' title='bbox 2231 5053 2364 5107; x_wconf 84' lang='lat' dir='ltr'><strong>ueris</strong></span> <span class='ocrx_word' id='word_1_839' title='bbox 2393 5056 2585 5127; x_wconf 85' lang='lat' dir='ltr'><strong>jugum</strong></span> <span class='ocrx_word' id='word_1_840' title='bbox 2628 5053 2771 5109; x_wconf 88' lang='lat' dir='ltr'><strong>illius</strong></span> <span class='ocrx_word' id='word_1_841' title='bbox 2801 5071 2835 5108; x_wconf 90' lang='lat' dir='ltr'><strong>a</strong></span> <span class='ocrx_word' id='word_1_842' title='bbox 2858 5054 2997 5110; x_wconf 88' lang='lat' dir='ltr'><strong>collo</strong></span> <span class='ocrx_word' id='word_1_843' title='bbox 3037 5063 3132 5110; x_wconf 86' lang='lat' dir='ltr'><strong>&#39;tuo</strong></span> <span class='ocrx_word' id='word_1_844' title='bbox 3171 5056 3194 5127; x_wconf 84' lang='lat'>(</span> <span class='ocrx_word' id='word_1_845' title='bbox 3211 5054 3349 5112; x_wconf 82' lang='lat' dir='ltr'><strong>Gen.</strong></span> <span class='ocrx_word' id='word_1_846' title='bbox 3387 5072 3537 5113; x_wconf 81' lang='lat' dir='ltr'><strong>xxvtt</strong></span> <span class='ocrx_word' id='word_1_847' title='bbox 3560 5100 3577 5125; x_wconf 90' lang='lat'><strong>,</strong></span> <span class='ocrx_word' id='word_1_848' title='bbox 3601 5054 3685 5119; x_wconf 75' lang='lat'><strong>59,</strong></span> <span class='ocrx_word' id='word_1_849' title='bbox 3708 5049 3795 5119; x_wconf 66' lang='lat'><strong>40).</strong></span> 
     </span>
    </p>
   </div>
   <div class='ocr_carea' id='block_1_112' title="bbox 2231 5144 3800 5216">
    <p class='ocr_par' dir='ltr' id='par_1_112' title="bbox 2231 5144 3800 5216">
     <span class='ocr_line' id='line_1_112' title="bbox 2231 5144 3800 5216; baseline -0.001 -13"><span class='ocrx_word' id='word_1_850' title='bbox 2231 5146 2519 5215; x_wconf 86' lang='lat' dir='ltr'><strong>Quomodo</strong></span> <span class='ocrx_word' id='word_1_851' title='bbox 2546 5147 2688 5204; x_wconf 90' lang='lat' dir='ltr'><strong>istud</strong></span> <span class='ocrx_word' id='word_1_852' title='bbox 2716 5146 2996 5216; x_wconf 88' lang='lat' dir='ltr'><strong>convenit,</strong></span> <span class='ocrx_word' id='word_1_853' title='bbox 3021 5159 3081 5204; x_wconf 89' lang='lat' dir='ltr'><strong>ut</strong></span> <span class='ocrx_word' id='word_1_854' title='bbox 3100 5149 3328 5216; x_wconf 85' lang='lat' dir='ltr'><strong>serviat,</strong></span> <span class='ocrx_word' id='word_1_855' title='bbox 3353 5166 3482 5209; x_wconf 89' lang='lat' dir='ltr'><strong>cum</strong></span> <span class='ocrx_word' id='word_1_856' title='bbox 3512 5144 3800 5215; x_wconf 70' lang='lat' dir='ltr'><strong>solreritjs—</strong></span> 
     </span>
    </p>
   </div>
   <div class='ocr_carea' id='block_1_113' title="bbox 2231 5238 3802 5314">
    <p class='ocr_par' dir='ltr' id='par_1_113' title="bbox 2231 5238 3802 5314">
     <span class='ocr_line' id='line_1_113' title="bbox 2231 5238 3802 5314; baseline 0.001 -17"><span class='ocrx_word' id='word_1_857' title='bbox 2231 5257 2357 5314; x_wconf 91' lang='lat' dir='ltr'><strong>gum</strong></span> <span class='ocrx_word' id='word_1_858' title='bbox 2383 5240 2566 5297; x_wconf 88' lang='lat' dir='ltr'><strong>fratris</strong></span> <span class='ocrx_word' id='word_1_859' title='bbox 2599 5256 2631 5296; x_wconf 90' lang='lat' dir='ltr'><strong>a</strong></span> <span class='ocrx_word' id='word_1_860' title='bbox 2667 5241 2813 5298; x_wconf 91' lang='lat' dir='ltr'><strong>collo</strong></span> <span class='ocrx_word' id='word_1_861' title='bbox 2843 5256 2966 5311; x_wconf 82' lang='lat' dir='ltr'><strong>suo,</strong></span> <span class='ocrx_word' id='word_1_862' title='bbox 2994 5243 3099 5299; x_wconf 91' lang='lat' dir='ltr'><strong>nisi</strong></span> <span class='ocrx_word' id='word_1_863' title='bbox 3124 5242 3448 5301; x_wconf 87' lang='lat' dir='ltr'><strong>distantiam</strong></span> <span class='ocrx_word' id='word_1_864' title='bbox 3476 5260 3602 5302; x_wconf 85' lang='lat' dir='ltr'><strong>esse</strong></span> <span class='ocrx_word' id='word_1_865' title='bbox 3641 5238 3802 5299; x_wconf 62' lang='lat' dir='ltr'><strong>intrii-</strong></span> 
     </span>
    </p>
   </div>
   <div class='ocr_carea' id='block_1_114' title="bbox 2237 5361 3799 5430">
    <p class='ocr_par' dir='ltr' id='par_1_114' title="bbox 2237 5361 3799 5430">
     <span class='ocr_line' id='line_1_114' title="bbox 2237 5361 3799 5430; baseline 0.004 -15"><span class='ocrx_word' id='word_1_866' title='bbox 2237 5361 2550 5429; x_wconf 78' lang='lat' dir='ltr'><strong>wstimetur;</strong></span> <span class='ocrx_word' id='word_1_867' title='bbox 2600 5376 2792 5419; x_wconf 82' lang='lat' dir='ltr'><strong>omnes</strong></span> <span class='ocrx_word' id='word_1_868' title='bbox 2838 5377 2973 5419; x_wconf 88' lang='lat' dir='ltr'><strong>vero</strong></span> <span class='ocrx_word' id='word_1_869' title='bbox 3003 5378 3136 5420; x_wconf 90' lang='lat' dir='ltr'><strong>mss.</strong></span> <span class='ocrx_word' id='word_1_870' title='bbox 3183 5363 3402 5422; x_wconf 88' lang='lat' dir='ltr'><strong>addunt</strong></span> <span class='ocrx_word' id='word_1_871' title='bbox 3449 5366 3684 5430; x_wconf 74' lang='lat' dir='ltr'><strong>nostin;</strong></span> <span class='ocrx_word' id='word_1_872' title='bbox 3720 5371 3799 5416; x_wconf 56' lang='lat' dir='ltr'><strong>Ia</strong></span> 
     </span>
    </p>
   </div>
   <div class='ocr_carea' id='block_1_115' title="bbox 2239 5432 3311 5506">
    <p class='ocr_par' dir='ltr' id='par_1_115' title="bbox 2239 5432 3311 5506">
     <span class='ocr_line' id='line_1_115' title="bbox 2239 5432 3311 5506; baseline 0.005 -19"><span class='ocrx_word' id='word_1_873' title='bbox 2239 5432 2385 5506; x_wconf 74' lang='lat' dir='ltr'><strong>male</strong></span> <span class='ocrx_word' id='word_1_874' title='bbox 2407 5448 2538 5506; x_wconf 10' lang='lat' dir='ltr'><strong>cum!</strong></span> <span class='ocrx_word' id='word_1_875' title='bbox 2560 5432 2647 5489; x_wconf 87' lang='lat' dir='ltr'><strong>hic</strong></span> <span class='ocrx_word' id='word_1_876' title='bbox 2674 5433 2818 5506; x_wconf 87' lang='lat' dir='ltr'><strong>idem</strong></span> <span class='ocrx_word' id='word_1_877' title='bbox 2840 5444 3000 5492; x_wconf 91' lang='lat' dir='ltr'><strong>sonet</strong></span> <span class='ocrx_word' id='word_1_878' title='bbox 3017 5450 3083 5492; x_wconf 87' lang='lat' dir='ltr'><strong>ac</strong></span> <span class='ocrx_word' id='word_1_879' title='bbox 3108 5437 3311 5506; x_wconf 90' lang='lat' dir='ltr'><strong>pretio.</strong></span> 
     </span>
    </p>
   </div>
   <div class='ocr_carea' id='block_1_116' title="bbox 2297 5499 3800 5587">
    <p class='ocr_par' dir='ltr' id='par_1_116' title="bbox 2297 5499 3800 5587">
     <span class='ocr_line' id='line_1_116' title="bbox 2297 5499 3800 5587; baseline 0.005 -30"><span class='ocrx_word' id='word_1_880' title='bbox 2297 5502 2336 5587; x_wconf 66' lang='lat' dir='ltr'><strong>fl</strong></span> <span class='ocrx_word' id='word_1_881' title='bbox 2358 5504 2544 5587; x_wconf 70' lang='lat' dir='ltr'><strong>Latini</strong></span> <span class='ocrx_word' id='word_1_882' title='bbox 2568 5504 2948 5575; x_wconf 79' lang='lat' dir='ltr'><strong>exhaeredant,</strong></span> <span class='ocrx_word' id='word_1_883' title='bbox 2968 5499 3142 5587; x_wconf 66' lang='lat' dir='ltr'><strong>Graeci</strong></span> <span class='ocrx_word' id='word_1_884' title='bbox 3168 5508 3444 5587; x_wconf 64' lang='lat' dir='ltr'><strong>abdicant</strong></span> <span class='ocrx_word' id='word_1_885' title='bbox 3469 5527 3484 5565; x_wconf 88' lang='lat'><strong>:</strong></span> <span class='ocrx_word' id='word_1_886' title='bbox 3515 5510 3620 5587; x_wconf 74' lang='lat' dir='ltr'><strong>hoc</strong></span> 
     </span>
    </p>
   </div>
   <div class='ocr_carea' id='block_1_117' title="bbox 2238 5577 3801 5648">
    <p class='ocr_par' dir='ltr' id='par_1_117' title="bbox 2238 5577 3801 5648">
     <span class='ocr_line' id='line_1_117' title="bbox 2238 5577 3801 5648; baseline 0.004 -19"><span class='ocrx_word' id='word_1_887' title='bbox 2238 5577 2403 5631; x_wconf 84' lang='lat' dir='ltr'><strong>mittis</strong></span> <span class='ocrx_word' id='word_1_888' title='bbox 2424 5580 2565 5631; x_wconf 90' lang='lat' dir='ltr'><strong>inter</strong></span> <span class='ocrx_word' id='word_1_889' title='bbox 2585 5587 2898 5648; x_wconf 87' lang='lat' dir='ltr'><strong>utrumque,</strong></span> <span class='ocrx_word' id='word_1_890' title='bbox 2915 5578 3059 5648; x_wconf 89' lang='lat' dir='ltr'><strong>quod</strong></span> <span class='ocrx_word' id='word_1_891' title='bbox 3086 5579 3409 5638; x_wconf 86' lang='lat' dir='ltr'><strong>abdicamus</strong></span> <span class='ocrx_word' id='word_1_892' title='bbox 3429 5584 3486 5638; x_wconf 90' lang='lat' dir='ltr'><strong>in</strong></span> <span class='ocrx_word' id='word_1_893' title='bbox 3507 5585 3639 5646; x_wconf 83' lang='lat' dir='ltr'><strong>vita,</strong></span> <span class='ocrx_word' id='word_1_894' title='bbox 3659 5577 3801 5636; x_wconf 63' lang='grc' dir='ltr'><strong>ιιιῦ</strong></span> 
     </span>
    </p>
   </div>
   <div class='ocr_carea' id='block_1_118' title="bbox 2238 5649 3797 5730">
    <p class='ocr_par' dir='ltr' id='par_1_118' title="bbox 2238 5649 3797 5730">
     <span class='ocr_line' id='line_1_118' title="bbox 2238 5649 3797 5730; baseline 0.005 -29"><span class='ocrx_word' id='word_1_895' title='bbox 2238 5649 2570 5730; x_wconf 67' lang='lat' dir='ltr'><strong>redamusin</strong></span> <span class='ocrx_word' id='word_1_896' title='bbox 2600 5658 2799 5704; x_wconf 86' lang='lat' dir='ltr'><strong>morte.</strong></span> <span class='ocrx_word' id='word_1_897' title='bbox 2817 5649 3099 5730; x_wconf 79' lang='lat' dir='ltr'><strong>_Abdicato</strong></span> <span class='ocrx_word' id='word_1_898' title='bbox 3124 5655 3310 5730; x_wconf 72' lang='lat' dir='ltr'><strong>statim</strong></span> <span class='ocrx_word' id='word_1_899' title='bbox 3337 5655 3513 5730; x_wconf 81' lang='lat' dir='ltr'><strong>gratia</strong></span> <span class='ocrx_word' id='word_1_900' title='bbox 3534 5659 3797 5730; x_wconf 56' lang='grc' dir='ltr'><strong>μυραίνης</strong></span> 
     </span>
    </p>
   </div>
   <div class='ocr_carea' id='block_1_119' title="bbox 2234 5721 3797 5793">
    <p class='ocr_par' dir='ltr' id='par_1_119' title="bbox 2234 5721 3797 5793">
     <span class='ocr_line' id='line_1_119' title="bbox 2234 5721 3797 5793; baseline 0.002 -20"><span class='ocrx_word' id='word_1_901' title='bbox 2234 5721 2432 5793; x_wconf 83' lang='lat' dir='ltr'><strong>jusque</strong></span> <span class='ocrx_word' id='word_1_902' title='bbox 2477 5721 2769 5793; x_wconf 68' lang='lat' dir='ltr'><strong>liberorum</strong></span> <span class='ocrx_word' id='word_1_903' title='bbox 2799 5721 3101 5793; x_wconf 80' lang='lat' dir='ltr'><strong>denegatur</strong></span> <span class='ocrx_word' id='word_1_904' title='bbox 3125 5742 3140 5778; x_wconf 91' lang='lat'><strong>:</strong></span> <span class='ocrx_word' id='word_1_905' title='bbox 3169 5721 3552 5781; x_wconf 58' lang='lat' dir='ltr'><strong>exbmredato&#39;</strong></span> <span class='ocrx_word' id='word_1_906' title='bbox 3572 5724 3797 5779; x_wconf 51' lang='lat' dir='ltr'><strong>suone!”</strong></span> 
     </span>
    </p>
   </div>
   <div class='ocr_carea' id='block_1_120' title="bbox 2234 5790 3794 5918">
    <p class='ocr_par' dir='ltr' id='par_1_120' title="bbox 2234 5790 3794 5918">
     <span class='ocr_line' id='line_1_120' title="bbox 2238 5790 3794 5869; baseline 0.006 -26"><span class='ocrx_word' id='word_1_907' title='bbox 2238 5791 2531 5846; x_wconf 89' lang='lat' dir='ltr'><strong>bonorum.</strong></span> <span class='ocrx_word' id='word_1_908' title='bbox 2555 5790 2661 5847; x_wconf 89' lang='lat' dir='ltr'><strong>Per</strong></span> <span class='ocrx_word' id='word_1_909' title='bbox 2680 5792 2904 5865; x_wconf 87' lang='lat' dir='ltr'><strong>pignora</strong></span> <span class='ocrx_word' id='word_1_910' title='bbox 2925 5790 3106 5851; x_wconf 71' lang='lat' dir='ltr'><strong>autem</strong></span> <span class='ocrx_word' id='word_1_911' title='bbox 3129 5795 3223 5851; x_wconf 88' lang='lat' dir='ltr'><strong>hic</strong></span> <span class='ocrx_word' id='word_1_912' title='bbox 3240 5797 3600 5869; x_wconf 76' lang='lat' dir='ltr'><strong>intelligimus</strong></span> <span class='ocrx_word' id='word_1_913' title='bbox 3617 5794 3794 5846; x_wconf 71' lang='grc' dir='ltr'><strong>ιῶεπε·</strong></span> 
     </span>
     <span class='ocr_line' id='line_1_121' title="bbox 2234 5861 3359 5918; baseline 0.006 -2"><span class='ocrx_word' id='word_1_914' title='bbox 2234 5861 2313 5916; x_wconf 86' lang='lat' dir='ltr'><strong>lta</strong></span> <span class='ocrx_word' id='word_1_915' title='bbox 2332 5861 2597 5918; x_wconf 85' lang='lat' dir='ltr'><strong>Nannius.</strong></span> <span class='ocrx_word' id='word_1_916' title='bbox 3348 5904 3359 5915; x_wconf 74' lang='grc' dir='ltr'><strong><em>ο</em></strong></span> 
     </span>
    </p>
   </div>
   <div class='ocr_carea' id='block_1_121' title="bbox 2285 5877 2597 5920">
    <p class='ocr_par' dir='ltr' id='par_1_121' title="bbox 2285 5877 2597 5920">
     <span class='ocr_line' id='line_1_122' title="bbox 2285 5877 2597 5920; baseline 0.003 -3"><span class='ocrx_word' id='word_1_917' title='bbox 2285 5877 2313 5916; x_wconf 76' lang='lat' dir='ltr'><strong>il</strong></span> <span class='ocrx_word' id='word_1_918' title='bbox 2332 5877 2597 5920; x_wconf 70' lang='lat' dir='ltr'><strong>uanntus.</strong></span> 
     </span>
    </p>
   </div>
   <div class='ocr_carea' id='block_1_122' title="bbox 2314 5904 3795 6011">
    <p class='ocr_par' dir='ltr' id='par_1_122' title="bbox 2314 5904 3795 6011">
     <span class='ocr_line' id='line_1_123' title="bbox 2314 5904 3795 6011; baseline 0.001 -22"><span class='ocrx_word' id='word_1_919' title='bbox 2314 5942 2337 5972; x_wconf 80' lang='grc' dir='ltr'>ο</span> <span class='ocrx_word' id='word_1_920' title='bbox 2378 5904 2745 6008; x_wconf 51' lang='grc' dir='ltr'><strong>Βίεξίῗίίῳιοῑ</strong></span> <span class='ocrx_word' id='word_1_921' title='bbox 2760 5979 2775 6007; x_wconf 86' lang='grc'>,</span> <span class='ocrx_word' id='word_1_922' title='bbox 2806 5953 2921 6011; x_wconf 72' lang='lat' dir='ltr'><strong>qua:</strong></span> <span class='ocrx_word' id='word_1_923' title='bbox 2943 5940 3114 6008; x_wconf 86' lang='lat' dir='ltr'><strong>major</strong></span> <span class='ocrx_word' id='word_1_924' title='bbox 3140 5904 3359 5995; x_wconf 73' lang='lat' dir='ltr'><strong>libertas</strong></span> <span class='ocrx_word' id='word_1_925' title='bbox 3378 5947 3477 5992; x_wconf 84' lang='lat' dir='ltr'><strong>est.</strong></span> <span class='ocrx_word' id='word_1_926' title='bbox 3496 5936 3566 5994; x_wconf 82' lang='lat' dir='ltr'><strong>Et</strong></span> <span class='ocrx_word' id='word_1_927' title='bbox 3585 5932 3673 5991; x_wconf 77' lang='lat' dir='ltr'><strong>alii</strong></span> <span class='ocrx_word' id='word_1_928' title='bbox 3694 5940 3795 5986; x_wconf 64' lang='lat' dir='ltr'><strong>MP</strong></span> 
     </span>
    </p>
   </div>
  </div>
