3932 6296
178 292 303 353 1265

1328 292 1818 383 Εριετοιιιιιιιι
1853 294 2133 355 σιΑεειε
2170 296 2235 352 ιι.

3320 296 3464 354 1266

172 424 349 482 gamus
375 411 694 468 servitutis?
720 411 852 481 Quae
874 411 1039 484 igitur
1069 412 1142 467 sit
1166 410 1492 480 diﬁ‘erentia,
1518 413 1633 484 ipsa
1656 427 1756 469 no-
1785 414 1839 477 Α
1864 413 2004 470 ritas
2031 415 2180 471 enim
2209 411 2477 470 libertatis
2502 454 2516 480 ,
2566 411 2731 468 timor
2754 413 3035 469 servitutis
3060 423 3163 471 est.
3185 415 3278 473 Est
3302 416 3467 488 igitur

171 502 247 560 bis
272 514 507 577 exponat
533 506 712 563 lectio.
742 506 924 562 Bonus
948 506 1118 575 Isaac,
1150 515 1206 562 et
1244 505 1420 562 bonus
1451 504 1631 573 nobis,
1665 507 1757 579 qui

169 597 457 654 secundum
489 599 664 669 ipsum
695 598 749 654 in
775 599 1082 656 libertatem
1129 598 1405 655 nascimur
1434 615 1448 654 :
1479 608 1535 655 et
1582 600 1757 655 bonus

168 698 313 762 pater
332 689 549 763 utrique
570 691 702 747 ﬁlio.
736 692 977 765 Denique
1006 691 1150 764 quod
1172 699 1460 763 utrumque
1484 691 1754 763 diligeret,

169 782 303 839 circa
327 783 557 839 alterum
586 782 782 840 affectu
822 784 1093 855 probavit,
1126 785 1270 839 circa
1315 783 1545 839 alterum
1588 784 1753 839 bene-

168 877 427 947 dictione;
457 878 660 935 seniori
683 878 829 934 enim
858 878 972 934 filio
1011 877 1241 943 dixerat,
1277 884 1335 932 nt
1371 875 1550 931 cibum
1577 874 1758 931 defer-

168 982 246 1030 ret
270 973 394 1039 sibi,
425 980 483 1030 et
514 972 791 1045 acciperet
829 972 1263 1029 benedictionem
1295 988 1308 1026 :
1348 969 1444 1027 sed
1490 969 1617 1025 dum
1666 969 1757 1027 ille

164 1083 366 1124 moram
406 1067 556 1136 facit,
598 1076 654 1125 et
681 1068 863 1124 cibum
889 1079 1161 1140 agrestem
1188 1076 1244 1123 et
1270 1067 1540 1123 forensem
1574 1067 1755 1138 requi-

166 1162 250 1228 rit,
277 1163 443 1218 frater
462 1161 648 1233 junior
673 1161 1032 1217 domesticum
1058 1160 1250 1216 detulit
1278 1175 1343 1216 ex
1368 1158 1548 1215 ovium
1571 1172 1755 1231 grege.

232 1255 285 1312 5.
324 1254 511 1311 Bonus
538 1253 691 1311 cihtts
716 1254 960 1310 omnium
990 1251 1244 1309 Christus
1273 1262 1379 1321 est,
1409 1250 1587 1307 bonus
1603 1250 1757 1305 cibus

164 1356 243 1405 est
269 1346 424 1413 ﬁdes,
456 1348 637 1404 suavis
675 1346 829 1404 cibus
852 1346 1260 1412 misericordia,
1287 1345 1561 1418 jucundus
1601 1344 1757 1400 cibus

162 1442 349 1514 gratia.
380 1441 493 1498 llos
520 1441 675 1499 cibos
706 1442 958 1512 epulatur
987 1441 1219 1512 populus
1242 1439 1506 1496 Ecclesia:
1531 1448 1753 1495 sanetae.

162 1536 338 1594 Bonus
388 1536 544 1593 cibus
582 1536 807 1608 spiritus
839 1535 955 1601 Dei,
1006 1536 1181 1592 bonus
1224 1536 1378 1592 cibus
1410 1543 1755 1609 peccatorum

161 1630 427 1687 remissio.
456 1629 528 1686 At
556 1645 691 1686 vero
719 1629 812 1687 ille
861 1627 1146 1700 praedurus
1184 1629 1341 1685 cibus
1382 1631 1531 1700 rigor
1559 1628 1754 1701 Legis,

160 1733 437 1796 terrorque
461 1738 745 1795 prunarum
782 1745 797 1782 :
836 1723 1068 1795 agrestis
1107 1723 1263 1778 cibus
1292 1722 1637 1779 observantia
1668 1721 1757 1777 lit-

1862 517 1918 565 et
1945 508 2185 565 charitas
2213 507 2369 579 legis,
2403 516 2457 563 et
2478 507 2713 563 servitus
2754 506 3080 563 charitatis:
3114 508 3209 565 sed
3231 509 3319 565 lex
3340 508 3466 565 cha-

1861 602 2041 660 ritatis
2062 601 2365 672 praenuntia
2396 611 2502 670 est,
2535 596 2782 657 cltaritas
2825 599 3111 673 Evangelii
3142 601 3247 673 pia:
3287 601 3469 659 servi-

1862 695 1993 751 tutis
2020 694 2225 750 arbitra
2254 703 2357 751 est.

1932 788 1988 844 9.
2019 787 2135 843 Non
2157 789 2429 860 superﬂua
2450 787 2759 858 itaquelex,
2777 804 2899 859 qua:
2918 798 3191 861 tamquam
3214 788 3467 860 paedago-

1858 899 1958 958 gus
1973 882 2316 956 prosequitttr
2329 881 2678 938 inﬁrmiores.
2698 867 3071 940 Inﬁrmitatem
3087 882 3210 939 dico
3226 897 3438 938 morum
3450 924 3464 947 ,

1861 991 1968 1031 non
1988 989 2307 1045 corporum;
2330 972 2563 1030 infantes
2580 974 2723 1030 enim
2742 983 2890 1041 sunt,
2908 975 2997 1046 qui
3019 975 3117 1031 fari
3131 973 3355 1031 verbum
3368 973 3466 1030 Dei

1866 1068 2137 1136 nesciunt,
2159 1068 2249 1139 qui
2268 1068 2388 1139 ejus
2410 1083 2577 1139 opera
2602 1084 2708 1123 non
2725 1069 2995 1140 recipiunt
3016 1068 3209 1141 (Galat.
3237 1084 3319 1135 ιιι,
3340 1066 3457 1140 24).

1859 1161 1993 1218 Nam
2034 1160 2081 1216 si
2128 1169 2261 1216 mtas
2306 1160 2612 1217 senectutis
2639 1161 2751 1216 vita
2780 1160 3126 1216 immaculata
3159 1160 3332 1231 (Sap.
3365 1175 3418 1215 tv
3445 1202 3460 1225 ,

1860 1256 1894 1311 9
1917 1255 1957 1328 ),
1992 1255 2177 1327 utique
2202 1263 2333 1310 mtas
2354 1253 2738 1311 adolescentia:
2757 1262 2842 1310 est
2863 1256 2971 1310 vita
2993 1254 3290 1310 maculosa.
3308 1251 3337 1292 ι)
3352 1252 3464 1309 Lex

1862 1366 1993 1423 ergo
2018 1350 2336 1423 pedagogus
2364 1348 2483 1417 fuit,
2518 1349 2572 1405 id
2596 1361 2680 1405 est
2708 1350 2858 1423 νόμος
2884 1392 2899 1417 ,
2924 1350 3099 1405 donec
3150 1348 3282 1404 ﬁdes
3312 1348 3465 1404 veni-

1860 1458 1966 1505 ret.
2001 1447 2069 1503 Et
2114 1447 2263 1520 quasi
2288 1446 2506 1517 inﬁrmi,
2564 1446 2760 1517 inquit,
2790 1444 3212 1500 custodiebantur
3257 1444 3421 1516 a-lege
3448 1483 3465 1509 ,

1862 1540 2090 1596 conclusi
2114 1541 2167 1594 in
2196 1556 2311 1594 eam
2336 1537 2516 1610 ﬁdem,
2540 1552 2654 1609 qua
2678 1536 2957 1591 ret'elanda
2988 1537 3119 1615 [oret
3146 1533 3347 1608 (Galat.
3382 1550 3464 1597 ιιι,

1859 1635 1988 1706 25).
2019 1635 2309 1706 Postquam
2338 1641 2518 1688 autem
2544 1631 2677 1687 ﬁdes
2706 1630 2948 1697 advenit,
2975 1646 3083 1685 non
3115 1629 3252 1685 dicit
3281 1630 3465 1684 Evan-

1858 1726 2057 1800 gelium
2080 1769 2095 1792 ,
2147 1726 2241 1781 sed
2271 1724 2466 1789 ﬁdem;
2502 1739 2564 1781 ea
2598 1731 2682 1778 est
2710 1724 2857 1779 enim
2901 1723 3017 1778 sola
3050 1720 3207 1787 ﬁdes,
3230 1735 3353 1791 qua:
3378 1728 3467 1775 est

162 1821 291 1871 lem
334 1815 518 1887 potius
558 1830 719 1888 quam
749 1817 925 1886 gratia
967 1814 1340 1887 indulgentiae.
1373 1815 1615 1887 Denique
1664 1813 1753 1871 ille
1783 1820 1833 1881 B
1860 1822 1912 1878 in
1942 1821 2263 1893 Evangelio.
2289 1818 2425 1875 Nam
2456 1818 2584 1874 licet
2605 1817 2818 1888 justitia
2842 1817 2937 1871 Dei
2970 1816 3023 1870 in
3060 1831 3127 1872 eo
3151 1815 3462 1882 revelatur,

161 1909 391 1980 populus
418 1910 521 1966 sub
560 1909 880 1976 maledicto,
927 1924 1027 1966 nos
1054 1909 1108 1965 iu
1155 1909 1554 1966 benedictione.
1585 1909 1753 1966 Velox

160 2003 314 2061 cibus
361 2003 537 2062 ﬁdes:
582 2004 757 2078 Pr0pe
781 2015 856 2060 est
893 2005 1030 2060 enim
1053 2005 1255 2059 uerbum
1280 2006 1333 2059 in
1372 2021 1460 2060 ore
1481 2014 1589 2073 tuo,
1621 2004 1755 2059 etin

156 2097 306 2151 corde
331 2104 419 2151 tuo
451 2096 629 2170 (Deut.
665 2113 796 2163 xxx,
831 2096 924 2169 H)
959 2115 972 2150 :
1006 2096 1213 2152 tardior
1244 2096 1398 2152 cibus
1433 2096 1612 2169 Legis.
1648 2097 1753 2154 De-

155 2188 319 2259 nique
346 2188 476 2245 dum
505 2188 616 2245 Lex
645 2198 1016 2261 exspectatur,
1051 2187 1284 2262 populus
1309 2191 1513 2247 erravit
1550 2188 1748 2263 (Exod.

151 2297 329 2349 sxstt,
363 2284 388 2338 1
418 2293 467 2337 et
490 2283 646 2356 seq.).

223 2375 277 2432 ϐ.
318 2375 561 2434 Contulit
585 2377 747 2448 igitur
785 2377 1219 2435 benedictionem
1251 2388 1406 2451 pater
1435 2379 1664 2449 impigro
1696 2386 1752 2435 et

150 2468 294 2527 fideli
325 2469 436 2527 ﬁlio
466 2490 479 2527 :
504 2470 600 2528 sed
625 2472 749 2544 quia
780 2473 951 2528 bonus
977 2482 1130 2544 pater
1155 2480 1293 2539 crat,
1327 2472 1564 2528 servavit
1594 2480 1650 2527 et
1670 2486 1751 2527 se-

150 2565 289 2622 niori
337 2565 449 2623 ﬁlio
498 2566 972 2634 benedictionem;
1006 2577 1067 2624 ut
1110 2582 1233 2625 eum
1280 2581 1496 2623 servum
1547 2564 1752 2621 faceret

148 2658 330 2715 fratris
359 2660 440 2714 sui
476 2676 489 2713 :
521 2673 626 2715 non
654 2674 762 2731 quo
783 2657 1043 2715 familiam
1072 2674 1226 2716 suam
1259 2667 1285 2695 ι
1306 2657 1564 2729 degeneri
1586 2657 1751 2713 vellet

147 2751 391 2808 servituti
421 2750 701 2820 addicere,
727 2750 825 2808 sed
851 2752 979 2824 quia
1002 2751 1048 2807 is
1074 2752 1167 2824 qui
1196 2766 1387 2823 regere
1414 2766 1472 2806 se
1508 2765 1615 2805 non
1654 2763 1752 2819 po-

150 2852 258 2900 test
295 2853 351 2901 et
378 2843 704 2916 gubernare,
750 2844 960 2900 servire
995 2843 1179 2912 debet,
1230 2852 1285 2899 et
1330 2843 1582 2899 subditus
1631 2856 1753 2899 csse

148 2936 524 3011 prudentiori;
551 2945 609 2992 ut
636 2935 758 3007 ejus
784 2949 1001 3010 regatur
1023 2937 1273 3003 consilio,
1301 2952 1369 2992 ne
1403 2952 1497 2993 sua
1520 2936 1749 2991 stultitia

148 3032 541 3105 prmeipitetur,
570 3042 629 3089 et
650 3031 863 3089 labatur
887 3032 1215 3090 temeritate.
1240 3033 1343 3089 Pro
1374 3031 1753 3088 benedictione

151 3127 317 3199 igitur
342 3126 652 3198 hujusmodi
702 3127 999 3185 confertur-
1020 3130 1274 3186 servitus.
1325 3127 1569 3200 Denique
1610 3127 1753 3183 inter

1860 1933 1981 1988 qua:
2011 1926 2094 1972 cst
2120 1930 2185 1972 ex
2217 1914 2322 1971 ﬁde
2352 1914 2404 1969 in
2428 1912 2587 1969 ﬁdem
2613 1915 2629 1983 (
2656 1911 2806 1966 Rom.
2830 1927 2870 1978 ι,
2893 1911 2959 1966 17
2981 1910 3030 1981 );
3057 1918 3240 1965 tamen
3264 1908 3344 1964 sic
3371 1907 3463 1963 illa

1862 2010 2023 2081 Legis
2049 2018 2136 2066 est
2157 2008 2315 2073 ﬁdes,
2347 2007 2393 2063 si
2427 2006 2476 2062 ei
2517 2004 2743 2061 accedat
2782 2002 2906 2059 ﬁdei
2936 2000 3239 2073 plenitudo.
3270 1999 3467 2056 Merito

1858 2120 1988 2175 ergo
2018 2103 2150 2169 ﬁdes
2175 2104 2276 2157 ista
2303 2100 2458 2172 quasi
2501 2099 2613 2155 sola
2637 2097 2861 2163 dicitur;
2904 2095 3030 2167 quia
3086 2094 3174 2150 illa
3210 2095 3328 2150 sine
3354 2092 3459 2149 hac

1860 2198 1993 2255 ﬁdes
2035 2213 2141 2252 non
2191 2203 2307 2261 est,
2335 2194 2387 2249 in
2414 2193 2514 2248 hac
2536 2194 2907 2248 confirmatur.
2937 2190 3182 2260 Denique
3210 2187 3300 2243 ubi
3342 2186 3462 2242 hare

1857 2293 1991 2348 ﬁdes
2019 2293 2186 2357 venit,
2213 2288 2497 2361 plenitudo
2519 2288 2735 2343 advenit
2761 2329 2774 2351 ,
2800 2286 3019 2341 advenit
3038 2285 3269 2340 ﬁliorum
3294 2282 3463 2353 adop-

1840 2386 1951 2452 ‘tio,
1977 2383 2205 2440 cessavit
2239 2380 2549 2445 inﬁrmitas,
2584 2379 2715 2435 abiit
2747 2378 2994 2445 infantia,
3042 2378 3096 2433 in
3128 2377 3308 2433 virum
3343 2391 3467 2446 pcr-

1855 2479 2055 2534 fectum
2084 2476 2452 2546 assurgimus,
2509 2473 2791 2529 Christum
2833 2472 3128 2526 induimus.
3175 2468 3465 2539 Quomodo

1856 2573 2020 2643 igitur
2049 2569 2297 2625 inﬁrmus
2321 2579 2377 2624 et
2417 2566 2675 2640 parvulus
2715 2580 2839 2621 esse
2864 2572 3063 2633 pmest,
3098 2562 3152 2618 in
3181 2578 3289 2634 quo
3309 2559 3463 2617 Chri-

1856 2677 1971 2722 stus
1993 2674 2078 2721 est
2106 2664 2202 2721 Dei
2225 2662 2444 2719 virtus?
2472 2662 2616 2734 Ergo
2646 2660 2714 2717 ad
2760 2658 3153 2731 perfectionem
3176 2657 3425 2713 venimus
3443 2697 3459 2722 ,

1856 2756 2204 2829 perfectionis
2232 2762 2504 2827 prtecepta
2544 2753 2879 2825 accepimus.

1932 2850 2020 2914 10,.
2054 2849 2269 2905 Audisti
2301 2848 2463 2905 hodie
2490 2858 2512 2886 ο
2539 2848 2739 2903 lectum
2768 2865 2780 2901 :
2812 2845 2936 2900 Non
2966 2861 3176 2918 possum
3207 2859 3300 2915 ego
3322 2859 3353 2895 a
3382 2858 3461 2896 me

1858 2952 2029 3019 facere
2056 2944 2335 3016 quidquam
2360 2960 2377 2998 :
2406 2944 2539 2998 sicut
2587 2940 2742 2995 audio
2764 2982 2779 3007 ,
2810 2940 2992 3011 judico
3014 2939 3034 3009 (
3051 2937 3211 2992 Joan.
3233 2953 3289 3002 v,
3327 2935 3399 2991 '50
3419 2934 3460 3007 ).

1857 3037 2069 3094 Audisti
2094 3038 2327 3092 lectum:
2355 3035 2470 3105 Ego
2496 3050 2602 3088 non
2631 3048 2828 3088 accuso
2856 3046 2973 3101 vos,
2999 3045 3100 3101 ego
3129 3045 3233 3084 non
3252 3028 3465 3100 judico.

1861 3133 1974 3204 Ego
2003 3146 2107 3187 non
2136 3144 2358 3197 accuso,
2390 3127 2599 3200 Moyses
2630 3144 2715 3182 vos
2743 3134 2970 3188 accusat,
3000 3125 3057 3179 in
3091 3141 3239 3195 quem
3282 3139 3463 3196 spera-

149 3223 296 3279 bona
349 3234 739 3279 θηηυιηθηιυν
763 3265 780 3290 .
828 3225 971 3280 inter
1015 3223 1268 3279 εοητιιωη
1327 3232 1485 3278 181⁵1·ιὲ
1542 3222 1750 3295 109],
1778 3219 1824 3284 C
1858 3227 1923 3283 tis
1951 3224 2154 3297 (lbid.,
2181 3223 2252 3278 43
2272 3223 2314 3295 ).
2344 3221 2557 3278 Audisti
2602 3221 2806 3276 lectum
2842 3240 2855 3275 :
2888 3218 2952 3275 Si
2977 3234 3071 3291 ego
3120 3216 3461 3272 testimonium

148 3318 479 3386 ubertatem,
506 3327 563 3375 et
586 3333 767 3375 rorem
797 3318 923 3375 coeli
949 3334 980 3373 a
1019 3332 1251 3374 summo.
1280 3316 1389 3373 Sed
1432 3315 1557 3387 quia
1600 3315 1756 3371 dixe-
1860 3319 2164 3393 perhibuero
2190 3317 2253 3373 de
2278 3333 2359 3372 me
2397 3316 2533 3389 ipso,
2566 3314 2917 3370 testimonium
2944 3328 3113 3368 meum
3144 3328 3245 3365 non
3273 3319 3350 3365 est
3378 3327 3467 3366 cc-

146 3422 236 3468 rat
264 3429 279 3466 :
310 3411 483 3485 Super
508 3413 740 3486 gladiunt
764 3424 909 3468 tuum
933 3413 1099 3479 vives;
1136 3427 1204 3468 ne
1226 3412 1275 3468 ei
1305 3410 1636 3466 fortitudinis
1661 3420 1755 3465 aut
1858 3427 1973 3465 rum
2011 3409 2030 3481 (
2056 3408 2194 3464 Ibid.
2218 3451 2234 3475 ,
2293 3407 2355 3463 5i
2376 3405 2417 3479 ).
2448 3406 2624 3461 Didici
2663 3405 2841 3476 qualis
2865 3403 3056 3475 judex.
3090 3403 3271 3474 qualis
3300 3402 3459 3457 testis

145 3506 435 3578 potestatis
461 3516 685 3563 noceret
722 3506 1095 3578 praesumptio,
1128 3504 1371 3561 addidit:
1412 3504 1614 3561 Servios
1644 3507 1755 3576 fra-

146 3600 220 3655 tri
244 3609 333 3656 tuo
348 3616 369 3667 ;
391 3608 452 3656 ut
474 3610 530 3657 et
560 3600 740 3656 carnis
767 3600 975 3656 fructus
1003 3601 1222 3666 uberes,
1255 3612 1309 3655 et
1348 3599 1545 3655 divina:
1571 3614 1750 3654 rorem

144 3692 471 3766 adipiscaris
495 3693 703 3765 gratias,
733 3703 789 3749 et
815 3708 938 3750 eum
979 3692 1259 3765 sequaris,
1294 3692 1383 3764 qui
1417 3690 1485 3747 de
1512 3707 1613 3747 suo
1652 3708 1751 3763 gu-

146 3788 454 3845 bernaculo
479 3798 653 3859 regat.
904 3789 911 3794 ’

225 3881 279 3935 7.
319 3878 428 3935 Sed
454 3888 581 3935 tunc
608 3879 714 3935 erit
736 3877 904 3947 istud,
930 3893 1051 3933 cum
1076 3878 1393 3948 deposueris
1420 3877 1607 3948 jugum
1628 3876 1753 3947 ejus

146 3991 178 4031 a
203 3974 352 4029 collo
381 3983 509 4041 tuo;
541 3984 597 4029 ut
629 3972 952 4029 voluntaria:
993 3972 1277 4028 servitutis
1324 3969 1627 4027 mercedem
1660 3971 1755 4023 ha-

141 4068 305 4137 beas,
337 4082 443 4123 non
472 4066 726 4139 injuriam
765 4066 964 4123 subeas
1015 4064 1383 4121 necessitatis.
1428 4062 1753 4117 lnhonorata

141 4164 298 4219 cnim
334 4162 639 4234 hujusmodi
678 4162 937 4226 servitus,
968 4175 1090 4231 qucc
1140 4158 1468 4215 necessitate
1505 4156 1749 4227 cogitur:

143 4259 419 4314 honorata
442 4268 620 4314 autem
644 4302 658 4324 ,
690 4272 812 4330 qum
834 4258 1031 4328 pietate
1051 4253 1319 4310 defertur.
1347 4251 1501 4308 Unde
1529 4261 1753 4322 aposto-

140 4354 236 4410 lus
269 4373 282 4407 :
315 4352 378 4408 Si
411 4352 582 4407 colens
606 4351 702 4406 hoc
723 4369 841 4425 ago,
878 4348 1165 4405 mercedem
1208 4345 1369 4401 habeo
1411 4345 1494 4400 :si
1522 4344 1712 4399 invitus
1735 4386 1751 4411 ,

140 4446 470 4520 dispensatio
499 4444 625 4499 mihi
676 4446 869 4500 credita
899 4453 973 4498 est
1026 4442 1088 4515 (l
1116 4441 1236 4498 Cor.
1269 4456 1346 4505 ιιι,
1383 4438 1506 4510 l7).
1561 4437 1755 4495 Melius

142 4541 341 4613 utique
366 4539 632 4595 mercedis
662 4541 943 4609 prmmium
962 4579 977 4603 ,
1001 4551 1165 4609 quam
1196 4532 1619 4606 dispensationis
1650 4531 1752 4588 ob-

1856 3518 1979 3559 esse
2007 3502 2256 3557 debeam.
2290 3499 2406 3555 Non
2444 3501 2591 3555 enim
2636 3499 2791 3571 quasi
2841 3498 3093 3553 inﬁrmus
3137 3496 3312 3552 dicit:
3342 3494 3465 3550 Non

1863 3599 2075 3672 1092
2102 3612 2311 3669 possum
2340 3611 2434 3668 ego
2463 3612 2497 3649 a
2524 3609 2606 3649 me
2636 3597 2810 3666 facere
2831 3592 3151 3665 quidquam:
3183 3589 3277 3646 sed
3313 3588 3470 3646 inﬁr-

1860 3706 1979 3746 mus
2010 3689 2118 3753 ille,
2147 3688 2343 3759 quisic
2375 3685 2650 3758 intelligit.
2685 3684 2830 3740 Nihil
2866 3684 3084 3756 quidem
3133 3684 3254 3739 sine
3299 3682 3465 3739 Patre

1857 3783 1988 3839 facit
2018 3781 2190 3838 Filius
2215 3798 2229 3847 ;
2261 3782 2386 3853 quia
2418 3778 2724 3835 communis
2750 3777 3036 3848 operatio,
3074 3786 3131 3834 et
3147 3776 3331 3831 unitas
3355 3789 3453 3844 po-

1858 3876 2073 3933 testatis
2111 3884 2228 3931 est:
2268 3873 2362 3931 sed
2407 3874 2511 3928 hoe
2546 3871 2670 3927 loco
2704 3873 2858 3941 quasi
2896 3869 3062 3940 judex
3094 3869 3359 3940 loquitur,
3400 3877 3462 3922 ut

1857 3984 2249 4041 cognoscamus
2278 3968 2525 4023 homines
2550 3967 2601 4021 in
2631 3965 2948 4037 judicando,
2972 3963 3115 4035 quod
3145 3978 3252 4017 non
3274 3978 3338 4017 ex
3364 3976 3459 4015 vo-

1858 4067 2065 4120 luntate
2097 4071 2279 4119 nostra
2308 4072 2363 4119 et
2392 4070 2682 4132 potestate,
2709 4058 2803 4115 sed
2840 4075 2909 4114 ex
2952 4058 3210 4128 aequitate
3255 4054 3455 4112 debea-

1859 4174 1982 4215 mus
2006 4157 2244 4215 formare
2271 4157 2621 4214 sententiam.

1929 4253 2019 4308 ll.
2060 4250 2346 4307 COIISllllle
2370 4249 2607 4320 aliquem
2639 4261 2790 4302 reum
2822 4253 3143 4316 coargutum
3175 4251 3231 4299 et
3269 4243 3461 4298 convi-

1857 4355 2002 4402 ctum
2033 4344 2298 4408 criminis,
2330 4358 2434 4399 non
2465 4350 2799 4397 astrucntem
2829 4336 3168 4394 defensionis
3213 4350 3411 4407 genera
3442 4374 3458 4399 ,

1857 4438 1952 4495 sed
1977 4437 2358 4508 deprecantem
2391 4443 2445 4490 et
2474 4433 2865 4489 advolventem
2899 4444 2959 4486 se
2989 4429 3055 4485 ad
3108 4443 3282 4500 genua
3310 4426 3463 4499 judi-

1857 4532 1968 4596 cis;
2004 4527 2296 4600 respondet
2338 4527 2387 4583 ei
2444 4525 2649 4597 judex:
2681 4523 2800 4580 Non
2833 4537 3057 4594 possum
3089 4537 3116 4574 a
3165 4535 3253 4575 me
3284 4520 3464 4575 facere

140 4612 401 4705 sequium
432 4642 534 4688 est.
564 4631 675 4687 Nos
707 4632 869 4697 igitur
891 4645 997 4686 non
1046 4628 1425 4684 contineamur
1470 4626 1753 4682 servitutis
1778 4612 1831 4673 D
1857 4625 2150 4696 quidquam
2173 4640 2187 4688 ;
2209 4621 2424 4693 justitia
2456 4620 2509 4674 in
2535 4617 2852 4689 iudicando,
2884 4633 2988 4671 non
3020 4614 3264 4687 potentia
3302 4612 3463 4668 estin

135 4731 282 4802 jugo
306 4772 323 4798 ,
377 4728 472 4785 sed
498 4726 762 4783 charitate
816 4725 1043 4795 spiritus
1078 4725 1422 4787 serviamus;
1468 4722 1594 4792 quia
1623 4720 1755 4776 dicit

141 4824 470 4897 apostolus:
506 4822 608 4879 Per
630 4822 932 4877 cltarilalem
957 4820 1172 4889 spiritus
1193 4817 1374 4873 servile
1394 4817 1611 4871 inuicem
1626 4812 1758 4886 (Ga-

143 4925 250 4976 lat.
282 4934 338 4986 v,
374 4917 498 4991 13).
532 4917 720 4973 Timor
750 4915 890 4985 legis
919 4922 1004 4970 est
1028 4913 1268 4968 charitas
1293 4909 1590 4979 Evangelii.
1646 4908 1755 4964 De-

141 5014 321 5085 nique
346 5029 361 5067 :
391 5011 613 5065 Initium
640 5008 904 5082 sapientia:
926 5007 1079 5061 timor
1106 5003 1346 5071 Domini,
1371 5000 1637 5074 plenitudo
1661 5016 1757 5055 au-

130 5120 255 5172 ,tem
291 5107 420 5177 legis
453 5104 680 5158 cliaritas
700 5099 940 5175 (Eccles.
978 5116 1019 5166 ι,
1053 5098 1122 5155 16
1142 5098 1187 5170 ).
1220 5097 1424 5152 Tamen
1451 5103 1505 5151 et
1526 5095 1644 5166 ipsa
1664 5093 1755 5149 lex

141 5198 332 5256 dicit:
365 5196 433 5252 Et
464 5199 519 5252 in
548 5197 644 5251 Itoc
683 5194 834 5249 verba
887 5208 1038 5247 omne
1086 5190 1391 5245 mandatum
1439 5189 1761 5269 instauratur

144 5291 353 5367 (Rom.
386 5307 505 5357 snt,
535 5288 623 5364 8),
650 5298 699 5344 et
730 5290 783 5343 in
810 5288 909 5342 isto
937 5301 1062 5352 uno,
1096 5284 1292 5356 inquit,
1319 5297 1552 5337 sermone
1580 5279 1763 5352 imple-

142 5394 237 5440 tur
264 5401 284 5441 :
315 5383 513 5456 Diliges
540 5383 839 5455 proximum
862 5393 1007 5437 tuum
1033 5377 1246 5452 (Galat.
1279 5393 1332 5442 v,
1361 5375 1428 5432 14
1446 5375 1491 5449 ).

226 5478 286 5534 8.
332 5477 451 5533 Hoc
475 5484 562 5532 est
588 5475 752 5549 igitur
771 5472 918 5546 quod
951 5472 1336 5543 proposuimus
1358 5512 1373 5534 ,
1413 5469 1540 5540 quia
1562 5467 1667 5523 etsi
1694 5481 1763 5522 ex

143 5575 282 5645 lege
304 5573 560 5639 servitus,
591 5579 770 5627 tamen
809 5567 1113 5626 secundum
1135 5566 1310 5639 legem
1346 5565 1605 5630 libertas;
1629 5563 1761 5620 cha-

152 5709 306 5765 nulli
326 5723 431 5780 pro
457 5706 578 5763 Non
604 5723 725 5780 ergo
747 5705 880 5780 serui
903 5754 918 5775 ,
948 5704 1136 5780 legunt
1164 5701 1370 5780 :__Nunc
1390 5718 1512 5774 ergo
1531 5700 1763 5780 seruiet}

233 5789 261 5817 "
284 5772 412 5838 Non
435 5780 591 5851 pauci
620 5772 774 5847 niss.,
801 5772 1099 5848 degenerari
1126 5774 1273 5830 vellet
1289 5815 1304 5840 ,
1329 5790 1390 5829 ac
1413 5772 1642 5828 servituti
1667 5772 1765 5829 ad-

152 5851 374 5906 ducere.

1858 4717 2176 4788 iudicando.
2206 4715 2317 4786 Ego
2344 4728 2451 4769 non
2478 4712 2688 4782 judico,
2720 4711 2817 4766 sed
2847 4709 2987 4765 facta
3011 4718 3102 4763 tua
3124 4707 3193 4763 de
3221 4715 3274 4761 te
3319 4703 3465 4775 judi-

1864 4822 2021 4868 cant:
2047 4812 2161 4882 ipsa
2188 4819 2240 4865 te
2275 4817 2556 4870 accusant,
2586 4814 2643 4861 et
2666 4805 2782 4875 ipsa
2805 4803 3195 4860 condemnant.
3217 4799 3388 4867 Leges
3410 4804 3464 4851 te

1865 4905 2198 4976 adjudicant,
2238 4916 2373 4972 quas
2396 4898 2561 4971 judex
2589 4914 2700 4954 non
2732 4904 3027 4963 converto,
3058 4892 3156 4950 sed
3187 4888 3460 4947 custodio.

1864 4997 2008 5054 Nihil
2034 5011 2100 5052 ex
2131 5009 2218 5051 me
2244 5008 2345 5065 ego
2369 4990 2620 5062 profero,
2672 4990 2769 5046 sed
2796 5004 2861 5045 ex
2903 4997 2957 5045 te
2987 4987 3164 5042 forma
3184 4981 3374 5054 iudicii
3407 4982 3467 5037 in

1870 5101 1921 5148 te
1953 5087 2221 5162 procedit.
2248 5083 2560 5144 Secundum
2580 5081 2730 5144 quod
2757 5080 2919 5137 audio
2938 5120 2953 5146 ,
2986 5076 3197 5150 judico,
3249 5088 3359 5130 non
3380 5086 3470 5127 se-

1866 5184 2105 5244 cundum
2131 5182 2274 5256 quod
2296 5181 2539 5247 volo;et
2579 5178 2702 5235 ideo
2743 5174 3008 5249 judicium
3045 5184 3225 5227 meum
3272 5182 3468 5225 verum

1866 5289 1972 5346 est,
2006 5279 2134 5352 quia
2164 5293 2271 5334 non
2292 5273 2559 5333 voluntati
2596 5272 2873 5343 indulgeo,
2900 5265 2998 5324 sed
3026 5262 3292 5336 aequitati.

1939 5373 2034 5429 l2.
2074 5368 2503 5428 Consideremus
2532 5367 2721 5436 itaque
2748 5375 2870 5434 quae
2893 5360 2966 5416 sit
3011 5353 3294 5429 iudicandi
3339 5353 3473 5410 reli-

1867 5470 1980 5542 gio.
2013 5468 2270 5524 Dominus
2299 5463 2426 5522 coeli
2454 5462 2617 5532 atque
2638 5469 2906 5515 terrarum
2932 5452 3098 5525 judex
3123 5449 3367 5507 omnium
3390 5448 3474 5506 di-

1866 5567 1979 5622 cit:
2014 5563 2139 5620 Non
2160 5577 2369 5636 possum
2393 5577 2425 5614 a
2468 5572 2551 5612 me
2576 5559 2748 5628 facere
2774 5550 3057 5624 quidquam
3084 5565 3103 5603 :
3134 5547 3268 5601 sicut
3289 5544 3470 5610 audio,

1941 5699 2141 5756 hRom.
2170 5693 2503 5768 edit.,1\lo'pos
2526 5708 2669 5768 φωρ,
2687 5690 2853 5768 idest,
2871 5689 2980 5744 Lex
3014 5686 3331 5768 piedagogus
3343 5684 3467 5754 fuit.

1944 5774 1968 5805 °
2010 5758 2323 5828 Lectionem
2356 5758 2496 5821 hanc
2524 5758 2868 5834 iu'Ecclesia:
2894 5758 3082 5834 synaxi
3112 5758 3314 5834 factam
3345 5770 3470 5812 esse

1874 5846 2095 5903 dubium
2119 5858 2225 5900 non
2256 5849 2361 5899 est.
2396 5840 2478 5895 An
2502 5851 2631 5893 vero
2652 5829 2973 5903 Mediolani,
2993 5832 3215 5889 minime
3239 5829 3427 5899 liquet.
