3932 6296
471 256 609 319 1267

1802 252 2051 313 SANCTI

2198 251 2419 313 ωιοειι
3634 251 3731 312 im

469 385 513 429 et
533 372 755 445 judico;
784 380 841 429 et
886 371 1050 427 homo
1088 370 1223 427 dicit
1268 369 1499 428 Domino
1541 382 1678 426 suo:
1712 367 1898 425 Nescis
1949 386 2077 442 quo-
2105 384 2150 444 Α
2180 370 2318 427 cilia:
2356 385 2457 426 nos
2495 368 2636 427 ﬁlios
2674 384 2837 429 ease.
2889 369 2984 426 sed
3025 369 3234 435 liberte,
3269 368 3732 442 qualibertateuss

473 468 613 520 niam
644 475 946 540 potestatem
981 464 1141 520 habeo
1162 464 1417 519 dimittere
1442 473 1511 526 te,
1558 474 1607 517 et
1647 472 1948 536 potesth
1972 466 2068 519 ha-

474 562 566 617 beo
610 560 911 635 cruciﬁgere
960 570 1007 616 te
1036 557 1234 631 (1mm.
1267 575 1377 622 xu.
1408 557 1555 631 i0)?
1600 557 1779 628 Quare
1809 559 2070 617 Dominus

477 673 583 711 non
609 656 822 726 pmcst‘l
857 654 993 722 Quia
1013 655 1287 725 iudicium,
1312 655 1504 724 inquit,
1538 662 1563 691 ι
1589 670 1755 709 meum
1785 671 1959 709 rerum
1972 665 2069 711 est.

479 748 605 804 Non
641 750 786 805 enim
810 764 986 817 qutero
1029 747 1341 802 voluntatem
1384 763 1571 811 meam.
1618 747 1709 803 sed
1763 748 2073 802 voluntatem

478 847 617 919 ejus,
649 844 735 915 qui
758 842 894 897 misit
926 858 1004 895 me
1029 839 1229 914 (Joan.
1261 857 1317 907 v,
1339 840 1472 913 30),
1508 841 1558 897 id
1590 851 1710 897 est:
1745 842 1861 898 Non
1883 843 2074 898 volun-

479 948 643 993 tatem
667 934 1102 1007 hominis,qucm
1127 934 1320 991 videtis
1345 950 1486 993 :non
1509 936 1791 991 arbitrium
1815 935 2072 1003 hominis,

480 1047 643 1104 quem
673 1045 769 1085 vos
798 1031 1072 1086 hominem
1105 1031 1485 1086 tantummodo
1512 1030 1768 1102 judicatis
1794 1047 1808 1085 :
1838 1046 1945 1088 non
1979 1047 2077 1087 vo-

483 1124 745 1183 luntatem
769 1120 982 1187 carnis;
1014 1122 1138 1193 quia
1163 1122 1388 1194 spiritus
1412 1135 1713 1195 promptus,
1740 1140 1871 1180 caro
1894 1135 2076 1183 autem

485 1219 695 1275 inﬁrma
719 1218 739 1291 (
757 1216 951 1273 Matth.
985 1233 1133 1286 xxvi,
1164 1218 1269 1288 H)
1296 1236 1308 1272 :
1341 1218 1435 1274 sed
1459 1219 1791 1275 voluntatem
1813 1218 2076 1285 divinam.

2171 463 2423 519 Christus
2470 464 2739 521 liberavit.
2798 463 2954 520 Unde
3009 464 3298 536 colligitur
3337 463 3489 536 quod
3535 462 3572 521 ii
3602 466 3734 535 angi

2175 558 2409 615 Abrabte
2432 557 2553 625 lilii,
2581 559 2669 629 qui
2692 574 2760 615 ex
2790 557 2928 623 llde;
2957 565 3225 629 prestant
3265 558 3415 614 enim
3455 557 3582 614 ﬁdei
3613 576 3734 630 qua.

2173 651 2542 721 generationis
2573 650 2843 707 heredes.
2872 650 2984 707 Lex
3016 650 3330 723 pedagogos
3350 662 3438 707 est
3463 692 3481 718 ,
3537 651 3661 708 ﬁdes
3694 655 3735 708 li-

2178 745 2335 801 bera:
2365 738 2688 816 abjieiamus
2728 760 2861 817 ergo
2912 760 3079 816 opera
3132 746 3416 802 servitutis
3444 787 3464 813 ,
3505 756 3738 807 tua-ss

2174 840 2409 910 gratiam
2435 839 2705 896 libertatis
2733 859 2746 895 :
2785 849 2808 877 ο
2837 839 3160 897 deseramus
3180 840 3438 897 umbram
3460 881 3477 905 ,
3505 842 3663 896 solo-
3681 857 3739 897 se-

2178 935 2286 990 cuti
2315 952 2328 989 :
2363 933 2502 990 ritus
2531 932 2787 991 Iudaicos
2815 933 3136 992 deseramus
3170 932 3372 1005 (Cultu.
3399 949 3491 1001 sn,
3510 932 3623 1005 2b).

2250 1031 2305 1087 2.
2344 1029 2702 1086 Circumcisio
2728 1029 2956 1085 membri
2985 1031 3146 1086 unius
3172 1028 3319 1086 nihil
3347 1029 3595 1100 prodest.
3623 1029 3739 1085 Desi-

2181 1141 2286 1196 que
2312 1124 2387 1178 ait
2408 1123 2748 1193 Apostolus:
2783 1121 3031 1197 Ecceego
3065 1120 3267 1181 Paulus
3297 1123 3419 1178 dico
3454 1122 3610 1191 vobis,
3650 1141 3742 1193 qus-

2182 1221 2325 1275 tsiam
2364 1219 2410 1273 si
2449 1217 2925 1285 circumcidamitti,
2950 1215 3189 1274 Christus
3226 1217 3368 1273 rubis
3399 1217 3534 1273 nihil
3559 1218 3742 1288 prodas

485 1328 606 1383 qua:
628 1323 821 1367 auctor
849 1310 1009 1383 legis,
1044 1311 1564 1383 arbitraquejudicii
1586 1321 1694 1369 est.
1735 1311 1997 1370 Similiter
2025 1320 2084 1370 et

487 1403 643 1460 testis
672 1419 834 1460 verus
864 1415 970 1472 est,
1003 1406 1093 1475 qui
1124 1419 1233 1461 non
1264 1404 1391 1472 sibi,
1418 1404 1514 1461 sed
1544 1405 1633 1461 alii
1676 1404 1779 1462 l'crt
1835 1407 2083 1462 testimo-

485 1495 635 1551 nium
661 1512 676 1561 ;
707 1495 965 1568 scriptum
997 1505 1081 1553 est
1100 1497 1246 1553 enim
1273 1514 1285 1550 :
1315 1494 1513 1553 Laudet
1537 1506 1584 1554 te
1627 1499 1896 1571 proximus
1925 1506 2043 1553 tuus
2063 1540 2080 1567 ,
2258 1502 2311 1557 5.
2339 1502 2405 1557 Et
2423 1500 2640 1570 quidem
2658 1509 2783 1557 ante
2803 1500 3047 1571 Sephora
3062 1500 3595 1558 circumciditﬁliam
3608 1516 3744 1568 seu,

486 1599 662 1644 etnon
690 1604 747 1644 os
773 1599 918 1643 tuum
948 1586 1141 1661 (Prov.
1173 1605 1343 1655 xxvu.
1383 1588 1473 1661 2).
2187 1605 2244 1652 et
2303 1595 2599 1667 periculum
2634 1594 2885 1666 depulit,
2934 1595 3082 1667 quod
3107 1595 3432 1652 imminebat
3456 1594 3745 1669 (Eadm,

561 1682 651 1736 15.
696 1680 927 1738 Pulchre
957 1693 1137 1737 autem
1179 1681 1379 1738 dicitur
1416 1681 1619 1740 ludatis
1668 1682 1932 1754 mystice:
1971 1682 2086 1754 Ego
2185 1689 2261 1747 95
2286 1691 2306 1763 )
2332 1709 2345 1744 :
2373 1689 2469 1748 sed
2498 1699 2629 1747 tunc
2659 1689 2861 1761 proluit
2881 1688 3157 1757 Christus,
3187 1704 3312 1747 cura
3335 1691 3520 1747 adhuc
3548 1690 3747 1761 petiero

491 1788 587 1828 vos
617 1787 723 1829 non
753 1772 962 1845 judico,
993 1773 1044 1829 id
1072 1784 1178 1839 est,
1205 1788 1308 1847 ego
1335 1774 1714 1831 universorum
1742 1775 2078 1847 redemptio,

2198 1781 2453 1839 diﬂ'erret.
2481 1782 2617 1837 Cum
2642 1783 2899 1854 parvulus
2944 1793 3093 1841 esset
3129 1784 3370 1854 populus
3409 1783 3746 1842 caedentium.

489 1883 591 1940 ego
618 1877 965 1941 peccatorqu
1009 1869 1281 1935 remissio,
1304 1883 1400 1924 vos
1444 1885 1550 1923 non
1591 1868 1807 1939 judico;
1841 1871 1965 1940 quia
1998 1884 2087 1927 me
2190 1876 2337 1932 venit
2363 1891 2469 1931 non
2513 1876 2771 1946 parvulus
2796 1919 2810 1943 ,
2838 1876 2933 1933 sed
2964 1876 3238 1947 perfectus
3277 1879 3335 1934 in
3383 1878 3634 1933 omnibus
3674 1877 3749 1932 Do-

494 1975 601 2016 non
624 1961 928 2033 recepistis.
988 1959 1107 2016 Non
1134 1961 1345 2033 judico,
1391 1961 1482 2033 qui
1537 1961 1768 2018 libenter
1813 1962 2085 2033 indulgeo.
2191 1970 2374 2025 minus
2395 1968 2579 2026 Jesus.
2605 1967 2976 2024 Circumcisus
3010 1978 3099 2024 est
3139 1970 3323 2040 primo
3371 1968 3666 2025 secundum
3697 1968 3751 2024 le-

496 2054 611 2124 Ego
633 2070 741 2109 non
762 2054 971 2124 judico,
993 2045 1085 2127 qui
1112 2054 1377 2126 sanguine
1398 2069 1520 2109 tneo
1541 2054 1751 2111 redimo
1775 2066 2092 2125 peccatores
2190 2077 2337 2133 gem,
2369 2077 2440 2119 ne
2461 2062 2635 2133 legem
2659 2062 2906 2118 solveret
2934 2079 2948 2115 :
2981 2071 3174 2134 postea
3205 2078 3304 2133 per
3322 2076 3586 2128 «om,
3624 2071 3677 2116 at
3696 2062 3753 2117 le-

499 2144 678 2219 (Esai.
712 2162 865 2213 xutt,
895 2146 967 2201 95
989 2145 1031 2219 ).
1069 2147 1184 2219 Ego
1211 2162 1319 2204 non
1346 2147 1556 2218 judico,
1588 2149 1680 2218 qui
1704 2147 1863 2204 deleo
1895 2148 2092 2221 iniqui-
2192 2170 2315 2228 gem
2342 2155 2591 2227 impleret
2615 2155 2635 2228 (
2660 2152 2680 2211 ι
2708 2154 2829 2212 Cor.
2860 2170 2976 2221 aut,
3009 2154 3143 2226 I0).
3191 2154 3448 2211 Cessavit
3494 2155 3752 2225 ergoqead

498 2251 660 2308 tates,
690 2252 745 2297 ct
774 2256 985 2298 memor
1012 2258 1120 2298 non
1151 2258 1270 2298 ero.
1304 2243 1418 2315 Ego
1455 2259 1560 2299 non
1580 2243 1787 2316 judico,
1830 2244 1921 2316 qui
1950 2244 2094 2300 malo
2196 2262 2262 2301 ex
2296 2255 2448 2317 parte
2475 2255 2579 2311 est,
2608 2246 2731 2315 quia
2760 2247 2906 2300 venit
2930 2244 3071 2316 quod
3126 2245 3437 2318 perfectura
3487 2254 3610 2309 est;
3650 2260 3753 2300 crus

500 2334 663 2389 vitam
704 2351 863 2406 quam
918 2346 1146 2391 mortem
1186 2335 1493 2406 peccatoris
1523 2334 1751 2407 (Ezech.
1786 2352 1940 2403 xvttt,
1961 2336 2095 2407 23).
2198 2341 2343 2397 enim
2375 2341 2431 2397 in
2458 2340 2674 2397 Christo
2699 2356 2806 2396 non
2836 2355 3002 2396 unum
3029 2340 3357 2407 membrum,
3382 2339 3660 2395 sedtotiss
3676 2340 3753 2394 cit-

503 2428 617 2500 Ego
638 2444 744 2484 non
759 2428 971 2502 judico,
1003 2429 1094 2499 qui
1123 2444 1233 2483 non
1262 2429 1485 2496 damno,
1514 2430 1609 2485 sed
1633 2430 1879 2502 justilico
1929 2432 2099 2486 conli-
2199 2434 2457 2493 eumcidit
2495 2433 2796 2508 superﬂuas
2825 2435 3075 2506 corporis
3105 2436 3442 2505 voluptates.

505 2531 707 2577 tentes.
735 2521 947 2593 Moyses
979 2536 1075 2577 vos
1094 2530 1337 2587 accusat,
1372 2520 1463 2577 ille
1492 2536 1591 2577 vos
1617 2522 1817 2592 arguit,
1859 2525 1910 2578 in
1936 2540 2097 2603 quem
2274 2529 2329 2585 ι.
2372 2528 2628 2585 Fortasse
2652 2527 2830 2587 adhuc
2857 2529 3121 2600 quaeritur
3142 2544 3249 2598 qua
3273 2529 3494 2583 ratione
3516 2525 3759 2584 circa-ci-

513 2615 767 2686 speratis:
803 2615 893 2669 ille
924 2622 1145 2671 accusat
1176 2630 1313 2689 vos;
1343 2615 1467 2687 quia
1488 2613 1766 2686 iudicandi
1796 2632 1901 2673 non
1935 2616 2102 2675 habet
2203 2623 2259 2679 di
2277 2638 2345 2680 ex
2372 2632 2525 2695 parte
2545 2622 2803 2690 voluerit,
2831 2623 2922 2695 qui
2955 2632 3180 2678 venerat
3224 2619 3533 2693 perfectam
3572 2622 3760 2677 eim

509 2716 857 2778 potestatem,
902 2722 1025 2778 qua:
1065 2707 1184 2778 ejus
1234 2705 1464 2763 debetur
1500 2707 1731 2765 auctori.
1763 2706 1861 2765 Ille
1887 2724 2021 2781 ergo
2048 2710 2100 2766 in
2204 2717 2468 2776 cisionem
2513 2717 3007 2774 deinonsmturus.
3060 2716 3139 2772 De
3187 2731 3298 2786 quo
3343 2731 3457 2771 non
3507 2728 3634 2785 puto
3674 2728 3763 2770 esse

508 2816 671 2874 quem
694 2802 927 2872 speratis
951 2810 1204 2856 accusat:
1233 2802 1334 2856 iste
1361 2801 1412 2857 in
1445 2816 1605 2872 quem
1637 2815 1863 2872 sperare
1900 2803 2105 2859 noluis—
2205 2810 2409 2866 diutius
2437 2809 2871 2866 deliberandum.
2904 2792 3038 2864 Nam
3064 2809 3110 2863 si
3141 2816 3434 2878 peceatum
3467 2806 3639 2862 Iactus
3672 2815 3764 2870 est,

513 2898 607 2961 tis,
629 2894 881 2950 absolvit.
2208 2912 2266 2957 ut
2296 2914 2479 2957 nostra
2510 2910 2730 2973 peccata
2760 2900 3047 2957 mandaret
3076 2900 3097 2975 (
3122 2900 3164 2957 II
3184 2899 3313 2958 Cor.
3346 2916 3405 2966 v,
3437 2901 3503 2955 21
3532 2900 3647 2972 )zsi
3685 2915 3766 2952 uno

585 2986 672 3044 14.
715 2988 905 3060 Magna
953 2986 1263 3044 Judteorum
1295 2987 1320 3026 ι)
1369 2988 1989 3060 imprudentialblcrito
2018 3004 2107 3047 ac-
2206 2997 2462 3054 Iedictum
2521 3012 2621 3067 pro
2663 2996 2819 3050 nobis
2870 2995 3042 3051 lactus
3091 3004 3218 3060 est,
3274 3004 3339 3050 ιιι
3364 2993 3510 3065 legis
3533 2992 3767 3049 maledica

512 3089 773 3135 cnsantur
800 3081 854 3136 in
885 3080 1212 3136 criminibus
1241 3081 1383 3147 suis;
1414 3085 1539 3155 quia
1574 3092 1952 3138 act'usatotem
1988 3082 2104 3138 ele—
2213 3100 2470 3149 vacuaret
2495 3092 2513 3163 (
2536 3089 2711 3147 Colat.
2742 3106 2821 3152 ιιι.
2854 3091 2923 3147 15
2943 3089 2992 3161 );
3023 3104 3085 3145 ea
3115 3090 3334 3149 ratione
3359 3100 3419 3145 et
3463 3084 3771 3145 circumcisa!

511 3187 730 3247 gerunt,
781 3184 836 3229 et
881 3179 1078 3243 bonum
1127 3173 1365 3245 judicent
1423 3173 1795 3231 refutaverunt
1838 3192 1849 3230 :
1878 3175 2107 3248 ideoque
2134 3192 2181 3253 α
2212 3200 2312 3259 pro
2336 3184 2495 3241 nobis
2517 3192 2624 3250 est,
2649 3183 3193 3240 titcircumcisioncm
3229 3182 3397 3255 Legi;
3429 3182 3684 3247 auferret,
3706 3180 3772 3229 da-

514 3272 663 3327 decst
696 3270 800 3324 illis
827 3270 1123 3337 absolutio,
1148 3286 1304 3345 paena
1335 3287 1439 3325 non
1468 3270 1642 3326 deest.
2212 3289 2363 3335 turus
2395 3278 2625 3333 salutem
2655 3277 2852 3335 crucis.

591 3367 679 3424 15.
725 3365 893 3423 Recte
918 3381 1070 3438 ergo,
1103 3365 1196 3433 ﬁli,
1231 3378 1251 3403 ε
1286 3380 1317 3420 a
1344 3366 1461 3436 lege
1478 3366 1690 3438 co‘pisti
1717 3407 1731 3432 ,
1767 3365 1819 3421 in
1862 3366 2110 3437 Evange-
2287 3372 2341 3428 5.
2384 3369 2587 3443 Spiritu
2617 3370 2779 3441 igitur
2807 3384 2872 3425 ex
2904 3367 3010 3425 llde
3032 3382 3183 3443 spem
3216 3367 3452 3437 iuSIitite
3500 3375 3776 3436 exspectan-

517 3460 590 3515 lio
610 3460 958 3517 conﬁrmatus
989 3474 1071 3527 es,
1103 3475 1133 3514 a
1165 3458 1268 3515 lide
1299 3458 1353 3515 in
1373 3458 1554 3527 tidem,
1582 3460 1722 3516 sicut
1747 3460 1958 3535 1093
1980 3444 2113 3517 scri-
2216 3464 2338 3522 dam
2389 3464 2547 3521 nobis
2590 3462 2790 3519 asserit
2826 3461 3106 3532 a|l03l0IllS
3151 3457 3379 3533 (Colat.
3426 3476 3483 3527 v,
3514 3456 3591 3529 5)
3616 3499 3629 3523 ,
3676 3456 3776 3511 etis

519 3562 669 3625 ptum
716 3560 837 3608 est:
870 3551 1055 3608 Justus
1107 3554 1243 3607 enim
1287 3553 1479 3624 tax/ide
1528 3554 1690 3627 t~ioit(
1722 3554 1870 3608 liam.
1908 3570 1947 3622 t,
1988 3554 2109 3624 17).
2216 3559 2528 3617 libettatem
2553 3568 2798 3623 vocatos,
2828 3555 3133 3611 libertatem
3183 3565 3437 3609 nostram
3491 3553 3545 3608 in
3583 3549 3781 3607 occane-

522 3647 653 3705 Vale
677 3656 735 3701 et
764 3661 862 3703 nos
889 3647 1085 3719 dilige;
1116 3648 1238 3719 quia
1265 3661 1365 3703 nos
1398 3658 1449 3702 te
1470 3646 1766 3719 diligimus.
2221 3667 2341 3709 nem
2368 3651 2548 3706 carnis
2582 3663 2685 3705 non
2731 3648 2934 3705 debere
2982 3645 3255 3703 conferre.
3323 3646 3612 3717 Siquidem
3657 3653 3779 3709 sese:

992 3739 1326 3797 EPISTULA
1368 3739 1649 3798 LXXVIII.
2219 3742 2541 3798 circumcisio
2571 3740 2766 3810 aliquid
2788 3739 2939 3803 colet,
2970 3754 3130 3808 neque
3174 3738 3496 3809 pra'putium
3536 3734 3661 3795 :scd
3686 3733 3781 3803 fda

523 3832 745 3888 Abrahae
768 3833 931 3888 instar
962 3848 1053 3887 nos
1083 3848 1147 3888 ea:
1184 3832 1288 3903 [ide
1317 3833 1602 3904 justi/icari
1621 3873 1638 3903 ,
1691 3850 1792 3904 qua
1814 3849 1990 3888 sumus
2019 3832 2121 3904 ﬁlii
2219 3852 2445 3910 ᾳυωρετ
2472 3835 2771 3890 charitatem
2797 3843 3042 3903 aperatur
3067 3829 3273 3904 (Ibid.,
3303 3829 3400 3902 ὓ).
3438 3830 3511 3886 Et.
3533 3829 3652 3884 ideo
3684 3824 3785 3879 wi-

594 3924 809 3983 liberte:
853 3924 1297 3980 circumcisionem
1343 3936 1543 3980 tantum
1586 3943 1679 3999 per
1708 3925 1972 3982 Christum
2020 3928 2119 3980 vim
2223 3943 2373 4006 ptum
2402 3938 2520 3988 est:
2553 3928 2748 3999 Diliges
2798 3925 3075 3982 Dominum
3112 3923 3282 3980 Deum
3311 3935 3467 3979 tuum
3502 3921 3689 3995 (Deut.
3714 3932 3783 3979 ιι.

594 4018 865 4087 habuisse,
918 4034 1074 4089 quam
1120 4021 1233 4089 ipse
1282 4020 1336 4072 in
1384 4027 1539 4073 seruet
1579 4034 1763 4088 passus
1790 4019 2076 4103 antiquavit
2101 4034 2120 4073 :
2221 4026 2254 4082 ι
2278 4026 2319 4096 ),
2352 4022 2455 4092 Qui
2479 4032 2660 4077 autem
2687 4019 2885 4091 diligit,
2923 4015 3139 4092 1095
3159 4020 3354 4090 utique
3383 4016 3595 4085 credit,
3625 4023 3673 4069 et
3694 4024 3785 4066 crr-

596 4114 849 4177 iustitiam
871 4129 991 4185 ergo
1022 4129 1123 4167 non
1144 4112 1543 4181 exspectandam
1565 4113 1664 4166 nisi
1687 4128 1750 4167 ea:
1768 4112 1895 4181 ﬁde,
1919 4128 2053 4183 quae,
2078 4111 2123 4168 si
2223 4115 2401 4174 dendo
2451 4112 2825 4185 unusquisque
2873 4110 3102 4183 diligere
3142 4110 3356 4179 incipit.
3387 4109 3633 4179 Denique
3653 4104 3790 4160 Abn-

597 4207 827 4276 perfecta
853 4205 952 4273 sit,
985 4220 1266 4275 numquam
1295 4203 1544 4259 cltaritute
1581 4204 1897 4263 destituitur.
2225 4209 2348 4265 bam
2376 4207 2617 4274 creditit,
2649 4215 2705 4262 et
2733 4205 2814 4261 sic
2840 4204 3068 4276 diligere
3101 4202 3308 4273 cmpit:
3343 4211 3403 4256 et
3452 4199 3680 4257 credidit
3709 4210 3787 4251 una

951 4294 978 4334 τι
1019 4298 1323 4354 Auuuostos
1345 4297 1716 4355 HOBONTIANO.
2225 4319 2291 4359 ex
2322 4312 2496 4373 parte,
2536 4298 2630 4354 sed
2663 4313 2760 4369 per
2799 4297 3003 4351 omnia.
3060 4293 3238 4350 Aliter
3271 4294 3424 4349 enim
3474 4295 3681 4365 plenam
3707 4303 3788 4343 nos

601 4393 650 4453 1.
695 4390 755 4451 Si
785 4390 1045 4445 Abraham
1072 4391 1291 4447 crcdidil
1320 4391 1449 4459 Deo,
1478 4401 1524 4446 et
1551 4402 1843 4464 reputatum
1865 4401 1936 4449 est
1976 4393 2024 4452 ei
2056 4392 2124 4448 ad
2228 4401 2443 4467 poterat
2463 4390 2665 4447 habere
2689 4388 3010 4444 cbaritatetn
3036 4403 3051 4455 ;
3080 4386 3205 4458 quia
3237 4386 3510 4457 scriptum
3538 4396 3622 4441 est
3648 4404 3661 4437 :
3685 4382 3790 4436 Clis—

513 4483 778 4557 justitiam
805 4481 965 4555 (Cen.
997 4498 1089 4549 xv,
1121 4484 1211 4556 6),
1237 4484 1379 4555 quod
1412 4494 1594 4540 autem
1620 4493 1901 4556 reputatur
1922 4485 2124 4556 adjus-
2225 4488 2353 4545 ritas
2385 4483 2547 4539 credit
2576 4483 2751 4537 omnia
2775 4479 2831 4555 (I
2858 4479 2978 4536 Cor.
3010 4494 3127 4547 xm,
3150 4477 3241 4551 7).
3278 4478 3340 4535 Si
3371 4494 3487 4534 non
3514 4477 3680 4533 credit
3704 4491 3791 4527 om-

526 4576 698 4635 tittam
720 4617 737 4642 .
770 4591 836 4633 ex
868 4575 1251 4635 incredulitate
1279 4576 1349 4635 ad
1379 4576 1537 4633 tidem
1556 4589 1641 4636 est
1665 4598 1678 4635 :
1706 4583 1891 4651 utique
1921 4596 1988 4637 ex
2018 4579 2122 4637 lide
2147 4592 2200 4655 ι)
2228 4581 2336 4643 uia,
2363 4592 2473 4633 non
2497 4575 2709 4631 videtur
2730 4574 2968 4628 cbaritas
2988 4587 3107 4627 esse
3139 4569 3409 4643 perfecta.
3445 4569 3590 4639 Ergo
3621 4566 3792 4641 perici-

521 4669 905 4744 jttStilicatnur,
938 4686 1044 4729 non
1075 4685 1147 4727 ex
1178 4670 1437 4741 operibus
1466 4671 1622 4743 legis.
1653 4672 1884 4729 Abrahae
1933 4681 2115 4728 autem
2226 4682 2277 4727 ta
2298 4670 2538 4727 ebaritas
2569 4682 2786 4722 omnem
2817 4664 2978 4720 tidem
3009 4664 3192 4719 habet.

524 4765 628 4838 ipsi
656 4764 763 4823 duo
791 4765 886 4821 lilii
916 4764 1108 4823 Ismael
1134 4775 1188 4821 et
1216 4765 1364 4822 Isaac
1389 4808 1404 4834 ,
1430 4781 1568 4822 unus
1598 4766 1666 4822 de
1710 4767 1935 4835 ancilla,
1988 4766 2124 4824 alter
2297 4763 2352 4820 6.
2382 4764 2498 4817 Non
2528 4770 2704 4815 tamen
2733 4756 2892 4814 facile
2914 4756 3169 4822 dixerim,
3193 4755 3338 4827 quod
3365 4756 3634 4815 continuo
3649 4751 3789 4808 omnis

524 4861 594 4921 de
622 4858 789 4919 libera
820 4857 986 4933 (Gal.
1018 4874 1094 4927 ιν,
1124 4860 1195 4915 22
1221 4869 1265 4915 et
1292 4860 1457 4937 seq.).
1483 4860 1552 4919 Et
1574 4875 1899 4933 reSponsum
1933 4861 2125 4932 hujus-
2229 4856 2359 4912 ﬁdes
2390 4852 2687 4927 perfectam
2722 4850 3045 4906 cbaritatem
3084 4848 3320 4914 habeat;
3380 4849 3508 4919 quia
3535 4845 3790 4919 Apostolus

525 4954 695 5021 modi,
725 4962 782 5015 ut
809 4954 1111 5025 expelleret
1132 4954 1411 5023 ancillam,
1436 4965 1492 5013 et
1518 4954 1687 5019 lilium
1719 4955 1964 5022 ancillaa;
2014 4971 2079 5012 nn

2228 4948 2366 5004 dixit
2390 4965 2403 5002 :
2431 4946 2490 5002 Si
2518 4946 2743 5001 habuero
2765 4958 2967 4999 omnem
2991 4940 3167 5011 ﬁdem,
3198 4941 3275 4996 ita
3298 4951 3353 4995 ut
3378 4952 3584 4995 montes
3611 4938 3790 5005 transi!-

524 5047 669 5105 enim
699 5045 972 5111 hmrcdetn
995 5044 1113 5105 fore
1141 5044 1356 5107 ancilla:
1380 5042 1549 5105 lilium
1576 5065 1591 5109 ;
1623 5055 1681 5109 et
1708 5047 1835 5109 ideo
1877 5062 1986 5103 non
2027 5062 2125 5105 ειη·
2227 5059 2341 5098 rain
2362 5082 2380 5113 ,
2408 5041 2711 5096 charitatetu
2737 5048 2908 5093 autem
2930 5053 3033 5091 non
3053 5036 3275 5095 habeam
3303 5078 3320 5105 ,
3353 5033 3493 5090 nihil
3539 5032 3663 5089 mihi
3698 5044 3791 5103 με’

2184 1312 2202 1385 (
2232 1310 2409 1368 Colat.
2442 1327 2497 1379 v,
2523 1310 2560 1365 ἓ
2584 1311 2625 1383 ).
2659 1310 2777 1366 Non
2810 1311 2935 1381 quia
2960 1325 3071 1367 non
3103 1309 3305 1383 possit,
3356 1308 3461 1365 sed
3488 1311 3612 1381 quia
3637 1310 3742 1365 hdi-

2183 1422 2320 1479 gnos
2349 1405 2629 1461 beneﬂciis
2652 1406 2766 1461 suis
2782 1404 3011 1475 jndicet,
3035 1405 3128 1476 qui
3151 1404 3268 1459 vias
3292 1403 3414 1475 dus
3434 1403 3691 1463 deserant.

595 5228 620 5293 fl
660 5216 820 5293 Itum.
844 5217 978 5293 edit.
999 5216 1150 5293 sola,
1182 5232 1353 5293 meum
1374 5222 1578 5293 justum
1608 5231 1702 5278 est.

591 5289 620 5329 δ
660 5289 790 5361 Mss.
823 5291 1056 5361 allquot,
1081 5289 1387 5344 Judteorum'
1410 5294 1700 5359 prudentia.
1726 5293 1883 5349 Male.

594 5372 619 5407 ι
661 5360 1001 5419 ﬂerntaunus
1025 5361 1110 5416 his
1135 5377 1218 5418 vet
1234 5361 1314 5417 bis
1338 5363 1962 5430 ductus,llorontianum
1985 5364 2128 5421 hunc

521 5448 554 5517 9
581 5432 879 5517 Judaismq
905 5436 1572 5517 conversumAesistimat:
1604 5452 1782 5509 neque
1822 5452 1922 5497 nos
1969 5438 2128 5517 abeo
2237 5448 2339 5517 vos
2362 5434 2632 5507 episcopus
2661 5433 2715 5515 in
2745 5444 2850 5517 V-ct.
2878 5434 3012 5488 edit.
3042 5437 3365 5517 cunctisque
3396 5449 3530 5517 mss:
3557 5433 3789 5517 desidit:

522 5501 693 5576 baein
726 5517 785 5576 re
831 5504 1182 5576 dissidemus.
1226 5506 1490 5576 Addimns
1534 5524 1666 5562 vero
1694 5501 1811 5562 'non
1867 5507 2116 5565 eumdem
2238 5516 2345 5571 tur,
2381 5501 2615 5561 necnon
2662 5505 2713 5558 itt
2770 5502 2968 5559 horum
3019 5502 3229 5576 aliquot
3276 5501 3566 5576 inScriptio
3608 5501 3790 5557 omu'ﬂ

523 5570 677 5647 Illum
701 5572 901 5647 videri,
922 5572 989 5628 ad
1019 5589 1180 5647 quem
1210 5574 1497 5631 destinata:
1528 5586 1655 5632 sunt
1690 5582 2004 5647 superiores
2047 5578 2116 5633 ad
2229 5570 2595 5645 praetermissa
2618 5583 2721 5631 est.

524 5642 917 5722 lloroutianum
946 5641 1223 5722 epistol.e_._
1270 5648 1425 5703 llune
1462 5651 1607 5713 enim
1643 5667 1672 5703 a
1698 5641 1900 5722 teneris
1934 5652 2121 5706 Eccle-
2231 5641 2240 5645 ⁷
2304 5658 2328 5685 ι’
2368 5646 3073 5722 Mss.quatuor,descramus
3094 5646 3334 5722 umbram
3358 5647 3505 5713 solis,
3532 5643 3676 5722 sicuti
3691 5641 3789 5722 tit“

527 5712 1312 5800 {IQQR'PI‘III-I‘ILIparentibus
1352 5712 1601 5800 constat,
1640 5736 1738 5800 nec
1793 5720 2026 5800 videt_ur_
2053 5735 2121 5800 ea
2217 5712 2541 5800 Iudaicos.”
2565 5712 2862 5800 deseramus
2909 5718 3354 5777 circumcisionens
3400 5712 3612 5773 membri
3635 5714 3788 5774 aliis.

529 5781 753 5853 qua-sile
780 5794 809 5833 a
839 5781 1071 5839 Diacoiio
1101 5795 1155 5841 et
1181 5802 1211 5843 a
1239 5788 1353 5845 vlro
1376 5781 1765 5855 ecclesiasticis
1815 5793 2120 5869 disciplinis
2217 5781 2349 5870 ’τινα
2377 5790 2509 5846 nihil
2530 5793 2758 5864 prodest.

2224 5219 2480 5275 instituto
2510 5219 2783 5291 proposita
2804 5260 2819 5285 ,
2844 5216 2910 5273 ad
2940 5213 3105 5291 quam
3132 5216 3528 5277 exsolvendam
3556 5217 3651 5272 has
3675 5215 3791 5271 litte-

2234 5306 2323 5346 ras
2338 5290 2536 5346 direxlt
2554 5290 2892 5345 Ambrosius.

2306 5361 2333 5399 ἀ
2374 5363 2532 5418 Rom.
2561 5361 2731 5424 edit..
2776 5362 3080 5416 Ambrosius
3133 5362 3413 5432 episcopus
3472 5359 3791 5417 Horatian:
