3932 6296
1328 258 1821 327 ιιιιιετοωιιυιι
1858 258 2144 323 οιΑεειε
2181 258 2248 318 ll.

3320 261 3459 325 ιιτθ

199 382 289 437 dest
315 380 349 451 (1
375 380 497 438 Cor.
518 397 639 449 stu,
668 380 751 454 2).
784 379 995 437 Etenim
1041 396 1162 437 cum
1188 379 1287 437 tria
1307 380 1415 437 sint
1438 376 1744 455 maxitnein
1774 377 1828 451 Α
1922 378 2189 446 valuerat,
2227 376 2410 433 asserit
2449 386 2498 432 et
2539 376 2772 433 morbum
2821 385 2870 439 et
2903 378 3176 436 sanitatem
3220 380 3453 450 ejusdem

199 474 295 527 viro
318 470 628 543 christiano,
654 490 810 546 spes,
845 468 976 530 ildes
997 517 1011 542 ,
1042 470 1281 530 charitas
1306 491 1321 533 :
1353 474 1525 546 major
1554 471 1640 528 his
1667 481 1751 527 est

195 562 400 621 charitas
430 562 611 635 (Ibid.
632 608 648 634 ,
681 564 749 622 ts
767 566 805 635 ).

254 661 298 714 7.
334 658 432 716 Sed
461 660 699 716 arltitror
722 669 748 698 ι
767 659 1027 733 propositi
1054 658 1223 731 gratia
1247 656 1351 715 hoc
1373 658 1579 714 dixisse
1606 656 1753 731 Apo-

192 755 384 823 stolnm;
418 770 593 828 neque
623 755 770 811 enim
803 753 1015 810 videtur
1038 752 1170 808 mihi
1191 752 1284 826 qui
1310 751 1509 808 habeat
1530 766 1749 809 onmem

190 847 438 915 iidem,ita
480 858 537 904 ut
566 857 779 907 montes
816 847 1132 914 transferat,
1171 844 1491 901 charitatem
1517 859 1623 901 non
1655 842 1753 900 ha-

193 939 330 1007 bere;
365 939 639 1013 quomodo
688 950 737 996 et
766 940 920 1008 illud,
974 941 1018 996 si
1058 937 1256 995 habeat
1322 938 1520 1011 aliquis
1565 939 1749 995 omnia

186 1035 432 1106 mysteria,
471 1042 524 1088 et
551 1048 770 1089 omnem
798 1033 1125 1110 scientiam;
1187 1028 1463 1103 quomodo
1511 1046 1619 1086 non
1649 1028 1749 1087 ha-

182 1124 288 1181 beat
326 1126 637 1181 citaritatem
664 1170 678 1193 ,
724 1125 1024 1198 praesertim
1098 1140 1221 1180 cum
1269 1122 1417 1179 dicat
1474 1121 1748 1184 Joannes:

184 1222 303 1287 Quia
328 1222 486 1276 omnis
512 1224 600 1294 qui
631 1221 792 1276 credit
816 1220 938 1291 quia
963 1218 1118 1275 Iesus
1144 1216 1379 1274 Christus
1402 1227 1498 1287 est,
1548 1218 1611 1274 de
1640 1218 1749 1274 Deo

179 1323 313 1368 natus
335 1324 402 1369 est
433 1306 677 1386 (IJoau.
711 1329 783 1381 tv,
818 1312 916 1381 7);
942 1322 997 1369 et
1024 1327 1188 1384 supra
1218 1310 1331 1381 ipse
1353 1309 1586 1369 dixerit:
1610 1311 1752 1383 Quo-

178 1409 303 1463 niam
347 1410 430 1481 qui
470 1411 534 1464 de
563 1400 671 1463 Deo
717 1417 869 1462 natus
896 1415 1005 1473 est,
1054 1423 1154 1460 non
1202 1414 1382 1480 peccat
1415 1404 1607 1480 (Ibid.,
1658 1423 1747 1477 ιιι,

177 1502 285 1573 9)?
326 1500 477 1559 Unde
520 1501 832 1574 colligitur,
872 1499 917 1555 si
961 1499 1043 1557 Itis
1096 1499 1189 1573 qui
1232 1500 1411 1556 credit
1440 1499 1567 1572 quia
1593 1492 1751 1557 .iesns

174 1594 407 1652 Christus
442 1605 547 1665 est,
572 1594 639 1651 de
672 1594 783 1650 Deo
811 1603 972 1649 natus
1004 1599 1118 1661 est;
1167 1601 1221 1647 et
1242 1592 1332 1663 qui
1361 1590 1429 1648 de
1459 1591 1570 1648 Deo
1593 1596 1751 1649 natus

172 1699 269 1756 ρει,
295 1707 390 1744 ιιοη
440 1698 657 1761 peccat:
688 1689 875 1760 utique
930 1686 1013 1742 itis
1072 1687 1163 1758 qui
1224 1685 1414 1745 credat
1438 1684 1563 1757 quia
1590 1680 1751 1742 Jesus

1924 466 2119 525 Christi
2148 460 2424 527 tribuenda
2460 458 2782 533 visitationi;
2820 479 2973 540 atque
3012 478 3067 522 ut
3113 469 3284 538 ipsum
3329 470 3454 527 reti-

1925 573 2078 631 ueat,
2126 572 2172 619 et
2199 560 2269 618 ad
2306 560 2416 617 alia
2455 570 2780 617 sacramenta
2831 558 3101 635 properet,
3130 560 3285 617 illum
3325 562 3442 618 Ιιοι-

1927 666 2083 715 tatur.

2216 751 2517 806 Ausaosws
2550 744 2804 805 BELLICIO
2831 748 3086 806 salutem.

1926 844 1977 901 ί.
2019 838 2287 901 lactatum
2318 837 2340 880 ί
2372 849 2427 901 te
2448 845 2596 915 gravi
2623 840 2950 913 :egritudine
2977 836 3294 914 signiiicasti
3321 841 3457 898 mihi

1852 937 2156 995 credidisse
2199 939 2251 992 in
2293 934 2585 991 Dominum
2611 928 2835 1003 Iesum,
2885 944 2941 992 et
2964 935 3076 1007 jant
3100 935 3332 1007 coepisse
3371 952 3458 992 re~

1852 1033 2149 1088 valescere.
2182 1031 2262 1087 Ad
2291 1032 2522 1087 salutem
2550 1032 2718 1103 igitur
2738 1046 2801 1086 ea
2825 1030 3109 1087 inﬁrmitas
3126 1030 3247 1098 fuit,
3282 1042 3307 1080 8
3333 1032 3453 1104 plus

1851 1125 2027 1182 aculei
2054 1140 2216 1197 quam
2241 1125 2470 1189 periculi
2500 1126 2716 1191 ferens;
2747 1126 2875 1195 quia
2906 1126 3002 1181 diu
3022 1127 3349 1197 prouisum
3370 1136 3458 1183 re.

1852 1220 2176 1278 morabaris.
2224 1220 2338 1275 iloc
2376 1231 2459 1275 est
2488 1218 2633 1291 quod
2657 1220 2739 1275 ait
2766 1238 2781 1274 :
2814 1219 3149 1287 Part-titiam,
3176 1230 3224 1275 et
3260 1220 3455 1276 cenabo

1854 1315 2035 1391 (Deut.
2062 1331 2239 1383 sun,
2263 1316 2380 1386 39).
2410 1315 2689 1371 Percussit
2710 1315 3030 1373 inﬁrmitate
3050 1358 3065 1384 ,
3093 1318 3303 1373 sanavit
3329 1318 3453 1373 title.

1853 1410 2005 1466 Vidit
2045 1410 2190 1466 enim
2238 1411 2551 1466 interiorem
2599 1408 2855 1465 affectum
2890 1420 3042 1467 suum
3082 1428 3190 1468 non
3227 1426 3454 1467 vacuum

1853 1507 1957 1578 piat
1985 1505 2326 1574 cupiditatis,
2359 1506 2453 1561 sed
2489 1504 2671 1561 excuti
2698 1504 3089 1573 dilationibus;
3122 1517 3175 1561 et
3199 1506 3327 1562 ideo
3364 1505 3459 1560 ad-

1853 1612 2082 1655 monere
2112 1597 2337 1663 maluit,
2370 1598 2445 1652 ita
2475 1606 2534 1653 ut
2568 1597 2798 1654 salutem
2832 1615 2938 1654 non
2982 1599 3242 1669 laederet,
3285 1597 3458 1657 devo-

1854 1690 2058 1746 tionem
2092 1690 2377 1746 excitaret.

170 1780 403 1837 Christus
432 1794 533 1849 est,
562 1798 670 1837 non
697 1790 904 1854 peccat.
932 1780 988 1837 Si
1014 1780 1135 1852 quis
1160 1788 1339 1836 autem
1371 1788 1557 1850 peccat
1583 1822 1598 1846 ,
1642 1795 1748 1836 non
1780 1792 1827 1859 Β
1923 1783 1980 1839 2.
2020 1782 2309 1853 Quomodo
2339 1783 2484 1838 enim
2514 1781 2674 1839 saluti
2700 1793 2943 1851 noceret,
2968 1784 3058 1854 qui
3089 1781 3229 1839 solet
3248 1776 3455 1850 dicere,

169 1877 366 1933 credit:
395 1882 484 1949 qui
516 1886 697 1934 autem
721 1875 750 1916 ι’
783 1894 888 1933 non
917 1878 1113 1944 credit,
1165 1891 1264 1931 nec
1288 1876 1491 1947 diligit:
1518 1872 1607 1947 qui
1651 1891 1746 1929 au-

167 1981 267 2027 tem
290 1987 387 2027 non
417 1971 615 2044 diligit,
649 1982 871 2044 peccato
901 1969 1173 2026 obnoxius
1203 1977 1306 2025 est.
1344 1969 1485 2040 Ergo
1528 1984 1636 2024 non
1663 1966 1747 2024 di-

163 2062 290 2135 ligit,
318 2067 403 2134 qui
438 2074 621 2136 peccat
651 2081 665 2131 ;
695 2063 932 2120 charitas
964 2062 1111 2118 enim
1143 2061 1547 2119 multitudinem
1570 2062 1746 2132 Operit

160 2166 492 2226 peccaturum
521 2157 586 2230 (Ι
612 2154 727 2214 Pet.
759 2172 832 2225 tv,
860 2155 894 2212 8
919 2155 957 2227 ).
984 2155 1139 2225 Quod
1169 2156 1213 2211 si
1242 2154 1481 2210 charitas
1514 2169 1742 2226 peccan-

156 2249 210 2304 di
242 2250 470 2307 excludit
502 2250 755 2305 all'ectutn
777 2293 793 2320 ,
824 2245 1264 2322 quandoquidem
1296 2248 1463 2305 etiam
1489 2249 1740 2305 timorem

154 2341 384 2395 excludit
403 2341 566 2407 foras,
586 2340 743 2413 plena
767 2353 844 2396 est
862 2340 1050 2409 utique
1068 2340 1461 2409 periecuetldei
1480 2340 1739 2396 charitas.

222 2437 272 2491 8.
309 2436 552 2507 Denique
584 2435 840 2506 apostoli,
874 2435 964 2506 qui
999 2433 1165 2489 futuri
1190 2427 1347 2488 er'ant
1374 2433 1557 2499 amici,
1592 2433 1741 2488 dixe-

152 2536 273 2582 runt
306 2545 318 2581 :
349 2520 566 2598 Adauge
596 2525 740 2580 nobis
765 2526 920 2593 ﬁdem
945 2527 961 2593 (
987 2523 1117 2579 Luc.
1154 2538 1283 2589 xm,
1314 2521 1383 2579 15
1405 2520 1446 2595 ),
1493 2530 1738 2594 petentes

148 2638 176 2675 a
208 2621 346 2676 bono
369 2620 604 2685 medico,
635 2625 693 2674 ut
718 2618 1088 2674 iniirmantem
1116 2618 1167 2674 in
1204 2632 1262 2673 se
1312 2614 1468 2673 iidem
1500 2623 1735 2672 sanaret.

146 2714 529 2769 lniirmabatnr
559 2713 735 2770 adhuc
782 2711 917 2767 ﬁdes
946 2714 996 2765 in
1023 2712 1122 2777 iis,
1168 2726 1290 2767 cunt
1321 2708 1535 2765 audiret
1573 2709 1736 2764 etiam

146 2805 374 2862 Petrus:
407 2803 644 2860 Minima:
680 2805 833 2875 ﬁdei,
867 2819 1028 2875 quare
1069 2801 1318 2857 dubitasti
1351 2792 1579 2874 (Matth.
1614 2816 1734 2868 XIV,

143 2899 214 2954 δι’.
234 2898 295 2969 )?
335 2896 477 2969 Ergo
505 2897 639 2952 ﬁdes
669 2896 818 2953 velut
841 2897 1039 2967 prmvia
1058 2893 1341 2950 cbaritatis
1367 2902 1594 2965 occupat
1624 2893 1739 2947 ani-

141 3009 308 3062 mam,
341 3002 395 3048 et
441 2993 957 3066 prteparatsemitas
995 2999 1239 3045 ventura:
1288 2986 1591 3044 dilectioni.
1648 2986 1738 3043 Sic

141 3089 318 3144 omnis
351 3087 484 3144 iides
510 3093 595 3143 est
619 3130 633 3156 ,
664 3087 753 3144 ubi
788 3084 1052 3161 perfectio
1073 3082 1379 3140 charitatis.

1849 1886 1909 1932 ιιι
1937 1878 2168 1949 legimus
2199 1878 2252 1932 in
2286 1876 2583 1947 Evangelio
2609 1896 2623 1933 :
2656 1874 2766 1949 Ego
2790 1876 3012 1945 veniam,
3043 1885 3090 1931 et
3118 1872 3308 1933 curabo
3338 1893 3453 1932 eum

1847 1968 2062 2042 (Matth.
2095 1986 2214 2036 vttt,
2240 1966 2336 2042 7)?
2359 1966 2385 2007 ιι
2417 1968 2562 2042 Ergo
2593 1980 2647 2026 et
2676 1986 2797 2026 eum
2829 1986 2857 2024 a
2890 1970 2997 2025 tuis
3025 1970 3369 2037 invitaretur,
3400 1980 3457 2025 nt

1845 2061 2112 2118 inviseret
2142 2062 2362 2117 domum
2396 2071 2541 2119 tuam
2568 2105 2581 2128 ,
2617 2062 2736 2117 sine
2781 2060 2949 2117 dubio
2991 2060 3128 2118 dixit
3167 2080 3181 2115 :
3229 2059 3340 2139 Ego
3370 2079 3454 2118 tte.

1844 2157 2005 2226 niam,
2047 2167 2095 2213 et
2120 2159 2311 2213 curabo
2339 2176 2477 2215 eum.
2512 2156 2577 2213 Et
2606 2158 2649 2213 si
2691 2173 2798 2214 non
2822 2157 3022 2213 audisti
3060 2174 3217 2228 eum,
3253 2158 3343 2217 ille
3375 2167 3454 2214 ta-

1844 2264 1968 2306 men
1997 2253 2149 2324 qnasi
2190 2251 2336 2306 Deus
2379 2244 2773 2307 insensilailiter
2799 2246 3018 2307 locutus
3041 2261 3126 2308 est
3152 2270 3166 2309 :
3194 2238 3315 2311 etsi
3344 2267 3451 2309 non

1841 2341 2023 2397 vidisti
2052 2357 2199 2410 eum,
2232 2343 2322 2398 ille
2344 2352 2524 2399 tamen
2552 2340 2694 2415 quod
2722 2353 2773 2399 te
2796 2340 3223 2416 iucorporaliter
3252 2346 3454 2402 invise-

1841 2435 1933 2501 rit,
1969 2433 2208 2491 dubitari
2242 2452 2347 2490 non
2381 2444 2584 2507 potest.

1912 2529 1963 2583 5.
2009 2526 2116 2582 Sed
2152 2525 2331 2581 vidisti
2364 2543 2509 2595 eum,
2542 2526 2632 2598 qui
2657 2524 2944 2583 credidisti
2974 2526 3062 2595 ei;
3093 2529 3274 2586 vidisti
3300 2544 3451 2601 eum,

1839 2620 1929 2694 qni
1974 2621 2227 2692 recepisti
2256 2635 2381 2675 eum
2414 2616 2651 2692 hospitio
2682 2629 2788 2676 tua:
2819 2621 3017 2676 mentis
3056 2640 3071 2679 :
3104 2622 3286 2679 vidisti
3324 2639 3452 2683 eum

1840 2713 2072 2786 spiritu,
2118 2711 2298 2769 vidisti
2336 2728 2460 2768 eum
2491 2712 2666 2769 oculis
2708 2710 3082 2772 interioribus.
3125 2715 3276 2773 Tene
3322 2732 3455 2793 ergo

1842 2807 2115 2880 ltospitem
2156 2822 2355 2862 novum
2374 2849 2388 2873 ,
2422 2805 2514 2863 ditt
2544 2818 2924 2879 exspectatum
2951 2849 2964 2875 ,
2987 2809 3082 2865 sed
3113 2824 3238 2865 seru
3261 2826 3454 2867 susce-

1841 2912 1993 2974 ptum
2028 2919 2042 2956 :
2078 2903 2129 2956 in
2178 2918 2286 2973 quo
2325 2911 2380 2956 et
2408 2901 2644 2968 vivimus,
2671 2910 2718 2955 et
2741 2918 2918 2955 sumus
2945 2911 2995 2958 et
3020 2918 3279 2958 movemur
3306 2904 3449 2975 (Act.

1841 3013 1955 3053 xvu
1975 3039 1990 3063 ,
2020 2996 2134 3065 28).
2168 2994 2182 3034 ί
2221 2995 2466 3052 Gnstasti
2496 2996 2658 3067 igitur
2689 2995 2812 3051 iidei
2842 2998 3018 3071 prima
3045 2992 3267 3056 exordia
3294 3041 3309 3067 ,
3340 3014 3448 3055 non

1841 3090 1934 3145 ilat
1959 3090 2190 3146 verbum
2223 3089 2499 3144 occultum
2531 3089 2583 3143 in
2612 3082 2780 3142 corde
2812 3097 2925 3145 tuo.
2959 3082 3083 3143 llatc
3112 3090 3293 3145 omnis
3319 3106 3452 3162 gra-

216 3181 269 3237 9.
312 3178 438 3237 Ideo
464 3188 592 3257 puto
615 3180 719 3235 dici
747 3182 874 3252 quia
896 3177 1135 3234 charitas
1162 3176 1338 3233 credit
1358 3172 1733 3245 omnia(|Cor.
1764 3177 1811 3251 ς
1842 3184 1913 3239 tia
1936 3193 2040 3251 est,
2074 3181 2178 3239 hoc
2209 3188 2294 3237 est
2320 3196 2481 3237 omne
2512 3196 2730 3237 munus.
2772 3179 2945 3237 Nemo
2976 3184 3119 3237 enim
3149 3185 3450 3256 penetralia

139 3290 260 3342 xm,
293 3264 388 3346 7),
423 3273 526 3329 hoc
555 3281 660 3339 est,
692 3273 818 3328 facit
841 3272 1001 3327 tidem
1029 3272 1210 3328 omnia
1236 3266 1482 3339 credere,
1518 3280 1540 3309 ε
1570 3280 1623 3327 et
1646 3269 1743 3327 ha-

137 3369 272 3424 bere
302 3366 609 3437 hujusmodi
638 3366 875 3422 animam
901 3383 1115 3422 omnem
1167 3364 1351 3421 ﬁdem.
1404 3365 1481 3420 Ac
1507 3379 1604 3436 per
1638 3363 1741 3419 hoc

137 3461 229 3516 ubi
272 3454 513 3531 perlecta
568 3461 807 3517 charitas
834 3503 849 3527 ,
914 3460 983 3515 ibi
1038 3458 1215 3516 omnis
1255 3457 1427 3514 ﬁdes:
1470 3458 1612 3513 sicut
1650 3454 1742 3513 ubi

134 3557 384 3631 perfecta
406 3556 668 3623 charitas,
701 3557 772 3613 ibi
797 3572 924 3630 spes
946 3557 1143 3613 omnis.
1188 3555 1431 3628 Denique
1458 3555 1597 3611 sicut
1618 3571 1738 3609 om-

135 3650 231 3707 nia
255 3650 453 3713 credit,
471 3651 544 3705 ita
572 3650 835 3720 scriptum
859 3662 940 3705 est
973 3650 1094 3723 quia
1115 3632 1303 3722 sperat
1325 3649 1502 3706 omnia
1527 3646 1741 3723 (Ibid).

132 3743 269 3800 ideo
297 3743 492 3816 major,
527 3745 650 3817 quia
680 3760 858 3817 spem,
890 3743 1158 3816 iidemque
1178 3742 1580 3816 complectitur.

212 3837 304 3892 10.
352 3836 504 3892 Hanc
552 3836 874 3895 charitatem
906 3834 1118 3893 habens
1151 3879 1164 3904 ,
1217 3837 1349 3893 nihil
1382 3837 1564 3902 timet;
1618 3839 1745 3911 quia

129 3930 387 3987 charitas
422 3931 670 3986 timorem
701 3930 942 3986 excludit
971 3930 1148 3997 i'oras;
1176 3940 1227 3987 et
1271 3926 1394 3985 ideo
1444 3927 1471 3968 ἀ
1495 3930 1746 4006 ablegato

127 4036 187 4081 et
237 4035 411 4082 exuto
466 4026 698 4095 timore,
758 4026 938 4082 omnia
998 4023 1209 4092 suil'ert,
1254 4024 1435 4080 omnia
1490 4025 1742 4083 sustinet.

131 4128 156 4157 ο
178 4120 289 4185 Qui
322 4133 457 4188 ergo
476 4134 574 4189 per
589 4117 914 4175 cltaritateut
945 4116 1122 4172 omnia
1151 4118 1401 4181 sustinet,
1431 4133 1535 4172 non
1570 4127 1749 4190 potest

127 4212 342 4266 timere
376 4212 719 4282 martyrium.
752 4209 820 4266 Et
851 4208 972 4265 ideo
1003 4210 1155 4282 quasi
1193 4208 1385 4278 victor,
1409 4210 1535 4266 alibi
1566 4211 1617 4267 in
1642 4210 1748 4266 line

121 4306 203 4361 ait
237 4323 251 4358 :
290 4303 428 4360 Mihi
458 4308 595 4360 enim
618 4308 840 4362 mundus
868 4307 1149 4381 cruciﬁxus
1203 4318 1274 4362 est
1297 4350 1311 4374 ,
1342 4319 1391 4365 et
1428 4324 1522 4380 ego
1555 4309 1749 4365 mundo

117 4396 340 4471 (σαῖσι.
365 4412 451 4464 νι,
481 4397 605 4470 is).
643 4398 791 4465 Vale,
827 4400 934 4468 liii,
959 4411 1015 4456 et
1044 4415 1141 4456 nos
1166 4398 1363 4473 dilige;
1409 4402 1535 4471 quia
1564 4417 1664 4459 nos
1697 4413 1749 4458 te

118 4490 447 4561 diligimus.

536 4583 747 4659 ιοθε
778 4585 1111 4642 EPISTULA
1150 4586 1391 4643 LXXIX.

119 4676 389 4742 Bellicio,
418 4677 510 4747 qui
533 4693 649 4731 cum
670 4676 975 4732 credidisset
999 4679 1053 4731 in
1077 4677 1359 4747 Christum,
1384 4697 1411 4735 e
1428 4680 1606 4736 morbo
1627 4697 1748 4735 cou-

202 4825 233 4852 ³¹
279 4814 523 4871 Nonnuli
570 4830 729 4884 mss.,
785 4816 1050 4888 proposita
1080 4817 1284 4887 gratia;
1314 4818 1507 4875 melius
1536 4819 1655 4883 alii,
1694 4830 1749 4875 et

112 4901 337 4944 omnes
366 4888 527 4953 edit.,
562 4888 813 4957 propositi
842 4898 1012 4958 gratia
1034 4929 1047 4953 ,
1083 4889 1133 4941 id
1178 4898 1294 4953 est,
1327 4893 1629 4958 argumenti
1664 4893 1746 4947 sui

109 4959 352 5032 gratia,
401 4960 517 5016 sive
564 4968 990 5032 utargumento
1034 4960 1251 5032 serviat
1289 4974 1417 5025 suo;
1450 4962 1565 5016 vult
1603 4963 1747 5019 enim

109 5030 373 5087 Sanetus
398 5032 594 5086 Doctor
622 5030 940 5104 Apostolum
969 5030 1313 5104 ltypotltesint
1363 5034 1748 5101 itnpossihilem

111 5104 536 5176 proposuisse,
571 5112 626 5157 ut
657 5103 938 5157 charitatis
966 5103 1675 5176 necessitatetncxplicaret.

200 5174 233 5214 ι’
282 5175 423 5230 Mss.
453 5175 695 5243 aliquot,
724 5190 825 5228 non
856 5175 1045 5235 credit.
1077 5184 1282 5241 peccato
1305 5174 1559 5230 obnoxius
1582 5186 1677 5230 est.

205 5258 232 5287 ε
286 5245 360 5305 Et
423 5246 610 5301 habere
659 5248 955 5319 hujusntodi
1005 5248 1230 5300 animant
1291 5262 1490 5300 omnem
1540 5248 1697 5317 ﬁdem
1730 5290 1747 5315 ,

111 5319 343 5376 isthmc
373 5319 431 5374 in
457 5332 587 5373 mss.
621 5327 857 5389 quatuor
882 5319 1120 5388 jugulat:
1165 5325 1323 5384 s'nnt;
1372 5333 1473 5373 nec
1503 5332 1609 5373 non
1666 5334 1752 5373 se-

107 5393 337 5462 quenti
368 5406 529 5446 versu
562 5390 650 5445 illa
681 5390 958 5462 similiter,
998 5390 1071 5443 ibi
1112 5391 1279 5444 omnis
1331 5390 1479 5460 ﬁdes,
1513 5392 1643 5445 sicut
1670 5390 1753 5449 ubi

111 5461 389 5535 perfecta
411 5462 658 5535 charitas,
686 5461 775 5514 ibi.

292 5534 433 5589 Mss.
465 5532 702 5602 aliquot,
735 5532 960 5602 obligato
990 5541 1033 5586 et
1066 5532 1275 5587 excluso
1289 5534 1487 5588 timore.

210 5616 238 5643 ε
295 5607 431 5660 time
462 5605 626 5659 vetita
646 5644 660 5665 ,

109 5687 221 5731 net
257 5717 275 5744 ,
339 5676 488 5733 sicut.
531 5685 586 5729 et
637 5674 724 5729 illa
763 5690 776 5725 :
835 5672 978 5738 Vale,

118 5747 367 5811 Laud.,
398 5745 517 5801 Ful.
549 5744 772 5801 etColb.
798 5744 1196 5801 desiderantur.

219 5819 243 5861 τ
301 5817 495 5873 Codex
528 5816 749 5888 Boyer.,
779 5813 1063 5870 lactatum
1088 5828 1154 5881 te,
1184 5828 1290 5876 etc.

690 5602 792 5670 Qui
814 5620 933 5675 ergo
966 5621 1056 5675 per
1077 5605 1578 5659 charitatem'omnitt
1605 5604 1759 5657 susti-

1008 5676 1118 5745 ﬁli,
1152 5684 1284 5743 etc.,
1319 5678 1373 5730 in
1405 5693 1536 5731 mss.
1576 5677 1762 5741 C0l‘ii.,

1842 3278 2036 3334 domus
2059 3277 2127 3334 de
2148 3276 2393 3349 ingressu
2421 3277 2679 3344 aestimat,
2698 3275 2966 3348 siquidem
2991 3274 3006 3327 i
3038 3278 3217 3335 omnis
3241 3277 3451 3336 ii'uctus

1844 3372 1899 3429 in
1937 3371 2292 3427 interioribus
2324 3377 2441 3437 est;
2474 3384 2649 3445 neque
2688 3369 2834 3427 enim
2878 3370 3144 3440 sapientis
3187 3380 3271 3426 est
3311 3387 3339 3430 a
3373 3370 3451 3427 i‘e-

1846 3459 2332 3539 nestra'respicere
2355 3464 2407 3519 in
2434 3460 2673 3529 domum,
2694 3470 2748 3517 et
2765 3460 2990 3517 stultitia
3007 3461 3242 3521 hominis
3261 3460 3452 3520 audire

1846 3575 1943 3633 per
1970 3558 2195 3615 ostium.

1917 3656 1970 3711 4.
2009 3655 2124 3711 Alia
2161 3661 2289 3709 sttnt
2313 3659 2777 3708 sacramentorum
2825 3646 3209 3722 perfectiorum
3248 3644 3453 3731 mystea

1847 3749 1960 3816 ria;
1983 3750 2108 3819 quia
2139 3746 2339 3803 Oculus
2363 3761 2463 3800 non
2483 3744 2631 3812 vidit,
2658 3761 2750 3799 nec
2770 3744 2913 3801 auris
2936 3736 3157 3811 audivit,
3182 3756 3298 3811 qua:
3317 3745 3451 3817 prte-

1849 3842 2048 3912 paravit
2096 3838 2236 3895 Deus
2287 3838 2613 3911 diligentibus
2673 3854 2828 3902 eum,
2886 3846 2944 3897 ut
2985 3836 3123 3892 dixit
3170 3836 3449 3906 Scriptura

1849 3932 1895 4005 (ι
1919 3932 2039 3988 Cor.
2071 3949 2126 3995 tt.
2157 3932 2234 4003 θ).
2272 3931 2388 3987 Alia
2417 3940 2536 3985 sunt
2571 3929 2685 3997 illa,
2716 3946 2835 4005 qua:
2857 3928 2924 3984 de
2956 3928 3128 4001 gloria
3154 3929 3327 3984 futura
3356 3943 3452 3983 an-

1850 4029 2170 4081 nuntiarttnt
2200 4024 2502 4097 projtlteue,
2526 4022 2722 4095 quibus
2746 4020 3049 4079 revelatum
3075 4030 3179 4091 est,
3212 4028 3268 4075 et
3288 4034 3456 4077 evan-

1849 4116 2156 4191 geliz:trunt
2193 4120 2365 4171 sancti
2395 4110 2587 4191 (lbid.)
2609 4157 2621 4177 .
2658 4102 2859 4189 Spiritu
2889 4111 2983 4170 Dei
3024 4116 3179 4170 misso
3218 4110 3282 4171 de
3305 4112 3453 4180 caelo,

1848 4214 1904 4267 in
1933 4227 2081 4283 quem
2126 4210 2499 4278 concupiscunt
2548 4218 2595 4261 et
2641 4206 2811 4278 angeli
2860 4202 3072 4272 videre,
3105 4217 3160 4260 ut
3208 4205 3283 4259 ait
3316 4219 3449 4270 apo-

1850 4303 2024 4363 stolus
2056 4298 2248 4357 Petrus
2279 4300 2322 4373 (l
2358 4296 2473 4355 Pet.
2506 4315 2544 4365 t,
2580 4296 2691 4370 12).
2724 4297 2842 4355 Alia
2874 4304 3006 4352 sunt
3032 4292 3146 4367 illa,
3178 4298 3229 4352 in
3258 4295 3458 4373 quibus

1852 4410 1936 4456 est
1961 4404 1984 4436 ιι
2011 4396 2198 4455 mundi
2222 4395 2549 4467 redemptio,
2579 4404 2928 4466 peccatorum
2955 4393 3231 4458 remissio,
3259 4392 3458 4463 gratia-

1852 4510 1973 4553 rum
1997 4492 2223 4559 divisio,
2254 4500 2723 4547 sacramentorum
2758 4487 3103 4559 participatio
3130 4503 3147 4547 :
3180 4503 3301 4558 quas
3330 4500 3453 4545 cum

1775 4576 1826 4636 Β
1852 4588 2164 4659 acceperis,
2198 4595 2326 4641 tune
2360 4583 2630 4640 mirabere
2664 4590 2872 4637 tantum
2901 4582 3164 4636 donatum
3193 4593 3321 4636 esse
3354 4581 3451 4637 lto-

1858 4683 2011 4750 tnini,
2036 4693 2097 4737 ut
2126 4680 2258 4737 illud
2285 4692 2504 4744 manna,
2532 4676 2674 4757 quod
2702 4678 2964 4733 miramur
2984 4673 3204 4731 ﬂuxisse
3229 4674 3296 4730 de
3320 4674 3460 4731 emitr

1932 4830 1956 4866 Β
1996 4818 2146 4875 ldem
2174 4817 2323 4893 coti.,
2354 4817 2478 4893 plus
2504 4815 2690 4869 auxilii
2716 4795 3109 4893 {magis-scite
3127 4813 3309 4893 eiii-et
3341 4826 3458 4867 om-

1861 4905 1957 4946 nes
1979 4892 2138 4954 etlit.,
2163 4892 2281 4958 plus
2312 4884 2499 4948 aculei.
2533 4898 2590 4940 ut
2619 4887 2812 4941 morbo
2842 4884 3047 4939 scilicet
3074 4887 3139 4958 ad
3172 4884 3329 4937 ildem
3361 4898 3459 4958 es-

1859 4957 2250 5017 stinntlaretnr.
2298 4962 2367 5017 At
2412 4962 2657 5028 sequenti
2702 4972 2865 5011 Vt‘rSlt
2907 4971 3031 5011 tum
3085 4957 3356 5028 Ιθενιθιιιι
3407 4957 3459 5009 in

1860 5035 2072 5089 cunctis
2102 5030 2232 5087 edit.
2268 5045 2329 5085 ac
2359 5026 2527 5099 prope
2569 5030 2824 5083 omnibus
2853 5043 3006 5088 mss,
3044 5026 3350 5099 promissum
3375 5042 3462 5079 res

1860 5105 2169 5169 mordebas;
2199 5116 2230 5157 e
2261 5096 2379 5157 solo
2402 5096 2526 5155 coll.
2556 5100 2737 5157 Albin.
2766 5099 3120 5163 restituimns,
3149 5096 3461 5167 promissum

1862 5176 2221 5231 remorabaria.

1934 5246 1961 5284 ιι
2000 5248 2195 5320 Boyer.
2239 5245 2362 5300 cod.
2384 5288 2397 5311 ,
2431 5245 2473 5299 Α
2505 5246 2607 5300 tuis
2639 5260 2760 5316 ergo
2800 5241 3141 5312 exspectavit,
3186 5248 3240 5294 ut
3268 5241 3461 5295 invitas

1863 5330 2022 5375 retur.

1943 5390 1959 5429 ί
2002 5390 2131 5449 Mss.
2167 5388 2333 5459 Long.
2358 5430 2373 5457 ,
2408 5386 2570 5443 Gustu
2595 5388 2757 5460 igitur
2786 5384 3061 5460 ﬁdei,‘etc.

1940 5465 1954 5513 t
2003 5463 2135 5518 Cod.
2163 5454 2382 5533 Boyér.,
2413 5461 2576 5515 omnis
2606 5454 2789 5527 fastus.
2817 5454 3033 5533 Minime
3062 5454 3222 5533 male.

1942 5533 1967 5572 ¹ί
2008 5524 2497 5592 νιιίειυτἹηιΙίεειιιε
2519 5524 2856 5583 sacrm-tenta
2880 5526 3156 5592 baptismi,
3176 5524 3467 5580 conﬁrma-

1873 5608 2037 5662 tionis
2077 5614 2239 5671 atque
2274 5601 2615 5657 eucitat‘istia
2651 5598 2806 5671 :Aseti
2838 5599 2889 5651 itt
2920 5601 3036 5671 (hoc
3075 5598 3269 5653 ultimo
3307 5599 3469 5665 paulo

1875 5680 2078 5733 tliutins
2106 5669 2448 5740 itntumatur,
2477 5688 2648 5741 eaque
2668 5669 2736 5725 de
2758 5672 2851 5742 illo
2876 5670 3163 5742 obscurius
3188 5671 3467 5742 proponit,

1875 5764 1997 5820 qum
2036 5744 2351 5821 distinctius
2402 5740 2571 5815 atque
2615 5740 2922 5797 accuratius
2961 5741 3058 5799 lib.
3106 5740 3471 5821 de‘MySIeriis

1876 5838 1995 5893 cap.
2027 5820 2061 5877 8
2087 5820 2449 5889 disputantur.
