3932 6296
472 297 609 354 1271
1870 289 2093 349 SANCT

2215 278 2486 349 MBROSII
3651 290 3750 350 1272

467 414 913 489 Judaais(Ea:od.
946 430 1081 484 xvu,
1122 414 1190 471 15
1227 422 1274 469 et
1307 429 1413 483 seq.
1441 414 1483 484 ),
1516 420 1542 448 ι
1568 425 1669 466 nec
1698 419 1860 466 tanta:
1889 409 2078 482 gratia:
2106 415 2160 476 Α
2182 424 2277 465 rus
2301 408 2371 466 de
2402 408 2689 481 sepulcro;
2721 409 2910 467 dicens
2932 409 3239 484 paralytico
3269 428 3285 465 :
3321 409 3517 483 Surge,
3547 410 3751 485 ιοιιιςη-

470 525 574 568 nec
593 517 762 566 tanta;
780 508 1124 581 operationis
1145 506 1360 579 iudices
1382 504 1450 562 ad
1477 502 1707 560 salutem
1732 502 1924 560 fuisse.
1949 502 2085 559 illud
2189 503 2365 557 butum
2386 512 2532 557 tuum
2565 503 2584 573 (
2601 502 2772 560 Harc.
2801 520 2863 571 ιι,
2906 504 2971 560 il
2998 504 3055 574 );
3085 513 3143 559 et
3168 504 3414 561 surrexit
3447 504 3752 575 paralyticas,

472 606 621 664 enim
643 606 974 677 quicumque
994 610 1322 674 acceperunt
1343 600 1397 656 in
1424 597 1673 665 deserto,
1704 598 1904 655 mortui
1931 608 2082 665 sunt,
2188 604 2247 653 et
2295 597 2465 668 coepit
2501 597 2786 669 grabatum
2824 596 2945 668 ipse
2993 606 3253 668 portare,
3288 598 3344 653 in
3390 613 3503 670 quo
3541 609 3565 645 tt
3602 597 3755 655 solutus

475 707 677 771 praeter
692 696 880 754 Iesum
894 695 1061 763 Nave,
1075 705 1130 752 et
1144 693 1309 750 Caleb
1331 691 1523 764 (Num.
1545 708 1718 758 χχχιι,
1736 691 1849 763 i2):
1875 690 2090 764 1096
2189 690 2451 748 membris
2493 692 2746 749 omnibus
2768 735 2783 761 ,
2813 691 3139 766 portabatur
3163 709 3179 748 :
3205 692 3339 764 quid
3357 735 3374 760 ,
3419 693 3660 765 inquam,
3685 696 3755 750 sibi

474 791 581 848 hoc
606 800 1009 847 sacramentum
1036 787 1361 860 quicumque
1379 785 1703 858 gustaverit,
1735 801 1845 841 non
1887 786 2088 841 morie-
2193 785 2331 852 vult,
2362 785 2507 857 quod
2537 789 2755 856 exspuit
2775 796 2830 843 et
2860 785 2992 843 fecit
3020 786 3221 857 lutum,
3246 798 3299 842 et
3325 788 3645 859 superunxit
3668 805 3760 844 ocu-

481 895 573 943 tur
597 886 651 941 in
673 896 961 944 aeternum.
993 883 1159 939 Sanet
1191 891 1244 937 te
1279 880 1542 936 Dominus
1564 878 1740 936 Jesus.
1779 872 1932 933 Vale.
2192 879 2275 936 los
2304 881 2436 937 caeci
2460 922 2477 949 ,
2531 890 2589 938 et
2617 880 2754 937 dixit
2782 881 2833 938 ei
2865 900 2879 937 :
2923 881 3067 938 Vade
3090 892 3140 938 et
3170 884 3287 938 lava
3320 884 3377 937 in
3420 882 3643 951 Siloam,
3666 890 3760 955 quod

978 996 1319 1055 EPISTOLA
1361 995 1579 1055 LXXX.
2190 973 2562 1042 interpretatur
2593 974 2814 1039 missus;
2854 985 2901 1029 et
2937 975 3083 1043 abiit,
3115 985 3162 1030 et
3191 975 3355 1040 lavit,
3383 984 3436 1030 et
3464 975 3631 1029 videre
3658 980 3765 1043 capit

482 1116 582 1173 Ubi
602 1117 922 1172 curationem
952 1080 1072 1169 una
1098 1130 1133 1169 a
1161 1113 1433 1167 nativitate
1460 1111 1683 1167 ostendit
1710 1111 1900 1166 divina
1927 1111 2090 1181 fuisse
2192 1064 2487 1181 (If'fj‘fj
2519 1067 3506 1181 .Q‘fii‘“.ff'_fi°,‘ff‘j_m‘“"
3536 1067 3591 1123 ¹¹ί
3616 1067 3740 1124 hu“
3752 1088 3762 1134 λ

556 1209 823 1281 potestatis
846 1248 862 1272 ,
903 1207 1279 1278 discipulorum
1320 1206 1772 1278 interrogationem
1810 1160 2090 1276 repr'ehen-
2193 1161 2314 1281 p‘u:
2343 1160 3300 1281 “Efﬂf'ff‘;3,?fff‘d’ff“:‘af:3ﬂ;

599 1250 862 1324 ζ”ξῖῖξίξξ
878 1250 1176 1324 η’ξξξξῇῖξῗ
1191 1250 2060 1324 211:";:::::':':_,:’:::
2268 1251 2323 1308 5.
2367 1250 2539 1309 Simul
2579 1262 2635 1309 et
2671 1252 3011 1309 divinitatem
3050 1261 3106 1309 et
3148 1251 3647 1308 sanctiﬁcationem
3687 1254 3767 1324 ejts
3852 1286 3853 1291 η

556 1302 664 1415 dif:
693 1311 847 1415 ςιιιινι
876 1299 1414 1415 τιοηξξιιιαεηεῑυεάεπι
1444 1299 1677 1354 ¹ιί³¹⁰τία³
1697 1308 1869 1370 νανίεδ
1894 1314 2086 1354 ""’"°‘
2193 1299 2639 1412 εαξὲτῖἑῗδὶιοέἓ
2671 1299 3011 1415 (Julia:
3032 1299 3305 1399 augt";
3314 1299 3768 1415 '1.‘.:.;;".:'...‘;;

482 1454 488 1462 ,
556 1403 638 1449 rat
660 1403 710 1450 et
740 1395 925 1465 paucis
950 1394 1203 1449 edisserit.

2197 1453 2294 1508 per
2341 1436 2567 1509 ﬁguram
2612 1438 2975 1510 baptismatis,
3022 1438 3284 1511 mysteria
3322 1439 3525 1509 gratia:
3562 1438 3769 1510 spiritalis

2197 1529 2463 1601 implevit.
2486 1529 2736 1601 Exspuit.
2755 1531 2965 1604 1097
2981 1531 3386 1587 utadverteres
3409 1530 3546 1601 quia
3564 1531 3766 1586 interiora
3854 1529 3855 1607 l

548 1625 862 1693 LAudisti,
879 1625 1065 1691 lrater,
1084 1624 1377 1682 lectionem
1398 1624 1696 1697 Evangelii,
1716 1627 1889 1698 inqua
1906 1627 2096 1685 decur-
2197 1620 2403 1681 Christi
2420 1624 2601 1681 lumen
2620 1634 2768 1681 sunt.
2791 1624 3000 1682 Etvere
3016 1626 3162 1683 videt
3192 1623 3348 1697 inqui
3369 1625 3588 1683 Christi
3604 1629 3770 1682 manda—
3854 1612 3855 1691 ᾖ

482 1735 601 1777 sum
630 1729 715 1777 est
741 1720 886 1792 quod
913 1720 1241 1792 praeteriens
1270 1720 1530 1775 Dominus
1550 1719 1711 1776 Jesus
1732 1722 1867 1777 vidit
1897 1733 1918 1761 ε
1948 1737 1978 1777 a
2004 1738 2098 1794 ge-
2200 1728 2288 1774 tur
2308 1719 2560 1777 internis.
2586 1719 2935 1775 Lavatsaliva
2952 1721 3093 1790 ejus,
3108 1720 3257 1775 lavat
3283 1736 3481 1776 sermo
3510 1720 3653 1791 ejus,
3674 1722 3769 1775 sicut

476 1814 761 1870 neratione
796 1830 1022 1870 caecum.
1056 1813 1198 1885 Ergo
1228 1812 1275 1869 si
1310 1813 1570 1869 Dominus
1613 1813 1782 1882 vidit,
1827 1831 1935 1871 non
1966 1833 2089 1873 eum
2122 1823 2171 1884 Β
2199 1810 2367 1868 habes
2396 1832 2409 1868 :
2440 1811 2565 1867 1am
2594 1829 2682 1868 vos
2716 1813 2898 1868 mundi
2931 1815 3051 1869 estis
3077 1824 3293 1886 propter
3323 1831 3643 1881 sermonem,
3666 1832 3769 1883 qua

480 1908 787 1979 praeterivit
814 1908 998 1981 (Joan.
1023 1923 1103 1975 ιχ,
1136 1906 1189 1980 l)
1220 1926 1232 1961 :
1260 1923 1431 1979 quare
1457 1923 1558 1964 nec
1583 1921 1683 1964 nos
1707 1908 1927 1979 quidem
1956 1925 2095 1981 ιιι-ιιι·
2201 1903 2405 1959 locutus
2435 1921 2547 1959 sum
2576 1907 2716 1961 vobis
2745 1905 2927 1979 (Iona.
2953 1922 3046 1973 xv,
3078 1905 3157 1979 5).

909 1508 938 1548 ι)
978 1510 1282 1567 Alanosws
1310 1509 1589 1566 BELLICIO.

479 2000 651 2056 terire
676 1999 972 2068 debemus,
1006 2015 1168 2072 quem
1203 1999 1640 2071 praetereundum
1676 2001 1943 2058 Dominus
1983 2019 2093 2060 non

484 2093 733 2167 putavit;
769 2094 1077 2166 praisertitn
1102 2108 1224 2150 cum
1249 2109 1279 2149 a
1317 2096 1673 2166 generatione
1694 2109 1872 2152 caecus
1899 2094 2091 2163 fuerit,

483 2187 631 2262 quod
659 2202 768 2245 non
792 2189 968 2245 otiose
997 2196 1083 2244 est
1110 2188 1371 2260 positum.

552 2281 612 2336 2.
654 2280 754 2337 Est
784 2282 931 2338 enim
959 2282 1175 2338 caecitas
1195 2324 1210 2351 ,
1240 2296 1362 2354 quae
1386 2281 1707 2353 plerumque
1735 2282 1787 2337 vi
1815 2282 2092 2354 aegritudi-

488 2374 575 2430 nis
592 2374 766 2430 aciem
795 2374 1020 2431 obducit
1036 2373 1343 2441 oculorum,
1363 2373 1664 2445 eademque
1688 2374 1951 2444 temporis
1970 2390 2095 2446 spa-

481 2467 560 2523 tio
591 2465 871 2538 mitigatur
897 2484 909 2520 :
939 2475 1026 2522 est
1052 2466 1269 2522 caecitas
1294 2507 1311 2532 ,
1354 2481 1476 2537 quae
1503 2465 1791 2522 humorum
1824 2466 2094 2524 inlusione

484 2568 814 2632 generatur;
846 2574 911 2615 ea
938 2574 1176 2630 quoque,
1210 2557 1347 2613 vitio
1372 2557 1691 2630 plerumque
1722 2558 1956 2628 sublato,
1980 2575 2097 2616 me-

485 2654 683 2711 dicinae
710 2664 830 2711 arte
864 2653 1192 2725 depellitur;
1224 2660 1277 2707 ut
1310 2667 1609 2725 cognoscas
1636 2654 1762 2725 quia
1805 2654 1949 2726 quod
1990 2654 2093 2712 iste

482 2754 733 2812 sanatur,
767 2746 859 2815 qui
886 2760 916 2799 a
946 2743 1305 2816 generatione
1334 2759 1431 2799 sua
1466 2759 1646 2802 caecus
1672 2754 1755 2801 est
1775 2786 1790 2813 ,
1822 2762 1929 2801 non
1959 2747 2095 2803 artis

482 2850 607 2908 est,
639 2839 736 2896 sed
785 2839 1093 2911 potestatis.
1149 2836 1382 2894 Donavit
1421 2838 1570 2894 enim
1605 2838 1865 2895 Dominus
1888 2840 2093 2895 sanita-

484 2945 620 3006 tem,
653 2950 761 2991 non
787 2934 1109 2991 medicinam
1137 2935 1418 3003 exercuit;
1448 2950 1545 2993 eos
1572 2936 1718 2993 enim
1744 2936 1963 2993 sanavit
1990 2938 2092 2993 Do-

486 3032 670 3089 minus
696 3032 857 3089 Jesus
883 3073 897 3099 ,
930 3046 1071 3104 quos
1100 3047 1263 3089 nemo
1293 3043 1534 3090 curaret.

558 3129 614 3184 5.
656 3124 683 3165 ἀ
722 3126 897 3196 Quam
929 3126 1114 3183 stolidi
1141 3108 1322 3183 autem
1354 3127 1562 3196 Judaei,
1589 3128 1680 3199 qui
1709 3128 2048 3201 interrogant
2076 3148 2087 3183 :

2268 1999 2322 2055 6.
2365 1999 2521 2066 Quod
2558 2008 2742 2056 autem
2770 1999 2942 2056 lutum
2986 2001 3146 2067 iecit,
3181 2008 3240 2057 et
3271 2002 3608 2072 superanin
3631 2002 3771 2057 oculos

2198 2094 2329 2149 caci
2357 2092 2538 2166 (loan.
2575 2110 2656 2160 ιχ,
2683 2092 2768 2166 6),
2796 2093 2923 2166 quid
2946 2094 3091 2151 aliud
3112 2096 3418 2167 signiﬁcat,
3452 2097 3560 2152 nisi
3584 2105 3637 2151 ut
3658 2098 3771 2153 intel-

2196 2186 2395 2259 ligeres
2423 2186 2549 2259 quia
2582 2188 2700 2259 ipse
2730 2188 3027 2255 hominem,
3075 2190 3193 2245 luto
3239 2190 3389 2247 illito
3416 2233 3434 2257 ,
3467 2191 3691 2248 reddidi:
3716 2208 3772 2247 ss-

2197 2278 2376 2343 nitati,
2405 2278 2494 2350 qui
2525 2278 2596 2335 de
2626 2280 2743 2336 luto
2774 2281 3050 2337 hominem
3080 2281 3343 2354 ﬁguravit
3372 2283 3395 2357 (
3423 2282 3564 2339 Gen.
3606 2300 3662 2349 ιι.
3688 2286 3767 2354 7):
3858 2278 3859 2299 ἶ

2197 2380 2252 2427 et
2276 2371 2419 2443 quod
2461 2371 2577 2428 haec
2620 2387 2751 2429 caro
2781 2373 2877 2429 luti
2914 2375 3085 2431 nostri
3131 2392 3230 2446 per
3258 2376 3617 2450 baptismatis
3637 2393 3773 2434 sacras

2198 2475 2381 2520 menta
2407 2474 2627 2522 aeternae
2653 2467 2779 2523 vita:
2804 2467 2988 2525 lumen
3017 2470 3288 2543 accipiat?
3330 2470 3564 2530 Accede
3588 2483 3642 2530 et
3666 2475 3771 2530 tusi
3860 2467 3861 2539 Ε

2196 2556 2425 2626 Siloam,
2456 2558 2561 2616 hoc
2580 2570 2688 2628 est,
2720 2560 2789 2616 ad
2818 2577 2940 2617 cum
2969 2564 3062 2634 qui
3086 2564 3292 2620 missus
3319 2577 3405 2621 cst
3439 2582 3472 2621 a
3504 2566 3676 2633 Patre,
3700 2570 3773 2622 εὶ(-
3860 2556 3861 2561 “

2198 2663 2256 2707 ιιι
2284 2653 2452 2708 habes
2478 2671 2490 2705 :
2522 2652 2643 2709 llea
2669 2654 2906 2710 doctrina
2929 2673 3033 2711 non
3060 2667 3135 2711 est
3158 2674 3306 2725 mea,
3349 2661 3446 2713 sed
3479 2663 3596 2734 ejus
3620 2662 3699 2733 qui
3719 2679 3773 2713 ac

2196 2745 2334 2800 misit
2374 2743 2559 2824 (Joan.
2604 2763 2697 2814 vn,
2731 2745 2843 2820 16).
2878 2748 3056 2805 Diluat
3096 2758 3152 2806 te
3180 2747 3470 2819 Christus,
3503 2764 3566 2808 ut
3605 2754 3773 2810 videas.
3862 2782 3863 2809 ι

2197 2835 2331 2893 Veni
2359 2837 2426 2893 ad
2454 2838 2808 2910 baptismum,
2835 2848 3045 2911 tempus
3075 2841 3255 2912 ipsum
3281 2845 3452 2900 adest
3477 2863 3493 2900 :
3520 2847 3641 2901 veni
3666 2847 3774 2902 [esti-

2196 2946 2318 2998 nus,
2353 2940 2410 2987 ut
2444 2941 2501 2988 tu
2527 2933 2677 2989 dicas
2710 2953 2724 2990 :
2754 2935 2894 3003 Abii,
2925 2946 2974 2990 et
2995 2936 3117 3003 lavi,
3148 2947 3196 2993 et
3237 2939 3418 2995 uidere
3458 2942 3595 3012 ccepi
3630 2939 3773 3012 (lea.

2197 3038 2268 3093 ιχ,
2307 3024 2429 3096 il);
2459 3034 2515 3081 ut
2537 3035 2593 3081 et
2619 3035 2675 3081 tu
2697 3026 2846 3083 dicas
2879 3044 2893 3082 :
2924 3026 2939 3065 ί
2966 3025 3148 3084 Caecus
3174 3047 3342 3099 erant,
3366 3042 3417 3086 et
3446 3034 3625 3089 videre
3645 3037 3774 3105 cepi;

2194 3124 2256 3173 ut
2284 3128 2342 3174 tu
2369 3118 2549 3187 dicas,
2596 3119 2738 3175 sicut
2771 3121 2874 3177 iste
2923 3120 3109 3178 refuso
3132 3123 3345 3181 lumine
3374 3126 3499 3182 ait:
3529 3125 3656 3182 No.1:
3676 3143 3777 3199 pre-

488 3221 591 3277 Hic
615 3225 864 3295 peccavit,
897 3240 965 3277 an
994 3232 1230 3294 parentes
1260 3227 1373 3295 ejus
1402 3223 1425 3297 (
1455 3222 1623 3292 lbid.,
1647 3222 1705 3295 2)
1730 3222 1754 3277 ?
1781 3222 2092 3281 debilitates

2215 3216 2371 3282 :essit,
2404 3215 2515 3270 dies
2544 3226 2713 3271 autem
2741 3218 3176 3289 appropinquavit
3205 3217 3389 3290 (Rom.
3426 3236 3557 3288 χιιι.
3592 3221 3699 3295 12).

483 3331 777 3388 corporum
813 3317 1115 3373 referentes
1150 3316 1220 3372 ad
1269 3317 1462 3372 merita
1491 3315 1838 3373 delictorum.
1866 3317 1934 3373 Et
1968 3316 2092 3373 ideo

487 3408 753 3466 Dominus
776 3410 852 3464 ait
878 3425 891 3462 :
918 3406 1100 3474 Neque
1121 3408 1204 3463 hic
1226 3409 1475 3481 peccavit,
1495 3424 1657 3479 neque
1684 3418 1919 3480 parentes
1940 3412 2051 3483 ejus
2075 3424 2094 3463 :

482 3501 576 3558 sed
611 3510 667 3557 ut
699 3502 1157 3573 manifestarentnr
1192 3518 1351 3574 opera
1381 3501 1480 3557 Dei
1522 3503 1577 3557 in
1614 3502 1706 3558 illo
1737 3501 1755 3574 (
1781 3500 1920 3557 Ibid.
1942 3547 1957 3571 ,
1991 3505 2024 3559 '5
2049 3505 2090 3575 ).

488 3592 648 3663 Quod
689 3594 835 3649 enim
886 3606 1095 3650 natura:
1138 3593 1341 3662 deluit,
1366 3595 1599 3650 creatori
1636 3595 1896 3665 competit
1922 3594 2096 3651 refor-

490 3701 664 3753 mare,
692 3688 783 3758 qui
810 3697 1005 3743 auctor
1041 3697 1252 3744 natura:
1275 3698 1379 3746 est.
1413 3686 1571 3746 Unde
1596 3688 1806 3745 addidit
1837 3708 1849 3744 :
1884 3688 2013 3744 Cum
2042 3692 2095 3746 in

491 3778 591 3836 hoc
635 3780 826 3836 mundo
862 3798 1013 3850 sum,
1048 3782 1140 3837 lux
1166 3799 1282 3837 sum
1320 3783 1476 3857 hujus
1504 3785 1684 3839 mundi
1711 3782 1885 3857 (Ibid.
1908 3784 1962 3856 );
1987 3784 2091 3843 hoc

491 3880 601 3940 est,
624 3887 816 3932 omnes
833 3884 857 3913 θ
891 3882 1119 3947 possunt
1144 3875 1350 3943 videre,
1373 3877 1465 3949 qui
1487 3878 1617 3935 caeci
1646 3888 1793 3944 sunt,
1823 3878 1868 3933 si
1897 3895 1985 3935 me
2013 3884 2093 3935 lu-

492 3980 619 4022 men
651 3967 953 4040 requirant.
978 3968 1236 4025 Accedite
1261 3978 1318 4026 et
1340 3985 1457 4034 vos,
1486 3979 1544 4027 et
1566 3969 1966 4037 illutninamini,
1990 3970 2009 4008 τ
2037 3980 2093 4026 ιιι

491 4058 680 4118 videre
697 4062 921 4132 possitis
946 4061 1122 4134 (Psal.
1148 4078 1337 4131 χχχιιι,
1369 4061 1449 4134 6).

564 4150 620 4208 4.
666 4152 871 4210 Deinde
900 4153 1030 4227 quid
1057 4154 1161 4211 sibi
1193 4155 1307 4211 vult
1328 4154 1470 4225 quod
1498 4156 1563 4225 is,
1597 4156 1689 4226 qui
1719 4157 1883 4212 vitam
1914 4155 2094 4213 refun-

489 4245 655 4303 debat
684 4247 942 4318 imperio,
966 4248 1197 4304 salutem
1228 4256 1506 4319 praecepto
1526 4246 1708 4316 dabat,
1741 4248 1928 4305 dicens
1948 4263 2095 4305 mor-

486 4347 583 4395 tuo
610 4357 623 4391 :
659 4337 762 4395 Exi
790 4343 931 4412 foras
959 4339 1141 4414 (Joan.
1181 4356 1272 4407 χι,
1314 4340 1431 4414 46),
1454 4350 1509 4398 et
1536 4357 1790 4414 egressus
1820 4351 1904 4399 est
1929 4342 2094 4399 Laza-

564 4507 593 4536 ·
624 4495 748 4570 Nec
778 4505 935 4570 tanta:
964 4496 1415 4570 gratiteadditum
1439 4503 1523 4551 est
1546 4497 1716 4570 eisolo
1736 4497 1858 4554 cod.
1889 4499 2086 4570 Boyer.
2114 4505 2169 4565 1)

529 4568 637 4626 uod
669 4569 723 4624 in
745 4568 868 4624 aliis
894 4567 1202 4623 et'cunctis
1240 4567 1379 4624 edit.
1418 4583 1526 4623 non
1557 4569 1677 4625 sine
1706 4567 2090 4626 concinnitatis

533 4641 830 4698 etrimento
853 4638 1315 4711 praetermittitur.

562 4711 593 4751 ι’
632 4711 711 4768 lta
762 4726 894 4767 mss.
936 4711 1213 4778 nonnulli,
1250 4726 1315 4767 ac
1344 4721 1459 4768 vet.
1504 4710 1637 4767 edit.
1671 4730 1683 4765 :
1716 4713 1872 4768 Rom.
1906 4722 2088 4769 autem

490 4785 755 4850 inseruit,
803 4785 862 4855 τὸ
888 4779 1210 4855 ἳρὶεοορυε;
1241 4797 1371 4838 mss.
1411 4783 1573 4849 L:et.,
1622 4784 1793 4855 Long.
1834 4795 1890 4842 et
1927 4784 2088 4841 Gem.

490 4871 590 4928 per
627 4854 1022 4928 correctionem
1064 4853 1363 4928 Ambrosius
1410 4855 1649 4923 lremeo;
1695 4853 1837 4912 idem
1881 4856 2038 4913 Gem.
2071 4857 2088 4912 Ι

494 4926 681 4995 inanti,
705 4926 1035 4982 Horontiano
1049 4942 1069 4992 ;
1085 4926 1178 4980 alii
1198 4927 1436 4997 quinque
1456 4928 1842 4983 salutationem
1866 4931 2090 4985 omnino

492 5000 819 5069 repudiarit,
850 5000 1008 5069 cujus
1043 4997 1166 5053 loco
1210 4998 1265 5053 in
1303 4998 1476 5054 tribus
1514 4999 1639 5055 aliis
1684 5000 2033 5055 suhStituitur
2080 5020 2092 5055 :

493 5069 810 5127 Prtedicatio
839 5070 903 5126 de
929 5086 1063 5125 caeco
1093 5078 1234 5141 nato.
1267 5069 1376 5127 Sed
1401 5070 1543 5125 hanc
1568 5071 1855 5141 epistolam
1878 5073 1947 5127 ad
1970 5072 2091 5128 Bel-

490 5142 677 5199 licium
716 5157 843 5200 esse
879 5140 1282 5199 inscribendam
1316 5157 1384 5198 ex
1429 5140 1703 5213 superiori
1745 5143 2091 5202 manifestum

494 5226 578 5271 εει
586 5255 600 5269 .
974 5221 985 5231 ’

572 5297 595 5325 ⁸³
639 5285 761 5343 Vel.
789 5287 924 5343 edit.
955 5302 1020 5344 ac
1039 5302 1172 5343 mss.
1201 5286 1850 5359 quidam,ageneratigne
1876 5304 2091 5345 meum.

496 5357 641 5429 Ergo
663 5375 726 5413 ne
753 5375 846 5413 nos
882 5360 1090 5428 quidem
1133 5356 1395 5426 préterire
1427 5356 1688 5413 debemus.
1731 5356 1802 5412 Et
1836 5359 2008 5430 infra,
2037 5371 2094 5415 ut

495 5445 773 5501 cognoscas
788 5430 915 5501 quia
932 5431 1072 5501 quod
1090 5431 1186 5486 iste
1210 5438 1447 5498 sanatur,
1468 5430 1558 5500 qui
1584 5446 1617 5484 a
1644 5431 1973 5501 generatione
1996 5449 2092 5488 sua

493 5516 663 5556 cacus
684 5510 779 5567 est,
804 5518 908 5556 non
934 5502 1062 5556 artis
1090 5512 1189 5568 est,
1219 5510 1325 5559 etc.

563 5570 592 5609 ά
632 5572 959 5645 Rom.edit.
980 5615 996 5637 ,
1034 5572 1201 5639 Quam
1228 5574 1414 5629 stolide
1451 5583 1626 5630 autem
1652 5574 1897 5645 discipuli
1923 5575 2090 5631 inter-

493 5654 719 5718 rogant;
746 5644 866 5718 alia;
887 5659 1042 5718 vero,
1069 5653 1124 5699 et
1167 5660 1297 5701 mss.
1331 5654 1389 5701 ut
1415 5645 1468 5718 in
1497 5655 1681 5713 textu,
1726 5644 1828 5701 nisi
1857 5648 2003 5718 quod
2032 5648 2089 5704 in

533 5713 685 5785 aueis
711 5715 852 5767 stulti
887 5715 1103 5783 ponitur
1124 5730 1223 5785 pro
1267 5717 1464 5779 stolidi.
1498 5717 1700 5785 Eodem
1725 5713 1891 5774 etiani
1920 5734 2087 5785 sensu

528 5792 632 5861 anc
660 5782 829 5863 ipsam
861 5782 1249 5863 discipulorum
1292 5782 1781 5860 interrogationem
1812 5782 2087 5863 Chrysoso

476 5850 662 5905 to‘mus
692 5850 978 5912 absurdam
1001 5850 1189 5912 Vocat.

2270 3308 2325 3363 7.
2367 3305 2486 3362 Nox
2507 3316 2623 3363 erat
2649 3309 2886 3364 caecitas.
2915 3307 3034 3364 Nox
3056 3319 3205 3376 erat,
3233 3325 3361 3367 cum
3402 3311 3583 3370 Judas
3610 3315 3779 3384 accepit

2195 3398 2496 3455 buccellam
2525 3414 2556 3454 a
2584 3398 2733 3468 Jesu,
2767 3412 2823 3457 et
2852 3400 3096 3457 introivit
3126 3402 3178 3457 in
3206 3417 3334 3459 eum
3360 3403 3626 3462 Satanas.
3659 3404 3778 3462 inde

2198 3509 2307 3551 nox
2328 3505 2469 3562 erat,
2501 3495 2554 3551 in
2583 3510 2692 3567 quo
2721 3495 2973 3553 diabolus
2997 3506 3117 3553 erat
3140 3516 3152 3551 :
3178 3497 3379 3555 Joanni
3410 3501 3538 3557 dies
3563 3512 3695 3571 erat,
3714 3503 3779 3573 qd

2196 3588 2251 3644 iu
2280 3588 2483 3646 Christi
2516 3599 2740 3661 pectore
2775 3590 3125 3647 recumbebat
3154 3589 3354 3665 (Joan.
3385 3609 3514 3660 χιιι,
3551 3594 3674 3665 27).
3701 3594 3780 3650 Pe-

2200 3694 2285 3740 tro
2310 3698 2526 3755 quoque
2566 3683 2685 3740 dies
2713 3694 2856 3750 erat,
2887 3698 3013 3739 cum
3045 3684 3228 3741 lumen
3269 3685 3485 3743 CltriSti
3514 3686 3777 3743 videretis

2200 3788 2388 3834 monte
2417 3776 2634 3852 (Matth.
2670 3794 2805 3844 xvu,
2830 3777 2866 3833 2
2894 3787 2941 3834 et
2966 3777 3124 3851 seq.).
3162 3779 3177 3831 i
3217 3778 3337 3837 Nox
3369 3792 3498 3838 erat
3528 3784 3682 3851 aliis,
3708 3784 3778 3838 sed

2203 3870 2370 3926 Petro
2389 3870 2509 3927 dies
2534 3880 2674 3928 erat.
2702 3873 2774 3927 At
2798 3886 2930 3928 vero
2957 3872 3060 3943 ipsi
3088 3872 3255 3929 Petro
3282 3889 3391 3930 nox
3424 3886 3567 3943 erat,
3597 3876 3780 3949 quando

2200 3962 2478 4021 Christum
2518 3967 2770 4036 negabat.
2817 3966 3060 4039 Denique
3088 3969 3266 4039 gallus
3288 3973 3562 4040 cantavit,
3597 3984 3651 4029 et
3678 3972 3782 4027 ﬂere

2201 4060 2370 4129 cmpit
2397 4059 2417 4131 (
2434 4056 2623 4113 Matth.-
2660 4075 2783 4115 xxvt
2804 4100 2819 4128 ,
2852 4059 2923 4114 70
2952 4069 3000 4115 et
3020 4078 3127 4131 seq.
3153 4063 3194 4134 ),
3221 4071 3281 4118 ut
3309 4065 3636 4122 emendaret
3660 4080 3783 4123 erro-

2203 4168 2353 4221 rem;
2377 4154 2487 4225 jam
2519 4153 2665 4209 enim
2695 4153 2813 4211 dies
2842 4156 3335 4229 apprOpinquabat.

2275 4247 2329 4303 8.
2374 4246 2784 4319 lnterrogahant
2811 4246 2987 4304 Judaei
3029 4265 3235 4307 caecum
3270 4270 3283 4306 ε
3332 4253 3612 4321 Quomodo
3639 4256 3782 4309 vidisti

2203 4341 2388 4418 (Joan.
2421 4342 2644 4414 3,10)?
2666 4341 2901 4400 Grandis
2918 4347 3191 4402 amentia!
3221 4349 3647 4423 interrogabant
3666 4349 3779 4422 qui

2270 4508 2295 4575 εξ
2335 4496 2468 4575 Yet.
2488 4496 2649 4575 edit”
2681 4508 2900 4575 possunt
2926 4501 3121 4575 uidete.
3148 4506 3271 4575 quia
3297 4509 3427 4562 eieci
3455 4522 3605 4567 sunt.

2276 4566 2295 4651 ς
2335 4567 2566 4651 Codices
2587 4566 2788 4651 pana,
2817 4572 3007 4641 Corb.,
3039 4566 3255 4644 aerii...
3284 4575 3446 4636 Colb.
3476 4598 3543 4639 ac
3572 4566 3714 4651 Ful.,
3739 4592 3782 4637 ιι

2198 4639 2361 4697 videri
2385 4641 2544 4708 possit
2574 4641 2734 4697 Deus.
2828 4690 2835 4697 .

2205 4790 2218 4801 .
2255 4712 2471 4840 651,355.
2506 4712 2730 4785 aliquot,
2775 4717 2975 4773 solutus
2997 4736 3018 4784 ;
3042 4721 3311 4787 nonnulli,
3342 4726 3534 4781 solutis
3567 4730 3783 4783 meum

2205 4804 2251 4840 la
2285 4803 2311 4840 8
2403 4826 2419 4840 .

2186 4803 2419 4859 Jaoeoqt.

2272 4856 2301 4895 ιι
2336 4856 2505 4913 Corb.
2538 4857 2734 4928 codex,
2763 4862 2853 4928 qui
2891 4880 2923 4916 a
2962 4862 3170 4921 Christo
3209 4868 3498 4924 mandatur
3536 4872 3596 4926 in
3635 4872 3780 4927 terris.

2200 4929 2503 5001 Observata
2537 4944 2702 5000 porro
2733 4930 2958 5001 dignum
2997 4946 3085 4992 est
3115 4940 3169 4993 in
3200 4938 3300 4995 hac
3324 4944 3457 4996 caci
3503 4947 3622 4997 nati
3648 4958 3784 4998 enra-

2202 5003 2351 5085 tione
2396 5000 2903 5085 Patresegregiam
2937 5006 3189 5085 baptismi
3235 5009 3463 5085 ﬁgurant
3495 5014 3782 5085 deprehen-

2198 5072 2366 5150 disse.
2390 5072 2746 5150 Adisisinter
2767 5072 2908 5150 alios
2928 5072 3300 5150 Att'gustinnm'
3316 5083 3371 5137 in
3398 5084 3545 5141 hunc
3570 5072 3782 5142 'Joanis

2199 5144 2413 5229 Ιοριιηιἰ
2456 5153 2532 5229 et_
2559 5145 2882 5229 discipulum
2942 5144 3294 5229 pra'eceptoris
3347 5159 3576 5227 vestigia
3618 5159 3782 5229 legere

2199 5216 3343 5300 animadv‘ertes._ltlic_etiamﬁnnotandum
3374 5237 3464 5284 est
3486 5216 3598 5285 hoc
3623 5216 3779 5300 ipsa.

2202 5287 2554 5372 Evangelium
2594 5289 2806 5372 filim-in
2830 5291 3071 5372 Ecclesia
3099 5297 3202 5352 sub
3239 5310 3540 5356 extremam
3569 5287 3781 5372 quadra-

2235 5362 2460 5431 esimam
2504 5360 2611 5431 legi
2649 5362 2899 5429 solitum,
2928 5373 2989 5420 ut
3013 5365 3134 5424 haec
3176 5372 3339 5425 verba
3389 5360 3778 5429 tesﬁliénutr:

2255 5433 2344 5517 eni.
2360 5431 2429 5485 ad
2442 5432 2814 5517 "baptismum,
2856 5439 3449 5517 tempusjpsumadest.
3481 5446 3561 5501 Ex
3602 5447 3775 5517 quibus

2198 5504 2375 5559 verbis
2401 5503 2567 5558 etiam
2607 5515 2823 5561 constat
2848 5522 2879 5563 e
2906 5503 3320 5570 catechumenis
3339 5518 3573 5573 necdum
3603 5503 3775 5574 exces-
3864 5544 3865 5549 π

2193 5577 2333 5632 sisse
2364 5576 2505 5630 hunc
2532 5576 2839 5633 Bellicium.
3864 5612 3865 5639 ι

2273 5645 2672 5749 ibist-Corn,
2694 5647 2891 5719 Laud.,
2923 5652 3107 5723 Colb.,
3131 5656 3321 5714 Germ.
3350 5675 3415 5717 ac
3444 5661 3588 5729 Ful.,
3622 5660 3686 5716 la
3707 5669 3770 5712 ιε-
3864 5672 3865 5749 ξ

2191 5714 2361 5773 nebris
2382 5736 2543 5775 erant.

2229 5768 2660 5868 'i'vl'ldeui'ntss.
2685 5831 2703 5863 ,
2732 5792 2859 5851 Non:
2886 5806 3034 5868 erat,
3069 5800 3165 5856 sed
3201 5803 3377 5861 lumen
3416 5804 3634 5862 videbat.
3665 5768 3764 5857 ἀεὶ
3864 5780 3865 5855 l

2188 5864 2299 5919 erat
2325 5864 2467 5933 aliis,
2497 5872 2606 5921 etc.
