3932 6296
159 332 294 392 12⁸15

1331 327 1820 388 EPISTOLARUM
1857 328 2142 390 CLASSIS
2181 332 2248 391 Il.

3317 332 3458 391 ηπ

154 449 411 508 videbant
446 467 458 505 :
502 449 915 524 interrogabant
951 462 1203 516 causam,
1246 461 1371 503 cum
1421 446 1622 503 factum
1665 449 1743 502 vi-
1770 451 1824 510 Α
1847 457 1894 504 et
1925 465 2028 504 non
2052 451 2324 522 operuistis
2351 466 2430 506 me
2453 447 2668 521 (Matth.
2693 461 2822 514 xxv,
2857 445 2975 519 45).
2998 446 3258 516 Laborat,
3287 459 3346 506 ut
3367 464 3458 506 me

155 545 368 602 derent.

221 642 274 696 9.
317 637 385 692 Et
416 639 792 693 ntaledixerunt
819 638 895 705 ei,
929 639 1151 693 dicentes
1180 653 1198 692 :
1225 635 1307 691 Tu
1341 637 1415 690 sis
1461 636 1748 708 discipulus

153 732 263 802 ejus
311 729 504 803 (Joan.
536 747 587 786 ix
608 773 621 794 ,
654 731 782 801 28).
824 742 849 768 ιι
881 731 1192 788 Maledictio
1219 745 1407 786 eorum
1439 729 1748 786 benedictio

152 834 263 888 est;
295 824 417 896 quia
451 823 757 879 benedictio
787 840 974 880 eorum
1003 867 1017 889 ,
1050 822 1358 880 maledictio
1389 833 1494 878 est.
1532 823 1608 877 Tu
1653 825 1744 890 sis,

152 917 426 988 inquiunt,
475 917 766 988 discipulus
815 920 945 990 ejus.
988 917 1143 974 Tunc
1187 927 1438 989 prosunt,
1471 917 1696 989 quando
1723 917 1749 956 ι)

152 1024 353 1066 nocere
375 1022 436 1066 se
466 1009 717 1064 credunt.
752 1009 911 1078 Vale,
939 1010 1037 1076 ﬁli,
1069 1018 1125 1066 et
1154 1025 1256 1066 nos
1279 1008 1470 1082 dilige,
1499 1019 1558 1066 ut
1581 1009 1744 1076 facis;

148 1102 276 1175 quia
301 1119 403 1160 nos
434 1112 488 1160 te
513 1102 812 1176 diligimus.

641 1217 975 1275 EPISTOLA
1017 1219 1259 1276 LXXXI.

151 1333 418 1401 Quosdam
481 1333 694 1388 clericos
751 1345 959 1404 prapter
1010 1333 1237 1389 laborem
1281 1351 1342 1388 ac
1387 1334 1746 1405 difﬁcultatem

215 1429 390 1484 animo
420 1427 794 1500 despondentes
817 1471 832 1495 ,
866 1429 1030 1484 verbis
1059 1429 1230 1501 erigit,
1266 1431 1438 1501 eisque
1467 1448 1569 1486 non
1595 1433 1746 1485 modo

212 1523 448 1593 futuram
477 1523 762 1579 mercedem
792 1524 934 1593 ponit
961 1524 1023 1577 ob
1048 1525 1248 1593 oculos,
1279 1525 1369 1580 sed
1395 1527 1550 1580 etiam
1591 1543 1746 1597 para-

217 1628 332 1670 tum
363 1616 556 1673 Christi
593 1617 916 1689 prwsidium.
959 1617 1092 1672 Eam
1119 1621 1180 1674 ob
1208 1636 1315 1673 rem
1340 1621 1614 1690 explicatis
1648 1621 1747 1676 ali-

217 1724 343 1784 quot
373 1715 666 1786 Scriptura:
694 1715 853 1784 locis,
897 1715 1137 1769 admonet
1181 1731 1244 1769 ne
1269 1731 1323 1770 se
1350 1716 1524 1769 divelli
1563 1715 1626 1770 ab
1654 1715 1744 1770 illo

215 1810 505 1874 patiantur.

724 1925 1033 1980 Asianosws
1060 1924 1300 1981 clericis.

217 2042 270 2096 I.
313 2041 639 2114 Plerumque
680 2041 936 2098 humanis
967 2043 1185 2116 obrepit
1219 2045 1518 2114 mentibus,
1547 2053 1608 2100 ut
1641 2045 1740 2100 ali-

144 2149 256 2205 qua
286 2134 388 2190 levi
441 2135 730 2206 praestricti
773 2134 1083 2192 offensione
1110 2179 1124 2202 ,
1157 2138 1202 2192 si
1236 2135 1342 2191 no'n
1394 2137 1506 2192 illis
1545 2136 1743 2193 cedant

141 2241 248 2296 pro
273 2226 454 2280 studio
482 2227 815 2294 voluntaria,
841 2226 1024 2282 ofﬁcio
1049 2229 1318 2284 desistant
1345 2245 1358 2284 :
1386 2229 1610 2300 quodin
1632 2230 1741 2285 alio

139 2333 348 2390 genere
376 2319 657 2375 hominum
679 2320 984 2385 tolerabile,
1007 2321 1058 2375 in
1082 2323 1147 2376 iis
1171 2337 1304 2378 vero
1328 2323 1422 2393 qui
1444 2324 1522 2378 rei
1543 2323 1740 2380 divinae

134 2412 450 2480 intendunt,
475 2413 695 2484 plenum
725 2413 871 2468 dolor
887 2414 952 2469 is.

213 2508 269 2563 2.
317 2509 457 2565 Sunt
484 2509 630 2564 enim
675 2508 837 2578 aliqui
883 2509 935 2564 in
967 2509 1300 2565 clericorum
1328 2525 1589 2578 munere,
1620 2511 1742 2582 qui-

135 2602 244 2659 bus
272 2602 531 2658 inimicus
560 2603 832 2674 obrepere
871 2603 1089 2671 studet,
1129 2604 1173 2658 si
1205 2604 1342 2659 alias
1368 2620 1463 2659 eos
1495 2619 1598 2660 non
1644 2621 1742 2676 po-

130 2696 305 2752 tuerit
329 2695 724 2753 circumvenire
746 2739 761 2763 ,
786 2707 844 2752 ut
871 2697 1015 2754 laasis
1036 2697 1342 2768 hujusmodi
1372 2699 1585 2772 1098
1602 2699 1744 2755 inse-

129 2790 784 2862 ratcogitationes.Quid
819 2791 950 2845 mihi
985 2791 1206 2862 prodest
1229 2791 1282 2846 in
1311 2792 1462 2848 clero
1488 2808 1736 2859 manere,

125 2884 327 2942 subire
357 2883 605 2955 injurias,
648 2885 860 2940 labores
889 2886 1123 2957 perpeti,
1163 2886 1320 2957 quasi
1368 2903 1476 2942 non
1519 2890 1692 2959 possit
1718 2902 1737 2927 ε

127 2992 274 3050 ager
296 2992 450 3035 meus
475 2993 563 3033 me
588 2992 834 3048 pascere,
867 2987 959 3034 aut
982 2978 1028 3032 si
1057 2994 1186 3050 ager
1211 2979 1376 3045 desit,
1407 2982 1561 3051 quasi
1583 2982 1743 3038 aliter

132 3086 410 3127 exercere
447 3082 722 3142 sumptum
767 3087 876 3127 non
924 3074 1162 3144 queam?
1201 3073 1387 3145 Itaque
1430 3075 1739 3145 hujnsmodi

124 3163 565 3234 cogitationibus
587 3166 750 3220 etiam
775 3165 902 3221 boni
933 3181 1112 3221 mores
1138 3165 1207 3220 ab
1234 3165 1416 3222 ofﬁcio
1449 3167 1739 3224 retrahun-

1844 540 2123 610 jacentem
2160 543 2357 616 erigat.

1920 633 1973 688 5.
2018 633 2172 693 Unde
2197 645 2252 692 et
2279 637 2331 692 in
2363 635 2561 692 Elismo
2591 635 2756 708 figura
2783 635 2999 691 Domini
3029 636 3334 706 praecessit,
3357 637 3453 707 qui

1851 727 2080 799 projecit
2111 743 2192 796 se,
2235 738 2294 784 ut
2323 739 2594 786 mortuum
2632 729 2872 801 erigeret
2901 727 2995 802 (IV
3027 729 3155 802 Reg.
3194 745 3266 795 tv,
3310 729 3445 802 34):

1851 821 1904 876 in
1935 835 2043 892 quo
2071 822 2381 894 symbolum
2413 833 2518 889 est,
2547 823 2691 896 quod
2721 823 2878 879 nobis
2905 821 3160 880 Christus
3186 836 3457 878 commor-

1838 921 1977 994 tuus
2003 913 2092 980 sit,
2125 925 2184 969 ut
2227 915 2388 972 nobis
2427 925 2763 988 resurgeret.
2796 914 3036 986 Projecit
3065 917 3248 988 itaque
3277 930 3338 971 se
3365 932 3454 973 us-

1849 1021 1956 1077 que
1983 1005 2052 1060 ad
2085 1017 2325 1062 nostram
2364 1007 2618 1064 Christus
2648 1008 3018 1080 fragilitatem,
3059 1017 3118 1063 ut
3148 1022 3246 1063 nos
3275 1009 3452 1080 erige-

1849 1109 1953 1156 ret.
1979 1101 2218 1172 Projecit
2255 1117 2316 1158 se
2337 1147 2351 1170 ,
2387 1117 2496 1158 non
2526 1102 2748 1169 cecidit,
2778 1102 2876 1158 sed
2909 1102 3085 1158 erexit
3113 1111 3450 1158 consortem.

1850 1197 1970 1268 Ipse
1997 1197 2140 1253 enim
2169 1208 2458 1255 consortes
2483 1213 2584 1254 nos
2609 1199 2711 1254 sibi
2744 1196 2906 1267 fecit,
2949 1186 3009 1253 ut
3035 1197 3300 1268 scriptum
3327 1207 3411 1254 est
3433 1241 3446 1261 ,

1848 1293 1976 1362 quia
2016 1304 2202 1349 unctus
2246 1301 2319 1349 est
2347 1292 2366 1332 ί
2399 1294 2510 1349 oleo
2542 1293 2764 1367 justitia:
2828 1309 2937 1364 prta
2977 1292 3299 1349 consortibus
3348 1293 3454 1348 suis

1849 1383 2023 1454 (Psal.
2053 1402 2195 1454 xuv,
2219 1386 2298 1458 8).

1921 1478 1975 1534 6.
2017 1477 2174 1535 Unde
2222 1479 2450 1550 pulchre
2495 1479 2575 1535 ait
2615 1478 3017 1535 Ecclesiastes:
3054 1477 3315 1546 Quoniam
3361 1475 3450 1548 qui

1849 1573 2111 1639 ceciderit,
2142 1574 2296 1644 erigit
2324 1574 2521 1628 socium
2549 1589 2697 1628 suum
2726 1572 2746 1643 (
2781 1569 2984 1626 Eccles.
3019 1586 3094 1637 tv,
3140 1570 3210 1627 10
3239 1569 3296 1640 ),
3343 1583 3452 1624 non

1850 1667 1967 1738 ipse
2013 1667 2276 1738 erigitur;
2315 1667 2569 1724 Christus
2607 1667 2756 1723 enim
2797 1681 2906 1722 non
2949 1665 3176 1721 alterius
3212 1661 3451 1726 auxilio,

1849 1773 2011 1835 atque
2039 1779 2142 1834 ope
2167 1773 2382 1821 erectus
2407 1774 2514 1830 est,
2542 1763 2638 1820 sed
2663 1765 2780 1833 ipse
2800 1778 2859 1818 se
2886 1759 3254 1818 resuscitavit.
3285 1758 3452 1814 Deni-

1777 1852 1822 1912 B
1848 1873 1954 1929 que
1980 1859 2182 1927 solvite,
2216 1858 2411 1930 inquit,
2443 1860 2536 1912 hoc
2563 1855 2830 1928 templum,
2860 1864 2908 1910 et
2929 1856 2982 1908 in
3008 1855 3179 1909 triduo
3209 1851 3342 1908 illud
3369 1867 3448 1906 re—

1843 1954 2120 2008 suscitabo.
2177 1952 2292 2008 Hoc
2340 1963 2512 2007 autent
2556 1952 2687 2006 dixit
2732 1951 2797 2007 de
2843 1949 3035 2022 templo
3083 1949 3317 2021 corporis
3369 1947 3450 2002 sui

1843 2047 2026 2120 (Joan.
2059 2063 2118 2112 ιι,
2147 2045 2260 2115 19).
2295 2046 2407 2103 Nec
2438 2043 2714 2102 immerito
2742 2053 2964 2100 erectus
2988 2056 3096 2098 non
3116 2051 3199 2097 est
3224 2041 3294 2096 ab
3314 2039 3450 2106 alio,

1845 2143 1934 2212 qui
1968 2157 2073 2196 non
2111 2140 2346 2207 cedidit;
2378 2155 2500 2196 nam
2539 2148 2594 2196 et
2621 2139 2715 2196 ille
2745 2137 2838 2210 qui
2873 2153 2902 2192 a
2933 2134 3173 2193 secundo
3199 2133 3449 2205 erigitur,

1843 2233 2048 2291 cecidit
2083 2253 2096 2288 :
2140 2243 2196 2289 et
2227 2234 2319 2304 qui
2349 2233 2568 2300 cecidit,
2602 2231 2809 2302 indiget
2836 2230 3065 2290 auxilio.
3098 2237 3155 2283 ut
3183 2227 3447 2298 erigatur.

1843 2327 1996 2396 Quod
2028 2337 2083 2383 et
2103 2327 2344 2397 subjecta
2388 2326 2608 2392 docent,
2642 2323 2860 2380 dicente
2891 2321 3219 2392 Scriptura:
3259 2318 3346 2374 I’te
3370 2319 3451 2372 illi

1844 2422 1954 2486 uni,
1979 2437 2096 2474 cum
2124 2419 2392 2485 ceciderit,
2419 2427 2466 2472 et
2488 2434 2592 2472 non
2612 2426 2687 2472 est
2711 2416 2968 2472 secundus
2992 2415 3079 2485 qui
3105 2429 3223 2468 eum
3251 2410 3451 2483 erigat!

1841 2511 1963 2581 quia
1988 2520 2032 2565 et
2058 2511 2102 2565 si
2132 2511 2430 2565 dormierint
2461 2509 2585 2574 duo,
2611 2519 2682 2563 est
2713 2509 2857 2563 calor
2879 2507 2987 2562 illis
3019 2503 3188 2578 (Eccl.
3225 2521 3297 2571 tv,
3338 2504 3408 2560 10
3429 2545 3446 2571 ,

1845 2606 1957 2676 ll).
1987 2605 2327 2660 Commortui
2359 2605 2503 2660 enim
2537 2618 2725 2659 sumus
2755 2601 2998 2669 Christo,
3027 2612 3083 2657 et
3112 2599 3235 2656 ideo
3259 2600 3450 2655 convi-

1841 2699 2019 2754 vimus
2048 2699 2232 2772 (liam.
2263 2715 2336 2765 vr,
2372 2697 2450 2770 8).
2481 2697 2731 2753 Christus
2760 2695 2920 2751 nobis
2941 2702 3318 2750 commortuus
3340 2702 3446 2758 est,

1842 2800 1902 2848 ut
1933 2807 2031 2847 nos
2061 2792 2409 2859 calefaceret,
2434 2790 2526 2861 qui
2547 2791 2625 2846 ait
2657 2808 2668 2843 :
2704 2788 2884 2862 Ignem
2905 2788 3018 2844 veni
3045 2788 3240 2841 mittere
3265 2787 3319 2839 in
3341 2794 3445 2840 ter-

1841 2903 1953 2941 ram
1981 2885 2134 2959 (Luc.
2167 2902 2264 2953 xu,
2298 2884 2416 2955 49).

1915 2981 1968 3034 7.
2012 2978 2254 3034 Mortuus
2283 2992 2455 3044 eram,
2480 2975 2575 3033 sed
2601 2976 2729 3048 quia
2754 2976 2806 3030 in
2831 2974 3155 3044 baptismate
3176 2985 3450 3027 commor-

1844 3085 1968 3132 tuus
2008 3073 2227 3130 Cbristo
2257 3088 2402 3140 sum,
2435 3073 2622 3143 accepi
2651 3071 2832 3126 lumen
2864 3070 2988 3123 vita:
3019 3085 3048 3123 a
3092 3065 3333 3121 Christo.
3382 3065 3448 3120 Et

1840 3169 1930 3241 qui
1946 3173 1998 3223 in
2026 3167 2247 3224 Christo
2260 3167 2510 3233 moritur,
2527 3181 2626 3238 per
2645 3164 2922 3220 Christum
2936 3161 3230 3218 calefactus
3242 3159 3368 3214 vita:
3386 3169 3442 3214 et

128 3266 228 3313 tur
264 3275 276 3312 :
313 3258 466 3329 quasi
513 3274 643 3314 vero
685 3259 791 3314 hoc
821 3259 1000 3314 solum
1031 3259 1102 3314 sit
1147 3260 1201 3315 in
1231 3261 1456 3329 clerico,
1492 3270 1548 3316 nt
1589 3276 1739 3316 sum-
1763 3262 1809 3324 C
1843 3261 2268 3319 resurrectionis
2283 3275 2547 3332 vaporem
2567 3259 2786 3329 accipit.
2817 3256 3031 3330 1099
3064 3252 3317 3324 Frigidus
3332 3261 3453 3342 e.rat

127 3358 294 3422 ptum
347 3352 598 3422 expediat
626 3367 818 3419 suum,
851 3361 906 3409 et
943 3368 1049 3408 non
1081 3362 1138 3409 nt
1177 3353 1416 3410 divinutn
1462 3356 1566 3411 sibi
1618 3367 1742 3426 post

125 3455 374 3501 mortem
397 3447 585 3516 potius
611 3447 912 3504 subsidium
942 3447 1122 3515 locet;
1148 3465 1474 3520 quamquam
1500 3450 1594 3506 ille
1617 3461 1739 3522 post

123 3546 375 3594 mortem
406 3538 688 3607 abundet,
721 3541 812 3611 qui
846 3550 994 3596 tutus
1027 3541 1113 3597 hic
1158 3541 1396 3612 potuerit
1434 3542 1737 3601 decernere

123 3630 431 3686 adversum
465 3639 542 3686 tot
575 3631 916 3688 inimicorum
947 3633 1192 3690 insidias.

199 3725 262 3780 5.
297 3722 453 3779 Unde
485 3723 849 3780 Ecclesiastes
875 3728 951 3780 ait
975 3744 986 3778 :
1025 3726 1223 3798 Optimi
1244 3728 1348 3782 duo
1373 3745 1528 3802 super
1551 3747 1729 3797 unum,

112 3821 318 3893 quibus
345 3828 418 3875 est
447 3835 641 3875 merces
657 3819 790 3875 bona
817 3821 871 3874 in
894 3821 1068 3876 labore
1085 3825 1315 3895 ipsorum
1337 3841 1356 3890 ,°
1385 3825 1630 3895 quoniam
1647 3821 1674 3861 ά
1692 3826 1737 3879 si

113 3912 397 3978 ceciderit,
424 3929 558 3968 unus
579 3913 730 3984 erigit
760 3915 957 3968 socium
981 3932 1128 3970 suum
1158 3915 1384 3984 (Eccles.
1420 3935 1496 3984 tv,
1526 3919 1583 3985 9,
1618 3920 1731 3990 10).

112 4006 236 4064 Ubi
263 4015 394 4061 sunt
420 4006 522 4060 duo
553 4008 734 4078 optimi
769 4023 928 4076 super
956 4025 1154 4074 unum,
1207 4009 1307 4064 nisi
1357 4009 1444 4065 ubi
1480 4010 1736 4068 Christus

108 4110 232 4166 est,
268 4109 324 4154 et
371 4099 418 4154 is
446 4115 607 4170 quem
643 4099 895 4156 Christus
943 4101 1159 4156 tuetur?
1186 4101 1320 4170 Quia
1354 4103 1400 4157 si
1437 4103 1730 4172 ceciderit,

109 4195 218 4265 qui
253 4208 379 4249 cum
411 4193 643 4248 Domino
668 4203 754 4249 est
776 4193 931 4262 Jesu,
959 4195 1123 4267 erigit
1145 4210 1268 4250 eum
1295 4194 1479 4252 Iesus.

194 4287 257 4342 4.
304 4287 412 4343 Sed
439 4303 543 4359 qua
569 4289 781 4343 ratione
810 4289 945 4344 dixit
972 4309 985 4346 :
1010 4289 1076 4345 In
1102 4291 1278 4346 labore
1298 4292 1562 4364 ipsorum?
1596 4293 1734 4363 Ergo

105 4393 174 4440 et
197 4382 459 4438 Christus
488 4383 730 4437 laborat?
751 4383 944 4455 Utique
970 4385 1200 4452 laborat,
1225 4386 1315 4457 qui
1339 4387 1414 4442 ait
1439 4404 1451 4439 :
1478 4386 1736 4442 Laboravi

108 4480 366 4534 clamans
390 4471 560 4547 (Psal.
596 4491 746 4543 Lvut,
771 4476 847 4547 4).
879 4477 1138 4545 Laborat,
1168 4492 1190 4515 ι’
1215 4479 1310 4535 sed
1335 4481 1386 4535 in
1414 4480 1570 4536 nobis
1597 4498 1610 4535 :
1636 4479 1734 4537 de-

105 4573 296 4642 nique
326 4571 392 4626 ad
427 4582 649 4641 puteum
674 4573 927 4645 fatigatus
949 4575 1176 4631 sedebat
1204 4577 1383 4645 (Joan.
1416 4593 1486 4644 ιν,
1515 4577 1594 4649 6).
1625 4577 1732 4635 Sed

1844 3371 2000 3428 puer,
2031 3355 2279 3411 calefecit
2301 3369 2428 3411 eum
2452 3353 2682 3408 Elismus
2705 3350 2899 3422 spiritu
2923 3364 3044 3414 suo,
3074 3345 3226 3402 dedit
3249 3345 3298 3400 ei
3322 3345 3448 3400 vita:

1841 3450 2081 3507 calorem
2112 3447 2207 3521 (IV
2239 3448 2371 3520 Reg.
2405 3464 2480 3514 tv,
2510 3444 2626 3516 54).
2676 3441 3053 3501 Condormivit
3080 3441 3129 3494 ei
3158 3481 3173 3506 ,
3215 3448 3272 3493 ut
3320 3453 3444 3493 eum

1840 3545 1992 3602 calor
2045 3543 2244 3615 quietis
2290 3541 2441 3612 ejus,
2483 3540 2575 3612 qui
2617 3540 2670 3594 in
2714 3535 2964 3610 symbolo
3009 3531 3366 3602 consepultus
3395 3531 3446 3587 ei

1841 3641 2040 3706 fuerat,
2072 3637 2361 3694 excitaret.
2391 3631 2648 3704 Frigidus
2672 3631 2859 3702 itaque
2886 3637 2994 3694 est,
3021 3625 3113 3698 qui
3147 3640 3253 3679 non
3283 3623 3449 3679 mori-

1840 3745 1928 3790 tur
1956 3734 2010 3789 in
2033 3731 2252 3788 Christo
2286 3746 2299 3783 :
2334 3725 2573 3784 caleﬁeri
2597 3739 2704 3778 non
2739 3731 2940 3792 potest,
2967 3719 3054 3776 cui
3087 3717 3228 3788 ignis
3248 3715 3448 3770 ardens

1841 3842 1948 3882 non
1979 3823 2388 3896 apprOpinquat
2419 3837 2432 3873 :
2468 3828 2491 3864 ε
2527 3818 2861 3872 incalescere
2892 3827 2999 3868 non
3034 3819 3213 3882 potest
3252 3809 3445 3875 alteri,

1837 3920 1932 3992 qui
1957 3933 2143 3975 secum
2178 3931 2285 3974 non
2317 3914 2484 3970 habet
2505 3911 2805 3967 Christum.

1910 4013 1963 4068 8.
2008 4012 2076 4066 Et
2104 4019 2160 4064 ut
2191 4022 2490 4080 cognoscas
2518 4001 2818 4060 secundum
2851 3997 3175 4071 mysterium
3204 3993 3451 4055 dictum,

1839 4124 1945 4164 non
1994 4105 2292 4163 secundum
2365 4114 2688 4164 numerum;
2735 4096 2860 4167 quia
2908 4092 3091 4164 aptimi
3143 4091 3250 4144 duo
3294 4103 3449 4158 quam

1837 4222 2000 4269 unus,
2029 4201 2261 4274 subjecit
2304 4197 2590 4272 mysticum
2624 4212 2637 4250 :
2674 4192 2738 4247 Et
2769 4200 3000 4260 spartum
3038 4187 3261 4254 triplex;
3287 4183 3315 4221 ι·
3345 4199 3446 4238 non

1838 4306 2218 4367 corrumpetur.
2259 4291 2384 4348 Tria
2435 4289 2581 4346 enim
2610 4328 2624 4352 ,
2655 4300 2776 4356 qua)
2801 4299 2908 4338 non
2950 4287 3077 4334 sunt
3106 4274 3445 4367 composita,

1837 4407 1944 4448 non
1997 4366 2422 4456 corrumpuntur
2475 4399 2486 4436 :
2536 4378 2776 4435 Trinitas
2826 4377 3006 4444 itaque
3065 4366 3449 4440 incompositae

1838 4496 2046 4543 naturae
2089 4481 2366 4553 corrumpi
2413 4495 2520 4535 non
2575 4485 2785 4548 potest;
2817 4473 2942 4544 quia
2990 4470 3134 4526 Deus
3184 4479 3350 4521 unum
3391 4473 3448 4518 et

1835 4581 2067 4651 simplex
2087 4621 2102 4644 ,
2142 4586 2198 4633 et
2241 4571 2660 4644 incompositum
2689 4576 2811 4635 est,
2840 4563 3105 4637 quidquid
3130 4569 3218 4618 est
3250 4582 3262 4616 :
3294 4559 3440 4631 quod

102 4665 408 4740 quomodo
467 4667 707 4736 laboret,
765 4669 952 4724 docuit
999 4686 1100 4725 nos
1157 4672 1449 4739 Apostolus
1521 4674 1732 4729 minore
1760 4663 1814 4723 D
1837 4683 2021 4730 autem
2048 4679 2165 4737 est,
2198 4673 2516 4739 permanet,
2550 4679 2656 4719 non
2687 4660 2992 4730 subjicitur.

99 4761 412 4832 exemplo,
443 4761 628 4819 diccns
660 4781 673 4818 :
725 4763 854 4831 Quis
889 4765 1204 4834 inﬁrmatur,
1236 4777 1284 4821 et
1312 4784 1402 4838 ego
1441 4783 1542 4821 non
1583 4769 1730 4836 inﬁr—

99 4871 241 4910 mor
279 4853 349 4923 (ll
395 4853 517 4911 Cor.
568 4871 647 4920 χι,
691 4856 818 4926 ‘29)?
849 4857 1044 4912 Docuit
1081 4867 1136 4913 et
1179 4859 1295 4930 ipse
1325 4859 1594 4915 Dominus
1633 4876 1730 4916 sua

97 4963 263 5005 voce
297 4965 310 5001 :
348 4946 420 5000 ΛΞ
426 4966 513 5019 ger
531 4966 692 5018 eram,
724 4959 773 5005 et
802 4967 904 5005 non
932 4951 1176 5005 visitostis
1210 4969 1287 5007 me
1307 4968 1326 5006 :
1350 4955 1519 5007 nudus
1548 4971 1690 5008 erant
1714 4996 1727 5017 ,

193 5124 224 5152 ⁸
273 5112 582 5188 Maledictio
607 5132 856 5170 eorum...
882 5117 1172 5184 discipulus
1199 5119 1333 5188 ejus,
1368 5119 1424 5171 in
1455 5132 1585 5172 mss.
1620 5134 1728 5172 non

97 5205 181 5263 pa
191 5187 340 5263 uois.
373 5194 428 5240 et
447 5187 585 5263 apud
608 5188 830 5263 Amerb.
858 5190 1218 5263 desideratur.

191 5259 224 5297 δ
271 5258 399 5312 Ινιςυε
439 5259 669 5332 epistola
699 5274 822 5314 cum
853 5275 948 5328 ea,
982 5277 1146 5332 quam
1175 5260 1245 5316 26
1276 5261 1395 5316 loco
1435 5261 1725 5316 collocavi-

93 5347 272 5395 mus,
303 5344 408 5384 una
439 5331 579 5403 serie
608 5333 658 5403 in
689 5347 817 5387 mss.
847 5331 1052 5402 aliquot
1083 5335 1151 5387 ita
1192 5333 1555 5403 compingitur
1583 5351 1596 5386 :
1628 5349 1724 5386 no-

93 5420 242 5462 cere
266 5417 322 5474 se
342 5402 582 5474 credunt.
597 5402 827 5474 Semper
841 5406 1045 5474 quidem
1068 5406 1339 5459 decantata
1356 5402 1594 5474 qutestio,
1615 5412 1720 5460 etc.

192 5487 220 5513 ο
269 5473 544 5528 Iudicatur
593 5473 695 5528 hoc
743 5475 864 5529 loco
905 5477 956 5530 in
988 5477 1308 5532 clericorum
1357 5473 1549 5531 Ordine
1593 5476 1728 5530 alios

93 5547 321 5609 fuisse,
368 5545 459 5615 qui
512 5543 794 5617 lareiiltates
841 5546 1050 5617 aliquas
1081 5549 1446 5616 possiderent,
1475 5547 1612 5603 alios
1638 5547 1729 5612 qui

92 5618 340 5677 nullas:
393 5631 498 5684 qua
535 5616 603 5671 de
636 5631 696 5672 re
725 5616 960 5672 diximus
991 5618 1057 5672 ad
1090 5619 1182 5675 lib.
1219 5636 1235 5675 ι
1263 5621 1418 5676 Olﬁc.
1465 5635 1586 5692 cap.
1620 5619 1690 5674 56
1715 5660 1729 5684 ,

92 5705 280 5743 ιιυηι.
312 5687 439 5743 184.

91 5705 280 5751 num.
312 5705 439 5743 164.

135 5823 143 5833 _
187 5758 225 5799 ά
250 5756 559 5833 AVetgedit.
588 5757 698 5825 hic,
729 5767 786 5833 et
813 5773 910 5833 nos
932 5773 1052 5814 cum
1090 5761 1251 5817 Rom.
1288 5778 1350 5819 ac
1377 5777 1507 5819 mss.
1539 5761 1634 5818 lib.
1667 5761 1735 5817 de

92 5829 309 5894 lhstit.
353 5829 531 5907 Virg”
574 5845 692 5907 cap.
715 5831 824 5907 _Il_,’
934 5833 1168 5907 ceciderit
1191 5848 1342 5907 unus,
1365 5836 1496 5888 alter
1537 5836 1733 5907 eriget:

89 5909 185 5964 lle
221 5915 336 5971 (tua
369 5901 602 5955 lectione
642 5901 842 5955 videsis
870 5901 1158 5958 Nobilium.
1213 5901 1336 5958 νει.
1382 5916 1558 5958 autem
1597 5901 1732 5957 edit.

1918 4767 2001 4822 10.
2042 4763 2252 4818 Bonum
2282 4772 2366 4816 est
2393 4762 2574 4827 itaque
2601 4754 2879 4810 adh-.erere
2907 4751 3087 4815 alteri.
3118 4757 3173 4804 et
3198 4746 3441 4803 inserere

1838 4858 2041 4914 collum
2092 4855 2146 4910 in
2195 4864 2415 4924 torques
2463 4850 2613 4920 ejus,
2643 4859 2694 4903 et
2723 4837 2993 4915 subjicere
3035 4844 3318 4897 humerum
3341 4878 3356 4905 ,
3387 4847 3442 4893 et

1839 4961 2056 5025 portare
2086 4949 2260 5016 illum,
2287 4963 2386 5002 nec
2413 4945 2635 5000 tmdiare
2657 4942 2724 4998 ad
2753 4940 2996 5003 vincula;
3027 4937 3150 5008 quia
3178 4935 3246 4990 de
3275 4933 3440 4988 domo

1837 5119 2002 5171 citato
2030 5113 2123 5166 lib.
2162 5110 2232 5166 de
2275 5108 2446 5164 lnstit.
2482 5107 2634 5178 Virg.
2665 5114 2718 5160 et
2745 5105 2901 5178 Rom.
2937 5101 3056 5178 hic,
3103 5097 3147 5152 si
3189 5093 3434 5178 ceciderit

1831 5205 1985 5251 unus,
2016 5185 2194 5255 eriget.
2229 5181 2339 5238 Nos
2370 5195 2504 5255 vero
2543 5171 2665 5255 cum
2691 5192 2823 5232 mss.
2853 5171 3116 5255 virgulam
3153 5171 3433 5255 pnetn‘itt‘i-

1832 5235 2396 5322 [αι
2415 5235 2553 5308 ίδὶιιθ
2581 5252 2684 5306 illis
2716 5264 2812 5318 pro
2832 5243 3106 5322 cecideritA
3125 5254 3229 5322 non
3259 5235 3427 5317 audc-

1834 5310 1954 5387 iiii};
1976 5329 2264 5386 restituere
2294 5310 2336 5380 si
2366 5323 2676 5396 ceciderint;
2705 5310 2846 5396 quod
2871 5327 3062 5396 tamen.
3082 5310 3427 5395 Ambrosium

1833 5386 2121 5472 scripsisse
2158 5398 2479 5464 conjicimns
2507 5411 2538 5448 e
2566 5386 2769 5449 Graecis
2808 5386 2985 5441 verbis
3012 5386 3100 5439 ἰὰν
3135 5386 3359 5442 πέσωσι,
3401 5386 3427 5432 ὀ

1837 5473 1906 5537 εἷς
1931 5478 2114 5550 ἐγερεῖ,
2141 5473 2224 5550 νεὶ
2257 5473 2588 5550 ἐσιείρειςρίο·
2632 5536 2642 5546 .
2713 5531 2825 5550 “te

1910 5530 1944 5583 εν
1963 5530 2112 5602 ’Μεεί
2137 5530 2370 5612 aliquot;
2390 5538 2479 5612 sed
2501 5553 2599 5612 non
2625 5536 2678 5612 in
2709 5531 2872 5612 nobis.
2906 5530 2975 5582 Al
3007 5537 3174 5598 pravo
3202 5534 3396 5576 sensu.

1915 5617 1934 5656 ί
1978 5619 2137 5673 Rom.
2166 5602 2299 5670 edit.
2324 5602 2458 5671 sola,
2483 5609 2596 5661 oleo
2625 5602 2837 5658 laztitiar.
3338 5661 3372 5674 υ

1913 5699 1937 5736 8
2587 5684 2736 5748 parte
2759 5687 2914 5738 tnss.;
2943 5680 3056 5726 vet.
3084 5673 3264 5722 autem
3289 5661 3416 5721 edit.

1839 5776 1960 5816 cum
1983 5751 2709 5828 reliquisgmss.,_invalescere
2732 5760 2835 5799 non
2861 5752 3046 5828 potest.

1915 5814 2128 5886 [Romi
2160 5826 2291 5883 edit.
2321 5822 2456 5891 sola,
2492 5836 2594 5876 non
2625 5819 2722 5873 cito
2750 5814 3031 5888 rumpitur.
