3932 6296
495 270 635 333 σιτ-δ

1858 270 1938 337 8A
1948 268 2103 343 NCT!
2139 268 2470 339 MIBBOSII

3653 278 3758 337 ’ἱετὲ

489 386 835 453 alligatorum
883 388 1047 451 exivit
1073 432 1087 459 ,
1122 390 1211 462 qui
1259 397 1481 463 regnet,
1516 403 1650 460 puer
1681 387 1773 444 ille
1800 387 1891 461 qui
1922 402 2088 460 super
2113 388 2167 463 Α
2261 388 2566 445 constitutus
2593 390 2659 444 sit
2679 389 2868 468 judex,
2899 400 2948 445 et
2982 396 3157 469 quare
3184 388 3341 445 illam
3380 388 3758 461 cognitionmiu

492 497 676 553 regem
731 482 1005 538 seniorem
1053 490 1109 538 et
1157 482 1379 539 stultum
1419 491 1519 538 est.
1573 478 1807 554 Ideoque
1849 482 1939 552 ‘qui
1967 496 2091 537 eum

494 585 824 647 sequuntur,
840 576 1046 649 alligati
1074 578 1303 633 vinculis
1319 586 1463 632 sunt.
1492 577 1730 649 Denique
1754 560 1956 633 Pauius
1979 575 2097 635 vin-

494 672 614 724 ctus
642 666 771 725 Jesu
800 668 1001 727 Christi
1035 666 1251 743 (Ephes.
1287 685 1368 737 ιιι,
1404 670 1477 736 1).
1517 667 1671 728 Unde
1699 678 1753 727 et
1795 670 1911 743 ipse
1935 669 2097 728 Jesus

496 762 766 834 captivam
799 762 953 819 duxit
981 763 1344 836 captivitatem
1374 762 1595 838 (Ephes.
1620 779 1694 833 tv,
1718 763 1794 837 8).
1821 758 1939 819 Non
1966 763 2098 820 satis

499 854 678 910 visum
723 863 806 911 est
853 853 905 911 ei
949 856 1164 913 solvere
1208 856 1608 928 captivitatem,
1637 871 1798 929 quam
1849 856 2099 913 diabolus

502 946 869 1020 imposuerat;
904 964 973 1004 ne
1009 947 1203 1011 iterum
1237 959 1262 987 ει
1291 950 1495 1006 liberos
1541 961 1907 1023 vagantesque
1951 950 2100 1007 iuva-

501 1036 655 1094 deret
704 1058 717 1094 :
764 1038 858 1096 sed
911 1039 1143 1111 peifccta
1200 1040 1471 1098 absolutio
1523 1042 1787 1099 mstimata
1858 1058 1940 1099 est
2001 1043 2101 1101 sub

501 1129 719 1187 Christo
758 1131 954 1204 degere
978 1175 994 1202 ,
1039 1143 1092 1189 et
1140 1134 1361 1209 injicere
1392 1132 1557 1208 pedes
1587 1136 1639 1192 in
1686 1136 1979 1211 compedes
2010 1152 2099 1193 sa-

504 1224 741 1295 pientiae,
772 1223 939 1295 ipsius
966 1224 1237 1296 captivum
1265 1240 1414 1294 esse,
1449 1236 1507 1283 ιιι
1533 1228 1609 1285 sis
1635 1226 1775 1284 liber
1810 1228 1878 1285 ab
1906 1228 2101 1286 adver-

501 1316 665 1372 sario.

573 1411 661 1465 11.
706 1410 874 1467 Recte
923 1427 1093 1484 puer,
1142 1414 1400 1485 quoniam
1464 1431 1592 1487 puer
1638 1426 1790 1472 natus
1834 1426 1909 1475 est
1957 1416 2103 1475 nobis

501 1500 672 1575 (Emi.
704 1518 757 1559 ιιι
780 1546 795 1573 ,
824 1501 916 1577 ϐ);
946 1515 1003 1562 et
1028 1522 1155 1564 vere
1201 1508 1437 1579 Optimus
1465 1523 1618 1581 puer,
1646 1508 1732 1565 cui
1779 1506 1985 1566 dictum
2020 1520 2105 1568 est

501 1609 530 1649 a
562 1594 719 1651 Patre
756 1596 908 1653 Deo:
946 1598 1195 1672 Magnum
1244 1600 1336 1656 tibi
1364 1611 1440 1657 est
1487 1604 1660 1658 vocari
1689 1621 1907 1673 puerum
1936 1621 2104 1660 meum

500 1686 673 1760 (Esai.
707 1705 849 1756 sus,
878 1690 956 1763 5).
984 1690 1218 1764 Sapiens
1247 1710 1493 1769 quoque,
1529 1706 1588 1753 ιιι
1623 1694 1970 1770 Evangeiium
2000 1700 2101 1755 do-

2269 484 2644 555 susceperit,ut
2674 478 2915 540 maluerit
2936 484 3201 539 arbitrum
3234 500 3413 555 agere,
3439 496 3759 547 commemoret,

2268 577 2372 634 litis
2397 579 2605 651 expauit
2632 588 2845 643 statum,
2874 595 2937 633 ac
2969 577 3242 637 Marcello
3270 577 3533 632 damnum
3560 594 3647 633 non
3672 595 3762 649 agn
3860 648 3861 663 χ

2268 668 2540 742 ferendum
2572 671 2812 727 ostendit.
2844 669 2982 726 Hinc
3009 688 3132 727 eum
3160 670 3378 735 laudat,
3408 669 3554 742 quod
3579 670 3762 725 arbitria
3860 668 3861 742 ᾗ

2270 784 2325 824 se
2353 767 2460 842 ipse
2500 768 2793 842 praestiterit
2821 767 2972 842 longe
3009 767 3401 840 tequissimum.
3440 763 3553 821 Cur
3580 768 3765 822 tamenin
3860 763 3861 837 ἦ

2271 862 2384 932 ejus
2434 862 2647 917 arbitrio
2677 862 2914 917 nonnihil
2938 862 3252 927 mutaverit,
3286 861 3450 915 docet
3478 876 3498 915 :
3525 878 3583 914 ac
3618 862 3766 916 deus:

2271 972 2372 1028 qua
2418 956 2617 1012 ratione
2666 956 2859 1029 singuli
2893 956 3005 1011 sine
3035 950 3298 1011 Ecclesia:
3350 954 3555 1010 damno
3590 956 3765 1023 ricerist,

2273 1048 2520 1105 declarat.

2684 1141 2989 1199 Alanosws
3017 1142 3347 1199 bisnceuo.

2276 1236 2327 1291 1.
2373 1233 2528 1306 Apud
2561 1251 2646 1291 me
2675 1236 2935 1292 (ieeursus
2964 1245 3049 1291 est
3081 1239 3157 1291 tui
3196 1243 3389 1292 textus
3426 1235 3652 1306 negotii,
3675 1237 3770 1308 quid

2204 1344 2315 1386 non
2356 1330 2606 1397 intulisti,
2637 1330 2732 1386 sed
2756 1330 3044 1402 recepisti;
3072 1332 3202 1402 quia
3234 1336 3369 1386 erat
3397 1339 3456 1385 et
3496 1331 3773 1400 pietatis»-

2203 1423 2454 1491 eessitas,
2483 1432 2541 1478 et
2567 1423 2861 1493 probanda:
2878 1423 2932 1479 in
2960 1436 3238 1494 pauperes
3259 1422 3624 1477 liberalitatis
3639 1422 3774 1476 valla-

2205 1527 2313 1575 tas.
2342 1517 2584 1589 Cognovi
2615 1528 2797 1574 autem
2821 1514 2851 1555 δ
2881 1516 3181 1573 secundum
3212 1530 3401 1571 saera:
3431 1514 3661 1570 formam
3680 1530 3772 1586 prr-

2204 1612 2507 1680 ceptionis,
2535 1612 2588 1667 in
2630 1626 2794 1683 quam
2822 1626 2910 1667 me
2934 1610 3114 1666 induit
3142 1618 3199 1664 et
3234 1608 3562 1664 beatissimi
3590 1607 3772 1678 Apostai

2206 1704 2502 1759 auctoritas
2523 1745 2539 1772 ,
2567 1712 2624 1760 et
2650 1714 2756 1759 tua}
2799 1703 3062 1759 doctrinae
3093 1718 3160 1759 ac
3199 1704 3335 1757 vita:
3376 1702 3565 1757 [σιτιιιι
3592 1703 3775 1757 et

502 1791 627 1851 cet;
659 1786 783 1856 quia
830 1788 1133 1859 proﬁciebat
1159 1798 1309 1845 aetate
1328 1801 1375 1846 et
1406 1792 1662 1864 sapientia
1688 1792 1844 1863 (Luc.
1882 1809 1948 1856 ιι,
1983 1792 2098 1867 52).
2135 1796 2182 1859 Β
2209 1795 2376 1866 plina.
2400 1795 2532 1851 Nam
2561 1812 2684 1852 cum
2713 1797 2829 1866 ipse
2849 1811 3140 1868 arguerem
3178 1795 3333 1867 quod
3363 1795 3559 1852 adhuc
3582 1796 3705 1850 inter
3718 1809 3776 1849 ius

502 1870 907 1933 Convenienter
956 1879 1124 1936 etiam
1175 1896 1378 1954 pauper
1412 1901 1424 1938 :
1453 1885 1577 1955 quia
1604 1899 1721 1939 cum
1751 1885 1893 1940 dives
1938 1897 2104 1952 esset,

505 1980 702 2039 panper
749 1969 920 2038 factus
970 1978 1080 2038 est;
1109 1981 1165 2027 ut
1190 1984 1286 2027 nos
1313 1988 1410 2028 sua
1455 1974 1633 2044 inopia
1661 1973 1849 2031 ditaret
1876 1974 1955 2049 (ll
1982 1975 2102 2033 Cor.

504 2076 621 2127 vut,
650 2059 729 2135 9).
755 2061 819 2117 Et
846 2062 968 2119 ideo
993 2079 1099 2119 non
1129 2064 1339 2121 fastidit
1371 2066 1423 2122 in
1449 2077 1617 2140 regno
1646 2084 1745 2124 suo
1774 2078 2064 2142 pauperem
2090 2110 2106 2138 ,

505 2153 603 2209 sed
631 2155 851 2211 exaudit
878 2172 1002 2213 eum
1026 2198 1042 2227 ,
1072 2168 1126 2213 et
1158 2156 1356 2216 liberat
1386 2175 1451 2216 ex
1480 2160 1731 2217 omnibus
1761 2162 2026 2235 angustiis
2054 2171 2110 2220 et

508 2247 797 2305 molestiis.

2210 1897 2459 1944 maneret
2487 1898 2833 1947 veternosum
2857 1888 3097 1961 jurgium
3117 1930 3133 1956 ,
3166 1887 3559 1959 cognoscendi
3590 1887 3777 1941 mihine-

2206 1982 2517 2038 ccssitateni
2550 1993 2732 2054 partes
2763 1981 3168 2052 imposuerunt.

2278 2072 2333 2129 2.
2377 2070 2580 2129 Erubui
2613 2088 2898 2139 recusare,
2941 2072 3153 2143 fateor,
3185 2087 3318 2127 cum
3356 2072 3698 2143 praesertime
3728 2080 3777 2125 to.

2206 2167 2313 2238 gati
2346 2168 2627 2238 utriusque
2674 2168 2842 2236 partis
2869 2168 3105 2223 invicem
3136 2181 3201 2222 se
3230 2165 3625 2231 lacesserent,
3652 2166 3779 2221 dim.

2212 2269 2293 2316 tes
2321 2272 2376 2316 ut
2407 2277 2529 2316 meo
2569 2260 2673 2317 sub
2702 2261 2954 2317 examine
2987 2258 3263 2331 liqueret,
3298 2263 3393 2316 cui
3445 2262 3587 2332 parti
3629 2262 3778 2330 nisjen

581 2339 669 2396 i2.
712 2340 823 2399 Sub
855 2340 958 2399 hoc
988 2361 1118 2418 ergo
1167 2346 1413 2404 vivamus
1436 2391 1450 2416 ,
1479 2358 1538 2405 ut
1563 2364 1659 2407 rex
1699 2349 1792 2406 ille
1838 2352 2026 2407 senior
2056 2359 2111 2407 et
2206 2352 2346 2425 juris
2374 2351 2700 2423 vcljustitiae
2729 2351 2982 2426 suilragia
3014 2352 3218 2409 forent.
3276 2352 3428 2422 Quid
3480 2354 3664 2422 plura?
3693 2354 3779 2409 Cum

508 2435 731 2504 stultus,
755 2434 785 2475 ι)
823 2438 1026 2493 nullam
1062 2440 1256 2497 habeat
1307 2450 1626 2513 potestatem
1658 2446 1820 2515 supra
1861 2460 1979 2501 nos.
2006 2445 2111 2516 Qui

508 2528 637 2583 dum
690 2532 806 2585 vult
854 2546 1083 2603 regnare
1130 2536 1283 2607 quasi
1335 2536 1632 2594 voluntatis
1660 2552 1774 2594 sua:
1820 2539 2108 2615 dominus,

510 2636 608 2675 nec
637 2621 737 2677 sub
783 2623 1013 2680 vinculis
1052 2641 1174 2682 esse
1212 2626 1427 2684 Domini
1474 2628 1601 2686 lesu
1628 2672 1643 2695 ,
1677 2630 2013 2688 inveteratus
2056 2632 2111 2688 in

510 2714 746 2785 peccatis
769 2756 786 2784 ,
816 2716 1059 2774 stultitia;
1106 2718 1295 2775 incidit
1340 2720 1761 2779 deformitatem.
1797 2722 1934 2795 Quid
1964 2725 2109 2780 enim

508 2806 729 2862 stultius
777 2822 973 2880 quam,
1007 2810 1217 2867 relictis
1254 2810 1606 2883 cmlestibus,
1656 2813 1722 2870 ad
1770 2823 1984 2872 terrena
2025 2817 2110 2873 in-

513 2900 757 2957 tendisse
778 2943 793 2968 ,
827 2913 878 2957 ct
927 2903 1252 2973 posthabitis
1283 2909 1595 2981 perpetuis,
1629 2909 1860 2982 elegisse
1891 2900 1951 2967 eti
1990 2926 2114 2989 qua:

511 2994 713 3049 caduca
745 3003 873 3050 sunt
900 3004 954 3051 et
983 2994 1239 3068 fragilia?

586 3089 674 3146 1⁸5.
716 3088 887 3146 Nemo
916 3105 1046 3162 ergo
1089 3091 1235 3147 dicat
1264 3110 1278 3147 :
1311 3090 1428 3148 Non
1459 3103 1544 3150 est
1590 3094 1747 3151 nobis
1777 3105 1799 3133 ε
1846 3096 2028 3168 portio
2058 3095 2111 3153 in

2208 2453 2318 2524 jam
2349 2452 2594 2508 conclusi
2626 2461 2813 2508 essent
2839 2452 2989 2517 dies,
3019 2460 3074 2506 et
3110 2467 3420 2521 paucarum
3457 2450 3700 2508 horarum
3724 2468 3780 2505 su-

2212 2552 2460 2620 peresset
2508 2547 2775 2615 spatium,
2807 2544 3004 2614 quibus
3056 2553 3243 2599 tamen
3276 2544 3387 2599 alia
3441 2545 3654 2601 audiret
3690 2560 3781 2613 [era-

2212 2634 2387 2695 fectus
2434 2641 2679 2711 negotia;
2728 2639 3003 2709 petierunt
3050 2653 3235 2693 causa:
3287 2639 3511 2709 patroni
3561 2652 3780 2707 prorngr.

2214 2747 2512 2805 paucorum
2544 2730 2756 2787 dierum
2790 2739 3062 2803 tempora,
3096 2740 3152 2786 ut
3184 2745 3293 2801 ego
3319 2727 3628 2786 residet-em
3655 2728 3782 2797 agri

2216 2834 2322 2883 tor.
2356 2825 2563 2882 Tantus
2586 2824 2749 2881 ardor
2769 2836 2888 2881 erat
2910 2823 3229 2880 christiauis
3260 2823 3424 2889 viris,
3461 2839 3529 2878 ne
3553 2824 3782 2895 prefer-tus

2214 2920 2283 2977 de
2314 2919 2555 2991 episcopi
2582 2916 2852 2990 judicarct
2884 2916 3130 2988 negotio.
3164 2914 3412 2972 Aiebam
3450 2924 3702 2987 prmteres
3726 2928 3782 2967 se

2215 3012 2332 3068 scio
2364 3028 2482 3082 qua:
2511 3014 2658 3085 gesta
2709 3010 2996 3077 indecore,
3030 3016 3085 3069 et
3115 3024 3216 3081 pro
3248 3024 3355 3065 suo
3386 3009 3629 3080 quisque
3655 3007 3783 3064 studia

2211 3106 2473 3179 iactabat,
2504 3121 2625 3179 quae
2649 3106 2907 3178 episcopo
2935 3106 3113 3177 potius
3138 3103 3356 3175 judice,
3387 3119 3561 3176 quam
3585 3101 3784 3175 praises

509 3179 702 3251 Jacob,
737 3198 913 3253 neque
943 3181 1235 3239 lucreditus
1284 3187 1337 3241 in
1367 3184 1530 3242 lsrael
1561 3185 1669 3260 (Ill
1699 3186 1827 3260 Reg.
1861 3200 1966 3256 xu,
1998 3186 2105 3261 16)
2143 3194 2190 3259 C
2222 3200 2526 3256 examinari
2556 3206 2855 3271 oporteret.

512 3272 683 3331 Nemo
713 3274 858 3332 dicat
884 3294 898 3332 :
927 3275 1043 3333 Non
1083 3293 1200 3333 sum
1233 3277 1288 3334 in
1319 3279 1502 3348 clero;
1532 3280 1656 3351 quia
1688 3283 1949 3354 scriptum
1979 3293 2061 3340 est
2096 3301 2111 3340 :

516 3365 649 3421 Date
700 3366 823 3423 Levi
849 3369 1012 3424 cleros
1056 3371 1168 3441 ejus
1208 3368 1390 3444 (Deut.
1438 3372 1747 3449 xxxttt,8).
1801 3374 1865 3431 Et
1913 3374 2112 3433 iterum

517 3456 689 3515 David
722 3464 795 3517 ait
830 3480 843 3516 :
876 3463 1015 3531 Quia
1046 3463 1090 3519 is
1116 3465 1203 3536 qui
1235 3465 1379 3521 inter
1404 3466 1582 3523 cteros
1610 3467 1749 3524 duos
1775 3467 1985 3525 medius
2025 3484 2113 3527 re-

514 3552 786 3625 quiescit,
845 3555 962 3627 ipse
1002 3556 1067 3613 ad
1116 3572 1354 3630 superna
1404 3558 1507 3616 aiis
1572 3562 1754 3617 evolat
1781 3560 2117 3634 spiritalibus

514 3646 689 3720 (Psal.
740 3665 919 3721 mn,
956 3652 1064 3724 11).
1099 3651 1213 3709 Non
1264 3653 1414 3711 dicas
1461 3654 1529 3711 de
1577 3655 1692 3712 Deo
1743 3662 1886 3713 tuo:
1933 3650 2117 3712 Gravis

514 3740 643 3794 mihi
671 3750 745 3796 est
775 3741 931 3816 (Sap.
965 3759 1036 3811 ιι,
1070 3742 1200 3817 12);
1236 3761 1335 3803 nec
1379 3746 1449 3803 de
1479 3749 1601 3803 loco
1629 3758 1723 3804 tuo
1754 3765 1769 3800 :
1803 3746 2017 3805 Inutilis
2043 3756 2118 3805 est

514 3834 679 3903 mihi;
710 3836 831 3908 quia
865 3840 1123 3911 scriptum
1146 3851 1231 3897 est
1263 3859 1276 3897 :
1303 3841 1499 3898 Locum
1521 3854 1665 3899 tuum
1692 3844 1802 3900 noli
1830 3845 2119 3918 relinquere

516 3927 740 4001 (Eccles.
772 3949 827 4000 ι,
854 3932 932 4005 4).
970 3934 1095 3991 Vult
1120 3936 1264 3992 enim
1310 3937 1527 3996 auferre
1556 3950 1679 3994 cum
1726 3939 2076 3997 adversarius
2101 3983 2117 4009 ,

514 4023 633 4079 vult
666 4035 717 4081 te
765 4026 1077 4097 abducere;
1131 4031 1257 4103 quia
1314 4032 1520 4091 invidet
1572 4035 1687 4107 spei
1742 4044 1876 4102 tum,
1912 4035 2122 4093 invidet

517 4119 756 4176 muneri.

591 4210 680 4269 14.
722 4212 829 4271 Sed
859 4222 913 4271 tu
944 4216 1270 4290 quicumque
1299 4220 1351 4275 in
1380 4219 1609 4278 cleroes
1631 4219 1881 4290 Domini,
1910 4220 2125 4297 ιιοο

520 4308 698 4376 portio
739 4311 860 4380 ejus
897 4323 951 4367 et
995 4314 1295 4384 possessio,
1326 4314 1435 4370 noli
1488 4316 1750 4373 recedere
1792 4315 1861 4373 de
1904 4317 2119 4374 Domini

521 4403 890 4474 possessione,
918 4416 977 4461 ut
997 4406 1149 4463 dicas
1168 4408 1402 4466 Domino
1427 4428 1440 4466 :
1473 4409 1755 4468 Possedisti
1778 4422 1923 4468 renes
1944 4426 2124 4469 meos:

520 4497 791 4565 suscepisti
822 4512 903 4552 me
947 4515 1011 4555 ea:
1054 4510 1198 4556 utero
1245 4502 1428 4556 matris
1473 4519 1600 4559 mete
1628 4498 1815 4576 (Psal.
1846 4518 2120 4569 cum",

2288 3292 2343 3349 5.
2387 3292 2480 3348 llis
2504 3291 2786 3359 confusus,
2813 3288 2973 3347 simul
3002 3284 3319 3346 admonitus
3344 3289 3677 3362 Apostolica‘
3696 3302 3785 3359 pe

2216 3388 2501 3460 ceptionis,
2533 3402 2654 3459 qua:
2682 3386 2882 3458 arguit,
2914 3384 3136 3441 dicens:
3165 3384 3369 3441 Nonne
3396 3388 3468 3441 de
3496 3387 3563 3439 iis
3580 3386 3670 3459 qui
3692 3385 3785 3435 ista

2216 3490 2373 3548 sunt,
2408 3498 2496 3536 tros
2514 3479 2773 3555 judicatis
2806 3480 2847 3551 (Ι
2877 3477 3000 3534 Cor.
3031 3496 3083 3546 ι’,
3119 3476 3251 3552 12)τ
3280 3477 3351 3534 Et
3386 3479 3589 3535 iterum
3616 3497 3629 3533 :
3659 3478 3788 3533 Sea-

2219 3574 2352 3630 laria
2376 3575 2537 3647 igitur
2544 3572 2748 3648 judicia
2769 3574 2815 3627 si
2836 3572 3139 3641 habueritis,
3167 3572 3599 3643 contemptibiles
3617 3572 3696 3654 qui
3709 3584 3784 3625 seu

2219 3668 2273 3721 in
2303 3665 2559 3732 Ecclesia,
2592 3666 2711 3722 illos
2735 3666 3033 3721 constituite
3061 3664 3132 3719 ad
3152 3665 3547 3737 judicandum.
3580 3664 3659 3719 Ad
3694 3678 3785 3717 sar-

2219 3761 2463 3816 cundiam
2510 3769 2730 3816 vestram
2756 3758 2893 3814 dico.
2925 3758 3016 3816 Sic
3058 3775 3162 3813 non
3202 3768 3279 3812 est
3320 3758 3469 3813 inter
3498 3775 3590 3813 cos
3632 3756 3786 3826 “sim

2220 3855 2510 3927 quisquam,
2542 3853 2628 3917 qui
2656 3852 2818 3922 possit
2837 3852 3082 3924 judicare
3109 3851 3247 3906 inter
3268 3854 3499 3925 fratrem
3532 3867 3674 3905 suum
3697 3844 3787 3901 :sd

2222 3953 2388 4021 frater
2418 3963 2533 4003 euut
2565 3952 2727 4018 fratre
2759 3946 2966 4022 judicio
2991 3947 3292 4013 contendit,
3322 3957 3372 4001 et
3406 3945 3508 4001 hoc
3547 3942 3687 4015 apud
3706 3939 3788 4009 ιερο

2223 4038 2361 4098 deles
2389 4034 2431 4116 (l
2463 4042 2583 4098 Cor.
2610 4058 2685 4109 vr,
2717 4039 2812 4114 4);
2846 4042 3030 4113 recepi
3076 4041 3462 4115 cognitionem
3488 4085 3503 4106 ,
3558 4043 3631 4096 ita
3661 4048 3789 4094 tamn

2224 4140 2282 4190 ut
2309 4135 2722 4206 compositionis
2751 4150 2930 4192 essem
2964 4136 3191 4191 arbiter.
3223 4130 3502 4191 Videbam
3531 4135 3672 4192 enim
3693 4124 3789 4203 qaut

2225 4228 2269 4282 si
2301 4242 2399 4297 pro
2430 4227 2537 4283 tuis
2575 4226 2876 4299 judicarem
2910 4226 3191 4299 partibus,
3241 4236 3435 4297 posset
3470 4225 3565 4282 ille
3595 4236 3691 4277 non
3729 4233 3787 4274 sr-

2224 4321 2507 4392 quiesccre
2540 4338 2552 4373 :
2583 4320 2626 4375 si
2659 4335 2756 4391 pro
2789 4319 2882 4375 illo
2928 4319 3167 4376 ferretur
3209 4321 3496 4375 sententia
3523 4362 3540 4385 ,
3596 4312 3789 4372 obedire

2228 4418 2317 4467 tua
2344 4420 2398 4468 et
2424 4419 2628 4468 sancta:
2658 4412 2867 4468 sororis
2892 4411 3160 4467 defensio.
3198 4410 3336 4466 Erat
3364 4425 3506 4483 ergo
3534 4409 3708 4480 iniqua
3730 4403 3789 4458 de

2225 4504 2482 4561 cernendi
2511 4505 2771 4562 conditio.
2814 4505 3004 4561 Posset
3028 4505 3192 4561 etiam
3227 4503 3342 4559 illis
3370 4502 3558 4559 videri
3591 4506 3789 4570 suspecta

522 4584 616 4656 23)
641 4603 656 4652 ;
687 4596 741 4643 et
771 4588 860 4644 ille
889 4589 983 4645 tibi
1012 4594 1167 4664 quasi
1207 4593 1350 4649 bono
1381 4608 1546 4651 servo
1573 4594 1715 4653 dicat
1745 4615 1759 4652 :
1794 4597 2011 4667 Transi,
2042 4612 2125 4653 re—
2150 4593 2205 4654 D
2231 4597 2647 4655 necessitudinis
2674 4596 3030 4654 sacerdotalis
3058 4596 3255 4668 gratia.
3287 4593 3537 4664 Quando
3575 4594 3707 4649 enim
3741 4586 3790 4637 ιὶι

522 4683 700 4738 cumbe
727 4681 877 4756 (Luc.
909 4702 1039 4754 xvu,
1068 4688 1147 4759 7).
1174 4687 1384 4759 Valete,
1415 4691 1533 4761 lilii,
1557 4701 1609 4750 et
1630 4694 1839 4751 servite
1868 4694 2119 4763 Domino;

523 4772 647 4846 quia
676 4775 852 4833 bonus
878 4777 1157 4837 Dominus.

1009 4873 1346 4933 EPISTOLA
1389 4876 1652 4935 LXXXII.

528 4963 800 5031 Quomodo
823 4967 877 5023 in
904 4967 1207 5039 MARCELLI,
1228 4970 1360 5029 Laeti
1380 4985 1431 5029 et
1448 4974 1717 5031 amborum
1748 4977 1939 5033 sororis
1968 4994 2122 5033 causa

595 5113 620 5144 ³
647 5106 853 5164 Omnes
896 5108 1026 5166 edit.
1076 5125 1141 5168 ne
1182 5118 1315 5168 mss.
1350 5112 1635 5179 nonnulli,
1685 5114 1872 5170 liberos
1932 5130 2123 5173 vacan-

522 5187 730 5247 tesque;
761 5180 853 5257 alii
883 5181 1087 5257 plures,
1118 5193 1174 5240 et
1201 5197 1344 5239 noue
1372 5184 1645 5251 melioris,
1679 5182 1899 5250 liberos,
1932 5202 2127 5257 vagan-

522 5198 730 5247 lesque;
761 5198 853 5235 nm
920 5198 1087 5247 luces,
1118 5198 1174 5240 et
1201 5198 1344 5239 notae
1372 5198 1645 5251 meuorts,
1679 5198 1899 5250 uberes,
1932 5202 2123 5253 raqu-

522 5259 714 5330 tesque.
763 5252 856 5330 Et_
883 5198 987 5330 ilic
1037 5257 1231 5330 aptius
1265 5258 1559 5330 opponitur
1603 5259 1960 5330 sequentibus
1999 5245 2123 5326 itis,

518 5321 734 5397 injicere
757 5325 911 5397 pedes
940 5327 993 5380 in
1019 5321 1288 5397 coinpedes
1306 5321 1599 5392 sapientior.

522 5393 618 5520 ’,δ’
653 5395 794 5451 Edit.
832 5395 988 5451 Rom.
1026 5399 1114 5455 hic
1134 5393 1403 5468 inseruit,
1431 5401 1522 5470 qui
1549 5415 1651 5455 non
1679 5403 1817 5457 norit
1840 5416 2128 5472 praecavere

603 5483 684 5520 ra.
1396 5486 1399 5489 λ

603 5483 684 5522 ra.
1396 5486 1399 5489 λ

592 5551 615 5579 ο
650 5538 849 5616 Eadem
877 5539 1009 5616 edit.
1057 5542 1202 5610 sola,
1235 5544 1406 5616 portio
1440 5544 1493 5598 in
1528 5541 1728 5611 David,
1753 5559 1914 5615 neque
1958 5545 2117 5601 lucre-

521 5608 655 5681 ditas
681 5614 733 5663 in
756 5611 867 5681 ﬁlio
891 5612 1062 5669 .li'sse.

595 5676 625 5718 ἀ
658 5676 913 5759 Formam
944 5698 1135 5759 sacra:
1178 5688 1565 5759 praeceptionis
1604 5697 1762 5743 vocat
1801 5688 2124 5744 Ambrosinus

532 5749 682 5831 leges
711 5754 1053 5831 imperiales,
1091 5749 1519 5831 tit'Tltaui'nass.
1546 5759 1770 5831 Discipl.
1803 5759 1949 5816 Eccl.
1981 5775 2034 5831 p.
2066 5776 2120 5824 I.

535 5820 573 5874 Ι.
608 5836 668 5886 ιι,
700 5836 749 5874 c.
782 5820 873 5888 42,
903 5820 1088 5883 tradit.
1123 5827 1233 5885 Nec
1260 5831 1399 5896 forte
1429 5832 1535 5893 slis
1566 5820 1889 5892 constitutio
1927 5820 2011 5889 hic
2044 5820 2127 5888 in;

2228 4700 2348 4755 ctus
2392 4691 2642 4763 quemvis
2691 4691 2855 4746 alium
2903 4698 3065 4760 quam
3095 4702 3153 4745 se
3199 4688 3513 4758 aequiorem
3555 4676 3790 4758 putauit

2229 4784 2372 4858 quod
2427 4800 2613 4841 verum
2667 4794 2784 4848 est,
2834 4792 2990 4839 erant
3036 4780 3231 4836 vetusti
3266 4780 3443 4851 jurgii
3477 4773 3787 4835 intoleralﬂi:

2229 4880 2443 4950 utrique
2492 4878 2631 4950 parti
2677 4875 2999 4948 dispendia;
3053 4874 3101 4931 si
3151 4874 3277 4929 linis
3330 4872 3458 4944 ejus
3503 4882 3595 4928 aut
3636 4864 3789 4942 ιιοι

2237 4973 2254 5011 τ
2289 4971 2462 5029 fructu
2489 4978 2724 5038 careret,
2753 4977 2845 5025 aut
2877 4967 3223 5025 liberalitatis
3251 4964 3480 5021 solatio.

2227 5114 2461 5177 dicatur.
2489 5110 2595 5167 nisi
2626 5108 2862 5166 celebris
2885 5105 2976 5162 illa
3003 5105 3161 5174 cujus
3191 5102 3623 5177 silenstsntino
3646 5104 3788 5177 mnf

2229 5165 2583 5258 induamini:
2608 5165 2855 5258 meminit
2869 5165 3211 5258 Sozomeuus
3359 5190 3375 5228 ι
3399 5173 3609 5258 Hister.
3633 5165 3789 5258 capi

2305 5266 2328 5295 e
2356 5246 2580 5326 rogati,
2616 5253 2689 5308 ait
2741 5251 3022 5326 Nannius,
3049 5264 3113 5326 es
3165 5247 3358 5303 habitu
3405 5246 3790 5326 Qitltthuc,‘ﬁ

2229 5342 2423 5383 causas
2439 5311 2682 5396 “agebant
2701 5366 2716 5392 ,
2745 5323 2957 5394 patroni
2990 5311 3164 5379 litium
3189 5328 3246 5374 et
3275 5318 3545 5373 causidici
3576 5311 3787 5384 appellat

2230 5406 2671 5527 “adagium
2694 5466 2826 5545 edit.
2851 5482 2916 5523 ac
2937 5480 3071 5521 mss.
3098 5464 3312 5545 aliquot
3341 5479 3356 5517 :
3384 5462 3481 5545 alii
3504 5448 3781 5545 autem,

2232 5558 2353 5609 res,
2387 5544 2672 5617 {urticam
2694 5581 2709 5603 ,
2742 5540 2825 5617 vel
2856 5546 3093 5617 careret;
3116 5530 3349 5617 quidam
3377 5530 3783 5617 etin

2230 5601 2400 5689 caret}
2432 5601 2723 5689 undenon
2759 5611 2997 5667 absurde
3038 5601 3161 5677 quis
3187 5607 3453 5689 conjiciat
3487 5601 3777 5689 ambigat:

2231 5676 2520 5754 scripsisse
2567 5684 2723 5755 fructi
2761 5692 2955 5737 careret
2990 5696 3162 5755 {nam
3195 5677 3358 5755 fructi
3403 5678 3454 5730 in
3483 5676 3773 5755 εειιιινςυξ*

2233 5744 2363 5815 soni
2404 5744 2693 5814 Terentius
2739 5764 2904 5825 atque
2952 5751 3066 5825 alii.
3099 5744 3255 5825 Quod
3310 5758 3490 5825 autem
3528 5744 3771 5825 syﬁfj

2231 5806 2434 5897 Ξὲἑίιόιζ
2453 5806 2689 5884 aiio?
2704 5806 2920 5900 quoque
2950 5806 3201 5882 incolitis
3226 5834 3415 5876 vocem
3434 5806 3769 5891 jur’ii'sdhihf‘
