3932 6296
168 249 283 311 i277

1310 248 1805 315 κριετοιριιιωι
1842 246 2128 315 αωιεειει
2166 250 2233 311 il.

3293 248 3436 315 ωτι

223 365 269 420 4.
301 364 432 423 Cum
458 364 619 443 igitur
639 365 1141 439 ancepsjudicium,
1164 367 1253 439 jus
1285 377 1719 435 controversum,
1747 367 1801 433 Α
1828 367 2002 429 s‘onis
2051 366 2361 425 decederet.
2392 366 2860 435 Quemadniodimi
2902 368 3050 425 enini
3100 368 3301 429 feniina
3324 411 3341 437 ,
3384 377 3443 433 et

163 459 464 530 multiplices
492 456 559 518 ab
591 472 819 534 utraque
848 473 1000 533 parte
1031 463 1271 518 actiones
1300 476 1583 521 cernerem
1607 504 1621 529 ,
1652 462 1732 527 in-

162 550 294 606 vidiae
319 560 343 589 κ
368 552 555 621 plenas
597 555 1058 626 supplicationes,
1102 558 1488 628 rescriptorum
1514 571 1732 629 quoque

161 645 482 715 obreptiones
524 644 850 705 obtexerent
900 666 914 703 :
956 651 1303 705 adverterem
1357 649 1520 715 etiam
1577 648 1729 721 gravi

158 737 446 795 conditione
488 738 642 795 illum
664 783 679 808 ,
730 741 778 797 si
824 740 1081 811 vicisset,
1111 752 1357 799 acturum
1380 741 1411 781 δ
1438 741 1509 799 de
1553 741 1732 814 duplis

157 828 398 887 fructibus
417 874 433 900 ,
463 840 521 888 et
547 831 615 889 de
646 835 952 907 sumptibus
979 851 1204 891 annosae
1231 830 1343 892 litis
1375 855 1389 892 :
1425 846 1518 895 tuo
1547 847 1730 894 autem

153 924 314 982 officio
357 944 461 984 non
494 929 824 997 convenire,
850 940 911 985 ιιι
938 946 1205 1004 expensas
1231 931 1393 1002 jiirgii
1427 947 1679 1004 posceres
1713 951 1727 989 :

154 1035 243 1076 uec
266 1031 589 1093 competere‘,
623 1032 680 1078 iit
706 1022 1003 1095 quidquam
1049 1025 1118 1081 de
1148 1022 1415 1081 fructibus
1443 1039 1732 1097 possessor

151 1130 350 1187 ageres,
386 1131 523 1186 quos
568 1119 937 1189 percepisses;
969 1118 1132 1175 malui
1178 1119 1415 1190 iurgium
1442 1130 1464 1158 ο
1506 1133 1729 1191 compo-

148 1209 328 1263 sitione
353 1208 592 1276 caedere,
622 1224 782 1281 quam
815 1210 1259 1281 pronuntiatione
1288 1210 1569 1268 acerbare.
1611 1212 1729 1269 Alia

147 1296 280 1355 enim
305 1299 575 1359 habebant
622 1302 846 1359 excitari
872 1302 1047 1375 iurgia
1083 1323 1095 1357 :
1129 1314 1240 1359 ttiiii
1264 1346 1277 1370 ,
1306 1303 1451 1379 quod
1482 1314 1563 1361 est
1607 1319 1732 1376 gra-

146 1396 447 1465 vissimum,
475 1397 575 1453 etsi
604 1396 781 1473 jurgia
829 1397 1043 1456 sublata
1092 1399 1306 1465 forent,
1350 1408 1508 1457 erant
1550 1408 1729 1456 tamen

145 1487 258 1545 odia
308 1502 602 1557 mansura,
650 1507 770 1569 qum
818 1493 957 1564 apud
1012 1492 1185 1550 bonos
1233 1507 1414 1549 mores
1461 1492 1729 1565 dispendii

144 1590 282 1641 sunt.

212 1676 262 1731 5.
299 1677 443 1733 Inter
469 1678 569 1734 hos
618 1688 784 1735 aestus
815 1679 1055 1753 positus,
1083 1696 1204 1739 cum
1250 1697 1337 1743 me
1378 1696 1612 1754 persons
1643 1696 1732 1747 sa-

1834 450 1979 534 qiiod
2008 469 2092 521 est
2119 458 2371 530 amplius,
2399 460 2557 521 vidua
2591 470 2613 497 ε
2644 461 3049 534 possessionem
3094 471 3311 532 regeret
3343 462 3440 519 tri—

1834 552 2140 615 butariam?
2184 552 2325 624 Quid
2371 552 2475 610 sibi
2532 553 2876 625 profuturum
2903 596 2917 621 ,
2946 553 3090 626 quod
3138 554 3239 610 sibi
3270 554 3288 592 ί
3314 555 3438 626 jura

1833 647 2201 721 possessionis
2221 646 2484 713 cederes;
2516 647 2561 702 si
2586 645 2790 717 majora
2823 662 2891 703 ex
2925 646 3128 703 incultu
3162 647 3278 719 agri
3307 648 3437 703 sub-

1832 734 2006 795 eunda
2036 737 2136 793 sibi
2170 737 2368 793 damna
2398 736 2806 794 arbitraretur?

1903 833 1954 887 8.
2002 831 2254 888 Movebat
2298 831 2404 887 hoc
2437 834 2718 904 utriusque
2748 833 2914 904 partis
2960 843 3189 905 togatos.
3228 835 3436 915 1102

1832 923 2016 996 Itaque
2035 926 2275 981 omnium
2304 925 2653 991 coiispiraute
2676 942 2925 994 assensu,
2952 927 3149 997 placuit
3175 938 3231 982 ιιι
3261 929 3439 985 Laztus

1832 1034 1884 1073 v.
1917 1032 1970 1073 c.
2020 1033 2209 1090 agrum
2260 1020 2594 1089 susciperet,
2627 1025 2682 1073 et
2722 1028 2933 1081 certum
2988 1034 3271 1075 numerum
3324 1018 3437 1074 fru-

1833 1108 2020 1178 menti,
2054 1107 2163 1165 vini
2184 1152 2200 1177 ,
2232 1108 2360 1175 olei,
2391 1106 2570 1165 sorori
2617 1109 2912 1181 quotannis
2942 1111 3264 1183 pensitaret.
3294 1110 3438 1182 Ergo

1832 1214 2034 1280 sanctae
2063 1219 2340 1277 germanis
2370 1212 2477 1261 tute
2504 1219 2611 1259 non
2636 1203 2755 1275 jus,
2786 1203 2881 1259 sed
2911 1204 3222 1259 sollicitudo
3247 1204 3438 1261 deces-

1831 1299 1904 1354 sit
1934 1317 1947 1352 :
1982 1313 2089 1355 nou
2141 1298 2384 1367 fruetus,
2413 1299 2509 1355 sed
2537 1300 2765 1355 cultura:
2817 1299 2971 1354 labor
3000 1317 3012 1353 :
3046 1315 3154 1354 non
3189 1300 3396 1355 reditus
3420 1340 3435 1367 ,

1832 1394 1927 1451 sed
1961 1395 2151 1451 incerti
2182 1403 2408 1451 eventus
2438 1395 2684 1465 quaedam
2715 1440 2726 1460 ,
2759 1403 2818 1449 ut
2843 1394 3040 1449 dicitur
3069 1394 3227 1466 vulgo
3250 1435 3265 1461 ,
3290 1395 3431 1467 alea.

1833 1487 1889 1544 Si
1942 1496 2290 1558 tempestates
2321 1496 2607 1543 ventorum
2637 1501 2834 1559 graves
2883 1496 3205 1558 proventum
3256 1486 3433 1558 impe-

1832 1582 2030 1643 dierint
2052 1625 2068 1649 ,
2096 1582 2274 1639 sorori
2330 1591 2509 1637 tamen
2543 1591 2646 1637 tuae
2687 1596 2788 1637 sua
2821 1581 3042 1637 ubertas
3085 1580 3344 1637 manebit.
3378 1579 3433 1635 Si

1831 1676 1999 1732 nimia
2031 1673 2277 1730 siccitate
2304 1675 2543 1730 aruerint
2570 1673 2815 1730 locorum
2861 1674 3135 1745 gignentia
3160 1716 3172 1733 ,
3195 1683 3227 1741 ,Β
3259 1671 3433 1727 sorori

143 1766 390 1837 cerdotis,
421 1768 636 1827 femina:
661 1786 849 1840 sexus,
886 1771 1068 1828 viduae
1093 1775 1330 1845 gravitas
1351 1815 1367 1841 ,
1398 1774 1558 1831 amici
1588 1790 1725 1846 quo-
1757 1769 1802 1835 Β
1832 1777 2012 1826 tamen
2047 1781 2150 1823 tua:
2182 1777 2297 1825 sata
2346 1784 2455 1823 non
2502 1768 2775 1824 minuetur
2818 1765 3143 1823 fecunditas.
3188 1763 3303 1822 Sibi
3348 1779 3436 1820 as-

142 1878 242 1937 que
276 1863 692 1935 contemplatio,
722 1865 866 1920 trinu
912 1864 1145 1938 quodam
1198 1881 1304 1927 non
1354 1866 1729 1939 perfunctorie

143 1956 451 2013 conveniret
477 1959 724 2026 nomine,
764 1956 899 2015 illtid
930 1959 1264 2032 sequendum
1294 1960 1510 2028 putavi;
1546 1969 1605 2018 ιιι
1633 1976 1729 2017 tie-

145 2051 339 2107 uiiuein
372 2053 509 2113 vinci
543 2052 770 2123 vellem,
803 2065 856 2109 et
885 2069 1075 2112 omnes
1127 2055 1366 2113 vincere.
1395 2054 1507 2112 Nec
1537 2052 1733 2112 fefellit

142 2143 441 2210 sententia;
474 2143 686 2200 vicistis
715 2144 861 2200 enim
891 2160 1080 2201 omnes
1117 2147 1493 2214 germanitati,
1524 2147 1731 2203 vicistis

140 2243 365 2301 natura‘,
397 2235 928 2308 vicistis_Scripturie
957 2235 1154 2293 dicenti
1185 2256 1198 2292 :
1229 2237 1402 2308 Quare
1430 2256 1532 2295 non
1566 2241 1731 2312 magis

137 2327 382 2401 injuriam
411 2328 687 2399 accipitis?
714 2344 873 2401 quare
898 2346 1003 2383 non
1033 2331 1193 2403 magis
1217 2333 1457 2404 fraudem
1495 2332 1731 2403 patimini

142 2420 184 2497 (1
216 2418 332 2477 Cor.
375 2439 450 2491 vi.
487 2422 588 2497 7)?

104 2534 107 2537 ·
211 2512 265 2570 6.
302 2510 409 2572 Sed
460 2525 617 2585 putas
662 2525 715 2572 te
754 2526 1039 2588 gravatum
1066 2517 1272 2587 jactura
1315 2518 1485 2589 juris,
1532 2520 1731 2583 damno

142 2609 398 2681 pecuniae.
443 2608 664 2665 Meliora
687 2610 872 2682 utique
901 2611 1276 2668 sacerdotibus
1315 2613 1542 2681 damna,
1569 2629 1728 2685 quam

141 2705 286 2760 lucra
316 2704 501 2760 stt-culi
531 2714 657 2761 sunt
689 2724 701 2760 :
730 2700 943 2761 Bestius
965 2716 1040 2761 est
1070 2707 1205 2773 enim
1231 2705 1379 2773 dare,
1411 2723 1567 2778 quam
1591 2688 1733 2762 occi-

140 2811 259 2867 pere
283 2796 417 2869 (Act.
461 2811 553 2863 xx,
584 2792 698 2869 55).
743 2794 849 2853 Sed
881 2795 1019 2854 forte
1065 2798 1214 2854 dicas
1261 2798 1571 2856 :Fritudem
1622 2815 1730 2857 non

140 2886 300 2944 debui
360 2891 501 2959 pati,
542 2889 795 2961 injuriam
852 2902 959 2945 non
1000 2889 1157 2946 debui
1188 2892 1433 2964 perpeti,
1475 2891 1731 2959 damnum

139 2978 340 3037 subire.
372 2976 508 3049 Quid
557 2982 725 3055 ergo?
751 2981 957 3039 lnferre
1005 2983 1209 3040 velles?
1238 2983 1347 3043 Sed
1378 2986 1479 3041 etsi
1530 2997 1583 3041 tu
1626 3001 1731 3043 non

142 3073 410 3140 inferres,
441 3072 532 3130 ille
575 3087 635 3129 se
685 3090 903 3144 passum
948 3073 1179 3133 diceret.
1209 3074 1397 3151 Itaque
1430 3074 1551 3133 vide
1604 3078 1734 3150 quid

1833 1860 2008 1917 criliet
2035 1861 2213 1917 Laetus
2244 1860 2615 1917 conditionem
2658 1860 2948 1915 oblationis
2986 1874 3098 1914 suae
3128 1876 3140 1911 :
3171 1857 3219 1912 si
3247 1871 3435 1913 neces-

1832 1954 2023 2011 sitates
2051 1963 2358 2028 temporum
2382 1964 2437 2012 et
2465 1952 2910 2010 extraordinariae
2935 1951 3282 2009 incubuerint
3303 1967 3434 2005 exa-

1832 2048 2079 2114 ctiones,
2112 2062 2389 2119 germana
2440 2058 2528 2102 tua
2578 2045 2844 2101 beneficio
2875 2054 3004 2111 tuo,
3049 2052 3109 2099 ut
3147 2042 3434 2113 dispendio

1834 2142 2007 2211 Lreti,
2054 2141 2308 2199 immunis
2352 2144 2497 2199 erit:
2533 2138 2715 2197 Ltetus
2769 2149 2947 2194 autem
2997 2153 3057 2193 se
3106 2136 3437 2208 proprietate

1835 2236 2079 2292 locorum
2111 2235 2391 2292 solabitur.

1907 2326 1963 2383 9.
2004 2325 2220 2383 Vicistis
2245 2342 2377 2399 ergo
2404 2340 2595 2382 omnes
2625 2341 2638 2380 :
2669 2324 2872 2391 Lietus,
2902 2325 3026 2394 quia
3048 2324 3135 2395 jus
3166 2321 3270 2379 loci
3302 2320 3433 2377 ade-

1834 2430 1956 2492 ptus
1999 2430 2123 2490 est,
2151 2419 2296 2494 quod
2347 2435 2454 2476 non
2507 2420 2725 2475 tenebat
2774 2437 2787 2473 :
2831 2436 3021 2487 soror,
3073 2419 3195 2489 quia
3236 2416 3433 2472 annuis

1835 2510 2075 2584 potietur
2125 2512 2385 2569 fruetibus
2422 2513 2536 2585 jam
2567 2513 2685 2568 sine
2714 2511 2831 2580 lite,
2865 2511 2984 2566 sine
3016 2511 3232 2583 jurgio;
3281 2524 3440 2575 uenio

1837 2615 2017 2662 tamen
2049 2606 2294 2677 plenius,
2329 2621 2491 2662 nemo
2515 2605 2811 2677 gloriosius
2838 2621 2998 2676 quam
3029 2614 3082 2660 tu
3110 2603 3322 2670 vicisti,
3346 2603 3442 2675 qui

1833 2698 1960 2754 dum
1989 2715 2115 2770 erga
2146 2715 2388 2757 sutorem
2411 2698 2721 2756 confirmari
2751 2701 2831 2757 vis
2857 2697 3235 2756 liberalitatem
3267 2706 3435 2765 tuam,

1834 2794 1890 2849 in
1923 2804 2210 2867 utrumque
2241 2810 2358 2849 eam
2390 2792 2649 2849 fraterna:
2675 2805 2988 2849 consortem
3024 2790 3442 2849 necessitudinis

1835 2886 2131 2943 contulisti.
2160 2887 2290 2942 Nam
2317 2898 2367 2941 et
2395 2885 2550 2942 fratri
2578 2886 2900 2942 concessisti
2926 2885 3317 2957 proprietatem
3343 2925 3355 2945 ,
3385 2891 3443 2937 et

1837 2982 2011 3041 sorori
2035 2979 2061 3019 δ
2102 2997 2232 3038 usus
2251 2982 2483 3038 fructum
2522 2999 2535 3036 :
2571 2982 2705 3037 nihil
2744 2990 2925 3037 autem
2959 2978 3219 3035 adimitur
3251 2977 3441 3033 ficale-

1838 3077 1969 3141 siai,
2016 3074 2158 3149 quod
2209 3075 2391 3145 pietati
2441 3074 2779 3146 acquiritur;
2826 3072 3067 3131 charitas
3117 3071 3266 3127 enim
3332 3084 3440 3124 non

140 3166 287 3222 dicat
316 3167 604 3236 Apostolus
634 3185 647 3224 :
684 3167 857 3237 Quare
879 3186 980 3224 non
1005 3168 1172 3244 magis
1195 3171 1431 3245 fraudem
1458 3173 1736 3243 patimini?
1763 3196 1809 3261 C
1840 3169 2132 3234 damnum,
2163 3168 2259 3223 sed
2307 3168 2518 3223 lucrum
2548 3167 2752 3224 Christi
2782 3176 2902 3233 est;
2933 3166 3170 3234 denique
3201 3163 3445 3218 cliaritas

139 3257 209 3316 Ut
249 3274 417 3331 prope
448 3260 712 3330 videatur,
740 3263 833 3336 qni
882 3280 987 3319 non
1022 3267 1243 3339 patitur,
1274 3263 1499 3335 fecisse;
1532 3262 1736 3322 tolera-

138 3368 199 3408 re
226 3353 372 3408 enim
404 3351 587 3421 debet,
619 3356 710 3425 qui
741 3354 933 3415 fortior
958 3366 1063 3412 est.

211 3442 265 3500 7.
311 3444 511 3501 Verum
557 3448 685 3519 quid
732 3464 833 3519 ego
893 3449 962 3503 ita
1017 3459 1197 3505 tecum
1243 3465 1384 3522 ago,
1438 3450 1590 3522 quasi
1632 3448 1736 3509 hoc

139 3555 324 3597 meum
346 3582 363 3611 ,
393 3550 448 3596 et
497 3554 604 3597 non
651 3546 800 3597 tuum
845 3542 960 3598 sit?
987 3542 1066 3599 Tu
1098 3544 1242 3600 enim
1288 3530 1554 3615 obtulisti,
1581 3548 1736 3619 quasi

135 3632 345 3689 arbiter
370 3633 503 3700 litis,
536 3642 593 3690 ut
634 3649 793 3693 soror
816 3633 844 3673 ἀ
877 3636 928 3705 in
959 3633 1104 3693 diem
1139 3636 1263 3694 vitae
1294 3652 1408 3694 sua:
1435 3638 1740 3711 possideret

136 3738 351 3798 partem
380 3729 589 3799 praedii,
620 3741 740 3800 post
768 3731 973 3786 obitum
995 3733 1115 3801 eius
1140 3731 1293 3790 fratri
1315 3733 1533 3789 cederet
1558 3735 1736 3792 omnis

131 3822 433 3891 possessio.
468 3820 652 3893 Neque
678 3825 965 3896 quisquam
995 3838 1119 3879 eum
1161 3824 1247 3883 vel
1281 3836 1394 3894 tuo,
1427 3827 1512 3883 vel
1545 3825 1737 3883 Eccle-

130 3916 231 3971 sia:
262 3919 583 3975 conveniret
611 3919 828 3976 nomine
855 3937 869 3974 :
902 3919 996 3979 sed
1024 3919 1125 3977 sibi
1157 3920 1403 3989 haberet,
1431 3922 1475 3978 si
1504 3923 1577 3979 ita
1606 3922 1740 3980 mal-

128 4007 230 4079 let,
268 4018 329 4064 nt
350 4009 485 4067 nihil
514 4011 854 4081 dispensaret
885 4012 1158 4069 Ecclesia.
1188 4013 1302 4071 Hoc
1321 4029 1445 4071 cum
1468 4030 1572 4086 ego
1602 4032 1740 4086 prai-

127 4102 381 4157 dieamm
403 4144 418 4169 ,
454 4112 512 4159 et
539 4103 856 4174 praeferrem
887 4113 1092 4161 tantam
1136 4107 1321 4162 animo
1371 4117 1464 4162 tuo
1504 4108 1737 4167 infusam

128 4193 489 4253 liberalitatis
534 4197 760 4269 gratiam
792 4240 807 4266 ,
834 4198 1121 4269 respondit
1146 4212 1440 4270 germanus
1470 4208 1596 4258 tuus
1625 4200 1740 4274 pla-

126 4304 266 4377 cere
296 4284 401 4347 sibi
430 4287 794 4359 oblationem,
820 4291 869 4350 si
896 4300 1073 4351 metus
1101 4290 1496 4352 deteriorsndai
1523 4309 1744 4366 posses-

1842 3263 2052 3318 fructus
2080 3261 2316 3332 Spiritus
2343 3261 2515 3316 sancti
2545 3272 2629 3318 est
2661 3259 2864 3333 (Galot.
2894 3276 2948 3324 γ,
2976 3257 3092 3329 22).
3125 3255 3444 3327 Apostolico

1842 3355 2006 3426 igitur
2032 3355 2347 3410 charactere
2394 3354 2635 3426 cognitio
2688 3352 2916 3409 decursa
2966 3363 3067 3408 est.
3119 3349 3443 3405 Dolebamus

1842 3458 1969 3505 ante
2017 3449 2157 3521 qtiod
2190 3448 2340 3504 litem
2390 3450 2622 3505 haberes
2654 3467 2667 3502 :
2704 3447 2903 3518 profuit
2928 3448 3197 3519 jurginm,
3231 3452 3292 3500 ut
3335 3444 3444 3498 for-

1844 3554 1984 3597 mam
2009 3538 2263 3598 indueres
2287 3542 2602 3613 aposuilicie
2632 3543 2756 3597 vitae
2787 3550 2838 3599 et
2871 3539 3272 3614 praeceptionis.
3302 3538 3439 3593 llliid

1842 3634 2151 3695 sacerdotio
2193 3650 2299 3695 non
2332 3634 2701 3706 congruebat,
2736 3630 2851 3691 hinc
2900 3634 3197 3692 transactio
3227 3643 3283 3689 et
3311 3648 3442 3703 apo-

1839 3732 2087 3787 stolicam
2113 3731 2272 3787 decet
2300 3745 2570 3787 normam.

1917 3820 2003 3880 i0.
2046 3823 2154 3880 Nec
2184 3836 2413 3881 vereare
2440 3840 2508 3879 ue
2537 3824 2795 3879 immunis
2826 3823 2888 3879 sit
2922 3834 3083 3895 atque
3109 3836 3304 3879 exsors
3338 3822 3440 3877 Fc-

1845 3916 2016 3974 clesia
2047 3914 2391 3981 liberalitatis
2420 3932 2548 3975 tum.
2578 3916 2754 3979 liabet
2781 3932 2835 3976 et
2871 3917 2956 3975 illa
3002 3918 3211 3974 fructus
3243 3927 3365 3972 tuos
3394 3925 3449 3972 et

1847 4010 2069 4081 quidem
2101 4011 2379 4068 uberiores
2403 4054 2418 4075 ,
2452 4012 2616 4070 habet
2645 4013 2856 4069 fructus
2886 4011 3149 4065 doctrina:
3178 4020 3282 4064 tua:
3303 4049 3317 4074 ,
3352 4008 3447 4061 lia-

1847 4104 1938 4162 bet
1964 4116 2069 4161 tuie
2098 4107 2224 4161 vitai
2252 4107 2610 4177 stipendium;
2643 4109 2809 4165 habet
2835 4105 3244 4169 fecunditatem,
3283 4119 3444 4176 quam

1848 4200 1957 4263 tuis
1985 4200 2247 4259 institutis
2276 4202 2486 4273 rigasti.
2521 4202 2613 4261 liis
2643 4204 2795 4259 dives
2822 4200 3113 4265 reditibus,
3143 4214 3250 4254 non
3300 4211 3450 4268 quie-

1849 4295 1919 4352 rit
1948 4294 2264 4367 temporalia
2290 4311 2306 4361 ;
2336 4295 2460 4367 quis
2507 4307 2708 4354 aeterna
2759 4294 3018 4368 possidet.
3050 4292 3323 4351 Addidisti
3354 4306 3453 4346 au-

128 4448 370 4524 sanetus
396 4440 634 4524 Briestd,
679 4443 934 4524 hocinde
958 4460 1082 4504 esse
1108 4445 1359 4505 Nannius
1383 4446 1576 4517 docet,
1616 4449 1741 4519 quia
1772 4458 1821 4519 ι)
1846 4451 1988 4522 quod
2036 4453 2240 4508 tributa
2272 4451 2580 4523 dependat,
2612 4468 2732 4524 qua:
2756 4453 2801 4508 sl
2833 4468 2933 4508 suo
2975 4452 3065 4509 die
3096 4466 3203 4509 non
3234 4466 3445 4524 reprae-

123 4512 385 4585 jurgium
412 4514 638 4598 dicitur,
667 4517 809 4599 quod
829 4518 1194 4602 .jureagatur.
1561 4512 1572 4517 ⁷
1634 4512 1648 4519 ’

122 4580 337 4713 (niani.
376 4594 496 4655 est,
545 4587 715 4644 libelli
752 4592 1096 4703 principibus
1143 4591 1215 4647 sb
1260 4606 1367 4648 uno
1413 4592 1741 4666 litigantium

206 4722 240 4769 δ
270 4728 423 4801 Lege
453 4729 478 4785 l
510 4728 580 4787 de
606 4730 793 4789 Fruct.
820 4740 874 4787 et
905 4732 988 4788 lit.
1016 4732 1149 4800 imp.
1182 4746 1212 4786 a
1240 4732 1620 4791 Valentiniano
1658 4751 1745 4791 se-

126 4800 425 4878 nio_re_an.
457 4801 582 4868 569,
612 4805 720 4878 lata
749 4803 1004 4878 edicitur,
1031 4804 1210 4878 utqui
1241 4819 1355 4860 rem
1389 4806 1588 4877 injuste
1617 4822 1746 4878 pos:-

124 4871 394 4945 seﬁrlerit,
424 4888 531 4931 non
580 4874 742 4945 modo
767 4875 1019 4943 ejiciatur
1044 4871 1188 4930 illius
1234 4871 1742 4945 possessione,'sed

124 4944 316 5028 etiam
364 4944 556 5028 diiplos
585 4944 799 5028 fructus
818 4947 969 5028 justo
1011 4944 1243 5028 domino
1289 4949 1564 5028 restituat,
1593 4949 1748 5004 addi-

125 5018 208 5088 tis
259 5015 484 5088 etrlitis
528 5015 857 5088 sumptibus.
890 5017 1000 5074 Hoc
1044 5026 1225 5074 tamen
1269 5018 1516 5074 ultimum
1557 5030 1746 5088 postea

124 5084 378 5160 Honorii
402 5091 545 5160 Alege
580 5084 938 5160 temperatum
967 5098 1053 5145 est
1094 5105 1186 5143 an.
1218 5090 1326 5145 425
1367 5084 1747 5160 promulgata,

122 5175 245 5242 qua
280 5157 510 5242 quidem
556 5175 626 5242 tie
678 5157 747 5219 de
798 5162 1056 5231 impensis
1102 5162 1212 5217 litis
1260 5157 1396 5217 nova
1436 5157 1751 5220 instituatur

122 5231 676 5301 actio,‘proliibetur.

212 5312 238 5387 ξ
278 5300 443 5387 Eros.
474 5312 530 5358 et
552 5318 667 5387 seq.
694 5303 977 5387 edit._eum
1007 5305 1193 5387 pitueis
1211 5306 1757 5387 mss.,compositione

124 5372 338 5448 sedare
368 5388 387 5427 :
411 5372 781 5448 Anierbfcum
803 5375 923 5448 aliis
943 5372 1117 5432 multo
1142 5377 1419 5446 pluribus,
1448 5391 1615 5448 comp.
1648 5392 1749 5432 eie-

124 5445 291 5518 dare.
320 5442 417 5518 Ita;
436 5459 599 5514 porro
638 5444 824 5502 dicere
856 5446 984 5501 licet
1017 5442 1165 5504 litem
1209 5447 1454 5513 caedere,
1483 5442 1751 5518 quemad-

125 5514 376 5569 modum
404 5516 554 5570 litem
584 5531 772 5573 secare
796 5524 960 5583 atque
983 5518 1243 5577 dirimire.

207 5585 239 5625 δ
271 5586 437 5643 Hune
465 5588 643 5660 locum
668 5583 1021 5660 Cssaﬁubontts
1038 5590 1091 5645 iit
1119 5589 1456 5660 Spartiatam
1484 5604 1627 5645 num.
1654 5590 1750 5657 26,

124 5657 388 5733 allegat,
422 5666 495 5733 ut;
521 5656 849 5733 eagforinula‘
881 5656 1220 5727 demonstret
1262 5661 1405 5733 apud
1438 5661 1660 5718 Latinos
1699 5656 1752 5721 in

124 5730 541 5805 dieanortls_
559 5730 873 5805 significari.

216 5801 244 5842 δ
283 5799 705 5871 Possessienem
752 5801 1093 5870 tributariam
1134 5802 1239 5861 diei
1284 5813 1435 5887 putat
1477 5804 1756 5881 Nannius,

1847 4532 2109 4596 sentetur,
2136 4539 2328 4596 magna
2358 4525 2526 4580 multa
2559 4526 2840 4580 involvunt
2871 4529 3311 4596 proprietai-ium.
3341 4524 3446 4596 Sed

1848 4594 1977 4651 hinc
2001 4597 2165 4652 etiam
2218 4594 2431 4652 videtur
2462 4596 2770 4666 hujusmodi
2806 4594 3165 4664 posseSsionis
3210 4594 3444 4650 adininio

1848 4670 2042 4724 stratio
2065 4669 2241 4723 viduae
2268 4668 2569 4732 difficilior,
2588 4668 2731 4739 quod
2765 4670 2871 4722 illic
2893 4667 3105 4722 soleant
3132 4670 3186 4724 in
3217 4667 3450 4722 tributo-

1850 4753 1968 4811 rum
2012 4740 2359 4811 aliorumque
2393 4755 2624 4811 onerum
2665 4739 3052 4794 distributione
3082 4750 3244 4811 atque
3287 4753 3440 4811 eiiac-

1849 4809 2181 4883 tionemagis~
2198 4808 2418 4883 vexari;
2436 4810 2769 4883 quippequie
2786 4811 2853 4865 ab
2878 4811 3132 4880 injustitia
3152 4808 3200 4863 di
3223 4808 3447 4861 fundere

1849 4894 1910 4936 se
1939 4882 2117 4936 minus
2148 4882 2385 4936 valeant.
2460 4882 2465 4883 “
3068 4916 3071 4919 -

1927 4951 1946 4990 ί
1979 4953 2105 5007 Mss.
2155 4951 2349 5022 Loug.,
2394 4954 2518 5022 jura
2567 4952 2907 5024 possessionis
2952 4951 3216 5017 crederes;
3262 4948 3445 5017 Geor,

1842 5024 1970 5094 jure
2001 5026 2340 5094 possessionis
2365 5028 2652 5079 decederes.

1926 5104 1952 5142 ιε
1985 5098 2135 5167 Erae.
2188 5105 2245 5151 et
2292 5111 2408 5167 seq.
2462 5097 2628 5163 edit.,
2675 5096 2842 5150 sorori
2887 5104 3054 5147 tamen
3100 5101 3240 5167 ΔιιιιιεΔ
3279 5100 3447 5157 statu;

1852 5165 2075 5222 Amerb.
2100 5174 2156 5221 et
2174 5162 2429 5231 niss.,..'..
2457 5179 2569 5223 sata
2586 5162 2827 5237 ;Long.,
2854 5175 3067 5237 sancite.
3090 5162 3242 5237 Quod
3268 5173 3449 5237 autem

1854 5238 2104 5293 subditur
2138 5260 2149 5294 :
2177 5239 2273 5293 sibi
2301 5241 2514 5295 ascribat
2543 5232 2897 5303 L¢tus,Etc.,
2926 5235 3169 5289 Nannius
3209 5232 3455 5303 explicat

1856 5309 1913 5369 in
1943 5309 2085 5364 hunc
2128 5324 2348 5364 sensum
2383 5330 2394 5363 :
2427 5309 2484 5365 ld
2512 5320 2626 5377 est,
2661 5325 2759 5364 suo
2792 5306 3059 5377 periculo,
3080 5304 3285 5377 inquit,
3321 5318 3451 5371 peii-

1856 5382 2167 5435 sitationem
2214 5383 2541 5446 sustinebit,
2568 5376 2798 5449 eamque
2824 5376 2892 5431 ab
2919 5376 3177 5449 oneribus
3204 5387 3457 5430 extraor-

1857 5452 2085 5522 dinariis
2113 5453 2387 5522 expediet,
2412 5462 2467 5508 et
2504 5445 2632 5507 inde
2656 5445 2917 5504 munitam
2945 5446 3236 5522 persolvet.

1931 5522 1958 5562 ¹ι
1989 5517 2243 5579 Nonnulli
2287 5517 2445 5590 niss.,
2496 5539 2619 5576 usus
2664 5526 2944 5593 fructuum.
2995 5517 3233 5593 Advorte
3272 5527 3455 5593 autem

1858 5608 1928 5650 ex
1954 5597 2308 5663 sequentibus
2339 5589 2599 5663 quantum
2644 5589 2673 5663 ii
2701 5589 2944 5663 moribus
2988 5589 3360 5663 Anibrosiaiiis
3403 5590 3456 5645 id

1858 5659 2120 5735 abfuerit,
2147 5676 2207 5721 ut
2237 5659 2534 5735 Ecclesium
2567 5678 2599 5717 e
2643 5660 2972 5725 familiarum
3002 5660 3154 5714 ruina
3208 5659 3292 5715 vel
3327 5675 3454 5734 per-

1862 5734 2177 5794 turbatione
2201 5736 2367 5792 vellet
2388 5734 2677 5798 ditescere.
