3932 6296
465 272 614 334 1279
1838 269 2090 329 SANCTI
2127 269 2452 329 AMBROSII
3652 267 3744 325 liti

461 394 575 447 tem
598 387 650 446 ei
677 401 787 446 non
815 386 993 446 solum
1023 385 1375 459 apostolicos,
1404 386 1502 444 sed
1527 386 1693 443 etiam
1722 384 2073 457 evangelicos
2098 386 2152 448 Α
2178 382 2508 450 inconsulto,
2545 396 2766 439 uxorem
2802 389 3122 455 acceperat,
3154 379 3362 455 pietati
3392 381 3558 454 magis
3597 382 3744 449 tribuo,

469 480 715 549 fructus;
745 480 1021 537 Dominus
1034 480 1180 535 enim
1211 478 1347 535 dixit
1375 497 1387 533 :
1420 477 1599 534 Facite
1634 477 1778 535 vobis
1799 478 1992 533 amicos
2020 478 2084 533 de
2181 494 2342 551 quam
2388 487 2577 536 nostro
2602 478 2804 547 amori;
2839 479 2964 551 plus
3008 487 3100 535 est
3144 477 3307 534 enim
3341 476 3593 549 pietatem
3625 478 3748 549 ipsam

469 572 651 643 iniquo
679 587 976 629 mammona
1004 569 1155 643 (Luc.
1186 587 1295 639 xvr,
1326 569 1407 644 9).
1436 570 1639 628 Fecisti
1673 580 1732 629 et
1764 581 1822 627 tu
1852 570 2081 639 amicos,

473 680 533 728 et
560 669 706 743 quod
732 672 979 730 mirabile
1008 682 1091 730 est
1111 714 1126 739 ,
1154 685 1219 726 ex
1250 666 1663 724 dissidentibus.
1693 665 1895 724 Fecisti
1923 666 1975 721 in
1994 666 2085 738 jus

476 764 861 837 germanitatis
884 763 1066 821 redire
1092 763 1314 827 fratres,
1345 759 1521 816 fecisti
1544 774 1640 815 eos
1665 758 1766 815 hac
1792 759 2082 825 charitate,

477 855 584 914 hac
607 858 777 929 gratia
809 871 1032 916 securos
1059 872 1202 926 esse,
1231 854 1377 929 quod
1404 854 1773 927 suscipiantur
1795 854 1851 910 in
1879 864 2084 912 aeterna

484 951 859 1009 tabernacula.
1312 956 1315 961 '

557 1046 646 1103 11.
687 1045 907 1104 Christo
935 1045 1098 1119 igitur
1129 1054 1353 1101 auctore
1400 1054 1457 1101 et
1487 1043 1701 1101 duobus
1742 1042 1962 1100 arbitris
2004 1058 2088 1098 sa-

484 1140 820 1209 cerdotibus,
850 1151 905 1199 te
931 1141 1025 1215 qui
1049 1140 1280 1197 formam
1310 1140 1463 1213 prior
1484 1138 1706 1207 dedisti,
1730 1153 1818 1195 me
1846 1138 1937 1211 qui
1965 1153 2091 1194 sen-

486 1236 712 1293 tentiam
744 1235 1024 1309 prompsi,
1055 1236 1192 1291 facta
1221 1250 1321 1307 pax
1354 1249 1459 1290 non
1487 1232 1848 1298 claudicabit;
1874 1231 2091 1305 quando

444 1384 449 1389 .
488 1337 638 1385 tanta
685 1328 810 1385 fidei
861 1338 1239 1386 convenerunt
1281 1326 1572 1398 suffragia,
1616 1333 1675 1387 ut
1719 1323 1940 1396 perﬁdia
1983 1338 2091 1380 non

486 1422 667 1493 possit
694 1436 817 1479 esse
844 1422 964 1478 sine
993 1434 1174 1493 poena.

486 1548 495 1575 ι
562 1516 654 1573 12.
695 1516 887 1572 Arabit
913 1516 1096 1573 Laetus
1124 1516 1325 1583 sorori,
1348 1515 1435 1572 cui
1465 1522 1625 1571 antea
1653 1513 1865 1571 alienos
1891 1513 2095 1571 invide-

489 1615 584 1667 bat
611 1608 833 1666 labores
862 1627 876 1664 :
905 1624 1141 1667 messem
1169 1608 1354 1665 Laetus
1380 1609 1555 1665 sorori
1600 1608 1852 1681 colliget,
1886 1608 2095 1681 1103

489 1704 544 1759 in
573 1718 681 1775 qua
709 1711 836 1759 ante
876 1702 1022 1761 ferre
1066 1718 1175 1759 non
1199 1711 1416 1774 poterat
1459 1702 1665 1759 alienas
1694 1701 2050 1775 “donationes
2080 1719 2091 1752 :

2183 572 2253 629 de
2309 582 2362 630 te
2414 572 2820 645 impetravisse,
2862 572 2892 612 δ
2921 588 3090 645 quam
3139 570 3423 642 cujusque
3470 570 3749 642 petitiones.

2184 663 2347 722 Certe
2375 664 2629 722 sacerdos
2656 674 2784 721 tunc
2807 666 2980 738 magis
3004 666 3301 735 impetrat,
3327 679 3460 719 cum
3481 664 3640 720 virtus
3660 680 3753 737 pra-

2186 758 2361 823 valct;
2394 756 2692 813 sacerdotis
2721 757 2865 814 enim
2913 758 3109 829 petitio
3140 756 3406 812 doctrina
3449 756 3652 828 pietatis
3682 769 3754 812 est

2188 850 2501 922 lmpetravit
2523 849 2687 922 igitur
2717 860 2929 918 natura,
2959 850 3283 923 impetravit
3312 848 3467 904 ﬁlius
3493 864 3559 905 eo
3579 849 3755 920 pleniu.

2188 945 2314 1015 quia
2355 943 2613 1015 postulati
2650 944 3040 1014 contemplatio
3084 942 3429 1015 temporalis
3473 942 3611 998 solet
3636 956 3757 997 esse:

2189 1035 2407 1092 virtutis
2437 1046 2616 1092 autem
2647 1035 2936 1093 diuturnus
2968 1035 3216 1106 habitus,
3268 1044 3333 1092 et
3368 1034 3526 1107 jugis
3558 1046 3579 1073 ε
3607 1035 3760 1090 animo-

2192 1144 2313 1185 rum
2339 1129 2606 1186 inductio.

2262 1222 2320 1277 2.
2362 1223 2591 1280 Pulchre
2639 1225 2820 1297 itaque
2864 1234 3115 1298 gestum,
3168 1235 3230 1282 ut
3286 1235 3345 1281 te
3395 1233 3609 1296 patrem
3653 1239 3762 1280 reco-

2195 1332 2529 1390 gnosceres:
2564 1318 2721 1374 simul
2762 1321 2885 1391 quia
2925 1320 3075 1391 justa
3126 1320 3449 1393 indignatio
3502 1319 3626 1387 fuit;
3667 1322 3766 1376 maia

2195 1410 2341 1466 enim
2372 1411 2585 1482 culpam
2624 1413 2800 1481 fateri,
2831 1422 2892 1468 ut
2926 1414 3047 1484 plus
3082 1412 3344 1469 laudetur
3374 1420 3610 1484 paterna
3640 1412 3768 1468 indul-

2195 1505 2375 1575 gentia
2405 1523 2418 1559 :
2447 1504 2544 1561 sed
2573 1514 2629 1562 et
2657 1506 2774 1576 ipsa
2818 1515 3041 1577 paterna
3083 1505 3325 1562 offensio
3357 1507 3493 1570 fuit.
3521 1503 3549 1543 δ
3569 1506 3766 1578 quoniam

2200 1607 2483 1653 venturam
2512 1597 2568 1653 in
2594 1598 2773 1655 locum
2802 1599 2927 1655 filias
2956 1608 3050 1655 tuo
3078 1599 3322 1655 debuisti
3350 1598 3574 1671 eligere
3598 1598 3767 1670 judicia.

2197 1689 2286 1745 cui
2317 1688 2476 1745 ﬁeres
2517 1699 2691 1761 pater.
2726 1689 2970 1762 Namque
3008 1700 3106 1746 aut
3149 1699 3347 1747 natura
3394 1690 3548 1746 ﬁlios
3590 1690 3768 1761 suscipi-

490 1795 705 1854 deferet
751 1795 964 1853 fructus
1006 1796 1077 1853 ad
1125 1796 1331 1852 sororis
1375 1795 1609 1863 horrea,
1640 1802 1696 1851 et
1740 1796 1892 1850 hoctt
1939 1794 2096 1850 laetus

2206 1797 2343 1849 mus,
2366 1793 2457 1838 aut
2479 1784 2775 1849 electione;
2796 1793 2820 1820 ο
2845 1784 2899 1839 in
2926 1792 3120 1840 natura
3143 1798 3310 1840 casus
3334 1793 3450 1850 est,
3480 1783 3539 1838 in
3559 1783 3772 1839 electione

491 1888 693 1958 faciet,
725 1898 945 1961 recepta
976 1890 1138 1945 etiam
1160 1888 1274 1960 jam
1307 1888 1543 1943 nominis
1569 1887 1652 1944 sui
1680 1888 2033 1958 proprietate.

574 1982 661 2038 15.
702 1980 783 2038 Tu
814 1981 1024 2038 interea
1053 1981 1426 2037 conformatus
1451 1980 1504 2037 in
1533 1980 1842 2053 apostolum
1870 1977 2098 2046 Christi,

494 2088 780 2132 assumens
809 2073 1181 2146 propheticam
1201 2074 1603 2141 auctoritatem,
1635 2072 1788 2129 dices
1818 2071 1885 2127 ad
1920 2071 2101 2128 Domi-

496 2181 628 2224 num
652 2183 665 2221 :
696 2164 981 2223 Possediin
1003 2183 1150 2223 renes
1180 2182 1317 2222 meos
1343 2164 1518 2239 (Psaf.
1541 2181 1801 2232 cxxxvm,
1836 2165 1947 2237 f5).
1977 2165 2103 2221 Haec

497 2259 694 2316 melius
722 2261 998 2332 possessio
1024 2257 1300 2316 Christum
1331 2259 1515 2325 decet;
1558 2268 1619 2315 ut
1659 2258 1893 2315 virtutes
1920 2273 2101 2314 sacer-

496 2352 642 2409 dotis
674 2351 949 2423 possideat
970 2353 1078 2418 sui,
1107 2350 1207 2407 hos
1234 2349 1439 2407 fructus
1460 2349 1661 2421 capiat,
1690 2350 1781 2422 qui
1812 2359 1939 2405 sunt
1964 2351 2103 2406 inte-

497 2444 715 2516 gritatis
758 2453 815 2500 et
849 2443 1224 2508 continentiae,
1263 2453 1319 2499 et
1347 2442 1491 2514 quod
1529 2450 1615 2499 est
1639 2442 1893 2514 amplius,
1926 2441 2104 2497 chari-

500 2537 629 2594 tatis
656 2547 711 2594 et
739 2537 1160 2611 tranquillitatis.
1205 2536 1363 2606 Vale,
1396 2546 1453 2594 et
1478 2552 1579 2595 nos
1607 2535 1807 2609 dilige;
1839 2537 1964 2609 quia
2003 2552 2103 2594 nos

502 2639 558 2688 te
587 2629 882 2702 diligimus.

971 2722 1307 2782 EPISTOLA
1347 2722 1644 2781 LXXXIII.

497 2814 772 2875 Stsmnwl
795 2826 1003 2889 prapter
1022 2818 1220 2874 ueniam
1240 2817 1374 2890 ﬁlio,
1397 2818 1487 2884 qui
1505 2834 1560 2874 se
1577 2819 1869 2875 inconsulto
1890 2835 2105 2875 uxorem

571 2910 813 2978 duxerat,
835 2910 1012 2965 datant
1034 2910 1393 2976 commendat;
1415 2917 1462 2965 et
1491 2909 1771 2964 commodis
1796 2908 2106 2981 quibusdam

567 3019 686 3075 qua:
721 3002 812 3058 ille
848 3018 912 3059 ea:
949 3019 1009 3059 eo
1046 3003 1302 3058 relaturus
1337 3011 1467 3069 erat,
1512 3001 1825 3069 memoratis,
1872 3002 2104 3057 eumdem

569 3096 669 3151 hac
695 3095 993 3167 ignoscendi
1014 3096 1264 3169 facilitate
1286 3106 1581 3151 sanctorum
1602 3096 1829 3168 vestigiis
1854 3095 2105 3153 institisse

574 3191 818 3247 ostendit.

1000 3289 1305 3344 Ausnosws
1343 3286 1594 3344 SlSINNIO.

572 3381 625 3437 1.
669 3379 825 3448 Quod
857 3379 969 3437 ﬁlio
994 3391 1182 3437 nostro
1213 3380 1470 3437 remisisti
1498 3396 1618 3438 meo
1645 3390 1859 3455 rogatu,
1890 3382 2017 3455 quia
2048 3392 2101 3440 te

573 3508 599 3536 ι
641 3497 757 3554 Hoc
786 3506 893 3565 est,
934 3496 1399 3571 inquitrNannius,
1429 3497 1616 3571 hilaris
1656 3498 1709 3555 id
1756 3497 1942 3571 faciet.
1974 3515 2101 3571 pro-

490 3570 828 3643 prietatique
850 3578 905 3625 et
925 3570 1288 3643 etymologiae,
1301 3570 1384 3625 sui
1394 3569 1662 3643 nominis,
1685 3570 1832 3642 quod
1854 3569 2099 3643 la’titiam

496 3639 684 3706 sonat,
714 3639 1086 3706 respondebit.
1127 3642 1203 3697 ita
1235 3641 1351 3697 ille.
1381 3639 1653 3697 Caeterum
1681 3639 1975 3697 Ambrosio
2004 3643 2104 3696 Iltl-

493 3711 741 3783 jusmodi
769 3712 1064 3784 allusiones
1096 3728 1205 3768 non
1246 3712 1591 3783 displicuisse
1630 3728 1699 3768 ex
1742 3713 1991 3784 epistolis
2033 3714 2102 3768 ad

500 3785 828 3849 Paternum,
869 3783 1135 3839 Irenaeum
1175 3795 1234 3840 et
1281 3784 1523 3840 Priscum
1568 3783 1941 3849 intelligimus.
1994 3784 2101 3841 Sed

501 3856 609 3911 hoc
628 3855 804 3928 ipsum
834 3855 911 3909 illi
936 3869 1228 3928 commune
1250 3865 1334 3928 est
1360 3871 1483 3911 cum
1510 3855 1634 3911 aliis
1666 3855 1849 3928 multis
1869 3856 2105 3928 auctori-

503 3929 627 3992 bus,
652 3926 890 3998 ‘quorum
930 3926 1221 3983 nonnullos
1251 3926 1609 3984 Casaubonus
1646 3928 1700 3982 in
1732 3927 2101 3998 Lampridium

503 4014 655 4070 num.
709 3998 783 4070 23
830 4007 1130 4065 memorat,
1174 3999 1264 4055 ubi
1308 3998 1424 4055 [nec
1466 4000 1581 4070 ipsa
1630 3999 1881 4055 Doctoris
1929 4001 2105 4055 nostri

502 4069 667 4127 verba
694 4069 1032 4143 duriuscula,
1062 4071 1178 4143 ipse
1208 4071 1436 4128 forsitan
1459 4071 1563 4127 huc
1581 4070 1685 4128 loci
1715 4071 1877 4143 paulo
1902 4070 2106 4127 delica-

501 4143 629 4229 tier,
649 4142 958 4229 Existimat.
1157 4214 1188 4229 ν
1572 4218 1584 4229 θ

576 4213 604 4253 δ
646 4214 802 4270 Eras.
850 4224 906 4270 et
945 4229 1062 4287 seq.
1106 4214 1262 4283 edit.,
1300 4231 1457 4288 quam
1488 4218 1836 4288 cujusquam;
1879 4213 2101 4270 Anterb.

503 4300 630 4341 cum
658 4301 819 4352 mss.,
845 4303 1002 4360 quam
1026 4285 1273 4360 ‘cujusce.
1309 4285 1416 4344 Sed
1443 4285 1535 4343 hic
1554 4285 1916 4360 exceptorum
1949 4300 2108 4341 error

505 4367 589 4412 est
612 4365 765 4413 ortus
794 4372 826 4413 e
859 4356 981 4430 soni
1007 4356 1390 4425 similitudine,
1415 4372 1520 4430 qua
1546 4356 1738 4413 eodem
1764 4356 1927 4413 modo
1949 4366 2105 4412 vete-

507 4442 597 4484 res
628 4428 1302 4500 pronuntiabantcujusce
1331 4438 1388 4484 et
1416 4428 1703 4500 cujusque,
1732 4443 1865 4500 coce
1891 4438 1947 4485 et
1974 4442 2105 4499 quo-

504 4514 644 4625 aue;
674 4498 816 4555 unde
844 4508 1006 4583 notus
1030 4497 1311 4583 Ciceronis
1332 4497 1495 4569 jocus
1528 4497 1795 4584 in:ﬁlium
1824 4497 1951 4584 Coei
1978 4497 2109 4584 can-

548 4568 749 4625 Idatum
775 4585 790 4625 :
822 4570 935 4625 Εειο
963 4571 1084 4625 ttbt.
1117 4586 1272 4625 coce.
1306 4572 1515 4625 favebo.
1548 4570 1650 4625 Hic
1675 4588 1820 4625 enim
1849 4588 1904 4625 Ill
1936 4571 2109 4625 ambi-

547 4568 749 4626 idatum
775 4585 790 4625 :
822 4570 935 4641 Ego
963 4571 1084 4636 tibi,
1117 4586 1273 4637 coce,
1306 4568 1515 4629 favebo.
1548 4570 1650 4628 Hic
1675 4574 1820 4628 enim
1849 4572 1904 4627 in
1936 4571 2109 4627 ambi-

501 4657 608 4714 gua
637 4644 1082 4712 pronuntiatione
1105 4658 1333 4700 acumen
1357 4654 1496 4699 erat.

585 4724 609 4753 ο
649 4714 1007 4791 otiosi-omina
1034 4714 1322 4786 signiﬁcat.
1357 4715 1530 4786 inquit
1553 4714 1820 4791 Nannius,
1850 4714 2105 4791 nimirum

506 4800 629 4842 eam
671 4786 1121 4884 propensionem,
1170 4801 1271 4857 qua
1314 4796 1566 4884 parientes
1595 4787 1859 4884 adfersus
1907 4786 2109 4884 liberos
2136 4823 2190 4884 Β

506 4874 637 4914 suos
667 4868 938 4927 vergunt:
966 4858 1197 4913 allusum
1229 4858 1500 4926 nonnihil,
1540 4859 1683 4928 quod
1725 4874 1791 4913 ex
1831 4859 2108 4926 sequenti-

508 4931 611 4985 bus
662 4929 1100 5014 magis_patebit,
1126 4928 1377 5014 additur]
1416 4931 1699 5014 Terent_ii_:
1732 4930 1838 4986 Pro
1883 4940 2105 5001 peccato

510 5016 706 5071 magno
739 5002 955 5071 paulum
982 5001 1231 5070 supplicii
1263 5001 1401 5056 satis
1430 5012 1515 5059 est
1546 5002 1705 5073 patri.

581 5070 608 5111 ἀ
650 5071 971 5129 Utrumnam
995 5074 1398 5128 matrimonium
1419 5090 1449 5128 a
1473 5075 1661 5131 liberis
1681 5073 1895 5138 initum,
1920 5073 2104 5128 insciis

511 5159 614 5201 nec
653 5145 1072 5201 assentientibus
1106 5145 1435 5214 parentibus,
1462 5156 1639 5201 ratum
1677 5161 1741 5201 ac
1769 5146 1980 5200 ﬁrmum
2011 5144 2103 5199 lia-

513 5215 749 5272 bendum
780 5217 870 5278 sit.
901 5218 1234 5287 disceptatur
1268 5234 1297 5270 a
1343 5217 1629 5287 theologis.
1672 5217 1773 5286 Qui
1811 5225 2101 5286 negantem

512 5298 721 5358 partem
748 5288 1068 5353 defendunt,
1102 5289 1479 5345 auctoritatem
1516 5289 1788 5344 Ambrosii
1822 5287 2105 5358 proferunt

513 5359 609 5417 lib.
646 5376 662 5415 l
693 5359 759 5415 de
783 5359 1056 5416 Abraham
1096 5375 1215 5431 cap.
1248 5360 1305 5425 9,
1338 5377 1490 5416 num.
1525 5361 1613 5428 91,
1646 5360 1954 5430 hujusmodi
1986 5374 2103 5415 ma-

512 5431 765 5487 trimonia
808 5446 914 5487 non
951 5432 1004 5485 in
1044 5433 1170 5486 ﬁliis
1196 5431 1431 5488 familias
1464 5441 1691 5499 tantum,
1720 5432 1815 5488 sed
1842 5433 2005 5488 etiam
2046 5432 2102 5487 in

506 5502 819 5572 junioribus
840 5502 1015 5559 viduis
1030 5503 1461 5561 condemnantis.
1484 5503 1638 5571 Quod
1655 5514 1833 5559 autem
1856 5504 1924 5559 ad
1951 5504 2104 5559 locos

512 5575 662 5645 ξω).
689 5590 708 5629 ι
728 5573 797 5630 de
823 5573 1029 5645 Virgin.
1053 5590 1176 5645 cap.
1211 5576 1299 5642 f0,
1332 5593 1481 5633 num.
1504 5577 1560 5645 5,
1584 5590 1685 5631 nec
1715 5590 1825 5632 non
1853 5592 1883 5631 e
1910 5575 2005 5631 lib.
2034 5574 2104 5629 de

516 5640 766 5727 Virginit.
819 5640 945 5727 cap;
997 5645 1062 5727 5_,_
1106 5640 1400 5727 tinnit-'35,
1448 5640 1556 5720 qui
1580 5648 1756 5717 primo
1791 5646 2105 5727 testimonio

518 5714 770 5787 videntur
794 5714 1222 5787 icontrarii,‘eos
1260 5719 1337 5775 illi
1368 5714 1480 5776 hoc'
1507 5714 1673 5777 sensu
1712 5718 2014 5787 explicant,
2048 5725 2107 5772 ut

521 5783 808 5863 puellae‘ad
836 5785 1141 5863 nubendum
1170 5789 1352 5863 invitae
1378 5792 1498 5863 cogi
1518 5789 1633 5863 Andri
1659 5783 1888 5863 possint,
1913 5791 1959 5846 si
1983 5804 2107 5859 pro-

521 5865 617 5906 cos
646 5865 675 5905 a
706 5851 1018 5923 parentibus
1047 5861 1355 5927 prepositos
1375 5851 1478 5917 an;
1498 5851 1790 5932 displicere
1814 5851 1954 5918 forte
1976 5851 2105 5917 con—

2195 1877 2498 1947 judicium:
2532 1878 2809 1949 magisque
2854 1879 2907 1934 in
2951 1878 3230 1949 adoptatis
3260 1878 3630 1946 offendimus,
3661 1893 3773 1951 quas

2201 1969 2255 2024 in
2286 1970 2612 2041 genitalibus
2644 1969 2808 2038 ﬁliis;
2844 1972 2966 2044 quia
3004 1972 3279 2045 genitales
3311 1971 3464 2029 ﬁlios
3504 1988 3628 2030 esse
3652 1975 3775 2044 dege-

2203 2076 2381 2130 neres,
2409 2062 2475 2117 ad
2518 2074 2763 2118 naturam
2810 2062 3086 2122 refertur:
3114 2064 3361 2121 adscitos
3404 2066 3501 2122 vel
3533 2065 3773 2136 adoptime

2201 2158 2289 2214 vel
2318 2157 2514 2230 c0pula
2547 2158 2842 2215 dedecores
2889 2174 3014 2216 esse
3050 2171 3244 2217 nostro
3275 2161 3464 2217 errori
3512 2161 3776 2217 ascribitu.

2205 2251 2329 2308 Fuit
2376 2268 2508 2324 ergo
2553 2253 2698 2325 quod
2745 2242 3291 2322 succenseres'ﬁlio,
3323 2253 3435 2311 sed
3467 2253 3576 2310 fuit
3621 2253 3778 2329 1105

2203 2347 2367 2403 etiam
2417 2347 2562 2419 quod
2614 2348 2957 2415 remitteres;
3009 2349 3136 2420 quia
3188 2348 3297 2405 sibi
3352 2364 3595 2405 uxorem
3640 2350 3777 2419 elegit.

2203 2440 2500 2513 Acquisisti
2534 2442 2697 2498 ﬁliam
2740 2442 2862 2500 sine
2895 2442 3186 2499 electionis
3224 2442 3510 2515 periculo.
3544 2442 3602 2499 Si
3632 2443 3779 2499 betae

2203 2533 2381 2601 duxit,
2416 2535 2510 2590 tibi
2541 2536 2833 2606 acquisivit
2863 2538 3096 2607 gratiam
3125 2554 3139 2590 :
3169 2536 3220 2591 si
3246 2536 3487 2603 erravit,
3518 2535 3781 2608 recipietis

2204 2626 2463 2683 meliores
2486 2626 2673 2698 facies,
2704 2627 2992 2685 refutando
3014 2628 3351 2687 deteriores.

2276 2721 2329 2776 5.
2374 2720 2666 2778 Maturiore
2696 2720 2917 2794 quidem
2954 2722 3193 2778 consilio
3232 2722 3427 2793 puclla
3471 2722 3587 2779 ﬁlio
3614 2738 3643 2778 a
3670 2732 3781 2793 patre

2206 2816 2475 2872 traditur:
2507 2816 2603 2872 sed
2644 2817 2851 2888 majore
2894 2817 3143 2890 obsequii
3191 2817 3489 2889 proposito
3533 2834 3567 2873 a
3607 2817 3706 2873 iib'o
3737 2817 3781 2871 ad

2205 2920 2417 2983 patrem
2444 2910 2677 2973 ducitur,
2705 2919 2761 2967 et
2789 2925 2819 2965 a
2847 2910 2965 2966 viro
2989 2911 3129 2966 lecta
3158 2911 3478 2983 ingreditur
3514 2912 3684 2967 soceri
3713 2910 3781 2965 do-

2208 3020 2388 3072 mum;
2411 3005 2539 3061 dum
2570 3006 2764 3062 metuit
2784 3013 2839 3061 et
2863 3004 3002 3061 filius
3023 3005 3326 3077 displicere
3349 3006 3629 3078 judicium
3647 3022 3779 3070 sum,

2208 3107 2265 3156 et
2292 3114 2463 3155 nurus
2484 3099 2872 3155 ministerium.
2902 3099 3054 3155 Illam
3087 3108 3338 3171 paterna:
3362 3100 3661 3157 electionis
3685 3115 3782 3171 pre

2124 3192 2171 3258 C
2204 3193 2449 3265 rogativa
2475 3192 2675 3248 attollit
2713 3202 2876 3264 atque
2910 3193 3099 3264 erigit;
3141 3193 3307 3249 istam
3348 3193 3675 3250 offensionis
3710 3195 3780 3247 ha-

2207 3288 2383 3344 miliat
2403 3296 2600 3355 metus,
2624 3287 2853 3345 inclinat
2875 3289 3228 3347 verecundia.
3253 3288 3379 3345 Non
3408 3291 3638 3346 habebit
3662 3290 3781 3349 filis.

2203 3381 2351 3456 quod
2380 3382 2434 3437 in
2464 3397 2690 3438 uxorem
2720 3381 2943 3449 referat,
2970 3383 3127 3455 quasi
3156 3397 3356 3440 exsors
3385 3384 3597 3456 culpa,
3626 3385 3666 3438 si
3689 3382 3784 3454 qui

2206 3498 2394 3570 tingat.
2414 3497 2613 3554 Contra
2634 3513 2770 3554 vero
2797 3498 2889 3569 qui
2910 3513 3245 3556 consensum
3270 3509 3573 3570 parentum
3598 3497 3662 3553 ad
3686 3498 3785 3551 vali-

2204 3568 2432 3625 ditatcm
2465 3570 2703 3641 conjugii
2734 3568 3073 3626 contendunt
3115 3586 3223 3627 non
3261 3568 3389 3626 esse
3426 3571 3781 3629 necessarium.

2204 3642 2241 3697 ii
2276 3642 2564 3713 Doctorem
2590 3652 2835 3698 nostrum
2858 3642 2911 3697 in
2936 3642 3088 3698 libris
3110 3643 3179 3698 de
3209 3641 3541 3713 Virginibus
3563 3642 3617 3697 id
3638 3652 3784 3713 aperte
3868 3646 3869 3671 ῖ

2204 3713 2446 3769 delinire
2464 3712 2762 3780 afﬁrmant,
2805 3713 2859 3768 in
2906 3715 3045 3769 libro
3085 3723 3271 3771 autem

2208 3928 2616 3985 Advertendum
2640 3937 2723 3991 est
2746 3938 2928 3984 autem
2970 3928 3319 3996 Gratianum,
3353 3930 3418 3985 P.
3457 3928 3786 3985 Lombardsts

2206 4014 2271 4055 ac
2300 4000 2362 4072 ι).
2395 4000 2687 4072 Thomam,
2722 4002 2815 4070 qui
2854 4001 3014 4071 huius
3040 4002 3318 4072 opinionis
3345 4002 3521 4057 duces
3553 4000 3716 4065 fuere,
3740 4014 3786 4052 et

2206 4071 2311 4127 sevi
2339 4076 2424 4142 sui
2453 4071 2738 4142 disciplina
2783 4082 3020 4128 mentem
3046 4071 3323 4129 Ambrosii
3342 4089 3473 4129 esse
3495 4073 3788 4141 inter-prela»

2210 4157 2314 4198 tos.
2347 4141 2575 4198 Constat
2598 4142 2866 4212 siquidem
2892 4159 3082 4199 eorum
3110 4145 3462 4210 temporibus
3485 4144 3787 4199 clandestina

2208 4215 2554 4287 matt‘imonia
2587 4216 2668 4287 ab
2708 4215 2955 4270 Ecclesia
2996 4231 3103 4287 pro
3134 4215 3399 4287 legitimis
3452 4216 3636 4272 habita
3674 4229 3785 4287 esse.

2211 4296 2269 4340 ut
2295 4300 2326 4339 a
2355 4285 2687 4358 Tridentinis
2715 4300 2933 4358 quoque
2966 4284 3221 4343 P‘atribus
3245 4288 3543 4343 deﬁnitum
3587 4298 3684 4343 est.
3709 4284 3787 4340 Ve-

2210 4372 2329 4411 rum
2356 4373 2464 4412 non
2496 4358 2567 4412 ita
2598 4357 2880 4414 obtinebat
2910 4369 3074 4415 aetate
3102 4359 3413 4415 Ambrosii.
3461 4360 3674 4415 Etenim
3698 4372 3788 4411 am-

2209 4427 2399 4501 bigere
2446 4443 2552 4484 non
2600 4429 2745 4497 licet,
2788 4431 2919 4501 quin
2969 4431 3210 4486 Ecclesia
3259 4431 3618 4501 disciplinam
3662 4442 3785 4486 sla-

2212 4498 2546 4571 principnm,
2596 4498 2825 4570 quorum
2871 4511 2957 4558 est
3003 4502 3358 4559 conditiones
3399 4498 3472 4557 ad
3519 4503 3787 4573 legitima!

2208 4579 2549 4646 contractum
2609 4574 2973 4646 necessarias;
2996 4575 3369 4646 constituere,
3424 4574 3640 4646 legibus
3683 4584 3783 4626 tusc

2212 4644 2476 4717 temporis
2508 4644 3022 4717 accmnmodavc_rit.
3054 4647 3193 4701 Cum
3231 4645 3404 4717 igitur
3442 4644 3633 4701 multa:
3672 4646 3788 4713 lges

2212 4714 2546 4789 imperiales,
2580 4730 2715 4789 quas
2744 4726 2802 4770 et
2827 4717 2882 4771 in
2906 4715 3110 4773 Codice
3137 4727 3195 4789 et
3222 4714 3369 4787 apud
3402 4718 3475 4772 (ιι.
3503 4717 3787 4789 Spenafm

2215 4786 2268 4859 in
2310 4794 2543 4859 tractatu
2582 4788 2652 4841 de
2697 4787 2799 4841 hac
2835 4790 3059 4843 materia
3088 4788 3239 4844 edito
3262 4786 3674 4859 reperire—est,
3711 4786 3785 4859 ιε’

2211 4857 2452 4929 jusmodi
2486 4857 2686 4931 furtiva
2715 4860 2986 4915 connubia
3019 4856 3475 4931 proscripserint,
3506 4861 3636 4916 hinc
3670 4856 3789 4915 rdii-

2212 4931 2390 4998 gimus
2418 4930 2610 4985 eadem
2638 4930 2731 4985 illa
2760 4941 2920 4987 aetate
2948 4947 3047 4988 nec
3078 4933 3149 4987 ab
3183 4930 3431 4988 ECclesia
3466 4949 3569 4988 nec
3596 4933 3665 4987 ab
3687 4931 3788 4985 Anc

2211 5001 2393 5072 brosio
2415 5002 2653 5057 admissa
2675 5018 2818 5059 esse.
2842 5004 3004 5059 Certe
3029 5003 3252 5072 quidem
3276 5005 3470 5059 multis
3492 5014 3643 5060 retro
3662 5002 3787 5057 annis

2215 5071 2355 5128 ﬁlios
2397 5072 2516 5128 sine
2532 5084 2847 5147 _parentum
2896 5071 3168 5147 consensu
3202 5076 3319 5147 rite
3362 5086 3412 5130 et
3446 5078 3575 5147 jure
3606 5076 3787 5147 nubere

2212 5153 2506 5215 negaverat
2530 5144 2900 5200 Tertullianus
2925 5146 3017 5201 lib.
3040 5163 3074 5200 ιι
3107 5147 3173 5201 ad
3200 5144 3480 5210 Uxorem}
3509 5162 3562 5200 c.
3590 5146 3647 5201 9.
3675 5145 3790 5215 Qui

2211 5214 2434 5288 propter
2477 5216 2626 5288 locos
2666 5217 2765 5271 lib.
2796 5217 2866 5272 de
2899 5217 3107 5288 Virgin.
3152 5219 3228 5274 ita
3264 5220 3632 5288 exponimus,
3671 5214 3787 5288 ac?i

2209 5286 2460 5356 legatur:
2490 5287 2855 5356 Quamobrem
2886 5285 3026 5343 ﬁlias
3048 5300 3263 5344 vestras
3291 5285 3631 5345 a'servanda
3661 5285 3792 5351 virgi-

2207 5358 2377 5414 nitate
2413 5358 2705 5430 prohibere
2754 5360 3008 5422 tentatis,
3051 5374 3171 5430 qua:
3219 5360 3343 5414 illas
3384 5361 3456 5416 ad
3502 5357 3785 5430 nuhendm;

2212 5445 2320 5485 non
2365 5423 2594 5502 potestis
2632 5445 2866 5514 cogere,
2909 5431 3013 5487 nisi
3055 5423 3265 5514 eisdem
3305 5446 3418 5487 non
3462 5432 3689 5497 invisos,
3714 5423 3786 5483 sd

2208 5515 2347 5575 quos
2376 5517 2561 5559 amare
2588 5502 2776 5566 velint,
2810 5517 3004 5573 procos
3029 5502 3293 5559 offeratis.

2286 5582 2310 5610 ο
2349 5573 2452 5629 Ms.
2493 5574 2703 5631 Thuau.
2744 5583 2800 5631 et
2836 5573 3043 5642 Carol.,
3070 5575 3128 5630 in
3158 5585 3352 5629 natura
3376 5590 3539 5629 causa
3566 5583 3661 5629 est.
3690 5568 3784 5625 lim

2210 5654 2380 5702 recte.
2432 5644 2603 5717 Porro
2659 5647 2850 5703 eodem
2898 5648 3061 5717 plane
3113 5661 3281 5702 sensu
3324 5647 3396 5701 de
3445 5642 3785 5717 generationis

2210 5726 2373 5791 atque
2403 5716 2709 5791 adoptionis
2733 5715 3063 5791 discrimine
3104 5717 3346 5791 loquitur
3381 5715 3593 5791 Plinius
3628 5715 3785 5791 justi!

2210 5791 2266 5846 in
2295 5790 2656 5861 Panegyrico,
2693 5789 2785 5845 ubi
2823 5789 2892 5845 de
2936 5788 3241 5861 Trajano'a
3267 5788 3445 5848 Nerva
3478 5788 3781 5860 imperator!

2213 5862 2265 5916 in
2291 5860 2460 5915 tilium
2482 5862 2675 5917 allecto
2696 5876 3007 5919 sermonem
3038 5860 3220 5919 habet.

3344 3731 3376 3770 e
3410 3714 3689 3770 Abraham
3719 3728 3787 3781 β-
3868 3760 3869 3771 χ

2206 3796 2423 3840 rentum
2451 3785 2789 3857 voluntatem
2815 3787 3113 3856 requirere,
3140 3802 3251 3842 non
3281 3786 3433 3857 quod
3463 3787 3538 3841 sit
3563 3786 3785 3840 absoluta;
3868 3786 3869 3793 ‘

2208 3857 2581 3919 necessitatis,
2631 3856 2729 3913 sed
2779 3865 2999 3929 tantum,
3044 3856 3351 3914 honestatis
3400 3868 3573 3929 atque
3604 3857 3783 3929 decori.
3868 3858 3869 3913 ξ
