3932 6296
169 334 278 391 lilii

1322 326 1811 392 EPISTOLARUM
1849 323 2137 386 CLASSIS
2176 323 2242 384 Il.

3307 335 3449 394 1282

164 448 368 504 fortasse
412 450 679 506 ntl'cnsum
711 449 799 517 sit,
835 450 978 521 quod
1009 449 1172 507 habet
1201 465 1362 518 usus;
1409 452 1574 506 immo
1624 466 1739 505 am-
1767 455 1819 515 Α
1844 442 2196 500 hibernatum
2248 458 2355 500 non
2397 443 2573 502 solum
2621 444 2674 501 in
2718 444 2996 520 hospitio,
3037 447 3132 504 sed
3177 449 3340 507 etiam
3390 453 3444 508 itt

166 543 286 613 plins
306 544 629 610 elaborabit,
659 554 718 599 ut
752 544 804 601 in
843 554 1072 618 utroque
1096 563 1252 604 suum
1285 547 1458 617 possit
1491 547 1727 619 probari,

163 641 212 688 ct
235 634 278 688 in
302 651 470 690 uxore
491 635 779 706 judicium,
813 647 866 692 et
898 639 951 694 in
980 653 1040 695 se
1066 638 1406 708 obsequium.

224 723 505 784 4.'Fecisti
560 729 722 802 igitur
776 729 922 802 quod
976 731 1106 787 boni
1160 742 1451 803 parentes,
1506 741 1565 788 ut
1623 732 1734 788 cito

162 821 470 891 ignosceres,
511 823 607 878 sed
647 823 993 890 obsecratus;
1024 841 1146 880 nam
1185 835 1474 898 antequam
1514 839 1735 897 rogare-

161 915 245 982 ris,
275 929 377 972 non
403 924 524 971 erat
550 916 852 988 ignoscere,
882 918 977 974 sed
1012 919 1207 974 factum
1242 919 1493 985 probare.
1530 918 1734 975 Deinde

161 1009 346 1065 diutius
371 1009 595 1067 differre
621 1013 858 1080 veniam,
887 1023 940 1068 et
970 1014 1063 1068 tibi
1093 1014 1369 1076 acerbum,
1395 1022 1460 1070 .et
1485 1013 1592 1070 illis
1616 1014 1734 1068 inu-

159 1101 264 1167 tile;
297 1117 468 1174 neque
517 1103 660 1158 enim
709 1112 931 1174 paterna
981 1106 1189 1162 viscera
1240 1107 1443 1162 diutius
1495 1105 1734 1163 tolerare

159 1205 378 1266 possent.

221 1287 251 1341 ii
294 1297 340 1342 et
387 1289 442 1345 6.
486 1288 725 1344 Summa:
784 1289 1090 1347 devotionis
1136 1293 1414 1364 proposito
1460 1293 1731 1350 Abraham

158 1379 311 1435 ﬁlium
342 1395 499 1436 suum
522 1381 822 1438 secundum
845 1384 1126 1439 oraculum
1153 1385 1246 1440 Dei
1271 1385 1530 1440 olfcrebat
1558 1386 1610 1441 in
1636 1385 1736 1442 ho-

155 1472 437 1531 locaustum
456 1490 470 1541 ;
492 1481 547 1530 et
561 1476 718 1546 quasi
738 1490 929 1531 exsors
947 1488 1172 1543 naturte,
1196 1480 1452 1534 exerebat
1471 1477 1731 1550 gladium,

155 1582 216 1622 ne
259 1584 403 1623 mora
443 1570 773 1626 sacriﬁcium
811 1570 1182 1638 decoloraret;
1218 1583 1396 1630 tamen
1436 1575 1525 1630 ubi
1568 1575 1736 1631 absti-

154 1676 275 1717 nere
299 1680 326 1716 a
357 1661 467 1717 ﬁlio
490 1663 676 1733 jussus
697 1674 801 1728 est,
826 1665 1066 1737 gladium
1101 1668 1332 1724 libenter
1366 1670 1649 1725 recondit:
1681 1679 1737 1727 et

154 1759 236 1827 qui
268 1757 548 1814 immolare
579 1759 942 1829 unigenitum,
969 1759 1094 1817 ﬁdei
1130 1761 1434 1819 intentione
1476 1779 1735 1835 propera-

1839 535 2037 592 aﬂ‘ectu
2081 544 2342 608 paterno,
2387 552 2510 591 cum
2553 536 2666 608 jam
2711 525 3042 596 successerit
3085 539 3448 612 indignationi

1838 631 2009 700 gratia
2040 629 2518 702 :quandoquidem
2557 641 2615 687 ut
2653 632 2811 703 plene
2839 641 2892 690 te
2924 633 2993 689 ad
3029 633 3447 691 similitudinem

1837 732 2001 794 atque
2045 723 2404 779 imitationem
2443 734 2758 782 sanctorum
2803 727 3064 795 referres,
3095 743 3192 784 cos
3223 743 3448 784 accusa-

1837 818 1984 885 visti,
2011 817 2101 889 qui
2129 819 2449 889 compositis
2481 819 2785 877 mendaciis
2806 823 3043 878 animum
3076 830 3223 878 tuum
3246 822 3444 880 adver-

1837 925 1957 967 sum
2003 911 2144 967 ﬁlios
2192 912 2538 969 excitandum
2585 913 2830 970 arbitrati
2859 924 3006 972 sunt.
3053 915 3208 984 Vale,
3242 927 3299 973 et
3347 932 3446 974 nos

1840 1007 2034 1080 dilige;
2069 1008 2194 1080 quia
2223 1023 2322 1064 nos
2351 1021 2401 1064 te
2426 1008 2725 1080 diligimus.

2312 1101 2650 1158 EPISTOLA
2695 1103 2984 1161 LXXXIV.

2007 1194 2284 1254 CYNEGIUI
2314 1199 2380 1254 de
2408 1199 2786 1254 consultatione
2813 1217 2909 1256 sua
2937 1203 3279 1260 commendat.

2315 1293 2625 1349 AIBROSIUS
2649 1289 2678 1330 ά
2707 1290 2963 1352 Ονκεςιο.

1913 1382 1963 1436 l.
2008 1382 2178 1451 Quam
2223 1384 2462 1457 ingenuo
2503 1387 2900 1444 commendasti
2950 1389 3181 1460 pudore,
3224 1389 3347 1462 quia
3377 1390 3450 1447 de

1839 1489 1906 1530 eo
1947 1477 2287 1544 consuleres,
2322 1479 2468 1550 quod
2500 1495 2607 1536 non
2647 1479 2936 1551 probares,
2971 1482 3071 1539 sed
3111 1497 3320 1541 morem
3349 1499 3450 1556 ge-

1838 1580 1992 1622 reres
2019 1569 2258 1637 parenti;
2285 1578 2343 1625 ut
2367 1569 2620 1640 pietatem
2650 1587 2756 1628 non
2782 1573 3033 1643 laederes,
3059 1591 3285 1634 securus
3305 1575 3450 1649 quod

1840 1675 1947 1714 non
1995 1659 2140 1716 aliud
2193 1676 2225 1715 a
2263 1677 2349 1718 me
2406 1673 2592 1734 posset
2644 1665 2859 1734 referri,
2909 1668 3012 1724 nisi
3057 1669 3203 1741 quod
3233 1678 3452 1728 sanctas

1838 1752 2059 1809 deceret
2081 1755 2540 1813 necessitudines.

153 1849 258 1917 bat,
291 1855 497 1923 majore
526 1852 742 1919 pietatis
763 1852 944 1908 studio
967 1853 1238 1911 festinavit
1259 1872 1412 1912 ovem
1436 1856 1734 1928 subrogare

1907 1847 1959 1902 2.
2007 1848 2122 1919 Ego
2151 1864 2283 1905 vero
2321 1850 2559 1908 libenter
2590 1862 2679 1908 tua
2713 1853 2767 1909 in
2795 1871 2883 1910 me
2911 1870 3077 1912 onera
3119 1857 3360 1929 suscepi,
3393 1865 3450 1915 et

154 1945 412 2000 sacriﬁcio
438 1943 593 2017 (Gen.
633 1961 768 2003 χχιι.
798 1945 832 2000 6
862 1955 910 2000 et
937 1963 1040 2017 seq.
1048 1949 1094 2016 ).

225 2034 274 2088 7.
313 2035 518 2105 Joseph
541 2052 758 2109 quoque
789 2035 944 2111 (Gen.
987 2056 1129 2108 xuv,
1163 2042 1231 2097 15
1261 2053 1306 2097 et
1334 2041 1489 2115 seq.),
1527 2051 1584 2098 ut
1627 2045 1739 2100 fra-

156 2137 284 2183 trem
329 2128 602 2198 jnniorem
648 2139 894 2199 teneret,
937 2133 1228 2190 simulabat
1271 2137 1602 2193 iracundiam
1635 2139 1744 2194 fra-

153 2222 340 2288 tribus,
389 2226 884 2294 etacompositam
935 2225 1063 2281 furti
1111 2226 1387 2296 fraudem;
1433 2230 1743 2303 indignatus

155 2322 350 2380 tamen,
374 2329 497 2370 cum
530 2316 921 2373 advolveretur
950 2318 1016 2372 ad
1045 2334 1218 2390 genua
1243 2321 1357 2390 ejus
1385 2339 1522 2378 untts
1549 2339 1615 2378 ex
1639 2325 1744 2380 fra-

154 2407 318 2462 tribus
345 2407 536 2475 Judas,
567 2408 765 2466 flerent
800 2411 912 2478 alii,
945 2411 1186 2468 fraterno
1217 2413 1388 2471 victus
1419 2425 1474 2472 et
1497 2431 1746 2488 compas-

155 2515 245 2556 sus
274 2500 488 2568 alfectu,
514 2501 721 2558 diutius
750 2513 938 2560 tenere
967 2520 1075 2560 non
1119 2507 1293 2577 potuit
1341 2508 1744 2568 simulationem

157 2596 460 2651 severitatis
505 2613 518 2650 :
559 2598 891 2668 remotisque
940 2598 1188 2667 arbitris,
1229 2603 1440 2670 aperttit
1490 2601 1748 2658 fratribus

154 2689 292 2761 quod
319 2691 562 2760 germani
587 2693 670 2748 sui
697 2703 906 2758 essent,
939 2703 992 2749 et
1023 2694 1138 2764 ipse
1163 2704 1312 2750 esset
1335 2695 1558 2766 Joseph,
1585 2713 1747 2768 quem

158 2786 531 2842 vendidissent
558 2804 570 2836 :
602 2802 702 2844 nec
726 2802 787 2844 se
814 2803 1110 2844 memorem
1141 2804 1253 2844 su:e
1281 2804 1401 2844 esse
1432 2789 1666 2859 injuriae,
1696 2800 1752 2848 et

160 2881 411 2936 fraterna:
438 2879 771 2936 venditionis
795 2881 1143 2937 acerbitatem
1181 2882 1419 2939 fraterne
1461 2898 1748 2952 excusare,

158 2983 320 3045 atque
352 2973 403 3030 id
434 2972 464 3012 ³³
493 2973 638 3045 quod
679 2982 866 3046 posset
893 2991 1120 3047 arguere
1141 3017 1155 3042 ,
1188 2976 1253 3030 ad
1296 2977 1519 3032 altiores
1559 2991 1753 3032 causas

161 3072 397 3138 referre;
443 3087 509 3127 eo
551 3073 696 3144 quod
744 3073 817 3128 ita
863 3075 1196 3144 oportuisset
1241 3073 1380 3141 ﬁeri,
1432 3083 1756 3145 procurante

163 3165 310 3230 Deo;
348 3175 406 3220 ut
437 3166 647 3240 1105
676 3167 931 3223 transiret
968 3167 1022 3222 in
1059 3167 1376 3239 Egyptum,
1407 3169 1497 3240 qui
1539 3179 1754 3239 gentem

1841 1955 1943 1997 avo
1977 1951 2224 2014 neptem,
2269 1953 2326 2000 ut
2364 1945 2580 2016 opinor,
2611 1946 2806 2004 refodi.
2849 1948 3021 2018 Quam
3060 1950 3246 2007 nescio
3287 1951 3449 2023 plane

1843 2049 1945 2104 qua
1993 2036 2249 2106 opinione
2289 2053 2484 2095 nurum
2516 2039 2621 2096 sibi
2653 2041 2769 2097 fieri
2806 2042 3171 2111 desiderabat,
3201 2053 3258 2099 ut
3285 2060 3447 2102 avum

1845 2143 2037 2185 socero
2081 2139 2333 2188 mutaret.
2369 2133 2530 2189 Plura
2562 2150 2668 2190 non
2697 2150 2834 2206 Opus
2863 2146 2969 2205 est,
3003 2154 3072 2194 ne
3104 2138 3207 2195 hoc
3236 2154 3454 2212 quoque

1845 2222 2069 2278 accedat
2099 2223 2168 2278 ad
2215 2227 2621 2284 verecundiam.
2675 2229 2824 2296 Vale,
2869 2231 2967 2298 fili,
3017 2241 3070 2289 et
3113 2248 3213 2290 nos
3256 2231 3454 2306 dilige;

1847 2314 1970 2386 quia
2003 2329 2104 2370 nos
2128 2331 2348 2388 quoque
2379 2329 2430 2375 te
2453 2319 2754 2390 diligimus.

2327 2413 2669 2472 EPISTOLA
2707 2415 2972 2473 LXXXV.

1850 2503 2066 2559 Svmmo
2108 2505 2292 2575 gratiis
2332 2508 2484 2575 actis,
2516 2510 2659 2578 quod
2697 2511 2896 2566 litteras
2925 2513 2995 2566 ad
3033 2529 3088 2568 se
3129 2513 3326 2570 miserit
3364 2528 3456 2586 per

1922 2597 2116 2668 Syrum
2145 2600 2521 2672 presbyterum,
2553 2604 2770 2660 celerem
2798 2607 2957 2678 hujus
2996 2608 3221 2663 reditum
3251 2610 3459 2681 laudat,

1923 2699 1970 2744 et
2000 2690 2063 2744 de
2092 2693 2350 2761 sequendo
2377 2692 2584 2751 Christo
2612 2699 2851 2768 quwdam
2878 2699 3164 2773 subiungit.

2364 2787 2669 2847 Alanosws
2706 2793 2939 2850 Stateto.

1928 2875 1978 2927 ι.
2019 2875 2243 2933 Gratum
2274 2888 2360 2934 est
2390 2881 2522 2936 mihi
2555 2897 2680 2938 cum
2721 2878 2935 2942 litteras
2971 2886 3181 2958 accipio
3215 2896 3356 2945 tuas.
3390 2892 3464 2950 At

1856 2980 1980 3022 eum
2011 2969 2080 3026 de
2104 2971 2436 3029 conserritio
2464 2985 2652 3032 nostro
2686 2981 2899 3054 nos
2923 2983 3136 3056 aliquos
3163 2987 3371 3061 dirigis,
3401 2997 3466 3046 ιιι

1859 3057 2082 3115 fratrem
2119 3073 2364 3119 nostrum
2406 3077 2458 3122 et
2487 3071 2993 3144 compresbyterum
3031 3078 3230 3150 Syrum
3263 3057 3371 3138 tuis
3403 3098 3466 3140 cs

1861 3163 2183 3222 prosccutus
2231 3156 2462 3225 litteris,
2508 3161 2814 3233 geminatur
2849 3167 3054 3224 laetitia.
3101 3170 3210 3228 Sed
3255 3174 3467 3234 utinam

159 3273 315 3312 suam
357 3259 523 3329 frugis
562 3269 803 3316 externa,
839 3272 1091 3332 egentem
1140 3271 1408 3330 pasceret,
1453 3270 1512 3318 ,η
1559 3263 1758 3318 sum“-
1786 3264 1832 3328 ρ
1864 3243 2071 3303 fructus
2102 3249 2296 3306 fuisset
2329 3251 2432 3308 iste
2456 3253 2793 3314 diuturnior!
2826 3258 2961 3316 Nam
2990 3263 3174 3320 statim
3204 3273 3262 3322 ιιι
3290 3268 3473 3340 venit,

160 3352 287 3406 tatis
321 3362 564 3424 tempore
594 3353 804 3409 alendis
837 3354 976 3425 patri
1014 3364 1070 3411 et
1100 3357 1221 3411 ﬁliis
1251 3357 1494 3412 subsidio
1525 3357 1685 3414 foret.

234 3448 290 3501 8.
332 3447 472 3516 Quid
500 3458 681 3506 autem
711 3450 780 3506 de
806 3461 998 3506 sancto
1030 3451 1195 3506 David
1227 3452 1438 3523 loquar,
1469 3453 1560 3524 qui
1593 3453 1761 3525 dege-

160 3556 350 3598 nerem
405 3541 598 3609 ﬁlium,
646 3556 668 3583 ο
711 3553 766 3600 et
808 3546 1049 3600 fraterno
1097 3547 1324 3601 oblitum
1365 3548 1647 3618 sanguine,
1695 3547 1764 3602 ad

162 3635 329 3690 unius
358 3636 605 3693 mulieris
646 3638 964 3708 petitionem
1007 3641 1249 3710 paternis
1282 3641 1580 3697 visceribus
1608 3658 1764 3698 men-

164 3736 273 3785 tem
298 3729 574 3785 emollitus
596 3729 758 3786 domo
781 3734 990 3802 recepit
1011 3733 1074 3805 (ll
1103 3732 1230 3805 Reg.
1252 3750 1357 3800 xiv,
1386 3733 1519 3804 ων

235 3822 291 3878 9.
350 3821 473 3894 ipse
523 3824 615 3881 ille
667 3824 1026 3896 Evangelicus
1074 3837 1227 3895 pater
1276 3827 1767 3884 adolescentiorem

163 3915 374 3982 lilium,
407 3917 497 3988 qui
532 3917 857 3988 prodegerat
896 3933 1112 3974 omnem
1151 3919 1506 3974 substantiam
1546 3935 1575 3975 a
1615 3930 1769 3991 patre

161 4023 450 4082 acceptam
506 4011 738 4067 vivendo
785 4011 1096 4077 luxuriose,
1139 4012 1537 4084 regredientem
1587 4023 1768 4069 tamen

160 4103 332 4159 unius
353 4104 625 4160 sermonis
657 4105 892 4160 inﬂexus
916 4104 1243 4170 humilitate,
1274 4105 1416 4176 quod
1463 4105 1516 4160 in
1561 4115 1770 4176 patrem

162 4212 429 4268 peccasse
449 4213 509 4254 sc
532 4198 821 4264 fatebatur,
845 4213 1072 4254 occursu
1097 4199 1184 4269 pio
1204 4197 1358 4263 fovit,
1388 4214 1546 4270 supra
1571 4199 1770 4254 collum

161 4291 291 4362 ejus
328 4291 547 4359 cecidit,
579 4294 809 4363 primam
840 4292 914 4348 illi
945 4292 1164 4360 stolam,
1189 4293 1447 4348 annulum
1475 4301 1529 4349 et
1562 4292 1775 4349 calcea-

162 4395 360 4441 meuta
397 4384 598 4442 deferri
635 4387 826 4458 jussit;
871 4396 1032 4456 atque
1068 4386 1390 4442 honoratum
1426 4387 1636 4455 osculo,
1677 4386 1775 4442 do-

160 4487 364 4535 natum
411 4495 664 4548 munere,
699 4480 1009 4537 admirabili
1052 4481 1292 4554 suscepit
1331 4482 1582 4538 convivio
1621 4482 1772 4554 (Luc.

159 4588 266 4640 xv,
295 4573 414 4645 2‘2).

249 4666 341 4722 10.
384 4665 587 4722 Horum
612 4675 662 4722 te
685 4666 1016 4723 imitatorem
1045 4668 1324 4739 praebuisti
1350 4669 1553 4739 pietate
1583 4669 1779 4740 patria,
1807 4677 1860 4738 1)

159 4775 284 4830 qua
345 4761 590 4830 proxime
642 4759 710 4816 ad
766 4760 937 4816 Deum
993 4761 1338 4826 accedimus;
1395 4771 1449 4816 et
1504 4760 1628 4816 ideo
1680 4775 1782 4832 ego

161 4861 436 4924 prompte
477 4851 638 4908 ﬁliam
679 4862 923 4908 nostram
966 4851 1284 4909 adhortatus
1324 4867 1476 4920 sum,
1524 4861 1581 4908 ut
1617 4855 1780 4910 etiam

159 4946 405 5004 hiemali
432 4955 679 5018 tempore
706 4947 808 5003 vite
839 4946 1082 5004 laborem
1115 4947 1411 5019 exciperet,
1447 4947 1785 5004 commodius

249 5141 278 5170 ⁸
325 5131 483 5187 Rom.
524 5133 684 5201 edit.,
713 5137 997 5208 composita
1027 5152 1057 5189 a
1087 5152 1141 5191 se
1171 5137 1296 5208 furti
1324 5136 1510 5208 fraude
1543 5134 1785 5208 indigna-

160 5215 263 5277 tus
283 5213 410 5277 est:
431 5214 562 5268 \‘cl.,
581 5207 916 5277 compositam
931 5227 964 5263 a
983 5207 1212 5274 se,'etc.;
1236 5225 1366 5264 mss.
1389 5207 1648 5263 omittunt
1662 5207 1692 5260 α
1710 5224 1781 5262 se.

248 5275 282 5314 δ
321 5276 458 5351 Mss.
497 5293 603 5331 non
648 5275 829 5348 pauci,
867 5282 1004 5350 quod
1047 5282 1398 5350 Oportuisset;
1429 5278 1618 5351 aliqui,
1648 5277 1788 5349 quod

162 5348 464 5421 potuisset,
499 5365 734 5419 arguere.

258 5415 654 5493 {Complures
681 5436 842 5485 mss.,
875 5426 1156 5493 fraternum
1196 5424 1409 5478 oblitum
1444 5424 1790 5492 sanguinem;

161 5489 392 5566 melius
421 5500 598 5566 tamen
624 5493 740 5560 alii,
764 5505 815 5549 et
839 5489 1030 5549 omnes
1053 5496 1207 5561 edit.,
1233 5499 1484 5566 fraterno,
1513 5489 1618 5549 cie.

255 5559 295 5636 d_
332 5561 455 5636 νει.
491 5565 622 5617 edit.
659 5559 731 5636 ac
761 5579 892 5619 mss.
928 5559 1203 5632 nonnulli,
1233 5559 1494 5636 Duinegio
1527 5581 1624 5622 seu
1661 5565 1791 5632 Qui-

163 5633 380 5708 nigio_:
413 5634 569 5708 Rom.
605 5635 736 5708 edit.
769 5645 825 5708 et
851 5651 983 5708 mss.
1009 5639 1212 5708 caeteri,
1244 5633 1486 5708 Cynegio.
1521 5638 1673 5691 llunc
1699 5653 1795 5690 au-

166 5704 301 5760 tein
334 5704 554 5760 Paterni
587 5707 752 5759 lilium
782 5707 932 5760 illum
963 5707 1150 5777 fuisse,
1187 5704 1346 5776 quem
1384 5704 1434 5763 vis
1477 5725 1597 5764 cum
1640 5718 1802 5777 nepte

160 5777 426 5848 jungere
471 5777 820 5850 matrimonio
862 5776 1152 5850 cogitabat,
1188 5779 1347 5845 hujus
1392 5782 1632 5850 epislohe
1679 5776 1800 5834 cum

170 5862 252 5904 ea
286 5863 417 5917 qua:
448 5847 514 5900 ad
561 5847 814 5901 eutndem
865 5848 1149 5903 Paternum
1196 5847 1541 5914 inscribitur,
1587 5865 1804 5918 compa-

174 5919 351 5978 ratio
397 5917 610 5974 videtur
656 5920 968 5975 ostendere.
1011 5922 1162 5976 Adde
1201 5930 1462 5992 praeterea
1508 5923 1650 5994 quod
1690 5917 1807 5978 haec

1867 3341 2256 3397 recurrentium
2323 3345 2530 3416 putarit
2582 3365 2593 3401 :
2652 3351 2796 3422 quod
2855 3354 3074 3425 quidem
3131 3356 3467 3418 desiderium

1867 3447 2047 3488 meum
2093 3434 2386 3506 plurimum
2437 3440 2669 3511 minuit,
2710 3445 2776 3502 ad
2827 3446 2912 3503 sui
2957 3449 3187 3520 gratiam
3237 3453 3468 3514 multum

1867 3527 2095 3584 addidit.

1941 3623 1994 3676 2.
2037 3624 2171 3680 Nam
2199 3641 2300 3699 ego
2337 3629 2503 3702 diligo
2541 3647 2637 3690 eos
2664 3644 2686 3672 ι·
2711 3637 2798 3693 vel
2839 3639 3192 3714 presbyteros
3227 3645 3313 3702 vel
3355 3645 3474 3704 dia-

1870 3734 2062 3790 conos,
2090 3723 2182 3793 qui
2228 3739 2352 3780 cum
2395 3725 2579 3798 aliquo
2621 3733 3012 3802 processerint,
3040 3751 3378 3811 nequaquam
3410 3756 3474 3800 se

1871 3813 2148 3882 patiuntur
2175 3832 2206 3872 a
2234 3832 2335 3874 suo
2376 3817 2583 3876 diutius
2622 3822 2817 3881 abesse
2857 3842 3103 3886 munere.
3138 3831 3284 3888 Dicit
3325 3834 3472 3891 enim

1873 3907 2139 3978 propheta
2186 3928 2198 3964 :
2241 3911 2365 3968 Non
2428 3915 2659 3970 laboravi
2712 3936 2930 3990 sequens
2983 3934 3098 3994 post
3149 3934 3198 3981 te
3255 3926 3469 3999 (Jerent.

1874 4015 2005 4065 xvu,
2034 4000 2144 4072 ιδ).
2171 4002 2304 4071 Quis
2325 4014 2504 4062 autem
2530 4017 2706 4077 potest
2727 4010 2977 4071 laborare
2999 4029 3238 4088 sequens
3260 4019 3471 4092 Jesum;

1874 4109 1996 4149 cum
2027 4095 2144 4166 ipse
2168 4096 2342 4153 dicat:
2381 4098 2558 4157 Venite
2579 4103 2650 4156 ad
2681 4120 2778 4172 me,
2812 4122 2984 4164 omnes
3013 4111 3102 4175 qui
3130 4112 3401 4183 laboratis,
3431 4127 3481 4172 et

1875 4189 2074 4242 onerati
2102 4191 2245 4256 estis,
2278 4200 2326 4246 et
2353 4209 2449 4262 ego
2483 4209 2574 4252 vos
2602 4197 2834 4267 reﬁciam
2867 4199 3084 4272 (Matth.
3114 4220 3188 4272 st,
3217 4205 3354 4279 28)?
3381 4207 3481 4267 Se-

1877 4299 2105 4354 quamur
2129 4300 2260 4358 ergo
2288 4285 2473 4344 lesutn
2505 4303 2754 4362 semper,
2801 4311 2902 4352 nec
2944 4297 3281 4358 desinamus.
3325 4303 3482 4374 Quod

1879 4378 1922 4433 si
1951 4394 2172 4451 semper
2200 4395 2516 4452 sequamur,
2546 4400 2840 4458 numquam
2873 4389 3186 4459 deﬁcimus;
3215 4395 3310 4452 dat
3331 4398 3482 4456 enim

1879 4474 2022 4529 vires
2065 4475 2418 4546 sequentibus
2464 4492 2545 4534 se.
2599 4479 2788 4553 Itaque
2846 4497 2954 4555 quo
3022 4488 3243 4560 prepior
3294 4491 3484 4550 virtuti

1882 4569 2072 4638 fueris,
2101 4587 2167 4627 eo
2197 4570 2390 4628 fortior
2420 4574 2552 4630 eris.

1957 4667 2010 4721 5.
2054 4666 2380 4738 Plerumque
2425 4682 2548 4724 cum
2588 4672 2902 4743 sequimur,
2956 4675 3157 4733 dicitur
3205 4679 3366 4736 nobis
3417 4681 3489 4738 ab

1887 4757 2216 4815 adversariis
2244 4781 2256 4815 :
2290 4759 2391 4816 Ubi
2429 4773 2505 4816 est
2535 4763 2744 4819 verbum
2764 4762 3025 4824 Domini?
3052 4769 3233 4826 Veniat
3262 4772 3485 4845 (Jerem.

1889 4865 2019 4916 xvu,
2064 4850 2176 4921 15).
2228 4850 2336 4907 Sed
2390 4867 2493 4908 nos
2539 4869 2648 4911 non
2697 4855 2986 4930 fatigemur
3034 4864 3345 4935 sequendo,
3378 4882 3490 4926 non

1890 4951 2202 5000 avertantur
2261 4944 2507 5003 subdola:
2571 4948 3015 5024 interrogationis
3078 4955 3490 5027 impedimento.

1892 5134 1967 5218 ill_i
2007 5132 2351 5218 subjungitttr
2388 5134 2440 5191 in
2470 5147 2586 5218 aut.
2615 5138 2750 5218 edit.
2781 5158 2846 5200 ae
2882 5158 3022 5218 pene
3051 5145 3304 5204 omnibus
3333 5165 3490 5218 mss.;

1893 5205 2165 5283 ad_quem
2207 5206 2455 5283 ordinem
2499 5209 2548 5266 si
2584 5215 2706 5283 quis
2744 5229 2866 5270 eam
2882 5205 2958 5271 "in
2999 5215 3102 5272 bac
3142 5219 3309 5275 etiam
3339 5205 3498 5280 redit:

1894 5278 2166 5404 redactam
2196 5280 2507 5346 cportuisse
2534 5278 2900 5354 contenderit,
2932 5300 3042 5343 non
3074 5278 3380 5349 admodum,
3401 5278 3498 5354 ire-—

1895 5365 2070 5404 otiana
2115 5365 2274 5404 unus.

1934 5365 2274 5404 nauantmus.

1894 5365 2274 5420 pugnauimus.

1972 5431 1994 5457 ο
2038 5421 2126 5504 Et:
2139 5419 2225 5504 his
2251 5421 2452 5504 verbis,
2478 5440 2580 5481 nec
2605 5441 2713 5482 non
2739 5429 2895 5484 exiis
2919 5429 3117 5504 quibus
3137 5433 3374 5503 epistola
3405 5438 3493 5504 12,

1898 5493 2150 5570 num._7,
2199 5492 2518 5570 Ambrosius
2559 5506 2665 5551 tant
2709 5513 2811 5553 suo
2847 5492 3010 5570 quam
3049 5492 3282 5562 aliorum
3330 5492 3499 5567 Italia;

1900 5565 2201 5646 antistitum
2234 5566 2453 5646 nomine
2483 5565 3001 5646 imperatoribusut
3027 5573 3234 5646 legatos
3261 5593 3292 5633 a
3325 5595 3386 5637 se
3429 5565 3503 5639 ad

1902 5633 2858 5720 Contilatttmdestinatcsmaturius
2885 5633 3180 5720 dinjitri'ni,
3210 5633 3503 5720 sumit;

1905 5706 2329 5792 atque.ex‘.aliis
2348 5706 2627 5792 similibus
2663 5708 2796 5792 locis
2842 5706 3192 5792 intelligitur,
3238 5706 3506 5792 qnam—al;

1906 5775 2280 5860 ecclesiastico
2309 5775 2488 5858 ofﬁcio
2525 5781 2696 5834 sancti
2735 5785 2996 5864 prtesnles
3015 5775 3268 5848 alienun;
3294 5775 3509 5864 judicav-

1908 5851 2296 5976 ἓςιήιιίςειριοε
2327 5850 2602 5904 ministros
2633 5867 2659 5903 τι
2689 5855 2804 5916 suis
2844 5856 3066 5918 sedibus
3089 5877 3154 5920 ac
3180 5850 3511 5932 εωιῖοηῖδῇε

1925 5936 2003 5975 'tu
2033 5934 2063 5972 a
2106 5932 2244 5975 esse.

1925 5932 2003 5975 llu
2033 5932 2244 5975 808850.
