3932 6296
586 300 728 359 ηδτ
1913 295 2139 357 SANCT

2200 294 2526 358 AMBROSII
3650 299 3726 362 1118

585 422 723 481 ratis
752 420 957 496 (Nam.
986 422 1052 480 31
1082 431 1131 479 et
1170 421 1353 497 αφ),
1384 420 1567 479 denuo
1606 417 1677 475 ad
1718 431 1782 475 ea
1820 432 1941 490 quae
1977 416 2082 474 sibi
2125 434 2138 473 ι

2173 417 2372 479 ωόειιι
2398 420 2724 486 exasperent
2749 412 3090 471 desiderium
3106 453 3124 481 ,
3151 410 3295 468 redit
3315 408 3492 485 (Nam.
3511 412 3567 469 ’51
3586 420 3621 468 et
3636 424 3726 485 seu).

587 515 793 573 Deinde
821 515 891 572 ad
915 514 1227 573 cardinales
1247 514 1478 570 virtutes
1501 525 1812 570 sermonem
1839 516 2165 566 convertens
2184 549 2200 575 ,
2231 515 2490 579 quautam
2515 505 2569 562 in
2599 504 2944 562 Eucharistia
2972 502 3230 561 ﬁduciam
3250 507 3542 575 reposuerlt,
3563 515 3731 575 quam“:

587 607 880 680 prudentia
909 610 1150 672 caverit,
1180 622 1250 664 ne
1272 621 1300 661 a
1332 604 1686 662 schismatico
1714 602 2045 673 baptismum
2072 598 2376 672 acciperet,
2406 597 2667 671 praedicat
2692 597 2891 671 (Nunt.
2919 597 2995 654 42
3019 607 3067 655 et
3089 596 3244 670 seq.).
3271 595 3376 653 Illic
3396 597 3496 668 ejus
3510 597 3730 669 eloquentia,

590 700 916 759 fortitudine
934 742 952 768 ,
984 699 1334 772 simplicitate
1351 739 1366 765 ,
1398 698 1653 755 castitate
1670 738 1684 763 ,
1733 694 2091 768 temperantia
2115 735 2129 761 ,
2169 702 2225 749 et
2263 692 2590 751 liberalitate
2612 707 2740 765 erga
2765 706 3038 765 pauperes
3061 689 3456 760 commendatis,
3480 692 3639 763 qualem
3655 694 3733 748 sein

582 797 784 854 fratres
813 795 1138 867 praebuerit,
1171 809 1242 851 ex
1283 807 1351 850 eo
1380 791 1527 865 quod
1573 806 1674 849 nec
1704 790 2092 863 patrimonium
2122 787 2400 857 dividere,
2433 803 2535 846 nec
2573 803 2798 845 uxorem
2844 787 3081 855 ducere,
3115 802 3217 844 nec
3246 786 3733 843 testamentumemden

588 890 966 960 substituerit,
997 889 1343 946 demonstrat
1372 885 1563 960 (Num.
1594 885 1665 943 49
1699 893 1749 941 et
1778 886 1934 958 seq.).
1966 883 2060 941 His
2085 884 2211 941 licet
2232 891 2495 955 augeatur
2513 892 2813 955 conceptus
2838 880 3021 949 dolor,
3050 895 3153 937 cur
3178 890 3354 938 tamen
3387 880 3734 945 moderandussit,

581 987 827 1043 rationes
863 982 1158 1058 proponit;
1191 997 1362 1055 seque
1398 981 1670 1054 promittit
1704 981 1851 1037 illius
1881 979 2207 1039 memoriam
2248 992 2544 1051 numquam
2585 977 2892 1049 positurum
2920 974 3123 1049 (Nam.
3151 976 3223 1032 65
3246 984 3293 1030 et
3320 973 3473 1046 seq.).
3494 973 3733 1031 Ultimm

588 1081 753 1139 nullis
778 1080 846 1136 ad
871 1078 1209 1137 Iarcellinaa
1239 1077 1676 1134 consolationem
1707 1075 2018 1148 interiectis
2037 1117 2053 1143 ,
2087 1082 2426 1145 postremum
2452 1071 2577 1128 vale
2624 1070 2778 1127 fratri
2805 1068 3181 1127 amantissime
3220 1066 3367 1137 dicit,
3395 1077 3533 1140 atque
3550 1068 3736 1123 oratione

586 1175 725 1234 fusis
754 1190 854 1247 pro
884 1173 1005 1246 ejus
1035 1187 1171 1246 pace
1198 1186 1264 1229 ac
1290 1171 1477 1244 quiete
1502 1171 1758 1243 precibus
1782 1169 1987 1227 claudit
2014 1167 2218 1240 (Nam.
2254 1169 2323 1226 76
2346 1179 2397 1225 et
2415 1171 2587 1242 seq.).

658 1272 794 1329 Cum
836 1270 955 1328 dies
981 1280 1194 1344 septem
1223 1271 1395 1344 elapsi
1426 1280 1613 1328 essent
1643 1268 1794 1343 (Lib.
1836 1285 1907 1337 ιι,
1950 1286 2098 1325 nam.
2122 1267 2190 1339 2)
2214 1310 2231 1335 ,
2267 1266 2429 1324 rediit
2457 1264 2527 1321 ad
2556 1264 2736 1338 Satyri
2771 1270 3190 1320 monumentum
3232 1260 3483 1333 populus,
3518 1259 3738 1317 cerenonis

594 1380 898 1440 precesque
922 1372 1217 1422 consuetas
1242 1363 1644 1420 celebraturus.
1668 1361 1769 1418 Hic
1794 1361 2024 1418 alteram
2054 1360 2247 1415 harum
2277 1357 2588 1439 orationum
2613 1354 2938 1413 Ambrosius
2961 1397 2976 1422 ,
3004 1353 3254 1426 quamvis
3281 1352 3348 1408 ad
3371 1351 3658 1408 meditaudan
3675 1366 3737 1406 ua

589 1461 856 1533 temporis
893 1459 1161 1531 angustiis
1190 1465 1510 1524 coactatus,
1541 1454 1834 1513 admodum
1878 1454 2056 1512 fusam
2084 1451 2466 1526 pronuntiavit
2504 1452 2609 1506 hoc
2649 1450 2822 1507 ferme
2864 1463 3051 1506 sensu.
3085 1447 3379 1517 Postquam
3417 1446 3625 1517 praemisit
3651 1444 3739 1516 priori

588 1554 734 1613 libro
770 1555 1023 1613 nonnihil
1063 1555 1239 1613 dolori
1271 1552 1544 1612 indultum
1569 1566 1724 1620 esse,
1750 1550 1808 1607 in
1839 1548 1947 1606 hoc
1970 1549 2142 1620 magis
2171 1545 2417 1604 omnium
2445 1542 2731 1600 hominum
2753 1543 3122 1601 conditionem
3151 1538 3740 1609 consideraturumsepoli-

585 1657 745 1706 cetnr
772 1648 974 1722 (Nam.
1006 1650 1031 1704 1
1061 1659 1111 1705 et
1137 1665 1243 1717 seq.
1263 1649 1304 1720 ).
1341 1646 1475 1705 Inde
1517 1646 1773 1719 proponit
1814 1646 1916 1701 tria
1960 1642 2240 1701 tractanda
2265 1682 2279 1709 ,
2318 1648 2553 1697 mortem
2599 1639 2810 1696 scilicet
2849 1654 3203 1695 communem
3244 1653 3396 1703 esse,
3438 1651 3526 1692 nos
3554 1635 3639 1706 ejus
3655 1648 3741 1704 opm

586 1743 779 1803 saeculi
807 1744 1069 1800 aerumnis
1096 1752 1245 1800 tutos
1283 1741 1457 1810 efﬁci,
1486 1756 1552 1799 ac
1576 1741 1795 1798 demum
1835 1755 1936 1813 per
1978 1754 2099 1796 eam
2128 1738 2197 1794 ad
2226 1738 2695 1795 resurrectionem
2725 1733 2932 1791 aditum
2961 1734 3079 1791 dari
3110 1731 3321 1807 (Nam.
3347 1733 3433 1803 3).
3467 1730 3527 1788 Ut
3547 1728 3741 1801 peram

583 1852 934 1897 communem
959 1837 1101 1895 hanc
1126 1837 1307 1911 legem
1332 1824 1614 1894 ferendam
1644 1849 1789 1903 esse,
1819 1833 1969 1890 varia
1991 1834 2239 1905 exempla
2265 1833 2319 1889 in
2344 1832 2585 1889 medium
2603 1830 2781 1899 aﬁ‘ert,
2803 1839 2930 1902 puta
2949 1843 3142 1885 eorum
3166 1828 3262 1900 qui
3288 1828 3585 1884 nativitatem
3603 1824 3740 1895 planctu,

582 1934 793 1992 obitum
819 1942 1003 1990 autem
1035 1933 1229 2005 plausu
1257 1929 1768 2005 prosequebantur:
1799 1943 1901 1986 nec
1922 1942 2029 1983 non
2056 1925 2346 1999 Lyciorum
2375 1924 2519 1996 apud
2541 1937 2677 1996 quos
2702 1922 2807 1987 viri
2835 1922 2888 1977 in
2918 1922 3064 1977 luctu
3086 1929 3301 1976 vestem
3328 1918 3528 1975 induere
3546 1915 3742 1972 muliebria

583 2024 794 2098 legibus
817 2024 1157 2097 cogebantur
1185 2022 1378 2097 (Nunt.
1407 2025 1443 2081 4
1469 2032 1516 2079 et
1536 2020 1695 2096 seq.).
1725 2021 1959 2087 Dehinc,
1986 2018 2214 2093 adjectis
2244 2017 2553 2074 rationibus
2596 2015 2896 2083 nonnullis,
2922 2013 3254 2070 feminarum
3299 2014 3353 2068 in
3392 2013 3647 2069 maritorum
3663 2008 3744 2064 iust-

585 2117 740 2175 ribus
776 2117 1155 2190 impotentiam
1183 2114 1427 2189 graviter
1450 2117 1682 2186 castigat
1708 2113 1728 2185 (
1751 2112 1919 2169 Nunt.
1951 2113 1985 2169 8
2012 2121 2059 2168 et
2087 2110 2271 2184 seq):
2304 2118 2362 2167 et
2400 2109 2722 2182 patientiam
2756 2108 2811 2165 in
2846 2109 3149 2164 amicorum
3182 2116 3392 2174 morte,
3418 2104 3614 2177 quantis
3633 2103 3741 2159 diutis

579 2223 771 2267 eorum
796 2208 1045 2267 absentia
1071 2207 1435 2266 difﬁciliorem
1460 2223 1568 2264 non
1597 2222 1721 2264 esse
1750 2206 1911 2263 docet
1940 2203 2133 2278 (Num.
2161 2201 2230 2259 15
2254 2213 2304 2258 et
2330 2202 2485 2275 seq.).
2515 2203 2637 2259 Mox
2658 2201 2727 2259 ad
2753 2201 3044 2260 secundam
3076 2210 3294 2274 partem
3324 2200 3564 2259 accedens
3581 2197 3744 2271 (lei

578 2310 629 2356 et
658 2302 824 2375 seq.),
856 2301 1186 2375 multiplices
1209 2302 1433 2374 exponit
1460 2301 1714 2356 humana:
1743 2299 1867 2355 vitae
1893 2297 2240 2355 calamitates
2257 2337 2273 2366 ,
2302 2312 2369 2353 ex
2395 2296 2598 2369 quibus
2624 2311 2725 2353 nos
2755 2296 2861 2352 nisi
2887 2311 2985 2368 per
3004 2306 3244 2353 mortem
3273 2311 3381 2353 non
3407 2294 3743 2358 liherari,satdo-

582 2411 705 2453 rum
747 2395 990 2454 virorum
1033 2396 1302 2466 exemplis
1333 2394 1528 2466 prohat
1555 2391 1747 2466 (Num.
1777 2392 1850 2450 23
1877 2402 1926 2448 et
1951 2391 2111 2464 seq.).
2134 2390 2237 2448 Ubi
2267 2406 2399 2447 vero
2440 2402 2700 2463 quantum
2740 2390 2905 2448 iidem
2937 2391 3082 2463 passi
3108 2390 3348 2459 fuerint,
3378 2389 3747 2462 ampliﬁcarique-

583 2487 844 2545 tuendam
873 2487 1003 2545 iude
1029 2488 1243 2561 colligit
1271 2486 1463 2562 (Nam.
1490 2485 1563 2541 44
1588 2495 1637 2543 et
1659 2486 1795 2559 seq.)
1826 2494 2057 2542 mortem
2081 2501 2191 2542 non
2222 2500 2379 2555 esse,
2409 2486 2553 2557 quod
2588 2486 2841 2558 requies,
2886 2486 3096 2544 lucrum
3116 2529 3132 2555 ,
3176 2487 3505 2553 remedium,
3530 2500 3581 2540 ac
3605 2482 3747 2539 decem

581 2596 646 2638 ea
675 2580 797 2652 ipsa
825 2581 1189 2652 reperiantur.
1219 2578 1440 2637 Transit
1461 2578 1697 2651 denique
1736 2577 1803 2633 ad
1848 2588 2185 2650 postremum
2228 2578 2533 2636 membrum
2554 2622 2569 2647 ,
2614 2580 2682 2637 ad
2721 2579 2865 2652 quod
2895 2581 3258 2638 astruendum
3290 2579 3478 2652 triplici
3502 2592 3747 2652 generest?

582 2672 754 2730 menti
781 2672 971 2740 utitur,
998 2672 1259 2729 nimirum
1283 2672 1519 2740 ratione,
1549 2670 1899 2727 universitatis
1925 2672 2184 2744 exemplo,
2217 2673 2512 2729 testimonio
2540 2674 2615 2729 rei
2641 2683 2802 2747 gesta:
2832 2672 3042 2747 (Nam.
3070 2674 3162 2742 50,
3197 2675 3273 2733 52
3293 2675 3337 2747 ).
3367 2675 3609 2731 Rationem
3628 2673 3746 2743 exirm

580 2775 640 2823 ut
667 2780 871 2839 corpus
896 2775 954 2824 et
974 2765 1156 2824 anima
1185 2766 1348 2824 simul
1367 2775 1463 2822 aut
1488 2765 1668 2838 pomis
1691 2774 1787 2823 aut
1806 2765 2047 2837 praemiis
2075 2764 2405 2835 afﬁciantur,
2442 2766 2630 2838 paucis
2660 2767 2995 2839 perstringit.
3021 2768 3095 2824 At
3114 2784 3255 2825 vero
3283 2770 3339 2826 in
3365 2768 3572 2826 secunda
3592 2764 3748 2839 partem

579 2868 827 2918 moratus
855 2859 1045 2934 (Nunt.
1081 2859 1153 2918 55
1195 2870 1244 2916 et
1279 2858 1437 2932 ιαμ),
1472 2858 1702 2931 pulchre
1731 2859 1802 2918 de
1842 2870 2052 2917 natura).
2089 2861 2537 2933 generationibus
2574 2876 2638 2918 ac
2672 2862 3065 2920 mutationibus
3105 2861 3550 2937 philosophatur:
3574 2871 3747 2933 portant,

578 2954 760 3037 dubiis
775 2955 1099 3028 quibusdam
1122 2955 1421 3029 prudenter
1440 2954 1732 3025 exsolutis,
1750 2953 2213 3012 resurrectionem
2234 2954 2533 3025 Phoenicis,
2556 2964 2717 3027 atque
2739 2955 2991 3012 humanae
3007 2957 3390 3029 generationis
3414 2956 3638 3029 exemplo,
3655 2954 3749 3009 ima

579 3045 774 3120 (Nam.
803 3046 894 3116 58,
925 3044 1020 3117 60)
1046 3062 1060 3101 :
1092 3047 1452 3119 expositoque
1476 3046 1723 3119 ejusdem
1754 3047 2173 3104 resurrectionis
2201 3046 2397 3103 ordine
2422 3062 2488 3103 ac
2511 3046 2756 3113 ratione,
2789 3048 3070 3120 indignum
3096 3064 3229 3107 esse
3258 3052 3366 3118 ait,
3398 3061 3454 3106 ut
3476 3065 3531 3107 ea
3555 3064 3632 3104 non
3650 3044 3748 3101 creda-

578 3148 689 3211 tur,
721 3156 846 3198 cum
878 3139 1274 3213 philosophicis
1302 3139 1373 3197 de
1396 3140 1702 3197 animarum
1724 3140 1780 3196 in
1804 3140 1954 3197 varia
1982 3153 2214 3211 corpora
2243 3139 2726 3211 transmigratione
2750 3140 2960 3197 deliriis
2977 3182 2994 3209 ,
3022 3157 3087 3197 ac
3107 3144 3349 3213 poeticis
3368 3143 3433 3201 de
3455 3139 3748 3214 serpentino!!!

577 3236 825 3295 dentium
864 3237 920 3293 in
965 3235 1216 3293 homines
1259 3234 1622 3293 conversione
1649 3234 1871 3307 ineptiis
1919 3233 2055 3291 fides
2085 3233 2353 3291 habeatur
2385 3232 2586 3305 (Nam.
2616 3234 2712 3302 61,
2750 3234 2858 3298 65,
2886 3234 3011 3308 70).
3044 3234 3207 3294 Unde
3251 3238 3459 3310 colligit
3492 3235 3744 3308 prophetale

577 3328 932 3399 testimoniis,
965 3344 1199 3401 quorum
1225 3328 1376 3387 locos
1405 3329 1682 3401 proponit,
1713 3337 1877 3400 atque
1906 3327 2192 3393 edisserit,
2226 3327 2396 3399 magis
2423 3325 2757 3383 credendum
2782 3324 2970 3399 (Num.
2995 3326 3068 3384 66
3095 3338 3145 3384 et
3174 3326 3339 3403 seq.).
3370 3329 3616 3388 Postremo
3634 3323 3748 3382 recita

576 3421 650 3480 ad
674 3424 756 3481 rei
779 3431 949 3497 gestae
972 3421 1287 3480 testimonia
1306 3464 1322 3491 ,
1356 3421 1447 3480 ubi
1473 3421 1722 3494 exposita
1755 3421 1918 3478 trium
1946 3430 2289 3478 mortuorum
2317 3434 2348 3475 a
2371 3419 2592 3478 Christo
2612 3420 2682 3477 ad
2706 3420 2871 3476 vitam
2903 3431 3292 3480 revocatorum
3319 3424 3532 3482 historia
3547 3466 3560 3490 ,
3581 3420 3689 3478 aerii
3704 3414 3747 3486 pi

578 3516 650 3574 ab
691 3516 844 3585 Elia,
876 3516 1040 3574 Petro
1065 3525 1121 3574 et
1149 3516 1205 3573 in
1236 3516 1494 3587 passione
1519 3516 1803 3573 Dominica
1845 3515 2156 3573 resuscitati
2184 3523 2312 3570 sunt
2331 3556 2347 3583 ,
2380 3516 2875 3585 prmtermittuntur
2901 3514 3096 3587 (Nunt.
3128 3518 3199 3573 77
3227 3527 3279 3575 et
3307 3520 3459 3592 ιαμ).
3483 3513 3748 3586 Coan

579 3608 785 3680 sophos
837 3619 1061 3667 sanctus
1110 3608 1319 3666 Praesul
1363 3624 1558 3666 rursus
1608 3610 1934 3681 insurgens,
1984 3610 2449 3667 resurrectionem
2495 3610 2695 3667 rationi
2745 3626 3047 3669 consonam
3098 3628 3229 3671 esse
3278 3616 3565 3672 luculenter
3595 3617 3747 3670 meum

581 3704 776 3777 (Nam.
808 3705 879 3763 86
905 3716 953 3762 et
973 3704 1129 3779 seq.).
1158 3704 1366 3776 Adjicit
1392 3704 1583 3779 (Num.
1616 3705 1709 3773 90,
1738 3705 1832 3780 91)
1862 3706 1973 3763 Deo
2011 3714 2067 3762 et
2094 3702 2350 3773 Christo,
2393 3707 2487 3778 qui
2526 3721 2691 3763 causa
2715 3716 2802 3765 est
2826 3708 3278 3776 resurrectionis,
3312 3709 3473 3768 fidem
3498 3704 3746 3782 prehendat

578 3807 637 3856 et
663 3797 940 3871 quomodo
965 3795 1262 3869 rapiendus
1287 3798 1361 3855 sit
1397 3796 1453 3853 in
1491 3813 1622 3856 acra
1662 3798 1894 3866 Paulus,
1939 3798 2241 3870 explanans
2271 3798 2473 3874 (Nam.
2519 3797 2624 3871 92)
2648 3841 2665 3868 ,
2716 3800 3055 3871 patriarchas
3082 3802 3278 3862 vivere
3315 3805 3498 3873 docet,
3534 3805 3592 3860 de
3619 3810 3746 3871 quam

578 3888 875 3948 virtutibus
901 3890 991 3963 pie
1016 3887 1264 3960 disputat
1291 3886 1484 3959 (Nam.
1511 3889 1584 3948 95
1606 3900 1654 3946 et
1679 3890 1832 3963 seq.).
1857 3891 1955 3948 llis
1980 3908 2087 3963 qua
2115 3892 2329 3949 ratione
2356 3890 2610 3950 Christus
2638 3893 2772 3949 inter
2791 3904 3019 3952 mortuos
3050 3896 3181 3952 liber
3201 3898 3442 3968 dicatur,
3467 3899 3547 3957 ubi
3568 3890 3748 3968 subiunxit.

577 3998 702 4057 quae
729 3982 802 4041 de
828 3981 977 4038 tubis
1026 3980 1207 4038 Moses
1249 3982 1543 4053 praecepit,
1576 3980 1807 4054 spiritali
1847 3992 2069 4039 enarrat
2100 3999 2266 4040 sensu
2293 3982 2482 4055 (Num.
2510 3982 2603 4051 95,
2629 3983 2756 4057 117)
2778 4001 2795 4051 ;
2819 3986 3018 4057 quibus
3036 3990 3442 4060 expositionem
3469 3987 3748 4063 quoruth

577 4078 821 4136 Canticis
858 4086 913 4135 et
950 4075 1280 4150 Apocalypsi
1306 4075 1554 4133 locorum
1582 4076 1733 4133 addit
1765 4079 1786 4149 (
1804 4076 1966 4132 Nam.
2001 4078 2104 4134 118
2133 4087 2184 4133 et
2210 4077 2376 4150 seq.).
2404 4076 2701 4135 Contracta
2727 4077 2949 4136 demum
2994 4092 3277 4159 tamquam
3303 4085 3362 4141 in
3402 4082 3672 4156 manipulum
3695 4083 3749 4132 ιθιι

575 4170 861 4237 oratione,
894 4168 1144 4242 votisque
1171 4175 1232 4223 ut
1259 4166 1481 4226 fratrem
1514 4169 1665 4226 brevi
1693 4178 1975 4242 sequatur,
2003 4169 2179 4241 palam
2212 4170 2516 4241 conceptis,
2542 4186 2853 4230 sermonem
2883 4172 3115 4230 absolvit
3147 4175 3170 4250 (
3186 4174 3360 4233 Nam.
3396 4180 3492 4236 150
3513 4189 3555 4234 et
3575 4173 3687 4246 εις.)

646 4265 815 4322 Extra
842 4264 1065 4322 dubium
1091 4275 1179 4323 est
1215 4267 1317 4324 hos
1341 4266 1481 4324 duos
1503 4263 1673 4323 libros
1700 4273 1957 4323 constare
1982 4265 2213 4323 totidem
2243 4266 2615 4335 orationibus,
2648 4283 2787 4338 quas
2826 4269 2881 4325 in
2919 4286 3085 4327 unum
3116 4287 3259 4344 opus
3283 4314 3301 4343 ,
3336 4274 3501 4332 indito
3524 4264 3750 4331 librat-utilr

576 4357 717 4425 tulo,
746 4367 803 4415 et
829 4358 970 4417 forte
993 4360 1157 4418 etiam
1191 4361 1471 4419 nonnullis
1494 4359 1724 4432 adjectis
1747 4371 1844 4418 aut
1871 4361 2197 4429 immutatis,
2224 4363 2480 4435 conjungi
2506 4364 2679 4421 voluit
2704 4365 2941 4438 ipsemet
2964 4369 3326 4438 Ambrosius;
3358 4372 3495 4429 unde
3516 4373 3654 4427 statim
3670 4361 3751 4420 initi!

571 4452 799 4510 secundi
828 4452 953 4510 libri
980 4456 1095 4511 haec
1116 4456 1283 4514 verba
1316 4455 1509 4528 ponit:
1540 4455 1824 4526 Superiere
1852 4454 1983 4509 libro
2008 4455 2210 4528 aliquid
2234 4456 2570 4523 indulsimus,
2597 4465 2706 4514 etc.
2736 4458 2938 4517 Eadem
2967 4462 3127 4532 operi
3150 4462 3454 4536 prmﬁgitur
3472 4464 3522 4522 in
3540 4454 3753 4521 manum“

572 4546 644 4604 tis
682 4546 802 4605 haec
837 4549 1159 4623 inscriptio:
1185 4550 1455 4623 Incipiunt
1490 4551 1609 4608 libri
1635 4551 1800 4607 sancti
1830 4551 2089 4607 Ambrosii
2131 4552 2363 4623 episcopi
2388 4552 2453 4608 de
2486 4552 2717 4610 Excessit
2735 4554 2916 4628 Satyri
2944 4560 3125 4629 {ratris
3156 4561 3241 4615 sui
3259 4603 3277 4629 ,
3317 4571 3368 4617 et
3409 4562 3469 4617 de
3493 4555 3751 4616 Ilessrrectiﬁ

571 4653 913 4701 mortuorum.
946 4643 1003 4702 ln
1030 4646 1355 4718 quibusdam
1384 4656 1564 4704 tamen
1593 4645 1875 4703 codicibus
1903 4647 2086 4718 aliqua
2112 4647 2351 4703 varietas
2376 4655 2480 4715 est;
2503 4648 2745 4720 exempli
2770 4665 2960 4718 causa,
2990 4652 3044 4708 in
3075 4655 3363 4713 nonnullis
3378 4655 3477 4713 hoc
3502 4654 3631 4713 modo
3646 4646 3753 4706 inscu-

567 4739 756 4799 hitur:
788 4739 1004 4797 Flebilis
1025 4742 1344 4813 querimonia
1370 4741 1505 4799 beati
1531 4741 1791 4797 Ambrosii
1817 4741 2071 4796 antistitis
2101 4742 2167 4796 de
2191 4758 2404 4798 excessu
2430 4742 2723 4799 charissimi
2758 4745 2844 4800 sui
2873 4747 3087 4817 fratris;
3115 4748 3214 4805 sed
3246 4750 3304 4806 in
3333 4750 3582 4807 similibus
3605 4742 3754 4802 librarios

565 4836 807 4894 maxima
835 4836 1055 4894 licentia
1083 4853 1214 4895 usos
1238 4838 1564 4910 reperimus.
1614 4836 1836 4908 Majoris
1865 4837 2208 4895 auctoritatis
2235 4847 2321 4894 est
2342 4878 2357 4905 ,
2384 4837 2530 4910 quod
2559 4839 2899 4911 Augustinus
2930 4841 3072 4914 (Lib.
3101 4859 3138 4898 ιι
3165 4845 3232 4900 de
3273 4844 3435 4903 Pecs.
3467 4844 3593 4915 Orig.
3617 4832 3753 4911 cap“?

561 4928 762 4988 librum
801 4929 1105 4988 secundum
1147 4930 1234 4988 his
1272 4931 1461 4989 verbis
1495 4931 1694 5002 allegat
1721 4948 1735 4985 :
1762 4928 1831 4986 In
1857 4947 2012 5004 apere
2048 4931 2188 5004 quod
2212 4932 2420 5003 scripsit
2462 4933 2527 4988 de
2564 4932 2996 5004 Resurrectione;
3027 4949 3323 5011 utrumque
3349 4951 3521 4998 autem
3546 4930 3753 4996 Amm”

569 5021 791 5096 (Enarr.
817 5022 969 5080 Psal.
1011 5040 1065 5093 ι,
1108 5041 1165 5080 n.
1196 5024 1291 5096 51)
1321 5024 1427 5080 isto
1452 5023 1711 5081 lemmate
1735 5040 1750 5080 :
1774 5022 1845 5079 In
1869 5024 2016 5081 libris
2045 5024 2428 5083 Consolationis
2452 5037 2504 5084 et
2531 5027 2974 5087 Resurrectionis.
3001 5031 3080 5089 De
3109 5033 3297 5104 priore
3325 5036 3482 5108 hujus
3504 5021 3755 5102 inscriptiimis

569 5125 728 5189 parte
755 5115 1002 5174 dicemus
1029 5117 1083 5174 in
1116 5115 1508 5173 Admonitione
1536 5115 1607 5172 ad
1628 5115 1944 5173 Orationem
1965 5117 2035 5175 de
2054 5118 2215 5175 Obitu
2243 5117 2640 5190 Valentiniani,
2667 5138 2810 5181 nunc
2836 5139 2974 5182 vero
2994 5134 3202 5183 tantum
3229 5130 3565 5187 manebimus
3584 5116 3754 5183 malum?

566 5211 730 5269 titulo
773 5212 1044 5269 sermonis
1091 5221 1475 5285 argumentum
1514 5212 1773 5284 liquidius
1816 5215 2020 5272 eﬁ‘erri.
2065 5215 2222 5286 Quod
2264 5217 2333 5273 ad
2374 5216 2593 5275 titulum
2638 5220 2864 5277 secundi
2897 5222 3059 5291 libri,
3086 5221 3203 5281 fere
3232 5226 3281 5281 is
3317 5216 3755 5299 concipiturinillﬂ

565 5306 834 5367 formam:
862 5307 938 5364 De
963 5308 1101 5366 Fide
1129 5309 1575 5378 Resurrectionis,
1606 5311 1694 5368 vel
1719 5313 1784 5368 de
1811 5311 2209 5368 Resurrectione
2232 5323 2599 5383 mortuorum;
2623 5324 2831 5374 etcum
2858 5326 3047 5390 aptum
3074 5334 3197 5379 esse
3222 5330 3397 5395 atque
3418 5322 3755 5394 congruan

566 5404 734 5463 missa
760 5403 1001 5477 analysis
1029 5405 1276 5477 ejusdem
1304 5405 1428 5462 libri
1459 5405 1625 5478 plane
1653 5408 1950 5467 convincit.
2326 5432 2331 5435 ·

636 5496 774 5553 Illud
802 5497 984 5568 operis
1011 5512 1077 5554 eo
1113 5498 1232 5570 ipso
1260 5514 1409 5557 anno
1459 5503 1824 5574 compositum
1861 5502 2066 5572 fuisse,
2093 5520 2203 5576 quo
2245 5503 2478 5579 Satyrus
2534 5508 2788 5582 migravit
2813 5510 2882 5567 ad
2928 5526 3186 5585 superos,
3215 5513 3435 5571 inﬁcias
3461 5511 3600 5570 iverit
3634 5510 3752 5561 nemo;

566 5588 660 5645 sed
687 5596 856 5660 quoto
906 5602 1049 5644 anno
1075 5587 1194 5647 haec
1236 5590 1430 5649 eadem
1476 5610 1627 5651 mors
1671 5594 1954 5664 inciderit,
1983 5595 2268 5654 obscurius
2294 5607 2398 5655 est.
2462 5599 2730 5659 Baronius
2781 5604 3033 5663 eumdem
3081 5606 3183 5672 illi,
3228 5621 3398 5679 quem
3425 5604 3550 5664 caedi
3585 5588 3751 5660 Gratiani.

566 5679 908 5772 tribuendum
965 5690 1137 5753 putat,
1189 5683 1244 5740 id
1294 5694 1381 5743 est
1406 5686 1548 5756 585;
1581 5703 1847 5760 suamque
1875 5689 2193 5759 opinionem
2242 5692 2371 5749 inde
2420 5694 2755 5764 communit,
2801 5698 2946 5770 quod
2976 5698 3106 5756 belli
3135 5708 3303 5772 atque
3331 5689 3751 5757 barbarornmliﬂ“

565 5769 802 5872 rem.“
838 5786 947 5872 quo
981 5772 1071 5872 hic
1106 5774 1308 5872 agitur,
1335 5777 1442 5832 alio
1471 5779 1669 5836 referri
1697 5795 1859 5852 posse
1893 5798 2001 5837 non
2037 5783 2334 5854 existimat,
2377 5786 2482 5842 nisi
2518 5786 2587 5844 ad
2617 5788 3013 5861 irruptionem,
3055 5769 3222 5864 quam
3242 5795 3513 5850 exstincto
3553 5786 3752 5847 ωωοηιο

565 5859 840 5932 principe,
868 5862 1132 5923 Maximus
1165 5866 1333 5925 Italiae
1371 5871 1748 5931 minitabatur.
1790 5875 2183 5935 Verumtamen
2230 5884 2595 5954 praeterQuam
2625 5859 2773 5955 quod
2814 5901 2991 5959 neque
3020 5859 3330 5959 Maximus,
3384 5901 3549 5961 nequc
3573 5872 3751 5953 Ευεθθίδ
