3932 6296
182 293 316 350 1289
1078 301 1167 360 DE
1206 303 1522 364 EXCESSU
1565 305 1863 364 FRATRIS
1903 306 2012 364 SUI
2056 305 2313 364 SATYRI
2352 307 2483 364 LIB.
2527 307 2568 364 1.
3340 313 3483 370 1290

180 406 434 466 barbaros
464 411 654 482 quales
691 413 872 484 priore
904 415 1045 474 libro
1078 417 1340 476 describit
1380 430 1601 476 sanctus
1633 421 1834 476 Prtesnl
1856 464 1870 488 ,
1902 436 2089 479 secum
2120 422 2414 480 adduxisse
2449 436 2678 493 usquam
2720 422 3008 495 leguntur;
3034 425 3311 497 quomodo
3338 428 3486 486 idem

178 499 495 562 Ambrosius
521 517 612 561 ant
639 508 971 565 mentionem
998 521 1104 566 tant
1136 512 1377 568 recentis
1404 513 1614 569 doloris
1641 515 2116 584 praetermisisset,
2150 523 2242 572 aut
2273 526 2379 570 tam
2409 515 2642 572 ﬁdenter
2672 515 2726 572 in
2757 515 2982 572 domum
3012 532 3192 584 suam,
3219 519 3485 591 quidquid

180 595 466 656 timebatur
491 601 769 670 omnibus,
796 601 1034 661 fraterna
1065 617 1242 662 morte
1271 621 1596 664 conversum
1625 622 1747 664 esse
1776 617 1942 680 atque
1969 610 2244 679 expiatum
2274 611 2719 682 pronuntiasset?
2740 610 2969 668 Accedit
2990 611 3136 682 quod
3154 627 3278 668 cum
3306 613 3488 684 Satyri

180 694 573 767 navigationem
604 699 946 756 Ambrosiani
974 699 1321 773 pontificatus
1347 702 1504 758 initio
1536 712 1845 775 susceptam
1867 719 1990 760 esse
2022 703 2152 760 illud
2191 705 2440 771 suadeat,
2472 704 2617 776 quod
2645 705 2699 760 in
2728 707 3074 762 occasionem
3103 721 3210 762 non
3231 685 3485 764 solvendi

177 789 348 846 debiti
383 791 633 850 eamdem
669 793 945 851 Ambrosii
982 795 1301 866 dignitatem
1346 797 1595 853 trahebat
1631 797 1868 869 Prosper
1891 839 1907 864 ,
1946 813 2182 871 cumque
2216 799 2474 871 Satyrum
2515 800 2569 856 in
2610 799 2730 872 ipso
2764 801 2943 855 {etatis
2992 800 3127 857 flore
3162 801 3488 860 Ambrosius

177 881 450 940 sublatum
482 897 670 943 narret
699 885 852 960 (Lib.
885 905 924 956 ι,
954 906 1008 945 n.
1039 888 1103 944 51
1127 887 1180 962 );
1210 904 1278 946 ex
1311 889 1396 946 bis
1419 890 1628 946 clarum
1658 891 1715 945 fit
1744 889 1971 948 bellicos
1999 893 2121 949 illos
2150 901 2329 949 motus
2349 908 2415 950 ac
2442 892 2808 950 Barbarornm
2837 895 3016 950 minas
3039 909 3161 951 cum
3189 897 3358 954 exitio
3382 895 3490 952 Va-

176 976 703 1051 lentisim‘peratoris
732 997 879 1038 anno
904 983 1030 1052 378,
1061 1000 1112 1040 tv
1133 981 1245 1039 kal.
1275 983 1430 1055 Sept.
1463 983 1517 1040 in
1541 984 1756 1054 tugurio
1782 984 2272 1057 combusti,magis
2302 985 2604 1058 quadrare;
2640 987 2742 1043 hac
2767 987 2912 1044 enim
2943 997 3264 1059 tempestate
3294 989 3490 1062 ingens

176 1091 204 1129 a
237 1073 488 1132 Barbaris
520 1085 699 1134 metus
725 1078 932 1135 Italiam
965 1095 1028 1136 ac
1059 1079 1268 1137 vicinas
1293 1078 1606 1152 provincias
1637 1079 1859 1138 invasit.
1889 1081 2234 1154 Quapropter
2262 1091 2553 1155 utrumque
2581 1084 2726 1141 hunc
2754 1084 2954 1141 librum
2980 1100 3126 1141 anno
3157 1086 3489 1158 insequenti,

179 1169 279 1226 hoc
321 1180 436 1241 est,
467 1171 573 1230 379
614 1174 881 1246 scriptum
924 1189 1048 1232 esse
1090 1175 1221 1231 nulli
1261 1174 1609 1240 dubitamus;
1645 1174 1809 1246 idque
1852 1176 1957 1233 sub
1997 1177 2208 1232 aestatis
2252 1176 2466 1232 initium
2506 1177 2804 1248 contigisse
2843 1187 3169 1249 argumento
3197 1188 3317 1246 est,
3346 1177 3491 1247 quod

176 1264 495 1322 Ambrosius
544 1266 764 1324 fratrem
813 1276 869 1324 et
915 1283 1011 1338 per
1064 1267 1293 1326 hiberna
1335 1267 1538 1338 frigora
1591 1267 1914 1340 navigasse,
1949 1277 2003 1324 et
2035 1268 2220 1338 paucis
2249 1282 2280 1324 a
2313 1267 2490 1325 reditu
2537 1268 2820 1325 mensibus
2867 1269 3183 1340 exspirasse
3231 1275 3487 1325 testatum

179 1355 326 1413 facit.

249 1451 472 1524 Antiqui
504 1453 675 1511 moris
706 1452 806 1512 fuit
834 1456 975 1528 apud
1006 1455 1375 1514 Athenienses
1400 1500 1414 1524 ,
1446 1467 1508 1514 ut
1536 1457 1630 1529 qui
1661 1473 1760 1529 pro
1789 1457 1965 1529 patria
2003 1459 2217 1515 fortiter
2244 1459 2558 1518 dimicando
2599 1460 2989 1516 occubuissent
3012 1501 3026 1526 ,
3059 1458 3275 1530 publica
3307 1456 3494 1512 lauda-

178 1543 326 1599 tione
358 1543 794 1614 bonorarentur,
825 1547 1284 1620 quemadmodum
1315 1547 1470 1605 Plato
1499 1561 1688 1606 auctor
1717 1559 1802 1604 est
1831 1549 1882 1604 in
1915 1548 2204 1606 Menexeno
2225 1567 2243 1605 :
2266 1549 2498 1606 Romani
2528 1566 2660 1606 vero
2691 1549 2936 1606 illustres
2968 1549 3116 1604 viros
3143 1560 3309 1618 atque
3339 1545 3494 1602 femi-

178 1652 278 1692 nas
305 1638 498 1694 codem
536 1639 746 1696 honore
771 1641 1270 1714 prosequebantur,
1301 1657 1468 1714 quam
1493 1641 1950 1698 consuetudinem
1982 1658 2012 1698 a
2042 1642 2102 1698 P.
2133 1641 2256 1699 Val.
2286 1643 2564 1700 Publicola
2589 1644 2835 1711 consule,
2867 1643 2959 1714 qui
2979 1641 3198 1698 .l'unium
3228 1640 3495 1711 collegam

180 1729 398 1801 publice
422 1730 696 1797 laudavit,
731 1742 978 1788 exortam
1009 1748 1134 1789 esse
1161 1733 1455 1789 observant
1486 1731 1753 1790 historici.
1787 1732 1896 1790 Sed
1931 1735 2239 1806 antiquiora
2273 1733 2454 1791 adhuc
2483 1735 2728 1806 ejusdem
2763 1736 2900 1790 ritus
2932 1733 3158 1806 vestigia
3192 1739 3416 1788 exstant
3446 1729 3500 1786 in

177 1823 336 1882 libris
364 1827 556 1882 sacris.
588 1825 722 1882 Nam
754 1827 841 1883 vel
871 1827 1094 1884 Davidis
1123 1828 1376 1899 planctus
1403 1842 1569 1899 super
1597 1827 1761 1884 Saule
1785 1842 1852 1884 ac
1880 1826 2138 1893 Junatha,
2167 1828 2258 1899 qui
2288 1827 2431 1885 libro
2451 1826 2496 1883 ll
2530 1827 2738 1900 Regum
2769 1829 2948 1897 capite
2975 1843 2991 1880 ι
3021 1824 3349 1882 describitur
3376 1822 3503 1905 :Avel

177 1919 434 1978 Jeremite
461 1922 701 1979 lamenta
733 1939 900 1994 super
929 1923 1077 1981 Josia
1105 1939 1254 1997 rege,
1283 1925 1352 1980 de
1378 1922 1578 1994 quibus
1608 1924 1753 1980 libro
1781 1923 1826 1980 II
1850 1921 2346 1994 Paralipomenon,
2377 1921 2506 1994 quid
2535 1923 2680 1978 aliud
2711 1931 2857 1988 sunt,
2888 1921 2991 1977 nisi
3027 1918 3284 1974 funebres
3313 1914 3505 1972 lauda-

184 2014 402 2071 tiones?
429 2014 545 2072 Non
577 2015 742 2088 igitur
768 2015 966 2072 mirum
995 2015 1170 2072 videri
1211 2016 1374 2073 debet
1402 2058 1416 2082 ,
1450 2017 1494 2072 si
1540 2023 1620 2073 tot
1665 2015 1941 2072 orationes
1970 2015 2270 2074 inlaudem
2301 2028 2491 2070 eorum
2510 2056 2524 2081 ,
2552 2015 2669 2070 sive
2700 2015 2790 2085 qui
2819 2029 2919 2086 pro
2945 2010 3146 2067 Christi
3177 2009 3284 2065 fide
3314 2024 3378 2065 ac
3409 2021 3508 2063 no-

183 2109 332 2164 mine
361 2109 680 2181 sanguinem
725 2108 1119 2181 profudissent,
1149 2109 1266 2165 sive
1295 2110 1386 2181 qui
1419 2110 1682 2166 virtutum
1711 2108 2071 2182 Singularium
2117 2107 2408 2179 splendore
2435 2108 2793 2165 christianum
2823 2123 3022 2164 nomen
3053 2105 3507 2169 illustravissent,

183 2203 386 2260 habitae
415 2206 759 2276 reperiantur
779 2206 922 2277 apud
945 2206 1137 2262 Patres
1159 2205 1423 2262 Ecclesia:
1444 2203 1648 2261 Graccte
1671 2220 1735 2262 ac
1758 2205 1967 2262 Latina:
1986 2219 2001 2270 ;
2023 2203 2118 2260 sed
2140 2203 2273 2260 illud
2303 2202 2444 2260 forte
2470 2203 2744 2259 videbitur
2777 2202 3121 2269 insolentius,
3144 2199 3292 2271 quod
3324 2197 3509 2255 fratris

182 2298 374 2355 laudes
406 2297 574 2356 frater
603 2300 719 2371 ipse
748 2299 1036 2357 celebrare
1067 2315 1358 2372 aggressus
1389 2299 1572 2356 fuerit.
1610 2300 1811 2356 Verum
1832 2298 2135 2356 clarissima
2168 2299 2418 2369 exempla
2451 2297 2615 2354 habet
2635 2297 2978 2365 Ambrosius,
3005 2295 3203 2368 quibus
3231 2309 3291 2351 se
3319 2292 3511 2352 defen-

180 2395 296 2452 dat.
332 2394 577 2468 Namque
608 2403 668 2451 ut
691 2398 1009 2453 omittamus
1036 2396 1172 2453 illud
1204 2395 1454 2468 profanis
1483 2411 1584 2452 usu
1615 2399 1854 2464 venisse,
1885 2404 1945 2451 ut
1973 2395 2152 2467 magni
2182 2395 2284 2450 viri
2316 2403 2660 2450 mortuorum
2690 2393 2794 2449 sibi
2822 2392 3133 2448 arctissimo
3157 2391 3508 2462 conjunctio-

183 2487 271 2544 nis
318 2502 460 2544 nexu
493 2488 873 2558 copulatorum
901 2489 1274 2546 encomiastas
1303 2502 1364 2544 se
1406 2487 1764 2558 praebuerint,
1791 2487 1936 2560 quod
1968 2487 2172 2543 factum
2201 2486 2399 2558 legitur
2427 2501 2458 2541 a
2483 2485 2632 2543 Julio
2658 2484 2876 2541 Caesare
2897 2527 2912 2554 ,
2941 2486 3032 2558 qui
3059 2485 3260 2542 Juliam
3289 2486 3513 2540 amitam

185 2591 245 2638 et
273 2581 582 2638 Corneliam
614 2596 840 2640 uxorem
869 2582 1104 2638 laudavit
1127 2599 1154 2636 e
1182 2597 1324 2636 more
1347 2597 1444 2656 pro
1466 2581 1671 2648 rostris,
1704 2589 1762 2636 ut
1787 2580 2179 2638 aitSuetonius
2203 2581 2256 2636 in
2283 2580 2403 2652 ejus
2432 2579 2585 2646 Vita;
2621 2594 2759 2635 unus
2785 2579 3084 2652 Gregorius
3117 2579 3512 2647 Nazianzenus,

183 2673 344 2746 cujus
371 2675 654 2732 orationes
684 2676 738 2732 in
767 2677 960 2748 patris,
992 2674 1177 2732 fratris
1204 2690 1270 2732 ac
1298 2675 1511 2730 sororis
1536 2671 1822 2730 funeribus
1847 2673 2009 2730 dicta:
2035 2683 2358 2746 supersunt,
2393 2672 2687 2728 Ambrosio
2729 2670 2987 2728 sufficere
3015 2679 3201 2742 posset
3228 2669 3294 2726 ad
3328 2679 3515 2742 patro-

183 2767 397 2826 cinium
427 2786 440 2823 :
468 2779 658 2840 postea
690 2783 823 2826 vero
848 2779 902 2825 et
929 2767 1252 2841 Gregorium
1278 2777 1336 2824 et
1357 2767 1710 2825 Ambrosium
1741 2766 2054 2824 Bernardus
2086 2768 2138 2823 in
2172 2766 2446 2824 laudando
2468 2766 2702 2839 Girardo
2731 2765 2900 2823 fratre
2925 2767 3168 2822 imitatus
3195 2774 3300 2823 est.

265 2863 728 2932 Admonebimus,
764 2872 1056 2935 antequam
1080 2862 1149 2919 de
1179 2862 1361 2919 tabula
1402 2877 1596 2918 manus
1626 2861 1871 2930 tollatur,
1905 2860 2210 2930 Dungalum
2237 2875 2269 2916 a
2297 2859 2537 2916 librariis
2566 2859 2892 2930 quibusdam
2913 2901 2928 2924 ,
2962 2860 3051 2930 qui
3081 2862 3152 2915 ob
3183 2858 3507 2915 nonnullam

185 2957 499 3028 argumenti
537 2955 859 3014 affinitatem
889 2955 1088 3014 librum
1119 2955 1190 3012 de
1211 2955 1474 3012 Paradiso
1502 2952 1587 3010 his
1613 2953 1830 3011 duobus
1856 2953 2013 3010 libris
2047 2968 2157 3010 una
2201 2953 2644 3024 descripserunt,
2677 2952 3001 3024 deceptum,
3033 2952 3284 3010 eumdem
3315 2951 3518 3007 librum

187 3060 469 3122 tamquam
511 3049 731 3106 tertium
767 3048 836 3105 de
876 3048 1051 3105 Morte
1080 3048 1261 3122 Satyri
1296 3047 1650 3120 allegavisse,
1695 3047 1748 3102 in
1789 3061 1898 3118 quo
1939 3046 2116 3117 ipsum
2143 3045 2385 3118 graviter
2429 3046 2761 3103 allncinasse
2792 3061 2954 3102 nemo
2995 3062 3104 3103 non
3130 3045 3333 3104 videat.
3360 3045 3518 3112 Quod

187 3150 377 3225 autem
416 3141 483 3198 ad
513 3139 851 3214 epitaphium
883 3139 952 3197 ab
979 3153 1050 3197 eo
1089 3148 1454 3197 memoratum
1475 3181 1492 3208 ,
1535 3137 1654 3194 haec
1681 3137 1800 3209 ejus
1827 3138 1990 3194 verba
2020 3147 2148 3194 sunt
2177 3135 2470 3194 Ambrosio
2501 3144 2690 3193 nostro
2716 3134 2874 3206 (Lac.
2901 3154 3018 3209 sup.
3053 3137 3185 3210 cit.)
3214 3152 3324 3194 non
3353 3137 3517 3208 plane

193 3229 210 3268 1
303 3235 316 3247 ⁸
460 3253 472 3266 ⁸

221 3234 424 3306 ndtsna
459 3276 471 3289 -
1131 3303 1314 3380 υτρρξο
1337 3303 1512 3380 Satyro
1529 3300 2264 3380 §9pr?11}°9!_f£§}€’}’99959‘3'

1195 3369 1221 3397 ⁸
1241 3363 1464 3429 Martyris
1484 3366 1542 3416 ad
1567 3363 1739 3416 laevam
1761 3363 1943 3416 detulit
1959 3365 2265 3429 Ambrosius.

1130 3429 1251 3481 Haec
1273 3427 1440 3480 meriti
1462 3441 1680 3491 merces,
1707 3432 1762 3478 ut
1782 3428 1910 3478 sacri
1926 3428 2180 3490 sanguinis
2197 3427 2370 3478 humor

1195 3491 1454 3544 Finitimas
1478 3497 1748 3556 penetrans
1769 3489 1920 3541 alluat
1943 3491 2165 3542 exuvias.

293 3628 322 3657 ³
357 3625 522 3678 Sancti
541 3623 756 3677 Victoris
781 3624 1032 3676 videlicet.

2401 3727 3214 3736 -—.—___—_—————_~._
3229 3728 3272 3736 -ο

650 3925 1620 4092 SANCTI
1780 3923 3119 4091 AMBROSII

1345 4197 1994 4263 MEDlOLANENSlS
2035 4197 2405 4292 EPISCOPI?

773 4390 915 4541 nr
1023 4383 1516 4543 EXGESSU
1621 4381 2125 4540 turns
2233 4325 2427 4541 su
2530 4383 2958 4542 SA'l‘illl

1547 4681 1847 4756 LIBRI
1912 4679 2201 4754 DUO‘.

1417 5015 1761 5100 LIBER
1832 5012 2310 5100 PRIMUS.

211 3726 3492 3791 ω

1915 4843 2382 4881 μ-

1324 4850 1796 4885 -υ--ς

1672 5170 2100 5203 ᾧ

290 5314 575 5391 11131.
607 5306 1172 5374 Deduximus,fratres
1191 5303 1812 5376 dilectissimi,hostiam
1919 5302 2173 5375 centem,
2216 5304 2246 5344 δ
2300 5305 2561 5364 domnum
2615 5313 2673 5362 et
2722 5306 2946 5362 fratrem
3002 5325 3180 5368 meum
3242 5311 3527 5387 Satyrum.

201 5427 416 5476 meam,
456 5407 691 5464 hostiam
738 5401 1256 5466 incontaminatam,
1291 5399 1524 5456 hostiam
1558 5401 1670 5457 Deo
1698 5399 1817 5471 pla-
1923 5401 2274 5458 Memineram
2333 5414 2459 5458 esse
2516 5399 2849 5466 mortalem,
2908 5416 3010 5459 nec
3073 5404 3270 5463 fefellit
3316 5409 3528 5485 opinio,

289 5563 312 5591 η
353 5551 552 5619 scrip“
579 5562 725 5604 anno
747 5545 874 5603 379.
1359 5611 1370 5619 .
1463 5612 1476 5619 _
1725 5615 1737 5619 Α
1925 5554 2080 5606 esse,
2111 5554 2214 5597 nec
2243 5554 2308 5596 ea
2332 5539 2555 5619 salutari
2600 5536 2842 5619 voluisse
2873 5539 3174 5619 Augustum
3205 5544 3533 5619 Caesarem‘:

287 5625 314 5662 ιι
355 5608 557 5680 omnes
585 5620 720 5676 edit.
751 5633 816 5673 ac
847 5631 978 5673 mss.
1033 5612 1303 5684 nonnulli,
1335 5611 1606 5666 dominum
1630 5620 1682 5665 et
1710 5615 1819 5681 [ναν
1926 5622 2117 5683 postea
2169 5623 2352 5667 autem
2383 5625 2412 5664 a
2439 5608 2806 5684 scriptoribus
2825 5652 2840 5673 ,
2874 5621 2933 5666 ut
2962 5608 3238 5673 humiliori
3267 5608 3534 5684 vocabulo

205 5707 382 5761 trem,-
410 5696 501 5751 alii
529 5691 864 5762 mss.plnres
892 5698 946 5762 e_t
975 5688 1239 5757 potiores,
1255 5683 1566 5762 damnum}!
1581 5687 1812 5762 fratrem.
1925 5681 2210 5740 uterentur
2230 5725 2246 5748 ,
2271 5698 2341 5738 ex
2373 5689 2465 5738 τοῦ
2507 5681 2760 5762 {ominus
2785 5681 2980 5762 factam
3011 5700 3134 5762 esse
3163 5705 3352 5762 vocem
3383 5681 3534 5752 dom;

205 5751 486 5839 Observat
511 5751 693 5821 autem
722 5751 1010 5839 Menardu's
1049 5765 1232 5839 noster
1262 5755 1315 5810 in
1343 5769 1465 5839 cap.
1499 5751 1818 5839 70'l‘iegulte
1925 5772 2024 5839 rtus
2059 5770 2154 5839 per
2181 5751 2677 5839 syncopen_.._9uod
2701 5751 3098 5839 Aubinexemgtig
3123 5775 3156 5817 θ
3185 5751 3535 5839 εθγζδηιρί-

207 5822 278 5896 S.
306 5836 512 5894 Bened.
538 5849 726 5890 vocem
758 5832 1043 5888 Dominum
1081 5828 1284 5898 regiam
1313 5834 1370 5882 et
1400 5822 1810 5897 imperatoriam
1923 5829 2019 5895 tio,
2051 5822 2108 5882 et
2147 5822 2365 5881 aliunde
2389 5823 2576 5894 petitis
2622 5822 2897 5895 probavit,
2960 5822 3111 5888 addit
3135 5833 3276 5904 apud
3308 5822 3534 5899 Graecos

467 5931 746 5993 PATnOL.
792 5924 966 5990 XVI.
3021 5923 3093 5989 Μ
