3932 6296
233 288 358 345 1:297

1109 292 1196 349 DE
1240 290 1553 352 EXCESSU
1600 295 1896 355 FRATRIS
1933 299 2043 357 SUl
2076 300 2333 358 SATYRI
2371 302 2501 360 LIB.
2544 305 2584 359 Ι.

3367 309 3510 367 1298

287 412 374 466 20.
415 411 552 481 Quid
581 412 744 483 igitur
769 427 909 468 nunc
926 427 1114 485 agam,
1139 429 1259 469 cum
1284 428 1480 472 omnes
1508 417 1631 471 vitae
1654 416 1812 472 istius
1835 421 1890 481 Α
1985 419 2075 475 25.
2115 423 2186 478 At
2215 438 2348 480 vero
2376 425 2462 480 ubi
2495 426 2760 483 ambobus
2791 429 3164 500 prodeundum
3213 433 3346 501 fuit,
3395 448 3510 490 non

222 503 548 570 suavitates,
596 514 788 560 cuncta
843 504 1074 571 solatia,
1119 515 1309 561 cuncta
1361 505 1598 580 denique
1638 523 1806 564 orna-

224 609 395 657 menta
421 602 742 658 amiserim?
772 601 852 658 Tu
883 604 1027 659 enim
1057 603 1191 659 mihi
1220 620 1357 660 unus
1387 619 1510 660 eras
1540 606 1690 662 domi
1719 621 1809 662 so-

222 694 376 760 lutio,
408 695 539 750 foris
568 694 752 751 decori
779 712 792 749 :
825 703 878 751 tu
899 737 914 763 ,
946 696 1163 767 inquam
1183 738 1197 763 ,
1231 697 1284 752 in
1313 698 1557 754 consiliis
1580 699 1805 766 arbiter,

222 805 360 846 curm
390 790 694 860 particeps,
743 789 1064 860 deprecator
1106 790 1520 860 sollicitudinis,
1552 791 1808 864 depulsor

223 884 469 940 mmroris
502 901 515 937 :
549 892 604 939 tu
645 899 890 940 meorum
934 893 1175 940 assertor
1222 896 1474 951 actuum,
1522 887 1808 958 cogitatio-

222 993 452 1049 numque
502 977 759 1033 defensor
798 995 813 1033 :
861 987 916 1033 tu
966 988 1246 1048 postremo
1286 995 1423 1032 unus
1448 1020 1462 1042 ,
1491 979 1544 1033 in
1569 995 1676 1050 quo
1711 977 1810 1033 do-

221 1071 435 1126 mestica
464 1070 774 1126 sollicitudo
796 1070 1086 1136 resideret,
1108 1070 1320 1142 publica
1339 1086 1470 1125 cura
1498 1071 1810 1142 requiesce-

221 1174 316 1220 ret.
349 1164 542 1220 Tesmr
564 1173 808 1220 sanctam
834 1165 1073 1219 animam
1108 1174 1254 1218 tuam
1277 1206 1292 1231 ,
1326 1179 1412 1220 me
1443 1163 1494 1218 in
1526 1173 1550 1200 ⁸
1591 1162 1810 1219 fabricis

218 1258 474 1314 Ecclesia:
502 1257 553 1314 id
583 1272 730 1328 saepe
761 1259 992 1314 veritum
1024 1273 1147 1314 esse
1168 1299 1183 1325 ,
1216 1273 1284 1314 ne
1310 1255 1653 1328 displicerem
1689 1256 1805 1313 tibi.

223 1352 458 1424 Denique
503 1351 596 1408 ubi
640 1351 884 1419 rediisti,
914 1352 1215 1425 objurgasti
1265 1368 1474 1409 moram
1518 1354 1634 1408 :ita
1662 1352 1810 1408 domi

219 1445 451 1518 forisque
479 1444 727 1502 ernditor
769 1445 992 1518 quidam
1033 1455 1090 1502 et
1127 1445 1332 1502 arbiter
1375 1444 1674 1501 sacerdotis
1705 1486 1720 1510 ,
1753 1451 1812 1500 ut

221 1545 512 1602 domestica
540 1545 781 1616 cogitare
811 1559 918 1600 non
947 1545 1157 1600 sineres
1175 1587 1189 1609 ,
1224 1543 1442 1614 publica
1467 1557 1662 1598 curare
1683 1556 1812 1598 cen-

219 1653 387 1696 seres.
419 1640 491 1695 At
517 1655 625 1695 non
653 1654 876 1706 verear,
910 1654 979 1695 ne
1007 1638 1193 1694 videar
1229 1647 1549 1709 arroganter
1587 1635 1808 1704 dicere;

224 1733 332 1788 lucc
362 1734 506 1789 enim
531 1735 704 1790 laudis
735 1745 839 1792 tuac
870 1738 1048 1807 portio
1073 1745 1189 1800 est.
1219 1736 1342 1805 quia
1366 1737 1486 1792 sine
1510 1735 1837 1792 oﬁ'ensione'

1915 513 2068 585 plura
2091 515 2142 570 in
2172 515 2370 575 itinere
2398 520 2652 592 vestigia,
2684 536 2843 592 quam
2873 523 3070 589 verba;
3105 540 3206 582 nec
3229 527 3500 595 incessus,

1912 624 2072 680 quam
2123 625 2304 666 sermo
2354 612 2602 670 crebrior
2644 633 2658 670 :
2705 631 2806 674 nec
2853 618 3164 675 ambulandi
3212 635 3375 689 cura,
3406 621 3509 678 sed

1912 702 2261 774 colloquendi
2288 706 2498 776 gratia;
2533 715 2759 780 uterque
2795 712 2941 766 enim
2988 722 3237 767 nostrum
3276 727 3342 768 ex
3376 713 3514 771 alte-

1912 795 2028 850 rius
2053 810 2148 851 ore
2176 796 2469 866 pendebat.
2498 799 2616 854 Non
2645 798 2852 856 intento
2884 813 3107 875 aspectu
3153 804 3336 875 legere
3379 805 3508 872 iter,

1913 892 2012 948 sed
2046 901 2232 949 mutuo
2276 904 2299 932 θ
2340 895 2606 951 sollicitos
2656 899 2892 968 experiri
2941 915 3256 964 sermones,
3289 900 3516 958 haurire

1913 987 2195 1044 oculorum
2219 990 2442 1060 gratiam
2465 1032 2480 1055 ,
2509 991 2720 1062 spirare
2745 992 2997 1050 fraternae
3041 995 3294 1070 imaginis
3323 996 3514 1068 volup-

1915 1089 2074 1137 tates.
2106 1081 2278 1150 Quam
2309 1083 2541 1140 virtutes
2569 1093 2688 1140 tuas
2711 1087 2907 1143 tacitus
2937 1103 3148 1144 mecum
3195 1090 3315 1161 ipse
3341 1091 3514 1146 mira-

1913 1173 2046 1230 har!
2077 1190 2237 1246 quam
2269 1175 2589 1246 plaudebam
2613 1177 2782 1246 mihi,
2813 1181 2962 1250 quod
2992 1182 3082 1237 tali
3115 1197 3202 1238 me
3245 1182 3514 1240 Dominus

1915 1266 2080 1324 fratre
2107 1269 2433 1335 donaverat,
2484 1281 2590 1328 tam
2632 1272 2863 1343 pudico,
2915 1285 3023 1331 tam
3056 1275 3074 1314 ί
3110 1276 3317 1334 efficaci
3343 1319 3360 1344 ,
3401 1287 3509 1334 tam

1916 1361 2224 1430 innocenti,
2261 1373 2368 1420 tam
2413 1365 2679 1436 simplici;
2715 1375 2774 1422 ut
2805 1383 2929 1424 cum
2959 1378 3107 1425 tuam
3139 1371 3510 1427 innocentiam

1914 1456 2244 1526 cogitarem,
2293 1458 2592 1515 efﬁcaciam
2642 1459 3029 1532 desperarem:
3059 1479 3180 1522 cum
3211 1463 3510 1522 efﬁcaciam

1915 1566 2226 1617 cernerem,
2279 1554 2647 1610 innocentiam
2700 1572 2808 1612 non
2841 1559 3126 1628 putarem!
3159 1558 3268 1616 Sed
3301 1568 3513 1616 utrum-

1915 1659 2021 1716 qua
2052 1644 2184 1700 mira
2213 1644 2443 1716 quadam
2473 1646 2672 1704 virtute
2713 1649 2998 1721 jungebas.

1987 1739 2080 1796 24.
2124 1741 2362 1813 Denique
2389 1757 2451 1797 ea
2493 1759 2613 1814 quae
2643 1744 2804 1800 ambo
2845 1746 3262 1817 nequiveramns
3289 1745 3511 1802 conclu-

223 1825 328 1880 ulla
370 1835 426 1880 et
453 1828 768 1897 gubernasti
798 1828 982 1886 fratris
1031 1829 1285 1895 domum,
1318 1838 1374 1884 et
1412 1828 1809 1885 commendasti
1841 1822 1886 1882 B
1915 1832 2045 1890 dere
2067 1875 2082 1900 ,
2110 1834 2262 1890 solus
2302 1835 2561 1905 implesti.
2592 1836 2889 1893 Plaudebat
2911 1838 3043 1907 sibi,
3074 1847 3133 1893 ut
3156 1838 3352 1905 audio,
3373 1837 3516 1894 Pro-

221 1918 601 1974 sacerdmium.

287 2011 377 2066 2t.
421 2011 610 2069 Sentio
640 2013 892 2085 equidem
924 2012 1067 2084 quod
1101 2012 1412 2084 repetendis
1438 2012 1634 2070 ofﬁciis
1666 2014 1770 2069 tuis
1790 2054 1807 2079 ,

219 2105 674 2179 recensendisque
719 2109 1029 2175 virtutibus,
1078 2108 1346 2164 afﬁciatur
1397 2109 1608 2164 animus
1648 2129 1660 2161 :
1713 2106 1811 2164 sed

219 2209 395 2256 tamen
429 2200 482 2255 iu
522 2201 639 2271 ipsa
670 2201 774 2258 mei
823 2201 1114 2258 affectione
1161 2202 1442 2273 requiesco
1465 2244 1480 2269 ,
1511 2211 1675 2274 atque
1724 2200 1808 2256 ha:

216 2296 344 2350 mihi
391 2297 798 2353 recordationes
838 2298 939 2353 etsi
981 2297 1227 2354 dolorem
1277 2306 1579 2364 renovant,
1626 2306 1807 2352 tamen

212 2388 443 2444 afferunt
471 2389 826 2459 voluptatem.
855 2390 938 2444 Αιι
981 2406 1082 2462 ego
1129 2405 1347 2460 possum
1381 2399 1476 2444 aut
1507 2404 1612 2444 non
1657 2389 1808 2460 cogi-

215 2493 327 2538 tare
355 2482 424 2539 de
455 2490 508 2540 te
529 2522 545 2550 ,
575 2494 669 2539 aut
698 2500 950 2556 umquam
979 2485 1099 2540 sine
1138 2484 1394 2555 lacrymis
1428 2482 1709 2554 cogitare?
1741 2483 1809 2538 Et

214 2586 403 2648 potero
455 2593 709 2649 umquam
759 2587 854 2633 aut
881 2578 1036 2646 _tauti
1071 2592 1178 2633 non
1223 2575 1538 2632 meminisse
1585 2574 1804 2640 fratris,

213 2680 301 2724 aut
326 2670 445 2727 sine
473 2669 808 2742 lacrymabili
839 2670 1070 2742 quadam
1097 2670 1410 2726 meminisse
1429 2669 1603 2741 gratia
1624 2669 1647 2723 ἲ
1664 2667 1806 2735 Quid

211 2767 354 2822 cnim
405 2766 536 2822 mihi
588 2782 843 2838 umquam
870 2766 1170 2836 jucundum
1193 2807 1207 2830 ,
1245 2763 1389 2835 quod
1423 2778 1528 2819 non
1559 2773 1708 2820 esset
1737 2779 1801 2818 ex

214 2868 266 2916 te
296 2859 644 2930 profectum?
673 2860 812 2930 Quid
833 2900 848 2926 ,
882 2861 1103 2932 inquam
1125 2902 1140 2924 ,
1172 2858 1300 2914 mihi
1327 2859 1444 2914 sine
1477 2869 1557 2925 te,
1590 2865 1682 2913 aut
1711 2856 1805 2912 tibi

211 2967 467 3024 umquam
499 2951 618 3007 sine
648 2966 736 3008 me
763 2952 1026 3024 voluptati
1075 2950 1222 3006 fuit?
1249 2950 1383 3019 Quis
1414 2967 1520 3006 non
1552 2964 1680 3005 usus
1714 2963 1809 3004 uo-

213 3046 330 3112 bis,
378 3053 432 3100 et
479 3061 648 3116 prope
695 3045 844 3101 visus
893 3046 1038 3117 ipse,
1092 3058 1426 3114 somnusque
1470 3041 1809 3098 communis?

212 3140 348 3208 Qua:
392 3139 626 3197 discreta
677 3155 933 3212 umquam
983 3123 1279 3206 voluntas?
1308 3136 1462 3205 Quod
1514 3152 1620 3191 non
1659 3149 1810 3192 com-

1916 1942 2043 1998 sper
2062 1970 2077 1996 ,
2111 1928 2255 2000 quod
2287 1929 2578 1986 sacerdotii
2607 1931 2711 1986 mei
2742 1931 3032 1987 occasione
3061 1931 3398 1988 redditurum
3427 1945 3513 1994 se,

1917 2037 2038 2094 qua:
2079 2021 2407 2089 abstulerat,
2454 2038 2561 2078 non
2597 2022 2855 2092 putabat:
2890 2023 2992 2080 sed
3041 2023 3510 2081 vehementiorem

1917 2124 2060 2170 tuam
2095 2115 2254 2169 unius
2283 2113 2585 2171 efﬁcaciam
2614 2126 2878 2185 expertus
2902 2124 3017 2180 est,
3050 2131 3213 2187 quam
3258 2115 3514 2172 duorum.

1915 2209 2100 2280 Itaque
2130 2208 2289 2264 solvit
2319 2208 2536 2275 omnia,
2567 2224 2666 2264 nec
2693 2208 3057 2265 moderationi
3089 2209 3335 2281 ingratus
3365 2219 3470 2264 tua:
3499 2252 3515 2273 ,

1912 2318 2015 2358 nec
2043 2301 2273 2358 illudens
2313 2301 2506 2372 pudori
2552 2319 2566 2356 :
2610 2301 2705 2357 sed
2738 2309 2795 2357 et
2834 2301 3116 2358 modestia
3156 2312 3377 2374 gratus,
3412 2315 3516 2358 nec

1913 2394 2156 2449 insolens
2204 2392 2480 2448 efﬁcaciae.
2531 2392 2638 2449 Sed
2689 2394 2822 2459 cui,
2851 2392 3050 2457 frater,
3100 2392 3192 2448 illa
3241 2392 3521 2463 quaesisti?

1910 2486 2021 2542 Nos
2043 2486 2188 2542 enim
2219 2485 2359 2542 idem
2380 2485 2695 2540 volebamus
2716 2484 2959 2538 laborum
2992 2493 3211 2539 tuorum
3233 2498 3355 2539 esse
3378 2499 3518 2554 prae-

1912 2582 2080 2637 mium
2100 2623 2115 2645 ,
2148 2579 2290 2650 quod
2337 2578 2724 2634 documentum
2749 2586 2889 2632 erat.
2920 2577 3188 2650 Peregisti
3216 2577 3396 2633 omnia
3415 2617 3431 2644 ,
3461 2586 3520 2632 et

1913 2674 2004 2748 ubi
2060 2674 2376 2745 perfunctus
2420 2672 2674 2728 omnibus
2702 2671 3005 2740 revertisti,
3040 2681 3097 2726 tu
3121 2671 3274 2728 solus
3317 2669 3477 2726 nobis
3501 2713 3521 2737 ,

1909 2769 2000 2839 qui
2032 2766 2283 2823 onmibus
2326 2781 2387 2822 es
2437 2764 2809 2836 praeferendus
2831 2805 2846 2831 ,
2880 2764 3145 2834 eriperis;
3178 2764 3331 2835 quasi
3389 2762 3518 2818 ideo

1909 2867 2143 2925 mortem
2183 2857 2495 2922 distuleris,
2548 2864 2606 2911 ut
2653 2870 3066 2912 consummares
3119 2854 3338 2926 pietatis
3387 2852 3516 2908 ofﬁ-

1907 2952 2054 3009 cium
2077 2991 2092 3018 ,
2125 2951 2361 3021 palmam
2391 2947 2651 3005 efﬁcaciae
2676 2957 3008 3018 reportares.

1979 3043 2073 3098 25.
2106 3042 2276 3110 Quam
2311 3055 2413 3096 nec
2443 3039 2547 3110 ipsi
2578 3054 2709 3107 nos,
2747 3038 2915 3094 frater
2942 3036 3263 3094 eharissime
3283 3079 3298 3103 ,
3329 3037 3517 3093 sarculi

1913 3134 2072 3206 hujus
2115 3132 2465 3190 delectabant
2513 3133 2749 3188 honores
2769 3174 2783 3198 ,
2810 3130 2956 3201 quod
2987 3145 3085 3185 nos
3112 3145 3142 3184 a
3189 3129 3346 3185 nobis
3379 3130 3519 3184 invi-

213 3248 377 3289 nmne
395 3232 765 3305 vestigium?b
796 3233 910 3290 fere
932 3243 994 3289 ut
1021 3249 1143 3288 cum
1164 3233 1390 3302 gradum
1415 3229 1689 3292 tollerem,
1719 3227 1803 3284 vel
1831 3228 1879 3291 C
1907 3244 2026 3286 cem
2055 3227 2402 3283 dividebant!
2431 3225 2580 3294 Quos
2614 3225 2738 3280 ideo
2765 3224 2946 3292 adepti
2985 3237 3171 3278 sumus
3195 3264 3209 3288 ,
3252 3239 3360 3277 non
3391 3223 3518 3292 quia

212 3334 266 3381 tu
292 3342 473 3383 meum
495 3370 510 3395 ,
543 3328 628 3383 vel
653 3343 753 3398 ego
785 3338 932 3383 tuum
965 3341 1162 3397 corpus
1177 3326 1492 3381 videremur
1533 3323 1806 3379 attollere.

280 3419 372 3475 22.
414 3419 568 3489 Quod
598 3421 642 3476 si
671 3420 892 3492 quando
919 3422 1036 3477 sine
1061 3420 1238 3475 altero
1267 3416 1646 3490 prodeundum
1675 3415 1808 3482 fuit,

207 3514 471 3571 intectum
502 3514 642 3570 latus
670 3525 923 3587 putares,
952 3526 974 3555 ο
1006 3514 1258 3570 allectum
1294 3513 1499 3569 vultum
1527 3527 1808 3578 cerneres,

209 3618 464 3664 moestum
494 3609 734 3664 animum
758 3608 1036 3678 judicares
1061 3625 1074 3661 :
1097 3623 1204 3662 non
1231 3614 1444 3661 assueta
1483 3604 1680 3675 gratia,
1703 3620 1812 3663 non

212 3701 367 3770 vigor
393 3700 585 3755 solitus
618 3699 979 3769 przcuitebat:
1012 3709 1262 3770 suspecta
1295 3696 1548 3751 omnibus
1574 3691 1813 3750 solitudo

208 3800 417 3848 metum
448 3792 679 3863 alicujus
708 3792 1044 3864 aegritudinis
1071 3791 1351 3848 afferebat.
1388 3789 1462 3844 Ita
1504 3804 1704 3845 novum
1732 3787 1812 3842 vi-

205 3885 438 3942 debatur
479 3886 732 3942 omnibus
783 3902 885 3942 nos
925 3886 1129 3942 dividi!
1189 3885 1302 3954 Ego
1348 3893 1498 3966 certe
1554 3881 1814 3936 fraterna:

209 3978 545 4050 dimpatiens
567 3989 623 4036 et
645 3997 752 4037 non
771 3981 972 4036 oblitus
999 3980 1280 4044 absentiae,
1307 3979 1459 4049 quasi
1483 3986 1810 4048 praesentem

211 4075 413 4130 reﬂexa
445 4075 644 4145 saepius
675 4075 886 4130 cervice
929 4073 1238 4144 quaerebam
1258 4114 1272 4138 ,
1303 4083 1355 4127 et
1386 4085 1568 4125 coram
1611 4067 1812 4138 alloqui

209 4178 378 4239 atque
403 4168 648 4238 aspicere
681 4168 902 4222 videbar
922 4167 1052 4221 mihi
1081 4185 1092 4219 ε
1124 4165 1220 4220 sed
1250 4174 1520 4234 tamquam
1548 4176 1816 4230 suspenso

210 4264 356 4320 collo
390 4264 614 4334 jugum,
648 4263 734 4318 ubi
782 4263 1012 4332 speratis
1051 4259 1390 4322 excideram,
1447 4255 1660 4328 1120
1705 4264 1816 4309 tra-

213 4354 348 4410 here
397 4370 482 4409 me
531 4356 827 4426 putabam,
876 4349 1114 4408 difﬁcilis
1159 4347 1442 4421 progredi,
1476 4345 1816 4403 verecundus

212 4447 426 4515 videri,
456 4456 512 4504 et
538 4448 714 4504 redire
744 4461 1041 4518 properans
1061 4486 1076 4510 ,
1109 4444 1250 4516 quod
1279 4443 1397 4498 sine
1437 4449 1488 4497 te
1519 4439 1816 4512 procedere

217 4559 328 4600 non
359 4543 572 4600 liberet.

1914 3320 2013 3376 fuit
2047 3330 2072 3368 8
2098 3335 2288 3376 eorum
2321 3318 2622 3390 expetenda
2652 3316 2929 3387 perceptio
2949 3357 2963 3382 ,
2992 3314 3087 3372 sed
3110 3331 3177 3370 ne
3202 3313 3325 3369 vilis
3350 3313 3516 3370 dissi-

1916 3413 2138 3467 mulatio
2164 3411 2459 3467 videretur.
2491 3412 2596 3466 Aut
2624 3409 2852 3466 fortasse
2898 3408 3020 3465 ideo
3049 3418 3177 3463 sunt
3203 3407 3388 3464 tributi
3411 3449 3427 3473 ,
3460 3417 3521 3463 ut

1914 3507 2039 3579 quia
2063 3509 2352 3561 immaturo
2375 3506 2449 3560 tui
2480 3504 2628 3560 obitu
2653 3513 2854 3559 nostrze
2885 3503 3097 3559 futurus
3128 3515 3251 3557 eras
3272 3501 3518 3571 volupta-

1916 3601 1984 3656 tis
2013 3613 2272 3668 occasus,
2304 3599 2421 3654 sine
2449 3598 2606 3654 nobis
2624 3597 2736 3666 jam
2766 3598 2950 3652 vivere
2975 3596 3328 3652 disceremus.

1987 3693 2079 3750 26.
2121 3693 2189 3748 Et
2215 3691 2432 3763 quidem
2476 3705 2732 3762 praesaga:
2773 3689 2970 3745 mentis
3006 3703 3244 3760 agnosco
3266 3686 3516 3744 formidi-

1917 3801 2040 3842 nem
2061 3826 2077 3852 ,
2101 3785 2229 3840 dum
2253 3794 2443 3855 repeto
2463 3798 2642 3854 sarpe,
2667 3796 2788 3853 quae
2814 3781 3148 3853 scripserim.
3171 3780 3515 3836 Revocabam

1920 3891 2004 3946 te,
2038 3880 2240 3943 frater,
2273 3894 2340 3934 ne
2381 3877 2499 3948 ipse
2544 3875 2780 3932 Africam
2826 3883 3073 3946 peteres,
3105 3889 3168 3929 ac
3195 3874 3376 3945 potius
3416 3873 3520 3929 ali-

1917 3987 2077 4043 quem
2109 3971 2438 4027 destinares.
2470 3969 2752 4024 'l‘imebam
2777 3975 2830 4023 te
2854 3967 3198 4028 committere
3228 3967 3361 4030 viae,
3410 3965 3516 4021 ﬁu-

1919 4065 2097 4122 ctibus
2146 4065 2409 4130 credere,
2464 4075 2520 4120 et
2563 4063 2728 4120 solito
2777 4071 2955 4118 metus
2997 4061 3173 4128 major
3213 4060 3525 4116 incesserat

1919 4159 2160 4215 animum
2184 4177 2194 4212 :
2226 4157 2321 4214 sed
2346 4167 2403 4213 et
2431 4157 2926 4228 peregrinationem
2951 4153 3268 4224 explicuisti
3287 4193 3303 4221 ,
3328 4163 3380 4209 et
3399 4169 3519 4210 rem

1920 4251 2215 4318 ordinasti,
2245 4260 2303 4306 et
2329 4251 2498 4306 veteri
2527 4247 2555 4286 ιι
2585 4259 2639 4305 et
2667 4249 2986 4314 sentiuoso,
3017 4254 3073 4302 ut
3093 4246 3278 4314 audio,
3301 4246 3521 4318 navigio

1919 4345 2120 4402 iterum
2167 4354 2219 4401 te
2261 4345 2516 4401 ﬂuctibus
2545 4342 2852 4399 credidisti.
2885 4342 3130 4413 Namque
3159 4356 3283 4397 cum
3321 4340 3525 4398 celeri-

1921 4448 2089 4496 tatem
2135 4439 2456 4510 aucuparis,
2505 4437 2775 4493 cautelam
2829 4435 3270 4506 praetermisisti,
3328 4432 3524 4491 avidus

1923 4540 2124 4589 nostra:
2152 4531 2375 4604 gratias,
2409 4529 2764 4586 dissimulans
2794 4526 3024 4600 periculi
3058 4527 3155 4584 tui.

299 4720 322 4746 υ
365 4705 568 4762 Omnes
616 4704 772 4769 edit.,
803 4704 858 4757 iu
886 4699 1104 4773 publicis
1135 4697 1400 4761 ecclesiis;
1442 4695 1616 4773 Paris.
1663 4705 1811 4764 quae-
1836 4701 1893 4763 1)
1993 4703 2014 4773 ξε
2057 4688 2240 4744 Codex
2273 4687 2402 4743 Tur.
2425 4688 2618 4773 solus,
2651 4685 2897 4773 agedum
2924 4686 3238 4773 multatum.
3258 4683 3527 4773 Sequenti

218 4782 346 4837 dam
370 4821 384 4840 .
422 4778 666 4835 Ecclesiis
698 4793 717 4831 :
745 4766 948 4839 optime
976 4787 1105 4826 vero
1135 4783 1265 4824 mss.
1303 4782 1472 4840 prope
1500 4766 1568 4820 ad
1600 4780 1766 4820 unum
1793 4804 1809 4840 ε

217 4835 274 4908 in
307 4835 513 4924 [ultricis
546 4835 815 4924 Ecclesiae.
845 4843 990 4899 Infra
1018 4843 1182 4897 etiam
1213 4835 1343 4924 pro,
1374 4835 1443 4924 _Ut
1469 4851 1643 4924 vereor
1666 4835 1810 4924 quod

217 4911 340 4978 erat
372 4926 424 4978 itt
457 4923 708 4977 omnibus
732 4917 863 4974 edit.
897 4929 961 4970 ac
992 4927 1123 4969 mss.
1158 4911 1514 4980 quihusdam,
1543 4911 1634 4980 alii
1679 4920 1811 4960 mss.

220 4991 648 5064 frequentissimi
700 4991 919 5064 legunt,
969 4995 1026 5039 ut
1075 4979 1400 5064 non'vereqr.
1447 4979 1600 5064 Quod
1631 4986 1813 5064 autem

219 5052 574 5139 praemittitur
603 5063 672 5119 de
717 5052 934 5139 fabricis
973 5055 1234 5139 ecclesia:
1257 5095 1270 5119 ,
1317 5052 1385 5107 de
1409 5052 1818 5139 coustructione

220 5122 638 5201 intelligendum
668 5143 752 5189 est
782 5131 924 5206 illius
973 5127 1212 5206 basilica:
1235 5164 1250 5187 ,
1281 5139 1441 5194 quam
1477 5122 1569 5206 _Vir
1597 5127 1821 5206 sanctus

221 5191 515 5268 timidam
545 5203 882 5267 construxit,
916 5211 970 5256 et
997 5198 1245 5273 eamdem
1273 5191 1398 5273 esse
1427 5193 1495 5249 ad
1535 5191 1818 5273 epistolam

220 5263 733 5339 é—Q‘aimotavimus,
765 5263 922 5342 cujus
943 5273 1010 5326 ab
1035 5285 1102 5342 eo
1130 5267 1328 5342 ibidem
1368 5267 1428 5342 ﬁt
1448 5263 1823 5342 men_tio‘.__Ejus

221 5333 409 5409 ἕῦεέίἧ
427 5333 667 5406 meminit
691 5333 981 5415 Gregorius
1007 5339 1346 5415 Turonensis
1373 5337 1470 5415 lib.
1506 5352 1519 5390 I
1550 5333 1824 5415 de_(_}l_ori_a

222 5403 470 5494 ssi-19.;
491 5403 641 5494 cap:
660 5419 782 5494 ζῆ,-
803 5403 949 5470 sicut
986 5423 1042 5494 ent
1072 5408 1551 5494 _ughcnus_'rotuo
1571 5405 1668 5494 “IV
1683 5403 1818 5494 μιν.

221 5477 435 5558 sacrm,
465 5477 585 5563 pag'.
615 5489 704 5546 54.
740 5477 923 5558 Neque
944 5477 1316 5553 otﬁcitfquod
1351 5482 1451 5536 hac
1493 5481 1543 5563 in
1570 5477 1826 5563 Oratione

224 5547 565 5622 λιίίιῲτόεὲιιέ
585 5569 812 5617 testatur
837 5547 1020 5613 curam
1047 5547 1230 5612 rerum
1263 5551 1638 5623 temporalium
1643 5564 1694 5623 _a
1721 5547 1825 5623 fra-

225 5619 317 5692 tre
351 5635 551 5705 Satyro
575 5641 880 5705 susceptam
907 5644 1057 5705 esse;
1076 5625 1344 5705 .quidqttid
1377 5619 1522 5705 enim
1551 5621 1617 5676 ad
1643 5619 1829 5705 Ecclef

226 5710 333 5766 sia:
381 5696 554 5761 decus
597 5696 974 5774 pertinetrab
1005 5696 1522 5774 ep_i_scopali__of_ﬁcio
1555 5708 1662 5748 non
1681 5703 1828 5774 “esse

229 5762 475 5837 alienum
505 5762 734 5846 ipsemet
763 5762 1159 5846 proﬁt-etur'lib.
1193 5762 1228 5820 il
1257 5765 1498 5846 Ofﬁcior.
1525 5778 1659 5846 cap.
1679 5762 1771 5815 2|.

315 5852 340 5889 ι’
383 5850 497 5904 Non
529 5836 686 5917 pauci
717 5836 872 5905 mss.,
914 5839 1077 5901 Vere,
1113 5849 1165 5891 ut
1191 5853 1304 5890 cum
1331 5836 1580 5907 gradum,
1613 5845 1719 5889 etc.

1917 4771 2101 4817 autem
2133 4775 2294 4815 versu
2327 4760 2481 4813 multi
2513 4758 2638 4814 cod.
2680 4757 2873 4823 simul,
2909 4773 3011 4810 non
3041 4756 3108 4810 ad
3150 4763 3526 4826 sanctamigra-

1920 4834 2044 4886 tiam
2087 4832 2233 4903 vigor
2282 4830 2471 4884 solitus
2506 4828 2816 4898 paenitebat:
2843 4829 3039 4883 melius
3087 4838 3269 4881 tamen
3297 4825 3422 4890 alii,
3457 4841 3523 4884 ac

1920 4917 2112 4959 omnes
2141 4902 2273 4957 edit.
2305 4902 2441 4956 utin
2471 4911 2638 4955 textu.

1994 4972 2019 5011 ἀ
2065 4973 2190 5029 Mss.
2221 4973 2428 5042 aliquot
2450 4972 2739 5038 omittunt,
2765 4973 3009 5042 fraterna:
3045 4969 3231 5024 oblitus
3250 4967 3519 5026 absentiae.

1922 5043 2040 5100 Non
2072 5059 2236 5114 pravo
2259 5058 2442 5099 sensu.
2670 5113 2674 5114 ί
3247 5055 3251 5062 ’

2001 5127 2024 5186 9
2065 5113 2181 5170 Non
2202 5116 2355 5186 pauci
2387 5130 2554 5186 mss",
2577 5113 2759 5186 solitos
2789 5114 3337 5186 eaciperegsermonu.

2003 5185 2022 5225 ί
2063 5182 2476 5243 Ιιιθο’θῐῐίοιιοεε
2499 5226 2516 5252 ,
2546 5185 2598 5240 id
2628 5194 2747 5250 est,
2779 5183 2846 5238 ad
2873 5182 3148 5254 agendum
3177 5195 3333 5237 acres
3361 5189 3526 5254 atque

1928 5259 2169 5325 habiles,
2205 5257 2587 5314 innocentibus
2631 5270 2694 5311 ac
2721 5253 3060 5323 simplicibus
3109 5252 3530 5325 hicioppouun-

1928 5341 2039 5397 tur,
2063 5331 2187 5400 quia
2211 5345 2335 5385 cum
2359 5329 2465 5385 illis
2489 5329 2609 5400 plus
2633 5329 2759 5382 insit
2780 5324 3131 5400 sanguiniset
3148 5324 3372 5390 caloris,
3398 5324 3531 5380 faci-

1927 5395 2033 5460 lius
2053 5395 2336 5459 alfectibus
2357 5395 2672 5471 cupiditatis
2697 5406 2791 5452 aut
2811 5397 2920 5451 odii
2953 5395 3330 5466 abripiuntur,
3363 5411 3526 5466 quam

1928 5476 2044 5593 alia.
2071 5545 2199 5601 Mss.
2242 5545 2476 5614 aliquot,
2530 5556 2730 5614 eorum_
2758 5539 3102 5614 amputanda
3142 5537 3535 5614 perceptio._Et

1931 5616 2070 5672 infra
2117 5609 2350 5687 partim,
2400 5610 2730 5687 maturo__tui
2776 5609 2946 5687 obitu,
3015 5611 3213 5678 partim
3261 5610 3535 5665 maturiori

1936 5689 2073 5743 obitu
2097 5681 2234 5742 {alii
2281 5699 2408 5738 vero
2428 5725 2443 5749 ,
2472 5693 2526 5737 et
2555 5681 2686 5738 edit.
2721 5690 2777 5733 ut
2809 5682 2858 5732 in
2888 5689 3057 5734 textu.

2012 5759 2034 5796 ι.
2080 5759 2392 5821 seminam,
2419 5755 2468 5808 id
2498 5765 2614 5817 est,
2645 5754 2696 5823 in
2727 5751 2882 5823 cujus
2900 5751 3170 5806 sentinam
3200 5766 3337 5823 aqua
3366 5752 3537 5808 multa

1941 5837 2036 5900 per
2072 5831 2383 5884 fzttisceutes
2414 5827 2580 5880 rimas
2613 5821 2888 5876 inﬂuebat.
