  <div class='ocr_page' id='page_1' title='image "/cluster/home/n/w/nwhite01/storage/ocr_20150623/16/hvd.32044015471998/654.png"; bbox 0 0 3932 6296; ppageno 0'>
   <div class='ocr_carea' id='block_1_1' title="bbox 179 303 307 360">
    <p class='ocr_par' dir='ltr' id='par_1_1' title="bbox 179 303 307 360">
     <span class='ocr_line' id='line_1_1' title="bbox 179 303 307 360; baseline 0.008 -1"><span class='ocrx_word' id='word_1_1' title='bbox 179 303 307 360; x_wconf 75' lang='grc'><strong>1501</strong></span> 
     </span>
    </p>
   </div>
   <div class='ocr_carea' id='block_1_2' title="bbox 1074 310 2560 380">
    <p class='ocr_par' dir='ltr' id='par_1_2' title="bbox 1074 310 2560 380">
     <span class='ocr_line' id='line_1_2' title="bbox 1074 310 2560 380; baseline 0.009 -14"><span class='ocrx_word' id='word_1_2' title='bbox 1074 310 1163 367; x_wconf 89' lang='lat' dir='ltr'><strong>DE</strong></span> <span class='ocrx_word' id='word_1_3' title='bbox 1205 310 1516 370; x_wconf 79' lang='lat' dir='ltr'><strong>EXCESSU</strong></span> <span class='ocrx_word' id='word_1_4' title='bbox 1555 313 1860 374; x_wconf 73' lang='lat' dir='ltr'><strong>FRATRIS</strong></span> <span class='ocrx_word' id='word_1_5' title='bbox 1899 317 2013 376; x_wconf 75' lang='lat' dir='ltr'><strong>SUI</strong></span> <span class='ocrx_word' id='word_1_6' title='bbox 2045 318 2306 379; x_wconf 78' lang='lat' dir='ltr'><strong>SATYRI</strong></span> <span class='ocrx_word' id='word_1_7' title='bbox 2345 322 2474 379; x_wconf 84' lang='lat' dir='ltr'><strong>LIB.</strong></span> <span class='ocrx_word' id='word_1_8' title='bbox 2518 324 2560 380; x_wconf 86' lang='grc'><strong>1.</strong></span> 
     </span>
    </p>
   </div>
   <div class='ocr_carea' id='block_1_3' title="bbox 3339 342 3480 399">
    <p class='ocr_par' dir='ltr' id='par_1_3' title="bbox 3339 342 3480 399">
     <span class='ocr_line' id='line_1_3' title="bbox 3339 342 3480 399; baseline 0.014 -2"><span class='ocrx_word' id='word_1_9' title='bbox 3339 342 3480 399; x_wconf 61' lang='lat'><strong>1502</strong></span> 
     </span>
    </p>
   </div>
   <div class='ocr_carea' id='block_1_4' title="bbox 176 434 3475 518">
    <p class='ocr_par' dir='ltr' id='par_1_4' title="bbox 176 434 3475 518">
     <span class='ocr_line' id='line_1_4' title="bbox 176 434 3475 518; baseline 0.006 -23"><span class='ocrx_word' id='word_1_10' title='bbox 176 441 420 497; x_wconf 75' lang='lat' dir='ltr'><strong>infirmus</strong></span> <span class='ocrx_word' id='word_1_11' title='bbox 465 457 566 513; x_wconf 85' lang='lat' dir='ltr'><strong>pro</strong></span> <span class='ocrx_word' id='word_1_12' title='bbox 613 443 801 511; x_wconf 78' lang='lat' dir='ltr'><strong>nobis,</strong></span> <span class='ocrx_word' id='word_1_13' title='bbox 833 454 1014 502; x_wconf 86' lang='lat' dir='ltr'><strong>tamen</strong></span> <span class='ocrx_word' id='word_1_14' title='bbox 1043 447 1236 504; x_wconf 80' lang='lat' dir='ltr'><strong>firmus</strong></span> <span class='ocrx_word' id='word_1_15' title='bbox 1279 449 1398 504; x_wconf 87' lang='lat' dir='ltr'><strong>tibi.</strong></span> <span class='ocrx_word' id='word_1_16' title='bbox 1443 450 1701 518; x_wconf 83' lang='lat' dir='ltr'><strong>Quicum</strong></span> <span class='ocrx_word' id='word_1_17' title='bbox 1729 461 1763 508; x_wconf 75' lang='lat' dir='ltr'><strong>a</strong></span> <span class='ocrx_word' id='word_1_18' title='bbox 1793 434 1844 494; x_wconf 76' lang='grc' dir='ltr'>Α</span> <span class='ocrx_word' id='word_1_19' title='bbox 1872 435 2044 504; x_wconf 71' lang='grc' dir='ltr'><strong>βεηάο</strong></span> <span class='ocrx_word' id='word_1_20' title='bbox 2070 437 2083 490; x_wconf 71' lang='grc' dir='ltr'><strong>ῑ</strong></span> <span class='ocrx_word' id='word_1_21' title='bbox 2129 436 2262 504; x_wconf 59' lang='lat' dir='ltr'><strong>Qu“!</strong></span> <span class='ocrx_word' id='word_1_22' title='bbox 2292 447 2414 494; x_wconf 68' lang='grc' dir='ltr'><strong>νοω</strong></span> <span class='ocrx_word' id='word_1_23' title='bbox 2448 440 2744 498; x_wconf 48' lang='lat' dir='ltr'><strong>dentium!</strong></span> <span class='ocrx_word' id='word_1_24' title='bbox 2787 443 2922 511; x_wconf 64' lang='lat' dir='ltr'><strong>Qua!</strong></span> <span class='ocrx_word' id='word_1_25' title='bbox 2949 447 3247 507; x_wconf 60' lang='lat' dir='ltr'><strong>ministeria</strong></span> <span class='ocrx_word' id='word_1_26' title='bbox 3273 467 3475 510; x_wconf 65' lang='grc' dir='ltr'><strong>ωερε-</strong></span> 
     </span>
    </p>
   </div>
   <div class='ocr_carea' id='block_1_5' title="bbox 171 534 1761 614">
    <p class='ocr_par' dir='ltr' id='par_1_5' title="bbox 171 534 1761 614">
     <span class='ocr_line' id='line_1_5' title="bbox 171 534 1761 614; baseline 0.007 -24"><span class='ocrx_word' id='word_1_27' title='bbox 171 534 288 590; x_wconf 87' lang='lat' dir='ltr'><strong>viro</strong></span> <span class='ocrx_word' id='word_1_28' title='bbox 329 537 496 592; x_wconf 88' lang='lat' dir='ltr'><strong>nobili</strong></span> <span class='ocrx_word' id='word_1_29' title='bbox 542 540 879 594; x_wconf 85' lang='lat' dir='ltr'><strong>revocareris</strong></span> <span class='ocrx_word' id='word_1_30' title='bbox 911 550 935 576; x_wconf 71' lang='grc' dir='ltr'><strong>ει</strong></span> <span class='ocrx_word' id='word_1_31' title='bbox 966 540 1298 613; x_wconf 84' lang='lat' dir='ltr'><strong>Symmacho</strong></span> <span class='ocrx_word' id='word_1_32' title='bbox 1343 552 1444 598; x_wconf 79' lang='lat' dir='ltr'><strong>tuo</strong></span> <span class='ocrx_word' id='word_1_33' title='bbox 1487 558 1719 614; x_wconf 64' lang='lat' dir='ltr'><strong>parente</strong></span> <span class='ocrx_word' id='word_1_34' title='bbox 1746 587 1761 610; x_wconf 88' lang='lat'><strong>,</strong></span> 
     </span>
    </p>
   </div>
   <div class='ocr_carea' id='block_1_6' title="bbox 171 629 1763 708">
    <p class='ocr_par' dir='ltr' id='par_1_6' title="bbox 171 629 1763 708">
     <span class='ocr_line' id='line_1_6' title="bbox 171 629 1763 708; baseline 0.006 -24"><span class='ocrx_word' id='word_1_35' title='bbox 171 629 313 701; x_wconf 81' lang='lat' dir='ltr'><strong>quod</strong></span> <span class='ocrx_word' id='word_1_36' title='bbox 341 631 540 688; x_wconf 82' lang='lat' dir='ltr'><strong>ardere</strong></span> <span class='ocrx_word' id='word_1_37' title='bbox 581 632 726 688; x_wconf 74' lang='lat' dir='ltr'><strong>bello</strong></span> <span class='ocrx_word' id='word_1_38' title='bbox 762 631 916 690; x_wconf 82' lang='lat' dir='ltr'><strong>Italia</strong></span> <span class='ocrx_word' id='word_1_39' title='bbox 939 633 1219 691; x_wconf 67' lang='lat' dir='ltr'><strong>diceretur</strong></span> <span class='ocrx_word' id='word_1_40' title='bbox 1237 677 1255 703; x_wconf 94' lang='lat'><strong>,</strong></span> <span class='ocrx_word' id='word_1_41' title='bbox 1283 636 1429 706; x_wconf 85' lang='lat' dir='ltr'><strong>quod</strong></span> <span class='ocrx_word' id='word_1_42' title='bbox 1469 637 1523 692; x_wconf 89' lang='lat' dir='ltr'><strong>in</strong></span> <span class='ocrx_word' id='word_1_43' title='bbox 1549 638 1763 708; x_wconf 82' lang='lat' dir='ltr'><strong>perieu-</strong></span> 
     </span>
    </p>
   </div>
   <div class='ocr_carea' id='block_1_7' title="bbox 169 724 1765 803">
    <p class='ocr_par' dir='ltr' id='par_1_7' title="bbox 169 724 1765 803">
     <span class='ocr_line' id='line_1_7' title="bbox 169 724 1765 803; baseline 0.007 -25"><span class='ocrx_word' id='word_1_44' title='bbox 169 724 280 779; x_wconf 92' lang='lat' dir='ltr'><strong>lum</strong></span> <span class='ocrx_word' id='word_1_45' title='bbox 311 724 565 782; x_wconf 80' lang='lat' dir='ltr'><strong>tenderes</strong></span> <span class='ocrx_word' id='word_1_46' title='bbox 588 767 602 792; x_wconf 91' lang='lat'><strong>,</strong></span> <span class='ocrx_word' id='word_1_47' title='bbox 637 728 782 798; x_wconf 82' lang='lat' dir='ltr'><strong>quod</strong></span> <span class='ocrx_word' id='word_1_48' title='bbox 813 729 869 784; x_wconf 92' lang='lat' dir='ltr'><strong>in</strong></span> <span class='ocrx_word' id='word_1_49' title='bbox 918 731 1127 784; x_wconf 80' lang='lat' dir='ltr'><strong>hostem</strong></span> <span class='ocrx_word' id='word_1_50' title='bbox 1159 734 1504 797; x_wconf 69' lang='lat' dir='ltr'><strong>incurreres;</strong></span> <span class='ocrx_word' id='word_1_51' title='bbox 1537 745 1765 803; x_wconf 83' lang='lat' dir='ltr'><strong>respou-</strong></span> 
     </span>
    </p>
   </div>
   <div class='ocr_carea' id='block_1_8' title="bbox 168 816 1764 893">
    <p class='ocr_par' dir='ltr' id='par_1_8' title="bbox 168 816 1764 893">
     <span class='ocr_line' id='line_1_8' title="bbox 168 816 1764 893; baseline 0.007 -21"><span class='ocrx_word' id='word_1_52' title='bbox 168 816 294 872; x_wconf 87' lang='lat' dir='ltr'><strong>disti</strong></span> <span class='ocrx_word' id='word_1_53' title='bbox 335 818 476 874; x_wconf 75' lang='lat' dir='ltr'><strong>hanc</strong></span> <span class='ocrx_word' id='word_1_54' title='bbox 524 821 694 890; x_wconf 82' lang='lat' dir='ltr'><strong>ipsam</strong></span> <span class='ocrx_word' id='word_1_55' title='bbox 751 822 844 878; x_wconf 84' lang='lat' dir='ltr'><strong>tibi</strong></span> <span class='ocrx_word' id='word_1_56' title='bbox 901 838 1123 878; x_wconf 81' lang='lat' dir='ltr'><strong>causam</strong></span> <span class='ocrx_word' id='word_1_57' title='bbox 1169 838 1296 879; x_wconf 83' lang='lat' dir='ltr'><strong>esse</strong></span> <span class='ocrx_word' id='word_1_58' title='bbox 1340 825 1638 893; x_wconf 87' lang='lat' dir='ltr'><strong>veniendi,</strong></span> <span class='ocrx_word' id='word_1_59' title='bbox 1693 843 1764 884; x_wconf 84' lang='lat' dir='ltr'><strong>ne</strong></span> 
     </span>
    </p>
   </div>
   <div class='ocr_carea' id='block_1_9' title="bbox 169 910 1760 982">
    <p class='ocr_par' dir='ltr' id='par_1_9' title="bbox 169 910 1760 982">
     <span class='ocr_line' id='line_1_9' title="bbox 169 910 1760 982; baseline 0.008 -19"><span class='ocrx_word' id='word_1_60' title='bbox 169 916 356 968; x_wconf 85' lang='lat' dir='ltr'><strong>nostro</strong></span> <span class='ocrx_word' id='word_1_61' title='bbox 403 910 626 968; x_wconf 81' lang='lat' dir='ltr'><strong>deesses</strong></span> <span class='ocrx_word' id='word_1_62' title='bbox 674 915 949 982; x_wconf 87' lang='lat' dir='ltr'><strong>periculo,</strong></span> <span class='ocrx_word' id='word_1_63' title='bbox 999 926 1058 970; x_wconf 92' lang='lat' dir='ltr'><strong>ut</strong></span> <span class='ocrx_word' id='word_1_64' title='bbox 1099 924 1413 973; x_wconf 83' lang='lat' dir='ltr'><strong>consortem</strong></span> <span class='ocrx_word' id='word_1_65' title='bbox 1455 927 1510 974; x_wconf 89' lang='lat' dir='ltr'><strong>te</strong></span> <span class='ocrx_word' id='word_1_66' title='bbox 1539 917 1760 976; x_wconf 88' lang='lat' dir='ltr'><strong>fraterni</strong></span> 
     </span>
    </p>
   </div>
   <div class='ocr_carea' id='block_1_10' title="bbox 167 1002 852 1064">
    <p class='ocr_par' dir='ltr' id='par_1_10' title="bbox 167 1002 852 1064">
     <span class='ocr_line' id='line_1_10' title="bbox 167 1002 852 1064; baseline 0.004 -6"><span class='ocrx_word' id='word_1_67' title='bbox 167 1002 502 1060; x_wconf 79' lang='lat' dir='ltr'><strong>discriminis</strong></span> <span class='ocrx_word' id='word_1_68' title='bbox 540 1005 852 1064; x_wconf 72' lang='lat' dir='ltr'><strong>exhiberes.</strong></span> 
     </span>
    </p>
   </div>
   <div class='ocr_carea' id='block_1_11' title="bbox 239 1097 1758 1177">
    <p class='ocr_par' dir='ltr' id='par_1_11' title="bbox 239 1097 1758 1177">
     <span class='ocr_line' id='line_1_11' title="bbox 239 1097 1758 1177; baseline 0.003 -21"><span class='ocrx_word' id='word_1_69' title='bbox 239 1099 327 1156; x_wconf 74' lang='grc'><strong>55.</strong></span> <span class='ocrx_word' id='word_1_70' title='bbox 372 1097 398 1137; x_wconf 71' lang='grc' dir='ltr'>δ</span> <span class='ocrx_word' id='word_1_71' title='bbox 427 1099 577 1156; x_wconf 85' lang='lat' dir='ltr'><strong>Felix</strong></span> <span class='ocrx_word' id='word_1_72' title='bbox 605 1099 770 1172; x_wconf 83' lang='lat' dir='ltr'><strong>igitur</strong></span> <span class='ocrx_word' id='word_1_73' title='bbox 789 1110 897 1159; x_wconf 90' lang='lat' dir='ltr'><strong>tam</strong></span> <span class='ocrx_word' id='word_1_74' title='bbox 927 1113 1235 1175; x_wconf 87' lang='lat' dir='ltr'><strong>opportuno</strong></span> <span class='ocrx_word' id='word_1_75' title='bbox 1262 1104 1417 1160; x_wconf 84' lang='lat' dir='ltr'><strong>obitu</strong></span> <span class='ocrx_word' id='word_1_76' title='bbox 1441 1146 1456 1172; x_wconf 93' lang='lat'><strong>,</strong></span> <span class='ocrx_word' id='word_1_77' title='bbox 1487 1105 1614 1177; x_wconf 86' lang='lat' dir='ltr'><strong>quia</strong></span> <span class='ocrx_word' id='word_1_78' title='bbox 1648 1120 1758 1162; x_wconf 85' lang='lat' dir='ltr'><strong>non</strong></span> 
     </span>
    </p>
   </div>
   <div class='ocr_carea' id='block_1_12' title="bbox 165 1192 1760 1274">
    <p class='ocr_par' dir='ltr' id='par_1_12' title="bbox 165 1192 1760 1274">
     <span class='ocr_line' id='line_1_12' title="bbox 165 1192 1760 1274; baseline 0.008 -27"><span class='ocrx_word' id='word_1_79' title='bbox 165 1203 250 1248; x_wconf 89' lang='lat' dir='ltr'><strong>est</strong></span> <span class='ocrx_word' id='word_1_80' title='bbox 276 1195 330 1249; x_wconf 89' lang='lat' dir='ltr'><strong>io</strong></span> <span class='ocrx_word' id='word_1_81' title='bbox 361 1192 506 1250; x_wconf 78' lang='lat' dir='ltr'><strong>hunc</strong></span> <span class='ocrx_word' id='word_1_82' title='bbox 533 1205 791 1252; x_wconf 76' lang='lat' dir='ltr'><strong>servatus</strong></span> <span class='ocrx_word' id='word_1_83' title='bbox 812 1197 1084 1254; x_wconf 83' lang='lat' dir='ltr'><strong>dolorem.</strong></span> <span class='ocrx_word' id='word_1_84' title='bbox 1112 1197 1277 1255; x_wconf 85' lang='lat' dir='ltr'><strong>Certe</strong></span> <span class='ocrx_word' id='word_1_85' title='bbox 1299 1198 1512 1255; x_wconf 83' lang='lat' dir='ltr'><strong>felicior</strong></span> <span class='ocrx_word' id='word_1_86' title='bbox 1550 1201 1760 1274; x_wconf 61' lang='lat'><strong>“33</strong></span> 
     </span>
    </p>
   </div>
   <div class='ocr_carea' id='block_1_13' title="bbox 163 1292 1760 1362">
    <p class='ocr_par' dir='ltr' id='par_1_13' title="bbox 163 1292 1760 1362">
     <span class='ocr_line' id='line_1_13' title="bbox 163 1292 1760 1362; baseline 0.006 -22"><span class='ocrx_word' id='word_1_87' title='bbox 163 1303 327 1356; x_wconf 85' lang='lat' dir='ltr'><strong>quam</strong></span> <span class='ocrx_word' id='word_1_88' title='bbox 375 1296 560 1345; x_wconf 77' lang='lat' dir='ltr'><strong>saneta</strong></span> <span class='ocrx_word' id='word_1_89' title='bbox 611 1305 799 1358; x_wconf 87' lang='lat' dir='ltr'><strong>soror,</strong></span> <span class='ocrx_word' id='word_1_90' title='bbox 833 1308 956 1362; x_wconf 72' lang='lat' dir='ltr'><strong>qua:</strong></span> <span class='ocrx_word' id='word_1_91' title='bbox 990 1302 1088 1346; x_wconf 88' lang='lat' dir='ltr'><strong>tuo</strong></span> <span class='ocrx_word' id='word_1_92' title='bbox 1117 1293 1315 1348; x_wconf 87' lang='lat' dir='ltr'><strong>solatio</strong></span> <span class='ocrx_word' id='word_1_93' title='bbox 1343 1292 1602 1348; x_wconf 85' lang='lat' dir='ltr'><strong>destituta</strong></span> <span class='ocrx_word' id='word_1_94' title='bbox 1626 1334 1642 1360; x_wconf 91' lang='lat'><strong>,</strong></span> <span class='ocrx_word' id='word_1_95' title='bbox 1688 1295 1760 1350; x_wconf 83' lang='lat' dir='ltr'><strong>de</strong></span> 
     </span>
    </p>
   </div>
   <div class='ocr_carea' id='block_1_14' title="bbox 162 1379 1755 1457">
    <p class='ocr_par' dir='ltr' id='par_1_14' title="bbox 162 1379 1755 1457">
     <span class='ocr_line' id='line_1_14' title="bbox 162 1379 1755 1457; baseline 0.006 -26"><span class='ocrx_word' id='word_1_96' title='bbox 162 1393 262 1434; x_wconf 92' lang='lat' dir='ltr'><strong>suo</strong></span> <span class='ocrx_word' id='word_1_97' title='bbox 315 1379 521 1443; x_wconf 77' lang='lat' dir='ltr'><strong>pudore</strong></span> <span class='ocrx_word' id='word_1_98' title='bbox 569 1381 840 1448; x_wconf 86' lang='lat' dir='ltr'><strong>sollicita,</strong></span> <span class='ocrx_word' id='word_1_99' title='bbox 884 1383 1096 1440; x_wconf 80' lang='lat' dir='ltr'><strong>duobus</strong></span> <span class='ocrx_word' id='word_1_100' title='bbox 1123 1400 1297 1455; x_wconf 86' lang='lat' dir='ltr'><strong>nuper</strong></span> <span class='ocrx_word' id='word_1_101' title='bbox 1336 1386 1494 1442; x_wconf 85' lang='lat' dir='ltr'><strong>beata</strong></span> <span class='ocrx_word' id='word_1_102' title='bbox 1535 1397 1755 1457; x_wconf 81' lang='lat' dir='ltr'><strong>germa-</strong></span> 
     </span>
    </p>
   </div>
   <div class='ocr_carea' id='block_1_15' title="bbox 161 1471 1759 1549">
    <p class='ocr_par' dir='ltr' id='par_1_15' title="bbox 161 1471 1759 1549">
     <span class='ocr_line' id='line_1_15' title="bbox 161 1471 1759 1549; baseline 0.006 -23"><span class='ocrx_word' id='word_1_103' title='bbox 161 1471 246 1527; x_wconf 89' lang='lat' dir='ltr'><strong>nis</strong></span> <span class='ocrx_word' id='word_1_104' title='bbox 263 1511 279 1539; x_wconf 93' lang='lat'><strong>,</strong></span> <span class='ocrx_word' id='word_1_105' title='bbox 305 1489 448 1529; x_wconf 86' lang='lat' dir='ltr'><strong>nunc</strong></span> <span class='ocrx_word' id='word_1_106' title='bbox 475 1490 540 1530; x_wconf 88' lang='lat' dir='ltr'><strong>ex</strong></span> <span class='ocrx_word' id='word_1_107' title='bbox 572 1474 784 1531; x_wconf 90' lang='lat' dir='ltr'><strong>duobus</strong></span> <span class='ocrx_word' id='word_1_108' title='bbox 811 1476 1069 1532; x_wconf 74' lang='lat' dir='ltr'><strong>fratribus</strong></span> <span class='ocrx_word' id='word_1_109' title='bbox 1096 1491 1405 1534; x_wconf 80' lang='lat' dir='ltr'><strong>:erumnosa</strong></span> <span class='ocrx_word' id='word_1_110' title='bbox 1433 1520 1447 1544; x_wconf 93' lang='lat'><strong>,</strong></span> <span class='ocrx_word' id='word_1_111' title='bbox 1469 1493 1652 1549; x_wconf 81' lang='lat' dir='ltr'><strong>neque</strong></span> <span class='ocrx_word' id='word_1_112' title='bbox 1681 1480 1759 1536; x_wconf 89' lang='lat' dir='ltr'><strong>al-</strong></span> 
     </span>
    </p>
   </div>
   <div class='ocr_carea' id='block_1_16' title="bbox 165 1568 1756 1643">
    <p class='ocr_par' dir='ltr' id='par_1_16' title="bbox 165 1568 1756 1643">
     <span class='ocr_line' id='line_1_16' title="bbox 165 1568 1756 1643; baseline 0.006 -23"><span class='ocrx_word' id='word_1_113' title='bbox 165 1575 340 1622; x_wconf 82' lang='lat' dir='ltr'><strong>terunt</strong></span> <span class='ocrx_word' id='word_1_114' title='bbox 363 1568 512 1638; x_wconf 90' lang='lat' dir='ltr'><strong>sequi</strong></span> <span class='ocrx_word' id='word_1_115' title='bbox 542 1577 755 1638; x_wconf 88' lang='lat' dir='ltr'><strong>potest,</strong></span> <span class='ocrx_word' id='word_1_116' title='bbox 786 1585 960 1640; x_wconf 90' lang='lat' dir='ltr'><strong>neque</strong></span> <span class='ocrx_word' id='word_1_117' title='bbox 983 1571 1209 1624; x_wconf 88' lang='lat' dir='ltr'><strong>altermn</strong></span> <span class='ocrx_word' id='word_1_118' title='bbox 1231 1572 1643 1643; x_wconf 79' lang='lat' dir='ltr'><strong>derelinquere:</strong></span> <span class='ocrx_word' id='word_1_119' title='bbox 1668 1573 1756 1629; x_wconf 88' lang='lat' dir='ltr'><strong>cui</strong></span> 
     </span>
    </p>
   </div>
   <div class='ocr_carea' id='block_1_17' title="bbox 162 1660 1753 1735">
    <p class='ocr_par' dir='ltr' id='par_1_17' title="bbox 162 1660 1753 1735">
     <span class='ocr_line' id='line_1_17' title="bbox 162 1660 1753 1735; baseline 0.004 -22"><span class='ocrx_word' id='word_1_120' title='bbox 162 1660 401 1716; x_wconf 86' lang='lat' dir='ltr'><strong>tumulus</strong></span> <span class='ocrx_word' id='word_1_121' title='bbox 451 1662 743 1732; x_wconf 81' lang='lat' dir='ltr'><strong>hospitium</strong></span> <span class='ocrx_word' id='word_1_122' title='bbox 791 1672 946 1731; x_wconf 78' lang='lat' dir='ltr'><strong>tuus,</strong></span> <span class='ocrx_word' id='word_1_123' title='bbox 971 1674 1029 1718; x_wconf 89' lang='lat' dir='ltr'><strong>et</strong></span> <span class='ocrx_word' id='word_1_124' title='bbox 1054 1666 1304 1734; x_wconf 78' lang='lat' dir='ltr'><strong>corporis</strong></span> <span class='ocrx_word' id='word_1_125' title='bbox 1336 1665 1413 1720; x_wconf 85' lang='lat' dir='ltr'><strong>tui</strong></span> <span class='ocrx_word' id='word_1_126' title='bbox 1441 1667 1753 1735; x_wconf 80' lang='lat' dir='ltr'><strong>sepulcrum</strong></span> 
     </span>
    </p>
   </div>
   <div class='ocr_carea' id='block_1_18' title="bbox 160 1753 1755 1825">
    <p class='ocr_par' dir='ltr' id='par_1_18' title="bbox 160 1753 1755 1825">
     <span class='ocr_line' id='line_1_18' title="bbox 160 1753 1755 1825; baseline 0.005 -19"><span class='ocrx_word' id='word_1_127' title='bbox 160 1765 243 1808; x_wconf 78' lang='lat' dir='ltr'><strong>est</strong></span> <span class='ocrx_word' id='word_1_128' title='bbox 290 1753 505 1810; x_wconf 65' lang='lat' dir='ltr'><strong>domus.</strong></span> <span class='ocrx_word' id='word_1_129' title='bbox 541 1756 718 1825; x_wconf 81' lang='lat' dir='ltr'><strong>Atque</strong></span> <span class='ocrx_word' id='word_1_130' title='bbox 768 1756 976 1810; x_wconf 85' lang='lat' dir='ltr'><strong>utinam</strong></span> <span class='ocrx_word' id='word_1_131' title='bbox 1023 1758 1106 1812; x_wconf 91' lang='lat' dir='ltr'><strong>vel</strong></span> <span class='ocrx_word' id='word_1_132' title='bbox 1155 1757 1261 1812; x_wconf 85' lang='lat' dir='ltr'><strong>hoc</strong></span> <span class='ocrx_word' id='word_1_133' title='bbox 1313 1767 1482 1812; x_wconf 89' lang='lat' dir='ltr'><strong>tutum</strong></span> <span class='ocrx_word' id='word_1_134' title='bbox 1511 1757 1755 1814; x_wconf 83' lang='lat' dir='ltr'><strong>diverso-</strong></span> 
     </span>
    </p>
   </div>
   <div class='ocr_carea' id='block_1_19' title="bbox 1868 526 3470 615">
    <p class='ocr_par' dir='ltr' id='par_1_19' title="bbox 1868 526 3470 615">
     <span class='ocr_line' id='line_1_19' title="bbox 1868 526 3470 615; baseline 0.015 -36"><span class='ocrx_word' id='word_1_135' title='bbox 1868 526 2033 582; x_wconf 90' lang='lat' dir='ltr'><strong>dunt!</strong></span> <span class='ocrx_word' id='word_1_136' title='bbox 2063 528 2217 584; x_wconf 78' lang='lat' dir='ltr'><strong>Aliud</strong></span> <span class='ocrx_word' id='word_1_137' title='bbox 2244 532 2618 603; x_wconf 71' lang='lat' dir='ltr'><strong>prmparabam</strong></span> <span class='ocrx_word' id='word_1_138' title='bbox 2637 575 2653 601; x_wconf 92' lang='lat'><strong>,</strong></span> <span class='ocrx_word' id='word_1_139' title='bbox 2677 536 2825 592; x_wconf 86' lang='lat' dir='ltr'><strong>aliud</strong></span> <span class='ocrx_word' id='word_1_140' title='bbox 2855 538 3116 596; x_wconf 74' lang='lat' dir='ltr'><strong>exhibere</strong></span> <span class='ocrx_word' id='word_1_141' title='bbox 3140 548 3470 615; x_wconf 65' lang='lat' dir='ltr'><strong>compellor;</strong></span> 
     </span>
    </p>
   </div>
   <div class='ocr_carea' id='block_1_20' title="bbox 1868 621 3469 697">
    <p class='ocr_par' dir='ltr' id='par_1_20' title="bbox 1868 621 3469 697">
     <span class='ocr_line' id='line_1_20' title="bbox 1868 621 3469 697; baseline 0.013 -24"><span class='ocrx_word' id='word_1_142' title='bbox 1868 635 1975 674; x_wconf 91' lang='lat' dir='ltr'><strong>non</strong></span> <span class='ocrx_word' id='word_1_143' title='bbox 2021 621 2138 694; x_wconf 81' lang='lat' dir='ltr'><strong>jam</strong></span> <span class='ocrx_word' id='word_1_144' title='bbox 2189 624 2303 693; x_wconf 89' lang='lat' dir='ltr'><strong>ipse</strong></span> <span class='ocrx_word' id='word_1_145' title='bbox 2343 626 2702 683; x_wconf 83' lang='lat' dir='ltr'><strong>ministerium</strong></span> <span class='ocrx_word' id='word_1_146' title='bbox 2755 629 2997 697; x_wconf 89' lang='lat' dir='ltr'><strong>funeris,</strong></span> <span class='ocrx_word' id='word_1_147' title='bbox 3049 635 3146 692; x_wconf 84' lang='lat' dir='ltr'><strong>sed</strong></span> <span class='ocrx_word' id='word_1_148' title='bbox 3196 639 3469 694; x_wconf 67' lang='lat' dir='ltr'><strong>mir-sister.</strong></span> 
     </span>
    </p>
   </div>
   <div class='ocr_carea' id='block_1_21' title="bbox 1865 713 3475 794">
    <p class='ocr_par' dir='ltr' id='par_1_21' title="bbox 1865 713 3475 794">
     <span class='ocr_line' id='line_1_21' title="bbox 1865 713 3475 794; baseline 0.011 -23"><span class='ocrx_word' id='word_1_149' title='bbox 1865 713 1910 771; x_wconf 91' lang='grc' dir='ltr'>Ο</span> <span class='ocrx_word' id='word_1_150' title='bbox 1935 714 2067 770; x_wconf 80' lang='lat' dir='ltr'><strong>dura</strong></span> <span class='ocrx_word' id='word_1_151' title='bbox 2095 717 2376 772; x_wconf 88' lang='lat' dir='ltr'><strong>oculorum</strong></span> <span class='ocrx_word' id='word_1_152' title='bbox 2407 719 2610 775; x_wconf 90' lang='lat' dir='ltr'><strong>lumina</strong></span> <span class='ocrx_word' id='word_1_153' title='bbox 2631 765 2647 788; x_wconf 87' lang='lat'><strong>,</strong></span> <span class='ocrx_word' id='word_1_154' title='bbox 2675 738 2798 793; x_wconf 69' lang='lat' dir='ltr'><strong>qum</strong></span> <span class='ocrx_word' id='word_1_155' title='bbox 2839 727 3092 794; x_wconf 83' lang='lat' dir='ltr'><strong>potuistis</strong></span> <span class='ocrx_word' id='word_1_156' title='bbox 3135 727 3356 787; x_wconf 77' lang='lat' dir='ltr'><strong>fratrem</strong></span> <span class='ocrx_word' id='word_1_157' title='bbox 3391 735 3475 786; x_wconf 83' lang='lat' dir='ltr'><strong>vi-</strong></span> 
     </span>
    </p>
   </div>
   <div class='ocr_carea' id='block_1_22' title="bbox 1867 806 3475 895">
    <p class='ocr_par' dir='ltr' id='par_1_22' title="bbox 1867 806 3475 895">
     <span class='ocr_line' id='line_1_22' title="bbox 1867 806 3475 895; baseline 0.012 -33"><span class='ocrx_word' id='word_1_158' title='bbox 1867 806 1994 862; x_wconf 90' lang='lat' dir='ltr'><strong>dere</strong></span> <span class='ocrx_word' id='word_1_159' title='bbox 2021 809 2344 867; x_wconf 84' lang='lat' dir='ltr'><strong>morientem</strong></span> <span class='ocrx_word' id='word_1_160' title='bbox 2372 812 2385 864; x_wconf 75' lang='grc' dir='ltr'>ι</span> <span class='ocrx_word' id='word_1_161' title='bbox 2434 811 2478 868; x_wconf 93' lang='lat'><strong>0</strong></span> <span class='ocrx_word' id='word_1_162' title='bbox 2505 813 2744 871; x_wconf 86' lang='lat' dir='ltr'><strong>immites</strong></span> <span class='ocrx_word' id='word_1_163' title='bbox 2772 825 2827 870; x_wconf 87' lang='lat' dir='ltr'><strong>et</strong></span> <span class='ocrx_word' id='word_1_164' title='bbox 2865 833 3074 888; x_wconf 67' lang='lat' dir='ltr'><strong>asperae</strong></span> <span class='ocrx_word' id='word_1_165' title='bbox 3104 837 3320 889; x_wconf 89' lang='lat' dir='ltr'><strong>manus,</strong></span> <span class='ocrx_word' id='word_1_166' title='bbox 3347 841 3475 895; x_wconf 73' lang='lat' dir='ltr'><strong>qua:</strong></span> 
     </span>
    </p>
   </div>
   <div class='ocr_carea' id='block_1_23' title="bbox 1865 900 3475 977">
    <p class='ocr_par' dir='ltr' id='par_1_23' title="bbox 1865 900 3475 977">
     <span class='ocr_line' id='line_1_23' title="bbox 1865 900 3475 977; baseline 0.009 -19"><span class='ocrx_word' id='word_1_167' title='bbox 1865 900 2136 958; x_wconf 87' lang='lat' dir='ltr'><strong>clausistis</strong></span> <span class='ocrx_word' id='word_1_168' title='bbox 2157 902 2370 972; x_wconf 91' lang='lat' dir='ltr'><strong>oculos,</strong></span> <span class='ocrx_word' id='word_1_169' title='bbox 2393 905 2446 958; x_wconf 90' lang='lat' dir='ltr'><strong>in</strong></span> <span class='ocrx_word' id='word_1_170' title='bbox 2471 906 2668 976; x_wconf 84' lang='lat' dir='ltr'><strong>quibus</strong></span> <span class='ocrx_word' id='word_1_171' title='bbox 2692 907 2817 977; x_wconf 83' lang='lat' dir='ltr'><strong>plus</strong></span> <span class='ocrx_word' id='word_1_172' title='bbox 2841 908 3086 966; x_wconf 79' lang='lat' dir='ltr'><strong>ridebam</strong></span> <span class='ocrx_word' id='word_1_173' title='bbox 3114 915 3128 968; x_wconf 77' lang='grc' dir='ltr'>ε</span> <span class='ocrx_word' id='word_1_174' title='bbox 3162 911 3189 950; x_wconf 77' lang='grc' dir='ltr'>ά</span> <span class='ocrx_word' id='word_1_175' title='bbox 3217 914 3261 970; x_wconf 91' lang='grc' dir='ltr'>Ο</span> <span class='ocrx_word' id='word_1_176' title='bbox 3283 914 3475 972; x_wconf 89' lang='lat' dir='ltr'><strong>durior</strong></span> 
     </span>
    </p>
   </div>
   <div class='ocr_carea' id='block_1_24' title="bbox 1863 998 3469 1071">
    <p class='ocr_par' dir='ltr' id='par_1_24' title="bbox 1863 998 3469 1071">
     <span class='ocr_line' id='line_1_24' title="bbox 1863 998 3469 1071; baseline 0.008 -20"><span class='ocrx_word' id='word_1_177' title='bbox 1863 998 2045 1052; x_wconf 83' lang='lat' dir='ltr'><strong>cervix</strong></span> <span class='ocrx_word' id='word_1_178' title='bbox 2069 1039 2082 1064; x_wconf 89' lang='lat'><strong>,</strong></span> <span class='ocrx_word' id='word_1_179' title='bbox 2109 1013 2231 1069; x_wconf 71' lang='lat' dir='ltr'><strong>quae</strong></span> <span class='ocrx_word' id='word_1_180' title='bbox 2262 1007 2372 1054; x_wconf 86' lang='lat' dir='ltr'><strong>tam</strong></span> <span class='ocrx_word' id='word_1_181' title='bbox 2400 1000 2627 1071; x_wconf 80' lang='lat' dir='ltr'><strong>lugubre</strong></span> <span class='ocrx_word' id='word_1_182' title='bbox 2654 1017 2796 1059; x_wconf 89' lang='lat' dir='ltr'><strong>onus</strong></span> <span class='ocrx_word' id='word_1_183' title='bbox 2815 1045 2835 1070; x_wconf 92' lang='lat'><strong>,</strong></span> <span class='ocrx_word' id='word_1_184' title='bbox 2863 1007 3184 1064; x_wconf 84' lang='lat' dir='ltr'><strong>eonsolabili</strong></span> <span class='ocrx_word' id='word_1_185' title='bbox 3215 1009 3340 1065; x_wconf 89' lang='lat' dir='ltr'><strong>licet</strong></span> <span class='ocrx_word' id='word_1_186' title='bbox 3365 1011 3469 1066; x_wconf 87' lang='lat' dir='ltr'><strong>ob-</strong></span> 
     </span>
    </p>
   </div>
   <div class='ocr_carea' id='block_1_25' title="bbox 1863 1093 2598 1166">
    <p class='ocr_par' dir='ltr' id='par_1_25' title="bbox 1863 1093 2598 1166">
     <span class='ocr_line' id='line_1_25' title="bbox 1863 1093 2598 1166; baseline 0.008 -19"><span class='ocrx_word' id='word_1_187' title='bbox 1863 1093 2074 1163; x_wconf 89' lang='lat' dir='ltr'><strong>sequio,</strong></span> <span class='ocrx_word' id='word_1_188' title='bbox 2093 1104 2314 1165; x_wconf 90' lang='lat' dir='ltr'><strong>gestare</strong></span> <span class='ocrx_word' id='word_1_189' title='bbox 2341 1096 2560 1166; x_wconf 84' lang='lat' dir='ltr'><strong>potuisti</strong></span> <span class='ocrx_word' id='word_1_190' title='bbox 2586 1099 2598 1153; x_wconf 94' lang='lat'><strong>!</strong></span> 
     </span>
    </p>
   </div>
   <div class='ocr_carea' id='block_1_26' title="bbox 1935 1184 3468 1262">
    <p class='ocr_par' dir='ltr' id='par_1_26' title="bbox 1935 1184 3468 1262">
     <span class='ocr_line' id='line_1_26' title="bbox 1935 1184 3468 1262; baseline 0.01 -24"><span class='ocrx_word' id='word_1_191' title='bbox 1935 1184 2022 1240; x_wconf 80' lang='lat'><strong>37.</strong></span> <span class='ocrx_word' id='word_1_192' title='bbox 2073 1187 2196 1242; x_wconf 77' lang='lat' dir='ltr'><strong>llzec</strong></span> <span class='ocrx_word' id='word_1_193' title='bbox 2230 1197 2284 1242; x_wconf 88' lang='lat' dir='ltr'><strong>tu</strong></span> <span class='ocrx_word' id='word_1_194' title='bbox 2309 1229 2324 1254; x_wconf 93' lang='lat'><strong>,</strong></span> <span class='ocrx_word' id='word_1_195' title='bbox 2358 1187 2546 1256; x_wconf 82' lang='lat' dir='ltr'><strong>frater,</strong></span> <span class='ocrx_word' id='word_1_196' title='bbox 2582 1191 2713 1246; x_wconf 85' lang='lat' dir='ltr'><strong>mihi</strong></span> <span class='ocrx_word' id='word_1_197' title='bbox 2750 1193 2953 1262; x_wconf 80' lang='lat' dir='ltr'><strong>justius</strong></span> <span class='ocrx_word' id='word_1_198' title='bbox 2992 1195 3304 1254; x_wconf 73' lang='lat' dir='ltr'><strong>exhiberes.</strong></span> <span class='ocrx_word' id='word_1_199' title='bbox 3341 1199 3468 1255; x_wconf 64' lang='lat' dir='ltr'><strong>Haec</strong></span> 
     </span>
    </p>
   </div>
   <div class='ocr_carea' id='block_1_27' title="bbox 1863 1282 3469 1357">
    <p class='ocr_par' dir='ltr' id='par_1_27' title="bbox 1863 1282 3469 1357">
     <span class='ocr_line' id='line_1_27' title="bbox 1863 1282 3469 1357; baseline 0.008 -23"><span class='ocrx_word' id='word_1_200' title='bbox 1863 1293 1962 1349; x_wconf 92' lang='lat' dir='ltr'><strong>ego</strong></span> <span class='ocrx_word' id='word_1_201' title='bbox 1988 1295 2017 1333; x_wconf 88' lang='lat' dir='ltr'><strong>a</strong></span> <span class='ocrx_word' id='word_1_202' title='bbox 2043 1289 2095 1334; x_wconf 91' lang='lat' dir='ltr'><strong>te</strong></span> <span class='ocrx_word' id='word_1_203' title='bbox 2123 1282 2534 1352; x_wconf 78' lang='lat' dir='ltr'><strong>exspectabam,</strong></span> <span class='ocrx_word' id='word_1_204' title='bbox 2566 1285 2684 1340; x_wconf 69' lang='lat' dir='ltr'><strong>haec</strong></span> <span class='ocrx_word' id='word_1_205' title='bbox 2709 1302 2812 1357; x_wconf 89' lang='lat' dir='ltr'><strong>ego</strong></span> <span class='ocrx_word' id='word_1_206' title='bbox 2845 1287 3027 1343; x_wconf 82' lang='lat' dir='ltr'><strong>ofﬁcia</strong></span> <span class='ocrx_word' id='word_1_207' title='bbox 3070 1291 3469 1350; x_wconf 75' lang='lat' dir='ltr'><strong>desiderabam.</strong></span> 
     </span>
    </p>
   </div>
   <div class='ocr_carea' id='block_1_28' title="bbox 1862 1372 3472 1453">
    <p class='ocr_par' dir='ltr' id='par_1_28' title="bbox 1862 1372 3472 1453">
     <span class='ocr_line' id='line_1_28' title="bbox 1862 1372 3472 1453; baseline 0.012 -28"><span class='ocrx_word' id='word_1_208' title='bbox 1862 1372 2014 1428; x_wconf 90' lang='lat' dir='ltr'><strong>Nunc</strong></span> <span class='ocrx_word' id='word_1_209' title='bbox 2056 1388 2184 1429; x_wconf 88' lang='lat' dir='ltr'><strong>vero</strong></span> <span class='ocrx_word' id='word_1_210' title='bbox 2227 1375 2358 1444; x_wconf 55' lang='lat' dir='ltr'><strong>ipsa}</strong></span> <span class='ocrx_word' id='word_1_211' title='bbox 2389 1392 2527 1434; x_wconf 69' lang='lat' dir='ltr'><strong>mea:</strong></span> <span class='ocrx_word' id='word_1_212' title='bbox 2554 1380 2680 1434; x_wconf 65' lang='lat' dir='ltr'><strong>vitae</strong></span> <span class='ocrx_word' id='word_1_213' title='bbox 2710 1392 2991 1450; x_wconf 78' lang='lat' dir='ltr'><strong>superstes</strong></span> <span class='ocrx_word' id='word_1_214' title='bbox 3012 1424 3027 1448; x_wconf 92' lang='lat'><strong>,</strong></span> <span class='ocrx_word' id='word_1_215' title='bbox 3071 1384 3215 1453; x_wconf 89' lang='lat' dir='ltr'><strong>quod</strong></span> <span class='ocrx_word' id='word_1_216' title='bbox 3265 1387 3386 1441; x_wconf 87' lang='lat' dir='ltr'><strong>sine</strong></span> <span class='ocrx_word' id='word_1_217' title='bbox 3416 1397 3472 1444; x_wconf 87' lang='lat' dir='ltr'><strong>te</strong></span> 
     </span>
    </p>
   </div>
   <div class='ocr_carea' id='block_1_29' title="bbox 1860 1467 3469 1548">
    <p class='ocr_par' dir='ltr' id='par_1_29' title="bbox 1860 1467 3469 1548">
     <span class='ocr_line' id='line_1_29' title="bbox 1860 1467 3469 1548; baseline 0.009 -27"><span class='ocrx_word' id='word_1_218' title='bbox 1860 1467 2110 1523; x_wconf 83' lang='lat' dir='ltr'><strong>solatium</strong></span> <span class='ocrx_word' id='word_1_219' title='bbox 2134 1467 2367 1538; x_wconf 85' lang='lat' dir='ltr'><strong>capiam,</strong></span> <span class='ocrx_word' id='word_1_220' title='bbox 2392 1471 2484 1541; x_wconf 86' lang='lat' dir='ltr'><strong>qui</strong></span> <span class='ocrx_word' id='word_1_221' title='bbox 2510 1473 2661 1528; x_wconf 89' lang='lat' dir='ltr'><strong>solus</strong></span> <span class='ocrx_word' id='word_1_222' title='bbox 2693 1486 3013 1530; x_wconf 61' lang='lat' dir='ltr'><strong>manentem</strong></span> <span class='ocrx_word' id='word_1_223' title='bbox 3041 1477 3207 1533; x_wconf 89' lang='lat' dir='ltr'><strong>solari</strong></span> <span class='ocrx_word' id='word_1_224' title='bbox 3229 1479 3469 1548; x_wconf 80' lang='lat' dir='ltr'><strong>solebas,</strong></span> 
     </span>
    </p>
   </div>
   <div class='ocr_carea' id='block_1_30' title="bbox 1859 1561 3469 1640">
    <p class='ocr_par' dir='ltr' id='par_1_30' title="bbox 1859 1561 3469 1640">
     <span class='ocr_line' id='line_1_30' title="bbox 1859 1561 3469 1640; baseline 0.009 -25"><span class='ocrx_word' id='word_1_225' title='bbox 1859 1561 2100 1618; x_wconf 84' lang='lat' dir='ltr'><strong>excitare</strong></span> <span class='ocrx_word' id='word_1_226' title='bbox 2121 1562 2388 1630; x_wconf 76' lang='lat' dir='ltr'><strong>lzetitiam,</strong></span> <span class='ocrx_word' id='word_1_227' title='bbox 2406 1565 2832 1623; x_wconf 73' lang='lat' dir='ltr'><strong>mstitudinem</strong></span> <span class='ocrx_word' id='word_1_228' title='bbox 2857 1571 3221 1640; x_wconf 80' lang='lat' dir='ltr'><strong>propulsare?</strong></span> <span class='ocrx_word' id='word_1_229' title='bbox 3242 1572 3469 1640; x_wconf 83' lang='lat' dir='ltr'><strong>Qualem</strong></span> 
     </span>
    </p>
   </div>
   <div class='ocr_carea' id='block_1_31' title="bbox 1862 1658 3467 1731">
    <p class='ocr_par' dir='ltr' id='par_1_31' title="bbox 1862 1658 3467 1731">
     <span class='ocr_line' id='line_1_31' title="bbox 1862 1658 3467 1731; baseline 0.009 -22"><span class='ocrx_word' id='word_1_230' title='bbox 1862 1665 1913 1710; x_wconf 90' lang='lat' dir='ltr'><strong>te</strong></span> <span class='ocrx_word' id='word_1_231' title='bbox 1955 1671 2098 1711; x_wconf 89' lang='lat' dir='ltr'><strong>nunc</strong></span> <span class='ocrx_word' id='word_1_232' title='bbox 2142 1672 2274 1728; x_wconf 85' lang='lat' dir='ltr'><strong>ego,</strong></span> <span class='ocrx_word' id='word_1_233' title='bbox 2310 1658 2489 1725; x_wconf 87' lang='lat' dir='ltr'><strong>frater,</strong></span> <span class='ocrx_word' id='word_1_234' title='bbox 2540 1661 2768 1730; x_wconf 83' lang='lat' dir='ltr'><strong>aspicio,</strong></span> <span class='ocrx_word' id='word_1_235' title='bbox 2798 1661 2910 1731; x_wconf 87' lang='lat' dir='ltr'><strong>jam</strong></span> <span class='ocrx_word' id='word_1_236' title='bbox 2961 1665 3109 1718; x_wconf 84' lang='lat' dir='ltr'><strong>nulla</strong></span> <span class='ocrx_word' id='word_1_237' title='bbox 3139 1665 3270 1722; x_wconf 79' lang='lat' dir='ltr'><strong>mihi</strong></span> <span class='ocrx_word' id='word_1_238' title='bbox 3301 1667 3467 1722; x_wconf 85' lang='lat' dir='ltr'><strong>verba</strong></span> 
     </span>
    </p>
   </div>
   <div class='ocr_carea' id='block_1_32' title="bbox 1861 1747 3465 1822">
    <p class='ocr_par' dir='ltr' id='par_1_32' title="bbox 1861 1747 3465 1822">
     <span class='ocr_line' id='line_1_32' title="bbox 1861 1747 3465 1822; baseline 0.007 -21"><span class='ocrx_word' id='word_1_239' title='bbox 1861 1747 2222 1812; x_wconf 77' lang='lat' dir='ltr'><strong>referentem,</strong></span> <span class='ocrx_word' id='word_1_240' title='bbox 2275 1749 2489 1822; x_wconf 64' lang='grc'><strong>1124</strong></span> <span class='ocrx_word' id='word_1_241' title='bbox 2522 1750 2628 1820; x_wconf 86' lang='lat' dir='ltr'><strong>jam</strong></span> <span class='ocrx_word' id='word_1_242' title='bbox 2679 1753 2826 1807; x_wconf 89' lang='lat' dir='ltr'><strong>nulla</strong></span> <span class='ocrx_word' id='word_1_243' title='bbox 2871 1753 3188 1811; x_wconf 71' lang='lat' dir='ltr'><strong>offerentem</strong></span> <span class='ocrx_word' id='word_1_244' title='bbox 3229 1758 3465 1814; x_wconf 82' lang='lat' dir='ltr'><strong>oscula!</strong></span> 
     </span>
    </p>
   </div>
   <div class='ocr_carea' id='block_1_33' title="bbox 162 1838 3470 1924">
    <p class='ocr_par' dir='ltr' id='par_1_33' title="bbox 162 1838 3470 1924">
     <span class='ocr_line' id='line_1_33' title="bbox 162 1838 3470 1924; baseline 0.007 -24"><span class='ocrx_word' id='word_1_245' title='bbox 162 1846 304 1901; x_wconf 89' lang='lat' dir='ltr'><strong>rium</strong></span> <span class='ocrx_word' id='word_1_246' title='bbox 333 1849 349 1901; x_wconf 89' lang='lat' dir='ltr'><strong>l</strong></span> <span class='ocrx_word' id='word_1_247' title='bbox 399 1848 564 1903; x_wconf 83' lang='lat' dir='ltr'><strong>Cibus</strong></span> <span class='ocrx_word' id='word_1_248' title='bbox 595 1849 647 1904; x_wconf 90' lang='lat' dir='ltr'><strong>in</strong></span> <span class='ocrx_word' id='word_1_249' title='bbox 693 1847 934 1912; x_wconf 74' lang='lat' dir='ltr'><strong>ﬂetibus,</strong></span> <span class='ocrx_word' id='word_1_250' title='bbox 963 1861 1125 1920; x_wconf 81' lang='lat' dir='ltr'><strong>potus</strong></span> <span class='ocrx_word' id='word_1_251' title='bbox 1161 1852 1214 1905; x_wconf 90' lang='lat' dir='ltr'><strong>in</strong></span> <span class='ocrx_word' id='word_1_252' title='bbox 1256 1852 1544 1924; x_wconf 62' lang='lat' dir='ltr'><strong>laerymis;</strong></span> <span class='ocrx_word' id='word_1_253' title='bbox 1575 1852 1756 1908; x_wconf 91' lang='lat' dir='ltr'><strong>cibum</strong></span> <span class='ocrx_word' id='word_1_254' title='bbox 1790 1848 1837 1907; x_wconf 93' lang='lat' dir='ltr'><strong>B</strong></span> <span class='ocrx_word' id='word_1_255' title='bbox 1863 1838 2202 1912; x_wconf 74' lang='lat' dir='ltr'><strong>Quamquam</strong></span> <span class='ocrx_word' id='word_1_256' title='bbox 2227 1843 2298 1897; x_wconf 69' lang='lat' dir='ltr'><strong>ita</strong></span> <span class='ocrx_word' id='word_1_257' title='bbox 2323 1856 2542 1899; x_wconf 70' lang='grc' dir='ltr'><strong>ηιυιυυε</strong></span> <span class='ocrx_word' id='word_1_258' title='bbox 2569 1859 2790 1916; x_wconf 78' lang='lat' dir='ltr'><strong>semper</strong></span> <span class='ocrx_word' id='word_1_259' title='bbox 2819 1849 3035 1918; x_wconf 69' lang='lat' dir='ltr'><strong>utrique</strong></span> <span class='ocrx_word' id='word_1_260' title='bbox 3057 1858 3303 1906; x_wconf 71' lang='lat' dir='ltr'><strong>nostrum</strong></span> <span class='ocrx_word' id='word_1_261' title='bbox 3324 1851 3470 1906; x_wconf 71' lang='lat' dir='ltr'><strong>inse-</strong></span> 
     </span>
    </p>
   </div>
   <div class='ocr_carea' id='block_1_34' title="bbox 160 1941 1755 2016">
    <p class='ocr_par' dir='ltr' id='par_1_34' title="bbox 160 1941 1755 2016">
     <span class='ocr_line' id='line_1_34' title="bbox 160 1941 1755 2016; baseline 0.005 -22"><span class='ocrx_word' id='word_1_262' title='bbox 160 1941 361 1996; x_wconf 89' lang='lat' dir='ltr'><strong>etenim</strong></span> <span class='ocrx_word' id='word_1_263' title='bbox 389 1942 586 1998; x_wconf 88' lang='lat' dir='ltr'><strong>dedisti</strong></span> <span class='ocrx_word' id='word_1_264' title='bbox 615 1943 770 1998; x_wconf 89' lang='lat' dir='ltr'><strong>nobis</strong></span> <span class='ocrx_word' id='word_1_265' title='bbox 811 1958 1006 2014; x_wconf 90' lang='lat' dir='ltr'><strong>panem</strong></span> <span class='ocrx_word' id='word_1_266' title='bbox 1047 1947 1412 2016; x_wconf 80' lang='lat' dir='ltr'><strong>lacrymarum</strong></span> <span class='ocrx_word' id='word_1_267' title='bbox 1440 1987 1452 2011; x_wconf 89' lang='lat'><strong>,</strong></span> <span class='ocrx_word' id='word_1_268' title='bbox 1485 1955 1540 2000; x_wconf 88' lang='lat' dir='ltr'><strong>et</strong></span> <span class='ocrx_word' id='word_1_269' title='bbox 1569 1953 1755 2016; x_wconf 84' lang='lat' dir='ltr'><strong>potum</strong></span> 
     </span>
    </p>
   </div>
   <div class='ocr_carea' id='block_1_35' title="bbox 159 2033 1757 2108">
    <p class='ocr_par' dir='ltr' id='par_1_35' title="bbox 159 2033 1757 2108">
     <span class='ocr_line' id='line_1_35' title="bbox 159 2033 1757 2108; baseline 0.005 -20"><span class='ocrx_word' id='word_1_270' title='bbox 159 2033 356 2091; x_wconf 85' lang='lat' dir='ltr'><strong>dedisti</strong></span> <span class='ocrx_word' id='word_1_271' title='bbox 403 2036 560 2092; x_wconf 88' lang='lat' dir='ltr'><strong>nobis</strong></span> <span class='ocrx_word' id='word_1_272' title='bbox 588 2036 644 2092; x_wconf 89' lang='lat' dir='ltr'><strong>in</strong></span> <span class='ocrx_word' id='word_1_273' title='bbox 689 2035 948 2108; x_wconf 85' lang='lat' dir='ltr'><strong>iacrymis</strong></span> <span class='ocrx_word' id='word_1_274' title='bbox 977 2039 1030 2092; x_wconf 93' lang='lat' dir='ltr'><strong>in</strong></span> <span class='ocrx_word' id='word_1_275' title='bbox 1064 2053 1318 2094; x_wconf 77' lang='lat' dir='ltr'><strong>mensura</strong></span> <span class='ocrx_word' id='word_1_276' title='bbox 1339 2080 1355 2106; x_wconf 94' lang='lat'><strong>,</strong></span> <span class='ocrx_word' id='word_1_277' title='bbox 1399 2049 1491 2094; x_wconf 88' lang='lat' dir='ltr'><strong>aut</strong></span> <span class='ocrx_word' id='word_1_278' title='bbox 1521 2038 1757 2096; x_wconf 76' lang='lat' dir='ltr'><strong>fortasse</strong></span> 
     </span>
    </p>
   </div>
   <div class='ocr_carea' id='block_1_36' title="bbox 157 2129 1644 2203">
    <p class='ocr_par' dir='ltr' id='par_1_36' title="bbox 157 2129 1644 2203">
     <span class='ocr_line' id='line_1_36' title="bbox 157 2129 1644 2203; baseline 0.008 -21"><span class='ocrx_word' id='word_1_279' title='bbox 157 2129 299 2184; x_wconf 87' lang='lat' dir='ltr'><strong>ultra</strong></span> <span class='ocrx_word' id='word_1_280' title='bbox 328 2143 636 2185; x_wconf 84' lang='lat' dir='ltr'><strong>mensuram</strong></span> <span class='ocrx_word' id='word_1_281' title='bbox 667 2129 847 2200; x_wconf 68' lang='lat' dir='ltr'><strong>(Prol.</strong></span> <span class='ocrx_word' id='word_1_282' title='bbox 879 2147 1074 2198; x_wconf 75' lang='lat' dir='ltr'><strong>Lutx,</strong></span> <span class='ocrx_word' id='word_1_283' title='bbox 1103 2132 1184 2203; x_wconf 87' lang='lat'><strong>6).</strong></span> <span class='ocrx_word' id='word_1_284' title='bbox 1639 2191 1644 2194; x_wconf 88' lang='lat'><strong>.</strong></span> 
     </span>
    </p>
   </div>
   <div class='ocr_carea' id='block_1_37' title="bbox 223 2221 1755 2296">
    <p class='ocr_par' dir='ltr' id='par_1_37' title="bbox 223 2221 1755 2296">
     <span class='ocr_line' id='line_1_37' title="bbox 223 2221 1755 2296; baseline 0.004 -20"><span class='ocrx_word' id='word_1_285' title='bbox 223 2221 314 2277; x_wconf 68' lang='lat'><strong>34.</strong></span> <span class='ocrx_word' id='word_1_286' title='bbox 357 2221 490 2277; x_wconf 86' lang='lat' dir='ltr'><strong>Nam</strong></span> <span class='ocrx_word' id='word_1_287' title='bbox 513 2223 640 2294; x_wconf 86' lang='lat' dir='ltr'><strong>quid</strong></span> <span class='ocrx_word' id='word_1_288' title='bbox 666 2223 735 2278; x_wconf 86' lang='lat' dir='ltr'><strong>de</strong></span> <span class='ocrx_word' id='word_1_289' title='bbox 767 2240 854 2279; x_wconf 90' lang='lat' dir='ltr'><strong>me</strong></span> <span class='ocrx_word' id='word_1_290' title='bbox 875 2225 1091 2296; x_wconf 78' lang='lat' dir='ltr'><strong>loquar,</strong></span> <span class='ocrx_word' id='word_1_291' title='bbox 1113 2227 1205 2280; x_wconf 83' lang='lat' dir='ltr'><strong>cui</strong></span> <span class='ocrx_word' id='word_1_292' title='bbox 1235 2241 1409 2296; x_wconf 87' lang='lat' dir='ltr'><strong>neque</strong></span> <span class='ocrx_word' id='word_1_293' title='bbox 1435 2225 1576 2282; x_wconf 86' lang='lat' dir='ltr'><strong>mori</strong></span> <span class='ocrx_word' id='word_1_294' title='bbox 1605 2226 1755 2292; x_wconf 87' lang='lat' dir='ltr'><strong>licet,</strong></span> 
     </span>
    </p>
   </div>
   <div class='ocr_carea' id='block_1_38' title="bbox 149 2315 1756 2388">
    <p class='ocr_par' dir='ltr' id='par_1_38' title="bbox 149 2315 1756 2388">
     <span class='ocr_line' id='line_1_38' title="bbox 149 2315 1756 2388; baseline 0.004 -20"><span class='ocrx_word' id='word_1_295' title='bbox 149 2328 217 2368; x_wconf 91' lang='lat' dir='ltr'><strong>ne</strong></span> <span class='ocrx_word' id='word_1_296' title='bbox 251 2328 501 2368; x_wconf 79' lang='lat' dir='ltr'><strong>sororem</strong></span> <span class='ocrx_word' id='word_1_297' title='bbox 545 2315 850 2385; x_wconf 89' lang='lat' dir='ltr'><strong>relinquam</strong></span> <span class='ocrx_word' id='word_1_298' title='bbox 891 2335 902 2368; x_wconf 92' lang='lat'>:</span> <span class='ocrx_word' id='word_1_299' title='bbox 931 2332 1110 2388; x_wconf 90' lang='lat' dir='ltr'><strong>neque</strong></span> <span class='ocrx_word' id='word_1_300' title='bbox 1141 2318 1325 2372; x_wconf 81' lang='lat' dir='ltr'><strong>vivere</strong></span> <span class='ocrx_word' id='word_1_301' title='bbox 1363 2318 1520 2383; x_wconf 87' lang='lat' dir='ltr'><strong>libet,</strong></span> <span class='ocrx_word' id='word_1_302' title='bbox 1549 2333 1620 2373; x_wconf 91' lang='lat' dir='ltr'><strong>ne</strong></span> <span class='ocrx_word' id='word_1_303' title='bbox 1650 2333 1683 2373; x_wconf 86' lang='lat' dir='ltr'><strong>a</strong></span> <span class='ocrx_word' id='word_1_304' title='bbox 1703 2329 1756 2375; x_wconf 88' lang='lat' dir='ltr'><strong>te</strong></span> 
     </span>
    </p>
   </div>
   <div class='ocr_carea' id='block_1_39' title="bbox 147 2407 1751 2481">
    <p class='ocr_par' dir='ltr' id='par_1_39' title="bbox 147 2407 1751 2481">
     <span class='ocr_line' id='line_1_39' title="bbox 147 2407 1751 2481; baseline 0.006 -23"><span class='ocrx_word' id='word_1_305' title='bbox 147 2407 392 2464; x_wconf 76' lang='lat' dir='ltr'><strong>avellar?</strong></span> <span class='ocrx_word' id='word_1_306' title='bbox 434 2408 572 2475; x_wconf 86' lang='lat' dir='ltr'><strong>Quid</strong></span> <span class='ocrx_word' id='word_1_307' title='bbox 620 2408 764 2464; x_wconf 90' lang='lat' dir='ltr'><strong>enim</strong></span> <span class='ocrx_word' id='word_1_308' title='bbox 799 2409 930 2464; x_wconf 86' lang='lat' dir='ltr'><strong>mihi</strong></span> <span class='ocrx_word' id='word_1_309' title='bbox 958 2411 1079 2465; x_wconf 82' lang='lat' dir='ltr'><strong>sine</strong></span> <span class='ocrx_word' id='word_1_310' title='bbox 1109 2420 1162 2465; x_wconf 88' lang='lat' dir='ltr'><strong>te</strong></span> <span class='ocrx_word' id='word_1_311' title='bbox 1201 2421 1380 2479; x_wconf 85' lang='lat' dir='ltr'><strong>potest</strong></span> <span class='ocrx_word' id='word_1_312' title='bbox 1405 2421 1532 2468; x_wconf 83' lang='lat' dir='ltr'><strong>esse</strong></span> <span class='ocrx_word' id='word_1_313' title='bbox 1555 2413 1751 2481; x_wconf 84' lang='lat' dir='ltr'><strong>jucun-</strong></span> 
     </span>
    </p>
   </div>
   <div class='ocr_carea' id='block_1_40' title="bbox 147 2499 1753 2572">
    <p class='ocr_par' dir='ltr' id='par_1_40' title="bbox 147 2499 1753 2572">
     <span class='ocr_line' id='line_1_40' title="bbox 147 2499 1753 2572; baseline 0.004 -18"><span class='ocrx_word' id='word_1_314' title='bbox 147 2499 276 2554; x_wconf 90' lang='lat' dir='ltr'><strong>dum</strong></span> <span class='ocrx_word' id='word_1_315' title='bbox 300 2541 316 2565; x_wconf 91' lang='lat'><strong>,</strong></span> <span class='ocrx_word' id='word_1_316' title='bbox 358 2500 410 2554; x_wconf 90' lang='lat' dir='ltr'><strong>in</strong></span> <span class='ocrx_word' id='word_1_317' title='bbox 453 2517 561 2570; x_wconf 89' lang='lat' dir='ltr'><strong>quo</strong></span> <span class='ocrx_word' id='word_1_318' title='bbox 588 2501 772 2557; x_wconf 84' lang='lat' dir='ltr'><strong>omnis</strong></span> <span class='ocrx_word' id='word_1_319' title='bbox 816 2517 1032 2571; x_wconf 86' lang='lat' dir='ltr'><strong>semper</strong></span> <span class='ocrx_word' id='word_1_320' title='bbox 1061 2502 1159 2557; x_wconf 89' lang='lat' dir='ltr'><strong>fuit</strong></span> <span class='ocrx_word' id='word_1_321' title='bbox 1181 2513 1372 2559; x_wconf 82' lang='lat' dir='ltr'><strong>nostra</strong></span> <span class='ocrx_word' id='word_1_322' title='bbox 1400 2503 1753 2572; x_wconf 75' lang='lat' dir='ltr'><strong>iucunditas?</strong></span> 
     </span>
    </p>
   </div>
   <div class='ocr_carea' id='block_1_41' title="bbox 146 2593 1752 2668">
    <p class='ocr_par' dir='ltr' id='par_1_41' title="bbox 146 2593 1752 2668">
     <span class='ocr_line' id='line_1_41' title="bbox 146 2593 1752 2668; baseline 0.005 -21"><span class='ocrx_word' id='word_1_323' title='bbox 146 2604 241 2647; x_wconf 88' lang='lat' dir='ltr'><strong>aut</strong></span> <span class='ocrx_word' id='word_1_324' title='bbox 267 2593 396 2664; x_wconf 88' lang='lat' dir='ltr'><strong>quid</strong></span> <span class='ocrx_word' id='word_1_325' title='bbox 425 2594 628 2650; x_wconf 77' lang='lat' dir='ltr'><strong>diutius</strong></span> <span class='ocrx_word' id='word_1_326' title='bbox 667 2595 718 2649; x_wconf 92' lang='lat' dir='ltr'><strong>in</strong></span> <span class='ocrx_word' id='word_1_327' title='bbox 765 2593 866 2649; x_wconf 86' lang='lat' dir='ltr'><strong>hac</strong></span> <span class='ocrx_word' id='word_1_328' title='bbox 911 2595 1020 2651; x_wconf 89' lang='lat' dir='ltr'><strong>vita</strong></span> <span class='ocrx_word' id='word_1_329' title='bbox 1049 2595 1245 2666; x_wconf 80' lang='lat' dir='ltr'><strong>degere</strong></span> <span class='ocrx_word' id='word_1_330' title='bbox 1270 2597 1423 2667; x_wconf 82' lang='lat' dir='ltr'><strong>juvat</strong></span> <span class='ocrx_word' id='word_1_331' title='bbox 1449 2639 1464 2662; x_wconf 93' lang='lat'><strong>,</strong></span> <span class='ocrx_word' id='word_1_332' title='bbox 1504 2607 1668 2668; x_wconf 80' lang='lat' dir='ltr'><strong>atque</strong></span> <span class='ocrx_word' id='word_1_333' title='bbox 1697 2599 1752 2655; x_wconf 90' lang='lat' dir='ltr'><strong>in</strong></span> 
     </span>
    </p>
   </div>
   <div class='ocr_carea' id='block_1_42' title="bbox 148 2688 1750 2762">
    <p class='ocr_par' dir='ltr' id='par_1_42' title="bbox 148 2688 1750 2762">
     <span class='ocr_line' id='line_1_42' title="bbox 148 2688 1750 2762; baseline 0.005 -20"><span class='ocrx_word' id='word_1_334' title='bbox 148 2688 306 2743; x_wconf 88' lang='lat' dir='ltr'><strong>terris</strong></span> <span class='ocrx_word' id='word_1_335' title='bbox 347 2691 592 2756; x_wconf 87' lang='lat' dir='ltr'><strong>morari,</strong></span> <span class='ocrx_word' id='word_1_336' title='bbox 624 2689 679 2745; x_wconf 91' lang='lat' dir='ltr'><strong>in</strong></span> <span class='ocrx_word' id='word_1_337' title='bbox 724 2691 923 2760; x_wconf 87' lang='lat' dir='ltr'><strong>quibus</strong></span> <span class='ocrx_word' id='word_1_338' title='bbox 970 2691 1171 2746; x_wconf 82' lang='lat' dir='ltr'><strong>tamdiu</strong></span> <span class='ocrx_word' id='word_1_339' title='bbox 1215 2692 1454 2762; x_wconf 87' lang='lat' dir='ltr'><strong>jucunde</strong></span> <span class='ocrx_word' id='word_1_340' title='bbox 1492 2695 1750 2762; x_wconf 76' lang='lat' dir='ltr'><strong>viximus,</strong></span> 
     </span>
    </p>
   </div>
   <div class='ocr_carea' id='block_1_43' title="bbox 145 2781 1751 2855">
    <p class='ocr_par' dir='ltr' id='par_1_43' title="bbox 145 2781 1751 2855">
     <span class='ocr_line' id='line_1_43' title="bbox 145 2781 1751 2855; baseline 0.005 -19"><span class='ocrx_word' id='word_1_341' title='bbox 145 2781 400 2852; x_wconf 85' lang='lat' dir='ltr'><strong>quamdiu</strong></span> <span class='ocrx_word' id='word_1_342' title='bbox 421 2782 583 2837; x_wconf 84' lang='lat' dir='ltr'><strong>simul</strong></span> <span class='ocrx_word' id='word_1_343' title='bbox 611 2783 874 2839; x_wconf 77' lang='lat' dir='ltr'><strong>viximus!</strong></span> <span class='ocrx_word' id='word_1_344' title='bbox 899 2784 1010 2838; x_wconf 86' lang='lat' dir='ltr'><strong>Etsi</strong></span> <span class='ocrx_word' id='word_1_345' title='bbox 1035 2792 1177 2840; x_wconf 87' lang='lat' dir='ltr'><strong>esset</strong></span> <span class='ocrx_word' id='word_1_346' title='bbox 1196 2785 1339 2855; x_wconf 88' lang='lat' dir='ltr'><strong>quod</strong></span> <span class='ocrx_word' id='word_1_347' title='bbox 1364 2786 1450 2841; x_wconf 89' lang='lat' dir='ltr'><strong>hic</strong></span> <span class='ocrx_word' id='word_1_348' title='bbox 1475 2786 1751 2845; x_wconf 82' lang='lat' dir='ltr'><strong>delectare</strong></span> 
     </span>
    </p>
   </div>
   <div class='ocr_carea' id='block_1_44' title="bbox 146 2880 1751 2953">
    <p class='ocr_par' dir='ltr' id='par_1_44' title="bbox 146 2880 1751 2953">
     <span class='ocr_line' id='line_1_44' title="bbox 146 2880 1751 2953; baseline 0.005 -21"><span class='ocrx_word' id='word_1_349' title='bbox 146 2893 247 2933; x_wconf 89' lang='lat' dir='ltr'><strong>nos</strong></span> <span class='ocrx_word' id='word_1_350' title='bbox 269 2885 473 2949; x_wconf 82' lang='lat' dir='ltr'><strong>posset,</strong></span> <span class='ocrx_word' id='word_1_351' title='bbox 493 2880 615 2934; x_wconf 87' lang='lat' dir='ltr'><strong>sine</strong></span> <span class='ocrx_word' id='word_1_352' title='bbox 643 2887 696 2935; x_wconf 83' lang='lat' dir='ltr'><strong>te</strong></span> <span class='ocrx_word' id='word_1_353' title='bbox 715 2880 989 2935; x_wconf 86' lang='lat' dir='ltr'><strong>delectare</strong></span> <span class='ocrx_word' id='word_1_354' title='bbox 1014 2898 1118 2935; x_wconf 90' lang='lat' dir='ltr'><strong>non</strong></span> <span class='ocrx_word' id='word_1_355' title='bbox 1141 2890 1327 2952; x_wconf 85' lang='lat' dir='ltr'><strong>posset</strong></span> <span class='ocrx_word' id='word_1_356' title='bbox 1351 2901 1364 2938; x_wconf 86' lang='lat'><strong>:</strong></span> <span class='ocrx_word' id='word_1_357' title='bbox 1396 2893 1448 2938; x_wconf 92' lang='lat' dir='ltr'><strong>et</strong></span> <span class='ocrx_word' id='word_1_358' title='bbox 1464 2884 1510 2938; x_wconf 89' lang='lat' dir='ltr'><strong>si</strong></span> <span class='ocrx_word' id='word_1_359' title='bbox 1532 2884 1751 2953; x_wconf 83' lang='lat' dir='ltr'><strong>quando</strong></span> 
     </span>
    </p>
   </div>
   <div class='ocr_carea' id='block_1_45' title="bbox 145 2972 1746 3047">
    <p class='ocr_par' dir='ltr' id='par_1_45' title="bbox 145 2972 1746 3047">
     <span class='ocr_line' id='line_1_45' title="bbox 145 2972 1746 3047; baseline 0.006 -24"><span class='ocrx_word' id='word_1_360' title='bbox 145 2972 505 3027; x_wconf 88' lang='lat' dir='ltr'><strong>voluissemus</strong></span> <span class='ocrx_word' id='word_1_361' title='bbox 556 2973 798 3043; x_wconf 83' lang='lat' dir='ltr'><strong>impense</strong></span> <span class='ocrx_word' id='word_1_362' title='bbox 845 2975 1006 3029; x_wconf 82' lang='lat' dir='ltr'><strong>vitam</strong></span> <span class='ocrx_word' id='word_1_363' title='bbox 1053 2975 1376 3042; x_wconf 85' lang='lat' dir='ltr'><strong>producere,</strong></span> <span class='ocrx_word' id='word_1_364' title='bbox 1417 2977 1527 3047; x_wconf 88' lang='lat' dir='ltr'><strong>jam</strong></span> <span class='ocrx_word' id='word_1_365' title='bbox 1567 2990 1746 3032; x_wconf 83' lang='lat' dir='ltr'><strong>tamen</strong></span> 
     </span>
    </p>
   </div>
   <div class='ocr_carea' id='block_1_46' title="bbox 145 3066 801 3123">
    <p class='ocr_par' dir='ltr' id='par_1_46' title="bbox 145 3066 801 3123">
     <span class='ocr_line' id='line_1_46' title="bbox 145 3066 801 3123; baseline 0.003 -3"><span class='ocrx_word' id='word_1_366' title='bbox 145 3066 264 3121; x_wconf 90' lang='lat' dir='ltr'><strong>sine</strong></span> <span class='ocrx_word' id='word_1_367' title='bbox 290 3076 341 3122; x_wconf 90' lang='lat' dir='ltr'><strong>te</strong></span> <span class='ocrx_word' id='word_1_368' title='bbox 366 3080 489 3123; x_wconf 86' lang='lat' dir='ltr'><strong>esse</strong></span> <span class='ocrx_word' id='word_1_369' title='bbox 511 3067 801 3122; x_wconf 85' lang='lat' dir='ltr'><strong>nollemus.</strong></span> 
     </span>
    </p>
   </div>
   <div class='ocr_carea' id='block_1_47' title="bbox 217 3157 1749 3229">
    <p class='ocr_par' dir='ltr' id='par_1_47' title="bbox 217 3157 1749 3229">
     <span class='ocr_line' id='line_1_47' title="bbox 217 3157 1749 3229; baseline 0.005 -17"><span class='ocrx_word' id='word_1_370' title='bbox 217 3158 308 3213; x_wconf 75' lang='lat'><strong>35.</strong></span> <span class='ocrx_word' id='word_1_371' title='bbox 358 3157 482 3214; x_wconf 68' lang='lat' dir='ltr'><strong>Hier.</strong></span> <span class='ocrx_word' id='word_1_372' title='bbox 531 3159 924 3216; x_wconf 80' lang='lat' dir='ltr'><strong>intolerabilia.</strong></span> <span class='ocrx_word' id='word_1_373' title='bbox 955 3160 1100 3229; x_wconf 84' lang='lat' dir='ltr'><strong>Quid</strong></span> <span class='ocrx_word' id='word_1_374' title='bbox 1134 3162 1277 3217; x_wconf 87' lang='lat' dir='ltr'><strong>enim</strong></span> <span class='ocrx_word' id='word_1_375' title='bbox 1317 3161 1600 3217; x_wconf 87' lang='lat' dir='ltr'><strong>tolerabile</strong></span> <span class='ocrx_word' id='word_1_376' title='bbox 1629 3163 1749 3220; x_wconf 84' lang='lat' dir='ltr'><strong>sine</strong></span> 
     </span>
    </p>
   </div>
   <div class='ocr_carea' id='block_1_48' title="bbox 1860 1933 3467 2012">
    <p class='ocr_par' dir='ltr' id='par_1_48' title="bbox 1860 1933 3467 2012">
     <span class='ocr_line' id='line_1_48' title="bbox 1860 1933 3467 2012; baseline 0.009 -25"><span class='ocrx_word' id='word_1_377' title='bbox 1860 1933 2002 1988; x_wconf 90' lang='lat' dir='ltr'><strong>derit</strong></span> <span class='ocrx_word' id='word_1_378' title='bbox 2043 1950 2195 1990; x_wconf 88' lang='lat' dir='ltr'><strong>amor</strong></span> <span class='ocrx_word' id='word_1_379' title='bbox 2224 1975 2242 2004; x_wconf 91' lang='lat'><strong>,</strong></span> <span class='ocrx_word' id='word_1_380' title='bbox 2295 1947 2354 1991; x_wconf 85' lang='lat' dir='ltr'><strong>ut</strong></span> <span class='ocrx_word' id='word_1_381' title='bbox 2399 1937 2659 1994; x_wconf 86' lang='lat' dir='ltr'><strong>interiore</strong></span> <span class='ocrx_word' id='word_1_382' title='bbox 2691 1940 2874 2009; x_wconf 83' lang='lat' dir='ltr'><strong>potius</strong></span> <span class='ocrx_word' id='word_1_383' title='bbox 2923 1939 3204 1999; x_wconf 89' lang='lat' dir='ltr'><strong>foveretur</strong></span> <span class='ocrx_word' id='word_1_384' title='bbox 3244 1944 3467 2012; x_wconf 76' lang='lat' dir='ltr'><strong>affectu,</strong></span> 
     </span>
    </p>
   </div>
   <div class='ocr_carea' id='block_1_49' title="bbox 1860 2027 3468 2107">
    <p class='ocr_par' dir='ltr' id='par_1_49' title="bbox 1860 2027 3468 2107">
     <span class='ocr_line' id='line_1_49' title="bbox 1860 2027 3468 2107; baseline 0.01 -30"><span class='ocrx_word' id='word_1_385' title='bbox 1860 2041 2020 2095; x_wconf 86' lang='lat' dir='ltr'><strong>quam</strong></span> <span class='ocrx_word' id='word_1_386' title='bbox 2069 2027 2268 2082; x_wconf 89' lang='lat' dir='ltr'><strong>forensi</strong></span> <span class='ocrx_word' id='word_1_387' title='bbox 2313 2028 2576 2086; x_wconf 88' lang='lat' dir='ltr'><strong>blanditia</strong></span> <span class='ocrx_word' id='word_1_388' title='bbox 2619 2031 3031 2103; x_wconf 81' lang='lat' dir='ltr'><strong>divulgarctnr;</strong></span> <span class='ocrx_word' id='word_1_389' title='bbox 3090 2051 3266 2107; x_wconf 85' lang='lat' dir='ltr'><strong>neque</strong></span> <span class='ocrx_word' id='word_1_390' title='bbox 3320 2038 3468 2093; x_wconf 89' lang='lat' dir='ltr'><strong>enim</strong></span> 
     </span>
    </p>
   </div>
   <div class='ocr_carea' id='block_1_50' title="bbox 1861 2120 3467 2199">
    <p class='ocr_par' dir='ltr' id='par_1_50' title="bbox 1861 2120 3467 2199">
     <span class='ocr_line' id='line_1_50' title="bbox 1861 2120 3467 2199; baseline 0.009 -26"><span class='ocrx_word' id='word_1_391' title='bbox 1861 2120 2088 2175; x_wconf 89' lang='lat' dir='ltr'><strong>aliorum</strong></span> <span class='ocrx_word' id='word_1_392' title='bbox 2110 2123 2486 2193; x_wconf 66' lang='lat' dir='ltr'><strong>quaarebamus</strong></span> <span class='ocrx_word' id='word_1_393' title='bbox 2511 2126 2910 2196; x_wconf 80' lang='lat' dir='ltr'><strong>teStimonium,</strong></span> <span class='ocrx_word' id='word_1_394' title='bbox 2935 2129 3026 2199; x_wconf 82' lang='lat' dir='ltr'><strong>qui</strong></span> <span class='ocrx_word' id='word_1_395' title='bbox 3057 2138 3263 2184; x_wconf 84' lang='lat' dir='ltr'><strong>tantam</strong></span> <span class='ocrx_word' id='word_1_396' title='bbox 3291 2134 3467 2188; x_wconf 88' lang='lat' dir='ltr'><strong>nostri</strong></span> 
     </span>
    </p>
   </div>
   <div class='ocr_carea' id='block_1_51' title="bbox 1857 2211 3465 2293">
    <p class='ocr_par' dir='ltr' id='par_1_51' title="bbox 1857 2211 3465 2293">
     <span class='ocr_line' id='line_1_51' title="bbox 1857 2211 3465 2293; baseline 0.007 -27"><span class='ocrx_word' id='word_1_397' title='bbox 1857 2211 2086 2284; x_wconf 75' lang='lat' dir='ltr'><strong>gratiam</strong></span> <span class='ocrx_word' id='word_1_398' title='bbox 2143 2216 2484 2271; x_wconf 76' lang='lat' dir='ltr'><strong>trnebamus.</strong></span> <span class='ocrx_word' id='word_1_399' title='bbox 2538 2218 2609 2273; x_wconf 83' lang='lat' dir='ltr'><strong>ita</strong></span> <span class='ocrx_word' id='word_1_400' title='bbox 2659 2213 2835 2274; x_wconf 76' lang='lat' dir='ltr'><strong>virilis</strong></span> <span class='ocrx_word' id='word_1_401' title='bbox 2879 2236 2940 2278; x_wconf 89' lang='lat' dir='ltr'><strong>se</strong></span> <span class='ocrx_word' id='word_1_402' title='bbox 2969 2220 3181 2293; x_wconf 88' lang='lat' dir='ltr'><strong>utrique</strong></span> <span class='ocrx_word' id='word_1_403' title='bbox 3220 2233 3465 2278; x_wconf 86' lang='lat' dir='ltr'><strong>nostrum</strong></span> 
     </span>
    </p>
   </div>
   <div class='ocr_carea' id='block_1_52' title="bbox 1856 2299 3466 2386">
    <p class='ocr_par' dir='ltr' id='par_1_52' title="bbox 1856 2299 3466 2386">
     <span class='ocr_line' id='line_1_52' title="bbox 1856 2299 3466 2386; baseline 0.007 -27"><span class='ocrx_word' id='word_1_404' title='bbox 1856 2306 2231 2375; x_wconf 73' lang='lat' dir='ltr'><strong>germanitatis</strong></span> <span class='ocrx_word' id='word_1_405' title='bbox 2258 2299 2465 2364; x_wconf 79' lang='lat' dir='ltr'><strong>succus</strong></span> <span class='ocrx_word' id='word_1_406' title='bbox 2486 2308 2780 2378; x_wconf 83' lang='lat' dir='ltr'><strong>infuderat,</strong></span> <span class='ocrx_word' id='word_1_407' title='bbox 2813 2321 2867 2366; x_wconf 91' lang='lat' dir='ltr'><strong>ut</strong></span> <span class='ocrx_word' id='word_1_408' title='bbox 2893 2327 2999 2367; x_wconf 92' lang='lat' dir='ltr'><strong>non</strong></span> <span class='ocrx_word' id='word_1_409' title='bbox 3031 2313 3312 2370; x_wconf 84' lang='lat' dir='ltr'><strong>blanditiis</strong></span> <span class='ocrx_word' id='word_1_410' title='bbox 3332 2330 3466 2386; x_wconf 81' lang='lat' dir='ltr'><strong>pro-</strong></span> 
     </span>
    </p>
   </div>
   <div class='ocr_carea' id='block_1_53' title="bbox 1859 2397 3468 2475">
    <p class='ocr_par' dir='ltr' id='par_1_53' title="bbox 1859 2397 3468 2475">
     <span class='ocr_line' id='line_1_53' title="bbox 1859 2397 3468 2475; baseline 0.006 -25"><span class='ocrx_word' id='word_1_411' title='bbox 1859 2398 1990 2452; x_wconf 90' lang='lat' dir='ltr'><strong>bare</strong></span> <span class='ocrx_word' id='word_1_412' title='bbox 2026 2414 2304 2464; x_wconf 89' lang='lat' dir='ltr'><strong>amorem,</strong></span> <span class='ocrx_word' id='word_1_413' title='bbox 2351 2400 2446 2456; x_wconf 85' lang='lat' dir='ltr'><strong>sed</strong></span> <span class='ocrx_word' id='word_1_414' title='bbox 2487 2404 2702 2458; x_wconf 88' lang='lat' dir='ltr'><strong>conscia</strong></span> <span class='ocrx_word' id='word_1_415' title='bbox 2746 2414 2932 2460; x_wconf 85' lang='lat' dir='ltr'><strong>mente</strong></span> <span class='ocrx_word' id='word_1_416' title='bbox 2987 2406 3204 2475; x_wconf 89' lang='lat' dir='ltr'><strong>pietatis</strong></span> <span class='ocrx_word' id='word_1_417' title='bbox 3251 2397 3468 2462; x_wconf 85' lang='lat' dir='ltr'><strong>interno</strong></span> 
     </span>
    </p>
   </div>
   <div class='ocr_carea' id='block_1_54' title="bbox 1857 2491 3469 2569">
    <p class='ocr_par' dir='ltr' id='par_1_54' title="bbox 1857 2491 3469 2569">
     <span class='ocr_line' id='line_1_54' title="bbox 1857 2491 3469 2569; baseline 0.009 -29"><span class='ocrx_word' id='word_1_418' title='bbox 1857 2502 2042 2544; x_wconf 90' lang='lat' dir='ltr'><strong>amore</strong></span> <span class='ocrx_word' id='word_1_419' title='bbox 2083 2491 2359 2554; x_wconf 90' lang='lat' dir='ltr'><strong>contenti,</strong></span> <span class='ocrx_word' id='word_1_420' title='bbox 2395 2493 2574 2548; x_wconf 87' lang='lat' dir='ltr'><strong>fucum</strong></span> <span class='ocrx_word' id='word_1_421' title='bbox 2616 2493 2996 2550; x_wconf 82' lang='lat' dir='ltr'><strong>blanditiarum</strong></span> <span class='ocrx_word' id='word_1_422' title='bbox 3039 2511 3146 2551; x_wconf 91' lang='lat' dir='ltr'><strong>non</strong></span> <span class='ocrx_word' id='word_1_423' title='bbox 3187 2499 3469 2569; x_wconf 79' lang='lat' dir='ltr'><strong>requirere</strong></span> 
     </span>
    </p>
   </div>
   <div class='ocr_carea' id='block_1_55' title="bbox 1857 2582 3466 2664">
    <p class='ocr_par' dir='ltr' id='par_1_55' title="bbox 1857 2582 3466 2664">
     <span class='ocr_line' id='line_1_55' title="bbox 1857 2582 3466 2664; baseline 0.008 -29"><span class='ocrx_word' id='word_1_424' title='bbox 1857 2582 2200 2651; x_wconf 88' lang='lat' dir='ltr'><strong>videremur,</strong></span> <span class='ocrx_word' id='word_1_425' title='bbox 2233 2599 2369 2655; x_wconf 89' lang='lat' dir='ltr'><strong>quos</strong></span> <span class='ocrx_word' id='word_1_426' title='bbox 2398 2587 2596 2660; x_wconf 72' lang='lat' dir='ltr'><strong>etipsa</strong></span> <span class='ocrx_word' id='word_1_427' title='bbox 2625 2589 2678 2642; x_wconf 92' lang='lat' dir='ltr'><strong>in</strong></span> <span class='ocrx_word' id='word_1_428' title='bbox 2711 2603 2954 2644; x_wconf 87' lang='lat' dir='ltr'><strong>amorem</strong></span> <span class='ocrx_word' id='word_1_429' title='bbox 2994 2599 3241 2647; x_wconf 90' lang='lat' dir='ltr'><strong>mutuum</strong></span> <span class='ocrx_word' id='word_1_430' title='bbox 3285 2593 3466 2664; x_wconf 87' lang='lat' dir='ltr'><strong>imago</strong></span> 
     </span>
    </p>
   </div>
   <div class='ocr_carea' id='block_1_56' title="bbox 1857 2676 3463 2757">
    <p class='ocr_par' dir='ltr' id='par_1_56' title="bbox 1857 2676 3463 2757">
     <span class='ocr_line' id='line_1_56' title="bbox 1857 2676 3463 2757; baseline 0.009 -29"><span class='ocrx_word' id='word_1_431' title='bbox 1857 2676 2152 2743; x_wconf 88' lang='lat' dir='ltr'><strong>formarel;</strong></span> <span class='ocrx_word' id='word_1_432' title='bbox 2203 2678 2389 2735; x_wconf 89' lang='lat' dir='ltr'><strong>nescio</strong></span> <span class='ocrx_word' id='word_1_433' title='bbox 2439 2690 2460 2717; x_wconf 71' lang='grc' dir='ltr'><strong>θ</strong></span> <span class='ocrx_word' id='word_1_434' title='bbox 2506 2683 2652 2736; x_wconf 90' lang='lat' dir='ltr'><strong>enim</strong></span> <span class='ocrx_word' id='word_1_435' title='bbox 2693 2699 2798 2752; x_wconf 90' lang='lat' dir='ltr'><strong>qua</strong></span> <span class='ocrx_word' id='word_1_436' title='bbox 2847 2687 3199 2755; x_wconf 87' lang='lat' dir='ltr'><strong>expressione</strong></span> <span class='ocrx_word' id='word_1_437' title='bbox 3243 2690 3463 2757; x_wconf 88' lang='lat' dir='ltr'><strong>mentis,</strong></span> 
     </span>
    </p>
   </div>
   <div class='ocr_carea' id='block_1_57' title="bbox 1855 2769 3463 2840">
    <p class='ocr_par' dir='ltr' id='par_1_57' title="bbox 1855 2769 3463 2840">
     <span class='ocr_line' id='line_1_57' title="bbox 1855 2769 3463 2840; baseline 0.009 -18"><span class='ocrx_word' id='word_1_438' title='bbox 1855 2781 1961 2838; x_wconf 88' lang='lat' dir='ltr'><strong>qua</strong></span> <span class='ocrx_word' id='word_1_439' title='bbox 1991 2769 2238 2840; x_wconf 92' lang='lat' dir='ltr'><strong>corporis</strong></span> <span class='ocrx_word' id='word_1_440' title='bbox 2276 2769 2630 2828; x_wconf 88' lang='lat' dir='ltr'><strong>similitudine</strong></span> <span class='ocrx_word' id='word_1_441' title='bbox 2667 2775 2810 2830; x_wconf 88' lang='lat' dir='ltr'><strong>alter</strong></span> <span class='ocrx_word' id='word_1_442' title='bbox 2839 2777 2890 2829; x_wconf 91' lang='lat' dir='ltr'><strong>in</strong></span> <span class='ocrx_word' id='word_1_443' title='bbox 2919 2777 3094 2832; x_wconf 88' lang='lat' dir='ltr'><strong>altero</strong></span> <span class='ocrx_word' id='word_1_444' title='bbox 3123 2777 3463 2836; x_wconf 73' lang='lat' dir='ltr'><strong>videbamur.</strong></span> 
     </span>
    </p>
   </div>
   <div class='ocr_carea' id='block_1_58' title="bbox 1925 2859 3463 2940">
    <p class='ocr_par' dir='ltr' id='par_1_58' title="bbox 1925 2859 3463 2940">
     <span class='ocr_line' id='line_1_58' title="bbox 1925 2859 3463 2940; baseline 0.007 -24"><span class='ocrx_word' id='word_1_445' title='bbox 1925 2861 2014 2916; x_wconf 75' lang='lat'><strong>58.</strong></span> <span class='ocrx_word' id='word_1_446' title='bbox 2060 2859 2195 2928; x_wconf 85' lang='lat' dir='ltr'><strong>Quis</strong></span> <span class='ocrx_word' id='word_1_447' title='bbox 2239 2869 2294 2918; x_wconf 89' lang='lat' dir='ltr'><strong>te</strong></span> <span class='ocrx_word' id='word_1_448' title='bbox 2324 2865 2568 2936; x_wconf 81' lang='lat' dir='ltr'><strong>aspexit,</strong></span> <span class='ocrx_word' id='word_1_449' title='bbox 2612 2859 2702 2936; x_wconf 87' lang='lat' dir='ltr'><strong>qui</strong></span> <span class='ocrx_word' id='word_1_450' title='bbox 2741 2882 2845 2922; x_wconf 93' lang='lat' dir='ltr'><strong>non</strong></span> <span class='ocrx_word' id='word_1_451' title='bbox 2877 2884 2964 2924; x_wconf 91' lang='lat' dir='ltr'><strong>me</strong></span> <span class='ocrx_word' id='word_1_452' title='bbox 3003 2871 3178 2924; x_wconf 86' lang='lat' dir='ltr'><strong>visum</strong></span> <span class='ocrx_word' id='word_1_453' title='bbox 3208 2874 3463 2940; x_wconf 78' lang='lat' dir='ltr'><strong>putaret?</strong></span> 
     </span>
    </p>
   </div>
   <div class='ocr_carea' id='block_1_59' title="bbox 1853 2953 3462 3033">
    <p class='ocr_par' dir='ltr' id='par_1_59' title="bbox 1853 2953 3462 3033">
     <span class='ocr_line' id='line_1_59' title="bbox 1853 2953 3462 3033; baseline 0.008 -27"><span class='ocrx_word' id='word_1_454' title='bbox 1853 2953 2078 3021; x_wconf 89' lang='lat' dir='ltr'><strong>Quoties</strong></span> <span class='ocrx_word' id='word_1_455' title='bbox 2113 2957 2326 3030; x_wconf 87' lang='lat' dir='ltr'><strong>aliquos</strong></span> <span class='ocrx_word' id='word_1_456' title='bbox 2355 2958 2616 3025; x_wconf 89' lang='lat' dir='ltr'><strong>salutavi,</strong></span> <span class='ocrx_word' id='word_1_457' title='bbox 2657 2961 2748 3030; x_wconf 91' lang='lat' dir='ltr'><strong>qui</strong></span> <span class='ocrx_word' id='word_1_458' title='bbox 2781 2962 3036 3032; x_wconf 89' lang='lat' dir='ltr'><strong>quoniam</strong></span> <span class='ocrx_word' id='word_1_459' title='bbox 3079 2974 3129 3018; x_wconf 90' lang='lat' dir='ltr'><strong>te</strong></span> <span class='ocrx_word' id='word_1_460' title='bbox 3159 2965 3304 3033; x_wconf 87' lang='lat' dir='ltr'><strong>prius</strong></span> <span class='ocrx_word' id='word_1_461' title='bbox 3329 2979 3462 3019; x_wconf 90' lang='lat' dir='ltr'><strong>con-</strong></span> 
     </span>
    </p>
   </div>
   <div class='ocr_carea' id='block_1_60' title="bbox 1853 3050 3459 3121">
    <p class='ocr_par' dir='ltr' id='par_1_60' title="bbox 1853 3050 3459 3121">
     <span class='ocr_line' id='line_1_60' title="bbox 1853 3050 3459 3121; baseline 0.006 -17"><span class='ocrx_word' id='word_1_462' title='bbox 1853 3050 2221 3105; x_wconf 85' lang='lat' dir='ltr'><strong>salutaverant</strong></span> <span class='ocrx_word' id='word_1_463' title='bbox 2253 3093 2268 3118; x_wconf 93' lang='lat'><strong>,</strong></span> <span class='ocrx_word' id='word_1_464' title='bbox 2319 3067 2380 3107; x_wconf 88' lang='lat' dir='ltr'><strong>se</strong></span> <span class='ocrx_word' id='word_1_465' title='bbox 2436 3068 2462 3105; x_wconf 89' lang='lat' dir='ltr'><strong>a</strong></span> <span class='ocrx_word' id='word_1_466' title='bbox 2522 3068 2610 3108; x_wconf 90' lang='lat' dir='ltr'><strong>me</strong></span> <span class='ocrx_word' id='word_1_467' title='bbox 2668 3054 2774 3121; x_wconf 84' lang='lat' dir='ltr'><strong>iam</strong></span> <span class='ocrx_word' id='word_1_468' title='bbox 2848 3054 3098 3110; x_wconf 87' lang='lat' dir='ltr'><strong>dicerent</strong></span> <span class='ocrx_word' id='word_1_469' title='bbox 3151 3056 3459 3113; x_wconf 86' lang='lat' dir='ltr'><strong>salutatos!</strong></span> 
     </span>
    </p>
   </div>
   <div class='ocr_carea' id='block_1_61' title="bbox 1854 3143 3460 3217">
    <p class='ocr_par' dir='ltr' id='par_1_61' title="bbox 1854 3143 3460 3217">
     <span class='ocr_line' id='line_1_61' title="bbox 1854 3143 3460 3217; baseline 0.006 -19"><span class='ocrx_word' id='word_1_470' title='bbox 1854 3143 2050 3210; x_wconf 81' lang='lat' dir='ltr'><strong>Quanti</strong></span> <span class='ocrx_word' id='word_1_471' title='bbox 2081 3144 2176 3198; x_wconf 86' lang='lat' dir='ltr'><strong>tibi</strong></span> <span class='ocrx_word' id='word_1_472' title='bbox 2217 3143 2469 3199; x_wconf 90' lang='lat' dir='ltr'><strong>dixerunt</strong></span> <span class='ocrx_word' id='word_1_473' title='bbox 2490 3145 2714 3216; x_wconf 88' lang='lat' dir='ltr'><strong>aliquid,</strong></span> <span class='ocrx_word' id='word_1_474' title='bbox 2744 3148 2834 3217; x_wconf 87' lang='lat' dir='ltr'><strong>qui</strong></span> <span class='ocrx_word' id='word_1_475' title='bbox 2862 3163 2922 3203; x_wconf 88' lang='lat' dir='ltr'><strong>se</strong></span> <span class='ocrx_word' id='word_1_476' title='bbox 2950 3148 3079 3202; x_wconf 82' lang='lat' dir='ltr'><strong>milii</strong></span> <span class='ocrx_word' id='word_1_477' title='bbox 3111 3149 3315 3206; x_wconf 81' lang='lat' dir='ltr'><strong>dixisse</strong></span> <span class='ocrx_word' id='word_1_478' title='bbox 3344 3166 3460 3207; x_wconf 87' lang='lat' dir='ltr'><strong>me-</strong></span> 
     </span>
    </p>
   </div>
   <div class='ocr_carea' id='block_1_62' title="bbox 146 3239 1760 3319">
    <p class='ocr_par' dir='ltr' id='par_1_62' title="bbox 146 3249 1744 3319">
     <span class='ocr_line' id='line_1_62' title="bbox 146 3249 1744 3319; baseline 0.004 -17"><span class='ocrx_word' id='word_1_479' title='bbox 146 3258 199 3304; x_wconf 91' lang='lat' dir='ltr'><strong>te</strong></span> <span class='ocrx_word' id='word_1_480' title='bbox 224 3259 372 3304; x_wconf 84' lang='lat' dir='ltr'><strong>tanto</strong></span> <span class='ocrx_word' id='word_1_481' title='bbox 404 3249 529 3306; x_wconf 67' lang='lat' dir='ltr'><strong>vitae</strong></span> <span class='ocrx_word' id='word_1_482' title='bbox 571 3253 773 3308; x_wconf 87' lang='lat' dir='ltr'><strong>comite</strong></span> <span class='ocrx_word' id='word_1_483' title='bbox 797 3292 813 3319; x_wconf 95' lang='lat'><strong>,</strong></span> <span class='ocrx_word' id='word_1_484' title='bbox 845 3261 1000 3306; x_wconf 86' lang='lat' dir='ltr'><strong>tanto</strong></span> <span class='ocrx_word' id='word_1_485' title='bbox 1050 3252 1297 3308; x_wconf 89' lang='lat' dir='ltr'><strong>laborum</strong></span> <span class='ocrx_word' id='word_1_486' title='bbox 1333 3268 1574 3311; x_wconf 85' lang='lat' dir='ltr'><strong>meorum</strong></span> <span class='ocrx_word' id='word_1_487' title='bbox 1623 3253 1744 3309; x_wconf 87' lang='lat' dir='ltr'><strong>offi-</strong></span> 
     </span>
    </p>
   </div>
   <div class='ocr_carea' id='block_1_63' title="bbox 1859 3239 3462 3319">
    <p class='ocr_par' dir='ltr' id='par_1_63' title="bbox 1859 3239 3462 3315">
     <span class='ocr_line' id='line_1_63' title="bbox 1859 3239 3462 3315; baseline 0.005 -21"><span class='ocrx_word' id='word_1_488' title='bbox 1859 3239 2164 3294; x_wconf 86' lang='lat' dir='ltr'><strong>morarent!</strong></span> <span class='ocrx_word' id='word_1_489' title='bbox 2197 3239 2326 3307; x_wconf 67' lang='lat' dir='ltr'><strong>Quae</strong></span> <span class='ocrx_word' id='word_1_490' title='bbox 2361 3239 2493 3294; x_wconf 92' lang='lat' dir='ltr'><strong>mihi</strong></span> <span class='ocrx_word' id='word_1_491' title='bbox 2517 3239 2645 3296; x_wconf 87' lang='lat' dir='ltr'><strong>hinc</strong></span> <span class='ocrx_word' id='word_1_492' title='bbox 2669 3243 2884 3313; x_wconf 85' lang='lat' dir='ltr'><strong>gaudia,</strong></span> <span class='ocrx_word' id='word_1_493' title='bbox 2917 3253 3115 3314; x_wconf 88' lang='lat' dir='ltr'><strong>quanta</strong></span> <span class='ocrx_word' id='word_1_494' title='bbox 3147 3243 3462 3315; x_wconf 88' lang='lat' dir='ltr'><strong>frequenter</strong></span> 
     </span>
    </p>
   </div>
   <div class='ocr_carea' id='block_1_64' title="bbox 142 3341 1749 3416">
    <p class='ocr_par' dir='ltr' id='par_1_64' title="bbox 142 3341 1749 3416">
     <span class='ocr_line' id='line_1_64' title="bbox 142 3341 1749 3416; baseline 0.005 -22"><span class='ocrx_word' id='word_1_495' title='bbox 142 3341 456 3412; x_wconf 86' lang='lat' dir='ltr'><strong>ciorumque</strong></span> <span class='ocrx_word' id='word_1_496' title='bbox 507 3345 806 3400; x_wconf 86' lang='lat' dir='ltr'><strong>consorte?</strong></span> <span class='ocrx_word' id='word_1_497' title='bbox 850 3344 1016 3415; x_wconf 88' lang='lat' dir='ltr'><strong>Cujus</strong></span> <span class='ocrx_word' id='word_1_498' title='bbox 1061 3360 1162 3415; x_wconf 82' lang='lat' dir='ltr'><strong>ego</strong></span> <span class='ocrx_word' id='word_1_499' title='bbox 1217 3361 1401 3400; x_wconf 88' lang='lat' dir='ltr'><strong>casum</strong></span> <span class='ocrx_word' id='word_1_500' title='bbox 1447 3362 1554 3416; x_wconf 90' lang='lat' dir='ltr'><strong>quo</strong></span> <span class='ocrx_word' id='word_1_501' title='bbox 1599 3357 1749 3403; x_wconf 89' lang='lat' dir='ltr'><strong>esset</strong></span> 
     </span>
    </p>
   </div>
   <div class='ocr_carea' id='block_1_65' title="bbox 145 3429 1742 3510">
    <p class='ocr_par' dir='ltr' id='par_1_65' title="bbox 145 3429 1742 3510">
     <span class='ocr_line' id='line_1_65' title="bbox 145 3429 1742 3510; baseline 0.006 -25"><span class='ocrx_word' id='word_1_502' title='bbox 145 3434 498 3502; x_wconf 88' lang='lat' dir='ltr'><strong>tolerabilior,</strong></span> <span class='ocrx_word' id='word_1_503' title='bbox 533 3452 631 3491; x_wconf 90' lang='lat' dir='ltr'><strong>nec</strong></span> <span class='ocrx_word' id='word_1_504' title='bbox 661 3437 1025 3506; x_wconf 61' lang='lat' dir='ltr'><strong>praemeditari</strong></span> <span class='ocrx_word' id='word_1_505' title='bbox 1056 3429 1240 3508; x_wconf 84' lang='lat' dir='ltr'><strong>potui;</strong></span> <span class='ocrx_word' id='word_1_506' title='bbox 1272 3437 1343 3492; x_wconf 89' lang='lat' dir='ltr'><strong>ita</strong></span> <span class='ocrx_word' id='word_1_507' title='bbox 1371 3439 1597 3510; x_wconf 89' lang='lat' dir='ltr'><strong>pavebat</strong></span> <span class='ocrx_word' id='word_1_508' title='bbox 1622 3441 1742 3494; x_wconf 82' lang='lat' dir='ltr'><strong>aui-</strong></span> 
     </span>
    </p>
   </div>
   <div class='ocr_carea' id='block_1_66' title="bbox 143 3530 1744 3603">
    <p class='ocr_par' dir='ltr' id='par_1_66' title="bbox 143 3530 1744 3603">
     <span class='ocr_line' id='line_1_66' title="bbox 143 3530 1744 3603; baseline 0.006 -23"><span class='ocrx_word' id='word_1_509' title='bbox 143 3544 261 3583; x_wconf 89' lang='lat' dir='ltr'><strong>mus</strong></span> <span class='ocrx_word' id='word_1_510' title='bbox 289 3530 359 3585; x_wconf 86' lang='lat' dir='ltr'><strong>de</strong></span> <span class='ocrx_word' id='word_1_511' title='bbox 390 3530 484 3584; x_wconf 93' lang='lat' dir='ltr'><strong>illo</strong></span> <span class='ocrx_word' id='word_1_512' title='bbox 516 3531 622 3586; x_wconf 86' lang='lat' dir='ltr'><strong>tale</strong></span> <span class='ocrx_word' id='word_1_513' title='bbox 666 3530 868 3601; x_wconf 89' lang='lat' dir='ltr'><strong>aliquid</strong></span> <span class='ocrx_word' id='word_1_514' title='bbox 909 3532 1182 3602; x_wconf 86' lang='lat' dir='ltr'><strong>cogitare!</strong></span> <span class='ocrx_word' id='word_1_515' title='bbox 1237 3549 1344 3588; x_wconf 90' lang='lat' dir='ltr'><strong>non</strong></span> <span class='ocrx_word' id='word_1_516' title='bbox 1395 3550 1504 3603; x_wconf 86' lang='lat' dir='ltr'><strong>quo</strong></span> <span class='ocrx_word' id='word_1_517' title='bbox 1553 3533 1744 3590; x_wconf 87' lang='lat' dir='ltr'><strong>condi-</strong></span> 
     </span>
    </p>
   </div>
   <div class='ocr_carea' id='block_1_67' title="bbox 143 3621 1743 3695">
    <p class='ocr_par' dir='ltr' id='par_1_67' title="bbox 143 3621 1743 3695">
     <span class='ocr_line' id='line_1_67' title="bbox 143 3621 1743 3695; baseline 0.006 -21"><span class='ocrx_word' id='word_1_518' title='bbox 143 3621 346 3676; x_wconf 87' lang='lat' dir='ltr'><strong>tionem</strong></span> <span class='ocrx_word' id='word_1_519' title='bbox 392 3623 696 3692; x_wconf 83' lang='lat' dir='ltr'><strong>ignorarem</strong></span> <span class='ocrx_word' id='word_1_520' title='bbox 725 3624 865 3688; x_wconf 86' lang='lat' dir='ltr'><strong>,.sed</strong></span> <span class='ocrx_word' id='word_1_521' title='bbox 911 3625 1128 3695; x_wconf 86' lang='lat' dir='ltr'><strong>quidam</strong></span> <span class='ocrx_word' id='word_1_522' title='bbox 1171 3635 1423 3681; x_wconf 80' lang='lat' dir='ltr'><strong>votorum</strong></span> <span class='ocrx_word' id='word_1_523' title='bbox 1458 3639 1584 3682; x_wconf 84' lang='lat' dir='ltr'><strong>usus</strong></span> <span class='ocrx_word' id='word_1_524' title='bbox 1614 3641 1743 3683; x_wconf 83' lang='lat' dir='ltr'><strong>sen-</strong></span> 
     </span>
    </p>
   </div>
   <div class='ocr_carea' id='block_1_68' title="bbox 142 3717 1741 3790">
    <p class='ocr_par' dir='ltr' id='par_1_68' title="bbox 142 3717 1741 3790">
     <span class='ocr_line' id='line_1_68' title="bbox 142 3717 1741 3790; baseline 0.004 -21"><span class='ocrx_word' id='word_1_525' title='bbox 142 3731 261 3770; x_wconf 89' lang='lat' dir='ltr'><strong>sum</strong></span> <span class='ocrx_word' id='word_1_526' title='bbox 291 3718 591 3772; x_wconf 87' lang='lat' dir='ltr'><strong>communis</strong></span> <span class='ocrx_word' id='word_1_527' title='bbox 617 3717 924 3790; x_wconf 80' lang='lat' dir='ltr'><strong>fragilitatis</strong></span> <span class='ocrx_word' id='word_1_528' title='bbox 959 3719 1289 3785; x_wconf 79' lang='lat' dir='ltr'><strong>obduxerat;</strong></span> <span class='ocrx_word' id='word_1_529' title='bbox 1339 3728 1394 3774; x_wconf 88' lang='lat' dir='ltr'><strong>ut</strong></span> <span class='ocrx_word' id='word_1_530' title='bbox 1423 3719 1491 3776; x_wconf 87' lang='lat' dir='ltr'><strong>de</strong></span> <span class='ocrx_word' id='word_1_531' title='bbox 1517 3719 1608 3775; x_wconf 90' lang='lat' dir='ltr'><strong>illo</strong></span> <span class='ocrx_word' id='word_1_532' title='bbox 1637 3719 1741 3776; x_wconf 89' lang='lat' dir='ltr'><strong>nisi</strong></span> 
     </span>
    </p>
   </div>
   <div class='ocr_carea' id='block_1_69' title="bbox 141 3811 1177 3882">
    <p class='ocr_par' dir='ltr' id='par_1_69' title="bbox 141 3811 1177 3882">
     <span class='ocr_line' id='line_1_69' title="bbox 141 3811 1177 3882; baseline 0.001 -18"><span class='ocrx_word' id='word_1_533' title='bbox 141 3812 375 3866; x_wconf 81' lang='lat' dir='ltr'><strong>secunda</strong></span> <span class='ocrx_word' id='word_1_534' title='bbox 401 3811 581 3866; x_wconf 82' lang='lat' dir='ltr'><strong>omnia</strong></span> <span class='ocrx_word' id='word_1_535' title='bbox 612 3813 854 3882; x_wconf 90' lang='lat' dir='ltr'><strong>cogitare</strong></span> <span class='ocrx_word' id='word_1_536' title='bbox 887 3813 1177 3868; x_wconf 89' lang='lat' dir='ltr'><strong>nescirem.</strong></span> 
     </span>
    </p>
   </div>
   <div class='ocr_carea' id='block_1_70' title="bbox 211 3903 1748 3977">
    <p class='ocr_par' dir='ltr' id='par_1_70' title="bbox 211 3903 1748 3977">
     <span class='ocr_line' id='line_1_70' title="bbox 211 3903 1748 3977; baseline 0.001 -19"><span class='ocrx_word' id='word_1_537' title='bbox 211 3903 303 3959; x_wconf 80' lang='grc'><strong>56.</strong></span> <span class='ocrx_word' id='word_1_538' title='bbox 329 3905 570 3975; x_wconf 81' lang='lat' dir='ltr'><strong>Denique</strong></span> <span class='ocrx_word' id='word_1_539' title='bbox 591 3906 838 3975; x_wconf 89' lang='lat' dir='ltr'><strong>proxime</strong></span> <span class='ocrx_word' id='word_1_540' title='bbox 861 3920 984 3960; x_wconf 89' lang='lat' dir='ltr'><strong>cum</strong></span> <span class='ocrx_word' id='word_1_541' title='bbox 1006 3906 1153 3977; x_wconf 83' lang='lat' dir='ltr'><strong>gravi</strong></span> <span class='ocrx_word' id='word_1_542' title='bbox 1179 3906 1436 3977; x_wconf 87' lang='lat' dir='ltr'><strong>(quodam</strong></span> <span class='ocrx_word' id='word_1_543' title='bbox 1459 3915 1620 3977; x_wconf 82' lang='lat' dir='ltr'><strong>atque</strong></span> <span class='ocrx_word' id='word_1_544' title='bbox 1641 3909 1748 3961; x_wconf 80' lang='lat' dir='ltr'><strong>uti-</strong></span> 
     </span>
    </p>
   </div>
   <div class='ocr_carea' id='block_1_71' title="bbox 143 3997 1738 4072">
    <p class='ocr_par' dir='ltr' id='par_1_71' title="bbox 143 3997 1738 4072">
     <span class='ocr_line' id='line_1_71' title="bbox 143 3997 1738 4072; baseline 0.002 -21"><span class='ocrx_word' id='word_1_545' title='bbox 143 4012 264 4051; x_wconf 88' lang='lat' dir='ltr'><strong>nam</strong></span> <span class='ocrx_word' id='word_1_546' title='bbox 289 4012 542 4069; x_wconf 90' lang='lat' dir='ltr'><strong>supremo</strong></span> <span class='ocrx_word' id='word_1_547' title='bbox 560 3997 608 4072; x_wconf 74' lang='grc' dir='ltr'><strong>ε)</strong></span> <span class='ocrx_word' id='word_1_548' title='bbox 634 4013 858 4070; x_wconf 80' lang='lat' dir='ltr'><strong>urgerer</strong></span> <span class='ocrx_word' id='word_1_549' title='bbox 878 4013 1105 4066; x_wconf 85' lang='lat' dir='ltr'><strong>occasu;</strong></span> <span class='ocrx_word' id='word_1_550' title='bbox 1150 3997 1254 4054; x_wconf 83' lang='lat' dir='ltr'><strong>hoc</strong></span> <span class='ocrx_word' id='word_1_551' title='bbox 1278 4000 1450 4054; x_wconf 84' lang='lat' dir='ltr'><strong>solum</strong></span> <span class='ocrx_word' id='word_1_552' title='bbox 1468 3999 1738 4068; x_wconf 84' lang='lat' dir='ltr'><strong>dolebam,</strong></span> 
     </span>
    </p>
   </div>
   <div class='ocr_carea' id='block_1_72' title="bbox 138 4089 1740 4162">
    <p class='ocr_par' dir='ltr' id='par_1_72' title="bbox 138 4089 1740 4162">
     <span class='ocr_line' id='line_1_72' title="bbox 138 4089 1740 4162; baseline 0.002 -17"><span class='ocrx_word' id='word_1_553' title='bbox 138 4090 284 4162; x_wconf 89' lang='lat' dir='ltr'><strong>quod</strong></span> <span class='ocrx_word' id='word_1_554' title='bbox 307 4107 412 4147; x_wconf 93' lang='lat' dir='ltr'><strong>non</strong></span> <span class='ocrx_word' id='word_1_555' title='bbox 436 4092 552 4162; x_wconf 90' lang='lat' dir='ltr'><strong>ipse</strong></span> <span class='ocrx_word' id='word_1_556' title='bbox 573 4091 844 4149; x_wconf 89' lang='lat' dir='ltr'><strong>assideres</strong></span> <span class='ocrx_word' id='word_1_557' title='bbox 867 4089 1087 4160; x_wconf 88' lang='lat' dir='ltr'><strong>lectulo,</strong></span> <span class='ocrx_word' id='word_1_558' title='bbox 1119 4107 1181 4148; x_wconf 91' lang='lat' dir='ltr'><strong>ac</strong></span> <span class='ocrx_word' id='word_1_559' title='bbox 1203 4091 1442 4148; x_wconf 86' lang='lat' dir='ltr'><strong>v0tivum</strong></span> <span class='ocrx_word' id='word_1_560' title='bbox 1468 4091 1595 4148; x_wconf 90' lang='lat' dir='ltr'><strong>mihi</strong></span> <span class='ocrx_word' id='word_1_561' title='bbox 1619 4108 1740 4148; x_wconf 92' lang='lat' dir='ltr'><strong>cum</strong></span> 
     </span>
    </p>
   </div>
   <div class='ocr_carea' id='block_1_73' title="bbox 139 4186 1743 4255">
    <p class='ocr_par' dir='ltr' id='par_1_73' title="bbox 139 4186 1743 4255">
     <span class='ocr_line' id='line_1_73' title="bbox 139 4186 1743 4255; baseline 0.002 -16"><span class='ocrx_word' id='word_1_562' title='bbox 139 4195 323 4240; x_wconf 79' lang='lat' dir='ltr'><strong>sancta</strong></span> <span class='ocrx_word' id='word_1_563' title='bbox 360 4200 550 4240; x_wconf 82' lang='lat' dir='ltr'><strong>sorore</strong></span> <span class='ocrx_word' id='word_1_564' title='bbox 598 4188 828 4255; x_wconf 84' lang='lat' dir='ltr'><strong>partitus</strong></span> <span class='ocrx_word' id='word_1_565' title='bbox 876 4186 1116 4242; x_wconf 87' lang='lat' dir='ltr'><strong>officium</strong></span> <span class='ocrx_word' id='word_1_566' title='bbox 1138 4227 1152 4253; x_wconf 96' lang='lat'><strong>,</strong></span> <span class='ocrx_word' id='word_1_567' title='bbox 1187 4197 1208 4226; x_wconf 73' lang='grc' dir='ltr'><strong>ο</strong></span> <span class='ocrx_word' id='word_1_568' title='bbox 1239 4186 1522 4242; x_wconf 88' lang='lat' dir='ltr'><strong>morientis</strong></span> <span class='ocrx_word' id='word_1_569' title='bbox 1552 4187 1743 4243; x_wconf 85' lang='lat' dir='ltr'><strong>oculos</strong></span> 
     </span>
    </p>
   </div>
   <div class='ocr_carea' id='block_1_74' title="bbox 139 4276 1732 4350">
    <p class='ocr_par' dir='ltr' id='par_1_74' title="bbox 139 4276 1732 4350">
     <span class='ocr_line' id='line_1_74' title="bbox 139 4276 1732 4350; baseline 0.001 -18"><span class='ocrx_word' id='word_1_570' title='bbox 139 4276 320 4348; x_wconf 83' lang='lat' dir='ltr'><strong>digitis</strong></span> <span class='ocrx_word' id='word_1_571' title='bbox 369 4280 473 4334; x_wconf 90' lang='lat' dir='ltr'><strong>tuis</strong></span> <span class='ocrx_word' id='word_1_572' title='bbox 517 4278 819 4334; x_wconf 80' lang='lat' dir='ltr'><strong>clauderes.</strong></span> <span class='ocrx_word' id='word_1_573' title='bbox 873 4277 1011 4347; x_wconf 86' lang='lat' dir='ltr'><strong>Quid</strong></span> <span class='ocrx_word' id='word_1_574' title='bbox 1060 4279 1408 4350; x_wconf 80' lang='lat' dir='ltr'><strong>Optaveram!</strong></span> <span class='ocrx_word' id='word_1_575' title='bbox 1459 4279 1598 4348; x_wconf 87' lang='lat' dir='ltr'><strong>Quid</strong></span> <span class='ocrx_word' id='word_1_576' title='bbox 1642 4293 1732 4334; x_wconf 89' lang='lat' dir='ltr'><strong>re-</strong></span> 
     </span>
    </p>
   </div>
   <div class='ocr_carea' id='block_1_75' title="bbox 213 4415 1743 4489">
    <p class='ocr_par' dir='ltr' id='par_1_75' title="bbox 213 4415 1743 4489">
     <span class='ocr_line' id='line_1_75' title="bbox 213 4415 1743 4489; baseline 0.003 -19"><span class='ocrx_word' id='word_1_577' title='bbox 213 4425 239 4450; x_wconf 74' lang='grc' dir='ltr'><strong>ει</strong></span> <span class='ocrx_word' id='word_1_578' title='bbox 281 4415 596 4489; x_wconf 78' lang='lat' dir='ltr'><strong>Ambrosius</strong></span> <span class='ocrx_word' id='word_1_579' title='bbox 623 4416 814 4471; x_wconf 86' lang='lat' dir='ltr'><strong>eodem</strong></span> <span class='ocrx_word' id='word_1_580' title='bbox 838 4417 1001 4471; x_wconf 90' lang='lat' dir='ltr'><strong>modo</strong></span> <span class='ocrx_word' id='word_1_581' title='bbox 1029 4416 1414 4489; x_wconf 82' lang='lat' dir='ltr'><strong>Symmachum</strong></span> <span class='ocrx_word' id='word_1_582' title='bbox 1441 4417 1622 4488; x_wconf 85' lang='lat' dir='ltr'><strong>Satyri</strong></span> <span class='ocrx_word' id='word_1_583' title='bbox 1649 4431 1743 4488; x_wconf 85' lang='lat' dir='ltr'><strong>pa-</strong></span> 
     </span>
    </p>
   </div>
   <div class='ocr_carea' id='block_1_76' title="bbox 138 4486 1736 4556">
    <p class='ocr_par' dir='ltr' id='par_1_76' title="bbox 138 4486 1736 4556">
     <span class='ocr_line' id='line_1_76' title="bbox 138 4486 1736 4556; baseline 0.003 -16"><span class='ocrx_word' id='word_1_584' title='bbox 138 4486 474 4556; x_wconf 54' lang='lat' dir='ltr'><strong>rentemfhoc</strong></span> <span class='ocrx_word' id='word_1_585' title='bbox 497 4488 614 4541; x_wconf 87' lang='lat' dir='ltr'><strong>loco</strong></span> <span class='ocrx_word' id='word_1_586' title='bbox 642 4498 816 4547; x_wconf 84' lang='lat' dir='ltr'><strong>vocat.</strong></span> <span class='ocrx_word' id='word_1_587' title='bbox 849 4495 954 4554; x_wconf 84' lang='lat' dir='ltr'><strong>quo</strong></span> <span class='ocrx_word' id='word_1_588' title='bbox 995 4486 1273 4544; x_wconf 77' lang='lat' dir='ltr'><strong>ahenilem</strong></span> <span class='ocrx_word' id='word_1_589' title='bbox 1303 4491 1462 4556; x_wconf 67' lang='lat' dir='ltr'><strong>epist.</strong></span> <span class='ocrx_word' id='word_1_590' title='bbox 1491 4486 1557 4544; x_wconf 85' lang='lat' dir='ltr'><strong>i7</strong></span> <span class='ocrx_word' id='word_1_591' title='bbox 1585 4486 1736 4544; x_wconf 39' lang='lat' dir='ltr'><strong>nu‘m.</strong></span> 
     </span>
    </p>
   </div>
   <div class='ocr_carea' id='block_1_77' title="bbox 141 4558 1740 4630">
    <p class='ocr_par' dir='ltr' id='par_1_77' title="bbox 141 4558 1740 4630">
     <span class='ocr_line' id='line_1_77' title="bbox 141 4558 1740 4630; baseline 0.003 -18"><span class='ocrx_word' id='word_1_592' title='bbox 141 4558 407 4630; x_wconf 48' lang='lat' dir='ltr'><strong>iiepist.</strong></span> <span class='ocrx_word' id='word_1_593' title='bbox 443 4559 679 4613; x_wconf 76' lang='lat' dir='ltr'><strong>52&#39;num.</strong></span> <span class='ocrx_word' id='word_1_594' title='bbox 717 4559 1740 4630; x_wconf 49' lang='lat' dir='ltr'><strong>i&#39;l,etepistﬁbnum.5,Theodosius</strong></span> 
     </span>
    </p>
   </div>
   <div class='ocr_carea' id='block_1_78' title="bbox 140 4629 1735 4704">
    <p class='ocr_par' dir='ltr' id='par_1_78' title="bbox 140 4629 1735 4704">
     <span class='ocr_line' id='line_1_78' title="bbox 140 4629 1735 4704; baseline 0.003 -23"><span class='ocrx_word' id='word_1_595' title='bbox 140 4629 352 4704; x_wconf 70' lang='lat' dir='ltr'><strong>Valent.</strong></span> <span class='ocrx_word' id='word_1_596' title='bbox 371 4630 592 4685; x_wconf 87' lang='lat' dir='ltr'><strong>minoris</strong></span> <span class='ocrx_word' id='word_1_597' title='bbox 605 4640 658 4704; x_wconf 81' lang='lat' dir='ltr'><strong>et</strong></span> <span class='ocrx_word' id='word_1_598' title='bbox 674 4629 1133 4704; x_wconf 17' lang='lat' dir='ltr'><strong>Gratianiipareus</strong></span> <span class='ocrx_word' id='word_1_599' title='bbox 1148 4633 1365 4698; x_wconf 80' lang='lat' dir='ltr'><strong>dicitur,</strong></span> <span class='ocrx_word' id='word_1_600' title='bbox 1382 4643 1437 4689; x_wconf 87' lang='lat' dir='ltr'><strong>et</strong></span> <span class='ocrx_word' id='word_1_601' title='bbox 1455 4649 1560 4704; x_wconf 89' lang='lat' dir='ltr'><strong>quo</strong></span> <span class='ocrx_word' id='word_1_602' title='bbox 1574 4638 1735 4688; x_wconf 90' lang='lat' dir='ltr'><strong>etiam</strong></span> 
     </span>
    </p>
   </div>
   <div class='ocr_carea' id='block_1_79' title="bbox 1852 3334 3454 3405">
    <p class='ocr_par' dir='ltr' id='par_1_79' title="bbox 1852 3334 3454 3405">
     <span class='ocr_line' id='line_1_79' title="bbox 1852 3334 3454 3405; baseline 0.004 -17"><span class='ocrx_word' id='word_1_603' title='bbox 1852 3335 2043 3390; x_wconf 89' lang='lat' dir='ltr'><strong>oborta</strong></span> <span class='ocrx_word' id='word_1_604' title='bbox 2083 3335 2298 3398; x_wconf 71' lang='lat' dir='ltr'><strong>Imtitia,</strong></span> <span class='ocrx_word' id='word_1_605' title='bbox 2331 3334 2473 3405; x_wconf 88' lang='lat' dir='ltr'><strong>quod</strong></span> <span class='ocrx_word' id='word_1_606' title='bbox 2513 3350 2606 3390; x_wconf 87' lang='lat' dir='ltr'><strong>eos</strong></span> <span class='ocrx_word' id='word_1_607' title='bbox 2636 3352 2821 3391; x_wconf 85' lang='lat' dir='ltr'><strong>errare</strong></span> <span class='ocrx_word' id='word_1_608' title='bbox 2861 3336 2912 3392; x_wconf 94' lang='lat' dir='ltr'><strong>in</strong></span> <span class='ocrx_word' id='word_1_609' title='bbox 2947 3337 3104 3392; x_wconf 90' lang='lat' dir='ltr'><strong>nobis</strong></span> <span class='ocrx_word' id='word_1_610' title='bbox 3131 3353 3411 3393; x_wconf 81' lang='lat' dir='ltr'><strong>cernerem</strong></span> <span class='ocrx_word' id='word_1_611' title='bbox 3441 3343 3454 3395; x_wconf 86' lang='lat'>!</span> 
     </span>
    </p>
   </div>
   <div class='ocr_carea' id='block_1_80' title="bbox 1859 3427 3457 3504">
    <p class='ocr_par' dir='ltr' id='par_1_80' title="bbox 1859 3427 3457 3504">
     <span class='ocr_line' id='line_1_80' title="bbox 1859 3427 3457 3504; baseline 0.004 -22"><span class='ocrx_word' id='word_1_612' title='bbox 1859 3427 1878 3464; x_wconf 70' lang='grc' dir='ltr'><strong>ί</strong></span> <span class='ocrx_word' id='word_1_613' title='bbox 1908 3428 2078 3496; x_wconf 88' lang='lat' dir='ltr'><strong>Quam</strong></span> <span class='ocrx_word' id='word_1_614' title='bbox 2105 3436 2288 3496; x_wconf 74' lang='lat' dir='ltr'><strong>gratus</strong></span> <span class='ocrx_word' id='word_1_615' title='bbox 2315 3444 2489 3495; x_wconf 91' lang='lat' dir='ltr'><strong>error,</strong></span> <span class='ocrx_word' id='word_1_616' title='bbox 2523 3447 2682 3502; x_wconf 88' lang='lat' dir='ltr'><strong>quam</strong></span> <span class='ocrx_word' id='word_1_617' title='bbox 2706 3431 2940 3501; x_wconf 88' lang='lat' dir='ltr'><strong>jucunda</strong></span> <span class='ocrx_word' id='word_1_618' title='bbox 2976 3433 3269 3502; x_wconf 55' lang='lat' dir='ltr'><strong>prolapsio,</strong></span> <span class='ocrx_word' id='word_1_619' title='bbox 3295 3449 3457 3504; x_wconf 87' lang='lat' dir='ltr'><strong>quam</strong></span> 
     </span>
    </p>
   </div>
   <div class='ocr_carea' id='block_1_81' title="bbox 1851 3511 3456 3598">
    <p class='ocr_par' dir='ltr' id='par_1_81' title="bbox 1851 3511 3456 3598">
     <span class='ocr_line' id='line_1_81' title="bbox 1851 3511 3456 3598; baseline 0.004 -20"><span class='ocrx_word' id='word_1_620' title='bbox 1851 3523 2103 3594; x_wconf 80' lang='lat' dir='ltr'><strong>religiosa</strong></span> <span class='ocrx_word' id='word_1_621' title='bbox 2128 3521 2359 3591; x_wconf 87' lang='lat' dir='ltr'><strong>fallacia,</strong></span> <span class='ocrx_word' id='word_1_622' title='bbox 2382 3537 2542 3595; x_wconf 87' lang='lat' dir='ltr'><strong>quam</strong></span> <span class='ocrx_word' id='word_1_623' title='bbox 2564 3523 2749 3581; x_wconf 87' lang='lat' dir='ltr'><strong>suavis</strong></span> <span class='ocrx_word' id='word_1_624' title='bbox 2771 3523 3034 3582; x_wconf 85' lang='lat' dir='ltr'><strong>calumnia</strong></span> <span class='ocrx_word' id='word_1_625' title='bbox 3059 3511 3074 3581; x_wconf 82' lang='lat' dir='ltr'><strong>i</strong></span> <span class='ocrx_word' id='word_1_626' title='bbox 3103 3525 3290 3598; x_wconf 84' lang='lat' dir='ltr'><strong>Neque</strong></span> <span class='ocrx_word' id='word_1_627' title='bbox 3311 3529 3456 3585; x_wconf 88' lang='lat' dir='ltr'><strong>enim</strong></span> 
     </span>
    </p>
   </div>
   <div class='ocr_carea' id='block_1_82' title="bbox 1849 3618 3455 3690">
    <p class='ocr_par' dir='ltr' id='par_1_82' title="bbox 1849 3618 3455 3690">
     <span class='ocr_line' id='line_1_82' title="bbox 1849 3618 3455 3690; baseline 0.002 -17"><span class='ocrx_word' id='word_1_628' title='bbox 1849 3618 1918 3674; x_wconf 89' lang='lat' dir='ltr'><strong>de</strong></span> <span class='ocrx_word' id='word_1_629' title='bbox 1961 3618 2069 3673; x_wconf 88' lang='lat' dir='ltr'><strong>tuis</strong></span> <span class='ocrx_word' id='word_1_630' title='bbox 2101 3627 2222 3672; x_wconf 88' lang='lat' dir='ltr'><strong>erat</strong></span> <span class='ocrx_word' id='word_1_631' title='bbox 2249 3618 2451 3686; x_wconf 80' lang='lat' dir='ltr'><strong>aliquid</strong></span> <span class='ocrx_word' id='word_1_632' title='bbox 2488 3628 2580 3674; x_wconf 88' lang='lat' dir='ltr'><strong>aut</strong></span> <span class='ocrx_word' id='word_1_633' title='bbox 2611 3619 2766 3674; x_wconf 86' lang='lat' dir='ltr'><strong>factis</strong></span> <span class='ocrx_word' id='word_1_634' title='bbox 2799 3629 2892 3674; x_wconf 87' lang='lat' dir='ltr'><strong>aut</strong></span> <span class='ocrx_word' id='word_1_635' title='bbox 2915 3621 3280 3685; x_wconf 84' lang='lat' dir='ltr'><strong>sermonibus,</strong></span> <span class='ocrx_word' id='word_1_636' title='bbox 3309 3622 3455 3690; x_wconf 86' lang='lat' dir='ltr'><strong>quod</strong></span> 
     </span>
    </p>
   </div>
   <div class='ocr_carea' id='block_1_83' title="bbox 1849 3712 3017 3783">
    <p class='ocr_par' dir='ltr' id='par_1_83' title="bbox 1849 3712 3017 3783">
     <span class='ocr_line' id='line_1_83' title="bbox 1849 3712 3017 3783; baseline 0.003 -16"><span class='ocrx_word' id='word_1_637' title='bbox 1849 3714 2123 3774; x_wconf 83' lang='lat' dir='ltr'><strong>timerent.</strong></span> <span class='ocrx_word' id='word_1_638' title='bbox 2159 3713 2249 3783; x_wconf 88' lang='lat' dir='ltr'><strong>qui</strong></span> <span class='ocrx_word' id='word_1_639' title='bbox 2279 3712 2411 3767; x_wconf 89' lang='lat' dir='ltr'><strong>mihi</strong></span> <span class='ocrx_word' id='word_1_640' title='bbox 2439 3721 2529 3767; x_wconf 92' lang='lat' dir='ltr'><strong>tua</strong></span> <span class='ocrx_word' id='word_1_641' title='bbox 2551 3714 2774 3768; x_wconf 84' lang='lat' dir='ltr'><strong>laetabar</strong></span> <span class='ocrx_word' id='word_1_642' title='bbox 2802 3713 3017 3770; x_wconf 82' lang='lat' dir='ltr'><strong>ascribi.</strong></span> 
     </span>
    </p>
   </div>
   <div class='ocr_carea' id='block_1_84' title="bbox 1917 3803 3455 3879">
    <p class='ocr_par' dir='ltr' id='par_1_84' title="bbox 1917 3803 3455 3879">
     <span class='ocr_line' id='line_1_84' title="bbox 1917 3803 3455 3879; baseline 0.003 -17"><span class='ocrx_word' id='word_1_643' title='bbox 1917 3805 2009 3863; x_wconf 80' lang='lat'><strong>39.</strong></span> <span class='ocrx_word' id='word_1_644' title='bbox 2055 3806 2261 3862; x_wconf 87' lang='lat' dir='ltr'><strong>Tamen</strong></span> <span class='ocrx_word' id='word_1_645' title='bbox 2292 3807 2334 3861; x_wconf 92' lang='lat' dir='ltr'><strong>si</strong></span> <span class='ocrx_word' id='word_1_646' title='bbox 2363 3803 2736 3862; x_wconf 87' lang='lat' dir='ltr'><strong>vehementius</strong></span> <span class='ocrx_word' id='word_1_647' title='bbox 2778 3808 3189 3869; x_wconf 84' lang='lat' dir='ltr'><strong>contenderent.</strong></span> <span class='ocrx_word' id='word_1_648' title='bbox 3222 3803 3361 3879; x_wconf 84' lang='lat' dir='ltr'><strong>quod</strong></span> <span class='ocrx_word' id='word_1_649' title='bbox 3395 3827 3455 3867; x_wconf 90' lang='lat' dir='ltr'><strong>se</strong></span> 
     </span>
    </p>
   </div>
   <div class='ocr_carea' id='block_1_85' title="bbox 1849 3901 3452 3974">
    <p class='ocr_par' dir='ltr' id='par_1_85' title="bbox 1849 3901 3452 3974">
     <span class='ocr_line' id='line_1_85' title="bbox 1849 3901 3452 3974; baseline 0.003 -19"><span class='ocrx_word' id='word_1_650' title='bbox 1849 3901 1979 3956; x_wconf 90' lang='lat' dir='ltr'><strong>mihi</strong></span> <span class='ocrx_word' id='word_1_651' title='bbox 2033 3901 2236 3972; x_wconf 89' lang='lat' dir='ltr'><strong>aliquid</strong></span> <span class='ocrx_word' id='word_1_652' title='bbox 2285 3902 2566 3957; x_wconf 87' lang='lat' dir='ltr'><strong>intimasse</strong></span> <span class='ocrx_word' id='word_1_653' title='bbox 2603 3912 3010 3969; x_wconf 82' lang='lat' dir='ltr'><strong>memorarem,</strong></span> <span class='ocrx_word' id='word_1_654' title='bbox 3058 3905 3452 3974; x_wconf 85' lang='lat' dir='ltr'><strong>respondebam</strong></span> 
     </span>
    </p>
   </div>
   <div class='ocr_carea' id='block_1_86' title="bbox 1850 3995 3450 4068">
    <p class='ocr_par' dir='ltr' id='par_1_86' title="bbox 1850 3995 3450 4068">
     <span class='ocr_line' id='line_1_86' title="bbox 1850 3995 3450 4068; baseline 0.001 -17"><span class='ocrx_word' id='word_1_655' title='bbox 1850 3996 2034 4052; x_wconf 87' lang='lat' dir='ltr'><strong>ridens</strong></span> <span class='ocrx_word' id='word_1_656' title='bbox 2076 4009 2129 4052; x_wconf 90' lang='lat' dir='ltr'><strong>et</strong></span> <span class='ocrx_word' id='word_1_657' title='bbox 2157 3997 2400 4068; x_wconf 77' lang='lat' dir='ltr'><strong>gaudens</strong></span> <span class='ocrx_word' id='word_1_658' title='bbox 2431 4016 2443 4050; x_wconf 91' lang='lat'><strong>:</strong></span> <span class='ocrx_word' id='word_1_659' title='bbox 2472 3995 2668 4052; x_wconf 72' lang='lat' dir='ltr'><strong>Videte</strong></span> <span class='ocrx_word' id='word_1_660' title='bbox 2708 4011 2776 4051; x_wconf 92' lang='lat' dir='ltr'><strong>ne</strong></span> <span class='ocrx_word' id='word_1_661' title='bbox 2822 3996 2974 4050; x_wconf 78' lang='lat' dir='ltr'><strong>fratri</strong></span> <span class='ocrx_word' id='word_1_662' title='bbox 3006 3996 3282 4052; x_wconf 80' lang='lat' dir='ltr'><strong>dixeritis.</strong></span> <span class='ocrx_word' id='word_1_663' title='bbox 3317 3997 3450 4052; x_wconf 88' lang='lat' dir='ltr'><strong>Nam</strong></span> 
     </span>
    </p>
   </div>
   <div class='ocr_carea' id='block_1_87' title="bbox 1847 4085 3455 4158">
    <p class='ocr_par' dir='ltr' id='par_1_87' title="bbox 1847 4085 3455 4158">
     <span class='ocr_line' id='line_1_87' title="bbox 1847 4085 3455 4158; baseline 0 -13"><span class='ocrx_word' id='word_1_664' title='bbox 1847 4106 1968 4145; x_wconf 87' lang='lat' dir='ltr'><strong>cum</strong></span> <span class='ocrx_word' id='word_1_665' title='bbox 2007 4089 2186 4145; x_wconf 88' lang='lat' dir='ltr'><strong>omnia</strong></span> <span class='ocrx_word' id='word_1_666' title='bbox 2218 4089 2374 4145; x_wconf 90' lang='lat' dir='ltr'><strong>nobis</strong></span> <span class='ocrx_word' id='word_1_667' title='bbox 2410 4093 2598 4144; x_wconf 80' lang='lat' dir='ltr'><strong>essent</strong></span> <span class='ocrx_word' id='word_1_668' title='bbox 2641 4096 2826 4144; x_wconf 85' lang='lat' dir='ltr'><strong>nostra</strong></span> <span class='ocrx_word' id='word_1_669' title='bbox 2873 4085 3214 4158; x_wconf 86' lang='lat' dir='ltr'><strong>communia,</strong></span> <span class='ocrx_word' id='word_1_670' title='bbox 3249 4089 3455 4146; x_wconf 77' lang='lat' dir='ltr'><strong>indivi-</strong></span> 
     </span>
    </p>
   </div>
   <div class='ocr_carea' id='block_1_88' title="bbox 1846 4181 3451 4254">
    <p class='ocr_par' dir='ltr' id='par_1_88' title="bbox 1846 4181 3451 4254">
     <span class='ocr_line' id='line_1_88' title="bbox 1846 4181 3451 4254; baseline 0.002 -17"><span class='ocrx_word' id='word_1_671' title='bbox 1846 4183 1988 4238; x_wconf 91' lang='lat' dir='ltr'><strong>duus</strong></span> <span class='ocrx_word' id='word_1_672' title='bbox 2031 4183 2295 4254; x_wconf 92' lang='lat' dir='ltr'><strong>spiritus,</strong></span> <span class='ocrx_word' id='word_1_673' title='bbox 2346 4181 2665 4237; x_wconf 86' lang='lat' dir='ltr'><strong>individuus</strong></span> <span class='ocrx_word' id='word_1_674' title='bbox 2717 4183 2981 4248; x_wconf 72' lang='lat' dir='ltr'><strong>affectus;</strong></span> <span class='ocrx_word' id='word_1_675' title='bbox 3035 4183 3211 4238; x_wconf 82' lang='lat' dir='ltr'><strong>solum</strong></span> <span class='ocrx_word' id='word_1_676' title='bbox 3273 4194 3451 4240; x_wconf 80' lang='lat' dir='ltr'><strong>tamen</strong></span> 
     </span>
    </p>
   </div>
   <div class='ocr_carea' id='block_1_89' title="bbox 1842 4276 3450 4349">
    <p class='ocr_par' dir='ltr' id='par_1_89' title="bbox 1842 4276 3450 4349">
     <span class='ocr_line' id='line_1_89' title="bbox 1842 4276 3450 4349; baseline -0.001 -16"><span class='ocrx_word' id='word_1_677' title='bbox 1842 4291 2133 4333; x_wconf 88' lang='lat' dir='ltr'><strong>commune</strong></span> <span class='ocrx_word' id='word_1_678' title='bbox 2177 4289 2284 4330; x_wconf 84' lang='lat' dir='ltr'><strong>non</strong></span> <span class='ocrx_word' id='word_1_679' title='bbox 2328 4285 2445 4331; x_wconf 86' lang='lat' dir='ltr'><strong>erat</strong></span> <span class='ocrx_word' id='word_1_680' title='bbox 2487 4284 2760 4332; x_wconf 84' lang='lat' dir='ltr'><strong>secretum</strong></span> <span class='ocrx_word' id='word_1_681' title='bbox 2809 4276 3106 4330; x_wconf 87' lang='lat' dir='ltr'><strong>amicorum</strong></span> <span class='ocrx_word' id='word_1_682' title='bbox 3148 4294 3164 4331; x_wconf 93' lang='lat'><strong>:</strong></span> <span class='ocrx_word' id='word_1_683' title='bbox 3205 4287 3309 4331; x_wconf 89' lang='lat' dir='ltr'><strong>non</strong></span> <span class='ocrx_word' id='word_1_684' title='bbox 3342 4289 3450 4349; x_wconf 86' lang='lat' dir='ltr'><strong>quo</strong></span> 
     </span>
    </p>
   </div>
   <div class='ocr_carea' id='block_1_90' title="bbox 1849 4413 3446 4484">
    <p class='ocr_par' dir='ltr' id='par_1_90' title="bbox 1849 4413 3446 4484">
     <span class='ocr_line' id='line_1_90' title="bbox 1849 4413 3446 4484; baseline 0.002 -14"><span class='ocrx_word' id='word_1_685' title='bbox 1849 4416 1968 4471; x_wconf 85' lang='lat' dir='ltr'><strong>neis</strong></span> <span class='ocrx_word' id='word_1_686' title='bbox 1986 4457 2002 4482; x_wconf 91' lang='lat'><strong>,</strong></span> <span class='ocrx_word' id='word_1_687' title='bbox 2038 4414 2423 4482; x_wconf 87' lang='lat' dir='ltr'><strong>imperatorum</strong></span> <span class='ocrx_word' id='word_1_688' title='bbox 2452 4428 2480 4465; x_wconf 82' lang='lat' dir='ltr'><strong>a</strong></span> <span class='ocrx_word' id='word_1_689' title='bbox 2506 4413 2844 4484; x_wconf 87' lang='lat' dir='ltr'><strong>principibus</strong></span> <span class='ocrx_word' id='word_1_690' title='bbox 2871 4425 3094 4471; x_wconf 81' lang='lat' dir='ltr'><strong>senatus</strong></span> <span class='ocrx_word' id='word_1_691' title='bbox 3120 4417 3446 4474; x_wconf 83' lang='lat' dir='ltr'><strong>efferrentur</strong></span> 
     </span>
    </p>
   </div>
   <div class='ocr_carea' id='block_1_91' title="bbox 1848 4485 3446 4560">
    <p class='ocr_par' dir='ltr' id='par_1_91' title="bbox 1848 4485 3446 4560">
     <span class='ocr_line' id='line_1_91' title="bbox 1848 4485 3446 4560; baseline 0.002 -18"><span class='ocrx_word' id='word_1_692' title='bbox 1848 4489 1914 4542; x_wconf 86' lang='lat' dir='ltr'><strong>ad</strong></span> <span class='ocrx_word' id='word_1_693' title='bbox 1947 4486 2242 4560; x_wconf 64' lang='lat' dir='ltr'><strong>regumrel</strong></span> <span class='ocrx_word' id='word_1_694' title='bbox 2275 4485 2658 4560; x_wconf 74' lang='lat' dir='ltr'><strong>ad_tiir_nuluni.</strong></span> <span class='ocrx_word' id='word_1_695' title='bbox 2688 4485 2777 4560; x_wconf 73' lang='lat' dir='ltr'><strong>Sic</strong></span> <span class='ocrx_word' id='word_1_696' title='bbox 2814 4489 3203 4560; x_wconf 79' lang='lat' dir='ltr'><strong>posteripribus</strong></span> <span class='ocrx_word' id='word_1_697' title='bbox 3231 4505 3446 4560; x_wconf 83' lang='lat' dir='ltr'><strong>quoque</strong></span> 
     </span>
    </p>
   </div>
   <div class='ocr_carea' id='block_1_92' title="bbox 1848 4557 3445 4629">
    <p class='ocr_par' dir='ltr' id='par_1_92' title="bbox 1848 4557 3445 4629">
     <span class='ocr_line' id='line_1_92' title="bbox 1848 4557 3445 4629; baseline 0.002 -15"><span class='ocrx_word' id='word_1_698' title='bbox 1848 4557 2064 4615; x_wconf 81' lang='lat' dir='ltr'><strong>sa-cnlis</strong></span> <span class='ocrx_word' id='word_1_699' title='bbox 2111 4557 2295 4612; x_wconf 82' lang='lat' dir='ltr'><strong>divum</strong></span> <span class='ocrx_word' id='word_1_700' title='bbox 2339 4557 2950 4629; x_wconf 49' lang='lat' dir='ltr'><strong>Ludovi‘cum‘Philippi</strong></span> <span class='ocrx_word' id='word_1_701' title='bbox 2991 4559 3084 4614; x_wconf 87' lang='lat' dir='ltr'><strong>filii</strong></span> <span class='ocrx_word' id='word_1_702' title='bbox 3123 4573 3186 4615; x_wconf 88' lang='lat' dir='ltr'><strong>ac</strong></span> <span class='ocrx_word' id='word_1_703' title='bbox 3225 4557 3445 4617; x_wconf 74' lang='lat' dir='ltr'><strong>succes-</strong></span> 
     </span>
    </p>
   </div>
   <div class='ocr_carea' id='block_1_93' title="bbox 1848 4629 3445 4701">
    <p class='ocr_par' dir='ltr' id='par_1_93' title="bbox 1848 4629 3445 4701">
     <span class='ocr_line' id='line_1_93' title="bbox 1848 4629 3445 4701; baseline -0.001 -15"><span class='ocrx_word' id='word_1_704' title='bbox 1848 4634 1986 4686; x_wconf 85' lang='lat' dir='ltr'><strong>soris</strong></span> <span class='ocrx_word' id='word_1_705' title='bbox 2014 4631 2221 4685; x_wconf 83' lang='lat' dir='ltr'><strong>cervice</strong></span> <span class='ocrx_word' id='word_1_706' title='bbox 2246 4638 2517 4701; x_wconf 86' lang='lat' dir='ltr'><strong>portatum</strong></span> <span class='ocrx_word' id='word_1_707' title='bbox 2546 4629 2613 4683; x_wconf 87' lang='lat' dir='ltr'><strong>ad</strong></span> <span class='ocrx_word' id='word_1_708' title='bbox 2661 4630 2921 4700; x_wconf 80' lang='lat' dir='ltr'><strong>majorum</strong></span> <span class='ocrx_word' id='word_1_709' title='bbox 2965 4631 3212 4699; x_wconf 85' lang='lat' dir='ltr'><strong>sepulcra</strong></span> <span class='ocrx_word' id='word_1_710' title='bbox 3244 4645 3445 4701; x_wconf 84' lang='lat' dir='ltr'><strong>cogno-</strong></span> 
     </span>
    </p>
   </div>
   <div class='ocr_carea' id='block_1_94' title="bbox 142 4701 2566 4797">
    <p class='ocr_par' dir='ltr' id='par_1_94' title="bbox 142 4701 2566 4797">
     <span class='ocr_line' id='line_1_94' title="bbox 142 4701 2566 4797; baseline -0.001 -41"><span class='ocrx_word' id='word_1_711' title='bbox 142 4703 194 4785; x_wconf 80' lang='lat' dir='ltr'><strong>in</strong></span> <span class='ocrx_word' id='word_1_712' title='bbox 232 4703 367 4757; x_wconf 84' lang='lat' dir='ltr'><strong>bene</strong></span> <span class='ocrx_word' id='word_1_713' title='bbox 410 4705 590 4797; x_wconf 62' lang='lat' dir='ltr'><strong>multis</strong></span> <span class='ocrx_word' id='word_1_714' title='bbox 629 4703 861 4787; x_wconf 36' lang='lat' dir='ltr'><strong>Codicis&#39;</strong></span> <span class='ocrx_word' id='word_1_715' title='bbox 892 4703 1107 4758; x_wconf 90' lang='lat' dir='ltr'><strong>Theod.</strong></span> <span class='ocrx_word' id='word_1_716' title='bbox 1162 4704 1396 4797; x_wconf 39' lang='lat' dir='ltr'><strong>legibus.</strong></span> <span class='ocrx_word' id='word_1_717' title='bbox 1422 4701 1736 4797; x_wconf 37' lang='lat' dir='ltr'><strong>sopjerior‘es</strong></span> <span class='ocrx_word' id='word_1_718' title='bbox 1763 4737 1814 4797; x_wconf 70' lang='grc' dir='ltr'>υ</span> <span class='ocrx_word' id='word_1_719' title='bbox 1848 4702 2085 4797; x_wconf 44' lang='grc' dir='ltr'><strong>εεὶηιῧῗ</strong></span> <span class='ocrx_word' id='word_1_720' title='bbox 2105 4701 2357 4797; x_wconf 29' lang='grc' dir='ltr'><strong>ὃςξιιὲςξει</strong></span> <span class='ocrx_word' id='word_1_721' title='bbox 2386 4702 2566 4797; x_wconf 53' lang='lat' dir='ltr'><strong>obvia.</strong></span> 
     </span>
    </p>
   </div>
   <div class='ocr_carea' id='block_1_95' title="bbox 141 4775 1730 4844">
    <p class='ocr_par' dir='ltr' id='par_1_95' title="bbox 141 4775 1730 4844">
     <span class='ocr_line' id='line_1_95' title="bbox 141 4775 1730 4844; baseline 0.001 -17"><span class='ocrx_word' id='word_1_722' title='bbox 141 4775 497 4844; x_wconf 81' lang='lat' dir='ltr'><strong>imperatores</strong></span> <span class='ocrx_word' id='word_1_723' title='bbox 523 4776 646 4829; x_wconf 84' lang='lat' dir='ltr'><strong>licet</strong></span> <span class='ocrx_word' id='word_1_724' title='bbox 675 4777 938 4842; x_wconf 78' lang='lat' dir='ltr'><strong>sanguine</strong></span> <span class='ocrx_word' id='word_1_725' title='bbox 969 4787 1190 4843; x_wconf 85' lang='lat' dir='ltr'><strong>prorsus</strong></span> <span class='ocrx_word' id='word_1_726' title='bbox 1237 4775 1398 4830; x_wconf 89' lang='lat' dir='ltr'><strong>alieni</strong></span> <span class='ocrx_word' id='word_1_727' title='bbox 1437 4778 1627 4830; x_wconf 86' lang='lat' dir='ltr'><strong>eodem</strong></span> <span class='ocrx_word' id='word_1_728' title='bbox 1662 4777 1730 4829; x_wconf 89' lang='lat' dir='ltr'><strong>ti-</strong></span> 
     </span>
    </p>
   </div>
   <div class='ocr_carea' id='block_1_96' title="bbox 141 4847 1734 4908">
    <p class='ocr_par' dir='ltr' id='par_1_96' title="bbox 141 4847 1734 4908">
     <span class='ocr_line' id='line_1_96' title="bbox 141 4847 1734 4908; baseline 0.001 -10"><span class='ocrx_word' id='word_1_729' title='bbox 141 4847 254 4901; x_wconf 90' lang='lat' dir='ltr'><strong>tulo</strong></span> <span class='ocrx_word' id='word_1_730' title='bbox 278 4862 306 4900; x_wconf 88' lang='lat' dir='ltr'><strong>a</strong></span> <span class='ocrx_word' id='word_1_731' title='bbox 329 4847 736 4901; x_wconf 66' lang='lat' dir='ltr'><strong>successoribus</strong></span> <span class='ocrx_word' id='word_1_732' title='bbox 765 4855 1028 4900; x_wconf 86' lang='lat' dir='ltr'><strong>ornantur</strong></span> <span class='ocrx_word' id='word_1_733' title='bbox 1056 4847 1200 4908; x_wconf 86' lang='lat' dir='ltr'><strong>suis,</strong></span> <span class='ocrx_word' id='word_1_734' title='bbox 1230 4847 1482 4901; x_wconf 89' lang='lat' dir='ltr'><strong>nimirum</strong></span> <span class='ocrx_word' id='word_1_735' title='bbox 1511 4847 1734 4901; x_wconf 75' lang='lat' dir='ltr'><strong>honoris</strong></span> 
     </span>
    </p>
   </div>
   <div class='ocr_carea' id='block_1_97' title="bbox 140 4917 1735 4988">
    <p class='ocr_par' dir='ltr' id='par_1_97' title="bbox 140 4917 1735 4988">
     <span class='ocr_line' id='line_1_97' title="bbox 140 4917 1735 4988; baseline 0.003 -20"><span class='ocrx_word' id='word_1_736' title='bbox 140 4933 202 4970; x_wconf 84' lang='lat' dir='ltr'><strong>ac</strong></span> <span class='ocrx_word' id='word_1_737' title='bbox 235 4919 596 4973; x_wconf 77' lang='lat' dir='ltr'><strong>venerationis</strong></span> <span class='ocrx_word' id='word_1_738' title='bbox 634 4919 804 4988; x_wconf 81' lang='lat' dir='ltr'><strong>gratia</strong></span> <span class='ocrx_word' id='word_1_739' title='bbox 829 4957 843 4981; x_wconf 88' lang='lat'><strong>,</strong></span> <span class='ocrx_word' id='word_1_740' title='bbox 877 4928 924 4970; x_wconf 79' lang='lat' dir='ltr'><strong>et</strong></span> <span class='ocrx_word' id='word_1_741' title='bbox 961 4918 1097 4971; x_wconf 84' lang='lat' dir='ltr'><strong>forte</strong></span> <span class='ocrx_word' id='word_1_742' title='bbox 1129 4918 1213 4970; x_wconf 89' lang='lat' dir='ltr'><strong>hic</strong></span> <span class='ocrx_word' id='word_1_743' title='bbox 1241 4917 1400 4971; x_wconf 72' lang='lat' dir='ltr'><strong>etiam</strong></span> <span class='ocrx_word' id='word_1_744' title='bbox 1435 4919 1598 4971; x_wconf 83' lang='lat' dir='ltr'><strong>animi</strong></span> <span class='ocrx_word' id='word_1_745' title='bbox 1647 4931 1735 4973; x_wconf 89' lang='lat' dir='ltr'><strong>ac-</strong></span> 
     </span>
    </p>
   </div>
   <div class='ocr_carea' id='block_1_98' title="bbox 141 4989 1728 5057">
    <p class='ocr_par' dir='ltr' id='par_1_98' title="bbox 141 4989 1728 5057">
     <span class='ocr_line' id='line_1_98' title="bbox 141 4989 1728 5057; baseline 0 -16"><span class='ocrx_word' id='word_1_746' title='bbox 141 4993 419 5057; x_wconf 82' lang='lat' dir='ltr'><strong>ceptorum</strong></span> <span class='ocrx_word' id='word_1_747' title='bbox 451 4990 835 5045; x_wconf 87' lang='lat' dir='ltr'><strong>beneficiorum</strong></span> <span class='ocrx_word' id='word_1_748' title='bbox 869 5003 975 5044; x_wconf 88' lang='lat' dir='ltr'><strong>non</strong></span> <span class='ocrx_word' id='word_1_749' title='bbox 1009 4989 1343 5042; x_wconf 87' lang='lat' dir='ltr'><strong>immemoris</strong></span> <span class='ocrx_word' id='word_1_750' title='bbox 1396 4989 1728 5042; x_wconf 85' lang='lat' dir='ltr'><strong>testimonio.</strong></span> 
     </span>
    </p>
   </div>
   <div class='ocr_carea' id='block_1_99' title="bbox 143 5059 1732 5133">
    <p class='ocr_par' dir='ltr' id='par_1_99' title="bbox 143 5059 1732 5133">
     <span class='ocr_line' id='line_1_99' title="bbox 143 5059 1732 5133; baseline 0 -20"><span class='ocrx_word' id='word_1_751' title='bbox 143 5060 280 5114; x_wconf 76' lang='lat' dir='ltr'><strong>Hinc</strong></span> <span class='ocrx_word' id='word_1_752' title='bbox 309 5067 488 5115; x_wconf 83' lang='lat' dir='ltr'><strong>autem</strong></span> <span class='ocrx_word' id='word_1_753' title='bbox 520 5061 840 5128; x_wconf 77' lang='lat' dir='ltr'><strong>conjiciimis</strong></span> <span class='ocrx_word' id='word_1_754' title='bbox 866 5061 1120 5133; x_wconf 79' lang='lat' dir='ltr'><strong>Satyrum</strong></span> <span class='ocrx_word' id='word_1_755' title='bbox 1166 5060 1218 5114; x_wconf 91' lang='lat' dir='ltr'><strong>in</strong></span> <span class='ocrx_word' id='word_1_756' title='bbox 1253 5060 1426 5114; x_wconf 87' lang='lat' dir='ltr'><strong>reditu</strong></span> <span class='ocrx_word' id='word_1_757' title='bbox 1454 5075 1521 5114; x_wconf 78' lang='lat' dir='ltr'><strong>ex</strong></span> <span class='ocrx_word' id='word_1_758' title='bbox 1551 5059 1732 5114; x_wconf 82' lang='lat' dir='ltr'><strong>Alrica</strong></span> 
     </span>
    </p>
   </div>
   <div class='ocr_carea' id='block_1_100' title="bbox 143 5133 636 5187">
    <p class='ocr_par' dir='ltr' id='par_1_100' title="bbox 143 5133 636 5187">
     <span class='ocr_line' id='line_1_100' title="bbox 143 5133 636 5187; baseline 0.002 -3"><span class='ocrx_word' id='word_1_759' title='bbox 143 5133 310 5186; x_wconf 74' lang='lat' dir='ltr'><strong>ltoma</strong></span> <span class='ocrx_word' id='word_1_760' title='bbox 339 5133 636 5187; x_wconf 78' lang='lat' dir='ltr'><strong>transiisse.</strong></span> 
     </span>
    </p>
   </div>
   <div class='ocr_carea' id='block_1_101' title="bbox 213 5203 1736 5274">
    <p class='ocr_par' dir='ltr' id='par_1_101' title="bbox 213 5203 1736 5274">
     <span class='ocr_line' id='line_1_101' title="bbox 213 5203 1736 5274; baseline 0 -17"><span class='ocrx_word' id='word_1_761' title='bbox 213 5204 239 5242; x_wconf 66' lang='grc' dir='ltr'><strong>ι)</strong></span> <span class='ocrx_word' id='word_1_762' title='bbox 281 5204 377 5257; x_wconf 88' lang='lat' dir='ltr'><strong>Hic</strong></span> <span class='ocrx_word' id='word_1_763' title='bbox 412 5216 638 5274; x_wconf 84' lang='lat' dir='ltr'><strong>aperta.</strong></span> <span class='ocrx_word' id='word_1_764' title='bbox 690 5215 747 5258; x_wconf 90' lang='lat' dir='ltr'><strong>ut</strong></span> <span class='ocrx_word' id='word_1_765' title='bbox 792 5204 1025 5260; x_wconf 84' lang='lat' dir='ltr'><strong>advertit</strong></span> <span class='ocrx_word' id='word_1_766' title='bbox 1058 5203 1338 5268; x_wconf 84' lang='lat' dir='ltr'><strong>Nannius,</strong></span> <span class='ocrx_word' id='word_1_767' title='bbox 1377 5203 1609 5258; x_wconf 88' lang='lat' dir='ltr'><strong>imitatio</strong></span> <span class='ocrx_word' id='word_1_768' title='bbox 1653 5209 1736 5257; x_wconf 88' lang='lat' dir='ltr'><strong>est</strong></span> 
     </span>
    </p>
   </div>
   <div class='ocr_carea' id='block_1_102' title="bbox 140 5275 849 5344">
    <p class='ocr_par' dir='ltr' id='par_1_102' title="bbox 140 5275 849 5344">
     <span class='ocr_line' id='line_1_102' title="bbox 140 5275 849 5344; baseline 0.001 -15"><span class='ocrx_word' id='word_1_769' title='bbox 140 5275 365 5342; x_wconf 84' lang='lat' dir='ltr'><strong>hujusce</strong></span> <span class='ocrx_word' id='word_1_770' title='bbox 397 5275 496 5330; x_wconf 90' lang='lat' dir='ltr'><strong>loci</strong></span> <span class='ocrx_word' id='word_1_771' title='bbox 531 5275 808 5344; x_wconf 76' lang='lat' dir='ltr'><strong>Virgiliani</strong></span> <span class='ocrx_word' id='word_1_772' title='bbox 837 5292 849 5329; x_wconf 91' lang='lat'><strong>:</strong></span> 
     </span>
    </p>
   </div>
   <div class='ocr_carea' id='block_1_103' title="bbox 237 5363 1381 5431">
    <p class='ocr_par' dir='ltr' id='par_1_103' title="bbox 237 5363 1381 5431">
     <span class='ocr_line' id='line_1_103' title="bbox 237 5363 1381 5431; baseline 0 -17"><span class='ocrx_word' id='word_1_773' title='bbox 237 5363 783 5431; x_wconf 48' lang='grc' dir='ltr'><strong>2.ν............Τιι(ιιι(ε,</strong></span> <span class='ocrx_word' id='word_1_774' title='bbox 808 5377 838 5416; x_wconf 91' lang='lat' dir='ltr'><strong>o</strong></span> <span class='ocrx_word' id='word_1_775' title='bbox 860 5369 1157 5431; x_wconf 70' lang='lat' dir='ltr'><strong>sanctissima</strong></span> <span class='ocrx_word' id='word_1_776' title='bbox 1183 5367 1381 5431; x_wconf 76' lang='lat' dir='ltr'><strong>conjux,</strong></span> 
     </span>
    </p>
   </div>
   <div class='ocr_carea' id='block_1_104' title="bbox 235 5427 1512 5489">
    <p class='ocr_par' dir='ltr' id='par_1_104' title="bbox 235 5427 1512 5489">
     <span class='ocr_line' id='line_1_104' title="bbox 235 5427 1512 5489; baseline -0.002 -11"><span class='ocrx_word' id='word_1_777' title='bbox 235 5427 375 5479; x_wconf 80' lang='lat' dir='ltr'><strong>Felix</strong></span> <span class='ocrx_word' id='word_1_778' title='bbox 401 5435 559 5480; x_wconf 86' lang='lat' dir='ltr'><strong>morte</strong></span> <span class='ocrx_word' id='word_1_779' title='bbox 583 5427 802 5489; x_wconf 64' lang='lat' dir='ltr'><strong>tua,&#39;ne&#39;c</strong></span> <span class='ocrx_word' id='word_1_780' title='bbox 829 5431 878 5478; x_wconf 91' lang='lat' dir='ltr'><strong>in</strong></span> <span class='ocrx_word' id='word_1_781' title='bbox 903 5429 1032 5478; x_wconf 89' lang='lat' dir='ltr'><strong>hunc</strong></span> <span class='ocrx_word' id='word_1_782' title='bbox 1056 5439 1248 5480; x_wconf 78' lang='lat' dir='ltr'><strong>servata</strong></span> <span class='ocrx_word' id='word_1_783' title='bbox 1272 5427 1512 5480; x_wconf 80' lang='lat' dir='ltr'><strong>dolerem.</strong></span> 
     </span>
    </p>
   </div>
   <div class='ocr_carea' id='block_1_105' title="bbox 218 5536 1730 5606">
    <p class='ocr_par' dir='ltr' id='par_1_105' title="bbox 218 5536 1730 5606">
     <span class='ocr_line' id='line_1_105' title="bbox 218 5536 1730 5606; baseline -0.001 -17"><span class='ocrx_word' id='word_1_784' title='bbox 218 5548 238 5575; x_wconf 70' lang='grc' dir='ltr'>ε</span> <span class='ocrx_word' id='word_1_785' title='bbox 284 5537 364 5590; x_wconf 78' lang='lat' dir='ltr'><strong>Ab</strong></span> <span class='ocrx_word' id='word_1_786' title='bbox 393 5537 630 5604; x_wconf 89' lang='lat' dir='ltr'><strong>antiquis</strong></span> <span class='ocrx_word' id='word_1_787' title='bbox 664 5536 828 5606; x_wconf 85' lang='lat' dir='ltr'><strong>petita</strong></span> <span class='ocrx_word' id='word_1_788' title='bbox 866 5536 960 5590; x_wconf 90' lang='lat' dir='ltr'><strong>fuit</strong></span> <span class='ocrx_word' id='word_1_789' title='bbox 989 5551 1052 5591; x_wconf 87' lang='lat' dir='ltr'><strong>ea</strong></span> <span class='ocrx_word' id='word_1_790' title='bbox 1081 5537 1416 5592; x_wconf 75' lang='lat' dir='ltr'><strong>consuetudo</strong></span> <span class='ocrx_word' id='word_1_791' title='bbox 1442 5577 1455 5600; x_wconf 95' lang='lat'><strong>,</strong></span> <span class='ocrx_word' id='word_1_792' title='bbox 1485 5549 1588 5605; x_wconf 86' lang='lat' dir='ltr'><strong>qua</strong></span> <span class='ocrx_word' id='word_1_793' title='bbox 1617 5550 1730 5594; x_wconf 89' lang='lat' dir='ltr'><strong>mo-</strong></span> 
     </span>
    </p>
   </div>
   <div class='ocr_carea' id='block_1_106' title="bbox 142 5606 1734 5677">
    <p class='ocr_par' dir='ltr' id='par_1_106' title="bbox 142 5606 1734 5677">
     <span class='ocr_line' id='line_1_106' title="bbox 142 5606 1734 5677; baseline 0 -15"><span class='ocrx_word' id='word_1_794' title='bbox 142 5608 397 5662; x_wconf 86' lang='lat' dir='ltr'><strong>rientium</strong></span> <span class='ocrx_word' id='word_1_795' title='bbox 441 5607 582 5660; x_wconf 88' lang='lat' dir='ltr'><strong>oculi</strong></span> <span class='ocrx_word' id='word_1_796' title='bbox 627 5608 1190 5677; x_wconf 87' lang='lat' dir='ltr'><strong>conjunctissimorum</strong></span> <span class='ocrx_word' id='word_1_797' title='bbox 1233 5610 1480 5663; x_wconf 89' lang='lat' dir='ltr'><strong>manibus</strong></span> <span class='ocrx_word' id='word_1_798' title='bbox 1511 5606 1734 5662; x_wconf 83' lang='lat' dir='ltr'><strong>claude-</strong></span> 
     </span>
    </p>
   </div>
   <div class='ocr_carea' id='block_1_107' title="bbox 145 5677 1740 5748">
    <p class='ocr_par' dir='ltr' id='par_1_107' title="bbox 145 5677 1740 5748">
     <span class='ocr_line' id='line_1_107' title="bbox 145 5677 1740 5748; baseline 0.001 -18"><span class='ocrx_word' id='word_1_799' title='bbox 145 5679 358 5732; x_wconf 83' lang='lat' dir='ltr'><strong>bantur.</strong></span> <span class='ocrx_word' id='word_1_800' title='bbox 421 5677 547 5748; x_wconf 63' lang='lat' dir='ltr'><strong>iﬁjus</strong></span> <span class='ocrx_word' id='word_1_801' title='bbox 593 5681 838 5748; x_wconf 84' lang='lat' dir='ltr'><strong>meminit</strong></span> <span class='ocrx_word' id='word_1_802' title='bbox 882 5693 944 5732; x_wconf 90' lang='lat' dir='ltr'><strong>ac</strong></span> <span class='ocrx_word' id='word_1_803' title='bbox 995 5679 1256 5733; x_wconf 87' lang='lat' dir='ltr'><strong>rationem</strong></span> <span class='ocrx_word' id='word_1_804' title='bbox 1307 5680 1484 5733; x_wconf 86' lang='lat' dir='ltr'><strong>reddit</strong></span> <span class='ocrx_word' id='word_1_805' title='bbox 1532 5678 1740 5733; x_wconf 86' lang='lat' dir='ltr'><strong>Plinius</strong></span> 
     </span>
    </p>
   </div>
   <div class='ocr_carea' id='block_1_108' title="bbox 145 5744 1594 5817">
    <p class='ocr_par' dir='ltr' id='par_1_108' title="bbox 145 5744 1594 5817">
     <span class='ocr_line' id='line_1_108' title="bbox 145 5744 1594 5817; baseline -0.001 -13"><span class='ocrx_word' id='word_1_806' title='bbox 145 5750 240 5804; x_wconf 89' lang='lat' dir='ltr'><strong>lib.</strong></span> <span class='ocrx_word' id='word_1_807' title='bbox 269 5765 344 5814; x_wconf 74' lang='lat' dir='ltr'><strong>XI,</strong></span> <span class='ocrx_word' id='word_1_808' title='bbox 373 5744 490 5817; x_wconf 79' lang='lat' dir='ltr'><strong>cap.</strong></span> <span class='ocrx_word' id='word_1_809' title='bbox 525 5751 616 5812; x_wconf 79' lang='lat'><strong>57,</strong></span> <span class='ocrx_word' id='word_1_810' title='bbox 642 5761 690 5801; x_wconf 88' lang='lat' dir='ltr'><strong>et</strong></span> <span class='ocrx_word' id='word_1_811' title='bbox 719 5744 806 5802; x_wconf 84' lang='lat' dir='ltr'><strong>alii</strong></span> <span class='ocrx_word' id='word_1_812' title='bbox 835 5750 984 5802; x_wconf 90' lang='lat' dir='ltr'><strong>multi</strong></span> <span class='ocrx_word' id='word_1_813' title='bbox 1008 5750 1336 5804; x_wconf 85' lang='lat' dir='ltr'><strong>mentionem</strong></span> <span class='ocrx_word' id='word_1_814' title='bbox 1374 5751 1594 5805; x_wconf 80' lang='lat' dir='ltr'><strong>faciunt.</strong></span> 
     </span>
    </p>
   </div>
   <div class='ocr_carea' id='block_1_109' title="bbox 220 5818 1746 5887">
    <p class='ocr_par' dir='ltr' id='par_1_109' title="bbox 220 5818 1746 5887">
     <span class='ocr_line' id='line_1_109' title="bbox 220 5818 1746 5887; baseline 0.001 -13"><span class='ocrx_word' id='word_1_815' title='bbox 220 5818 245 5856; x_wconf 71' lang='grc' dir='ltr'><em>δ</em></span> <span class='ocrx_word' id='word_1_816' title='bbox 277 5821 388 5874; x_wconf 88' lang='lat' dir='ltr'><strong>Hoc</strong></span> <span class='ocrx_word' id='word_1_817' title='bbox 419 5821 584 5874; x_wconf 89' lang='lat' dir='ltr'><strong>etiam</strong></span> <span class='ocrx_word' id='word_1_818' title='bbox 618 5822 670 5874; x_wconf 89' lang='lat' dir='ltr'><strong>in</strong></span> <span class='ocrx_word' id='word_1_819' title='bbox 699 5836 797 5876; x_wconf 79' lang='lat' dir='ltr'><strong>usu</strong></span> <span class='ocrx_word' id='word_1_820' title='bbox 831 5822 1060 5884; x_wconf 85' lang='lat' dir='ltr'><strong>positum</strong></span> <span class='ocrx_word' id='word_1_821' title='bbox 1085 5821 1223 5887; x_wconf 84' lang='lat' dir='ltr'><strong>apud</strong></span> <span class='ocrx_word' id='word_1_822' title='bbox 1244 5821 1536 5886; x_wconf 80' lang='lat' dir='ltr'><strong>Romanos,</strong></span> <span class='ocrx_word' id='word_1_823' title='bbox 1569 5831 1621 5876; x_wconf 89' lang='lat' dir='ltr'><strong>ul</strong></span> <span class='ocrx_word' id='word_1_824' title='bbox 1654 5836 1746 5875; x_wconf 59' lang='lat' dir='ltr'><strong>ea-</strong></span> 
     </span>
    </p>
   </div>
   <div class='ocr_carea' id='block_1_110' title="bbox 149 5890 1746 5965">
    <p class='ocr_par' dir='ltr' id='par_1_110' title="bbox 149 5890 1746 5965">
     <span class='ocr_line' id='line_1_110' title="bbox 149 5890 1746 5965; baseline 0.002 -19"><span class='ocrx_word' id='word_1_825' title='bbox 149 5893 352 5949; x_wconf 75' lang='lat' dir='ltr'><strong>darera</strong></span> <span class='ocrx_word' id='word_1_826' title='bbox 397 5904 685 5964; x_wconf 85' lang='lat' dir='ltr'><strong>parentum</strong></span> <span class='ocrx_word' id='word_1_827' title='bbox 714 5907 738 5944; x_wconf 86' lang='lat' dir='ltr'><strong>a</strong></span> <span class='ocrx_word' id='word_1_828' title='bbox 773 5890 892 5943; x_wconf 85' lang='lat' dir='ltr'><strong>filiis</strong></span> <span class='ocrx_word' id='word_1_829' title='bbox 917 5931 933 5957; x_wconf 93' lang='lat'><strong>,</strong></span> <span class='ocrx_word' id='word_1_830' title='bbox 974 5904 1325 5962; x_wconf 86' lang='lat' dir='ltr'><strong>cognatorum</strong></span> <span class='ocrx_word' id='word_1_831' title='bbox 1357 5909 1383 5946; x_wconf 93' lang='lat' dir='ltr'><strong>a</strong></span> <span class='ocrx_word' id='word_1_832' title='bbox 1425 5892 1746 5965; x_wconf 79' lang='lat' dir='ltr'><strong>consangui-</strong></span> 
     </span>
    </p>
   </div>
   <div class='ocr_carea' id='block_1_111' title="bbox 1917 4771 3445 4844">
    <p class='ocr_par' dir='ltr' id='par_1_111' title="bbox 1917 4771 3445 4844">
     <span class='ocr_line' id='line_1_111' title="bbox 1917 4771 3445 4844; baseline 0.001 -19"><span class='ocrx_word' id='word_1_833' title='bbox 1917 4782 1938 4809; x_wconf 78' lang='grc' dir='ltr'><strong>ε</strong></span> <span class='ocrx_word' id='word_1_834' title='bbox 1982 4773 2109 4844; x_wconf 65' lang='lat' dir='ltr'><strong>Mss.</strong></span> <span class='ocrx_word' id='word_1_835' title='bbox 2150 4771 2385 4844; x_wconf 75' lang='lat' dir='ltr'><strong>aliquot,</strong></span> <span class='ocrx_word' id='word_1_836' title='bbox 2426 4772 2970 4844; x_wconf 20' lang='lat' dir='ltr'><strong>expressior-eiulatum</strong></span> <span class='ocrx_word' id='word_1_837' title='bbox 3016 4785 3170 4837; x_wconf 73' lang='lat' dir='ltr'><strong>quom</strong></span> <span class='ocrx_word' id='word_1_838' title='bbox 3211 4776 3445 4844; x_wconf 70' lang='lat' dir='ltr'><strong>corporis</strong></span> 
     </span>
    </p>
   </div>
   <div class='ocr_carea' id='block_1_112' title="bbox 1840 4841 3442 4899">
    <p class='ocr_par' dir='ltr' id='par_1_112' title="bbox 1840 4841 3442 4899">
     <span class='ocr_line' id='line_1_112' title="bbox 1840 4841 3442 4899; baseline 0.001 -3"><span class='ocrx_word' id='word_1_839' title='bbox 1840 4842 2196 4896; x_wconf 82' lang='lat' dir='ltr'><strong>similitudine.</strong></span> <span class='ocrx_word' id='word_1_840' title='bbox 2231 4841 2346 4896; x_wconf 83' lang='lat' dir='ltr'><strong>Non</strong></span> <span class='ocrx_word' id='word_1_841' title='bbox 2374 4846 2510 4897; x_wconf 81' lang='lat' dir='ltr'><strong>satis</strong></span> <span class='ocrx_word' id='word_1_842' title='bbox 2537 4852 2703 4896; x_wconf 82' lang='lat' dir='ltr'><strong>recte.</strong></span> <span class='ocrx_word' id='word_1_843' title='bbox 2754 4843 2830 4898; x_wconf 81' lang='lat' dir='ltr'><strong>Ex</strong></span> <span class='ocrx_word' id='word_1_844' title='bbox 2866 4849 2967 4899; x_wconf 89' lang='lat' dir='ltr'><strong>hoc</strong></span> <span class='ocrx_word' id='word_1_845' title='bbox 2995 4855 3174 4898; x_wconf 86' lang='lat' dir='ltr'><strong>autem</strong></span> <span class='ocrx_word' id='word_1_846' title='bbox 3208 4841 3328 4896; x_wconf 80' lang='lat' dir='ltr'><strong>loco</strong></span> <span class='ocrx_word' id='word_1_847' title='bbox 3356 4846 3442 4898; x_wconf 83' lang='lat' dir='ltr'><strong>in-</strong></span> 
     </span>
    </p>
   </div>
   <div class='ocr_carea' id='block_1_113' title="bbox 1842 4912 3441 4983">
    <p class='ocr_par' dir='ltr' id='par_1_113' title="bbox 1842 4912 3441 4983">
     <span class='ocr_line' id='line_1_113' title="bbox 1842 4912 3441 4983; baseline 0.002 -16"><span class='ocrx_word' id='word_1_848' title='bbox 1842 4915 2150 4983; x_wconf 81' lang='lat' dir='ltr'><strong>telligamus</strong></span> <span class='ocrx_word' id='word_1_849' title='bbox 2179 4912 2304 4966; x_wconf 90' lang='lat' dir='ltr'><strong>licet</strong></span> <span class='ocrx_word' id='word_1_850' title='bbox 2330 4916 2706 4981; x_wconf 74' lang='lat' dir='ltr'><strong>episcoporum</strong></span> <span class='ocrx_word' id='word_1_851' title='bbox 2738 4927 2917 4970; x_wconf 82' lang='lat' dir='ltr'><strong>vestes</strong></span> <span class='ocrx_word' id='word_1_852' title='bbox 2950 4917 3017 4970; x_wconf 86' lang='lat' dir='ltr'><strong>ab</strong></span> <span class='ocrx_word' id='word_1_853' title='bbox 3044 4917 3266 4969; x_wconf 87' lang='lat' dir='ltr'><strong>aliorum</strong></span> <span class='ocrx_word' id='word_1_854' title='bbox 3294 4918 3441 4970; x_wconf 82' lang='lat' dir='ltr'><strong>cultu</strong></span> 
     </span>
    </p>
   </div>
   <div class='ocr_carea' id='block_1_114' title="bbox 1843 4984 3442 5057">
    <p class='ocr_par' dir='ltr' id='par_1_114' title="bbox 1843 4984 3442 5057">
     <span class='ocr_line' id='line_1_114' title="bbox 1843 4984 3442 5057; baseline 0.003 -21"><span class='ocrx_word' id='word_1_855' title='bbox 1843 4988 2022 5057; x_wconf 80' lang='lat' dir='ltr'><strong>potius</strong></span> <span class='ocrx_word' id='word_1_856' title='bbox 2050 4984 2397 5057; x_wconf 79' lang='lat' dir='ltr'><strong>simplicitate</strong></span> <span class='ocrx_word' id='word_1_857' title='bbox 2431 5000 2493 5038; x_wconf 90' lang='lat' dir='ltr'><strong>ac</strong></span> <span class='ocrx_word' id='word_1_858' title='bbox 2516 4986 2778 5039; x_wconf 59' lang='lat' dir='ltr'><strong>modestia</strong></span> <span class='ocrx_word' id='word_1_859' title='bbox 2798 5029 2812 5049; x_wconf 92' lang='lat'><strong>,</strong></span> <span class='ocrx_word' id='word_1_860' title='bbox 2844 5001 3004 5057; x_wconf 87' lang='lat' dir='ltr'><strong>quam</strong></span> <span class='ocrx_word' id='word_1_861' title='bbox 3037 4988 3207 5039; x_wconf 86' lang='lat' dir='ltr'><strong>forma</strong></span> <span class='ocrx_word' id='word_1_862' title='bbox 3242 4989 3321 5039; x_wconf 87' lang='lat' dir='ltr'><strong>vel</strong></span> <span class='ocrx_word' id='word_1_863' title='bbox 3349 5001 3442 5040; x_wconf 61' lang='lat' dir='ltr'><strong>eo.</strong></span> 
     </span>
    </p>
   </div>
   <div class='ocr_carea' id='block_1_115' title="bbox 1843 5055 3441 5126">
    <p class='ocr_par' dir='ltr' id='par_1_115' title="bbox 1843 5055 3441 5126">
     <span class='ocr_line' id='line_1_115' title="bbox 1843 5055 3441 5126; baseline 0.004 -17"><span class='ocrx_word' id='word_1_864' title='bbox 1843 5056 1958 5110; x_wconf 89' lang='lat' dir='ltr'><strong>lore</strong></span> <span class='ocrx_word' id='word_1_865' title='bbox 1983 5055 2146 5109; x_wconf 89' lang='lat' dir='ltr'><strong>fuisse</strong></span> <span class='ocrx_word' id='word_1_866' title='bbox 2170 5055 2432 5126; x_wconf 82' lang='lat' dir='ltr'><strong>diversas.</strong></span> <span class='ocrx_word' id='word_1_867' title='bbox 2461 5057 2572 5110; x_wconf 87' lang='lat' dir='ltr'><strong>lloc</strong></span> <span class='ocrx_word' id='word_1_868' title='bbox 2597 5058 2817 5125; x_wconf 82' lang='lat' dir='ltr'><strong>pulchre</strong></span> <span class='ocrx_word' id='word_1_869' title='bbox 2839 5055 3190 5112; x_wconf 79' lang='lat' dir='ltr'><strong>confirmatur</strong></span> <span class='ocrx_word' id='word_1_870' title='bbox 3210 5058 3441 5126; x_wconf 83' lang='lat' dir='ltr'><strong>cpistola</strong></span> 
     </span>
    </p>
   </div>
   <div class='ocr_carea' id='block_1_116' title="bbox 1838 5125 3438 5197">
    <p class='ocr_par' dir='ltr' id='par_1_116' title="bbox 1838 5125 3438 5197">
     <span class='ocr_line' id='line_1_116' title="bbox 1838 5125 3438 5197; baseline -0.001 -14"><span class='ocrx_word' id='word_1_871' title='bbox 1838 5126 2168 5183; x_wconf 75' lang='lat' dir='ltr'><strong>leestinii</strong></span> <span class='ocrx_word' id='word_1_872' title='bbox 2217 5126 2282 5197; x_wconf 73' lang='lat' dir='ltr'><strong>ad</strong></span> <span class='ocrx_word' id='word_1_873' title='bbox 2321 5125 2604 5197; x_wconf 81' lang='lat' dir='ltr'><strong>episcopos</strong></span> <span class='ocrx_word' id='word_1_874' title='bbox 2651 5127 2974 5183; x_wconf 78' lang='lat' dir='ltr'><strong>Viennensis</strong></span> <span class='ocrx_word' id='word_1_875' title='bbox 3023 5125 3322 5197; x_wconf 65' lang='lat' dir='ltr'><strong>provincia:</strong></span> <span class='ocrx_word' id='word_1_876' title='bbox 3369 5130 3438 5182; x_wconf 81' lang='lat' dir='ltr'><strong>ita</strong></span> 
     </span>
    </p>
   </div>
   <div class='ocr_carea' id='block_1_117' title="bbox 1841 5195 3442 5271">
    <p class='ocr_par' dir='ltr' id='par_1_117' title="bbox 1841 5195 3442 5271">
     <span class='ocr_line' id='line_1_117' title="bbox 1841 5195 3442 5271; baseline -0.001 -17"><span class='ocrx_word' id='word_1_877' title='bbox 1841 5199 2130 5271; x_wconf 85' lang='lat' dir='ltr'><strong>scribentis</strong></span> <span class='ocrx_word' id='word_1_878' title='bbox 2183 5217 2196 5252; x_wconf 87' lang='lat'><strong>:</strong></span> <span class='ocrx_word' id='word_1_879' title='bbox 2245 5195 2582 5252; x_wconf 66' lang='lat' dir='ltr'><strong>Disceruendi</strong></span> <span class='ocrx_word' id='word_1_880' title='bbox 2622 5217 2654 5254; x_wconf 77' lang='grc' dir='ltr'><em>α</em></span> <span class='ocrx_word' id='word_1_881' title='bbox 2707 5199 2851 5268; x_wconf 74' lang='lat' dir='ltr'><strong>plebe</strong></span> <span class='ocrx_word' id='word_1_882' title='bbox 2898 5201 2976 5271; x_wconf 65' lang='lat' dir='ltr'><strong>uel</strong></span> <span class='ocrx_word' id='word_1_883' title='bbox 3017 5195 3219 5271; x_wconf 64' lang='lat' dir='ltr'><strong>rreteris</strong></span> <span class='ocrx_word' id='word_1_884' title='bbox 3267 5211 3442 5253; x_wconf 80' lang='lat' dir='ltr'><strong>sumus</strong></span> 
     </span>
    </p>
   </div>
   <div class='ocr_carea' id='block_1_118' title="bbox 1842 5268 3442 5332">
    <p class='ocr_par' dir='ltr' id='par_1_118' title="bbox 1842 5268 3442 5332">
     <span class='ocr_line' id='line_1_118' title="bbox 1842 5268 3442 5332; baseline 0.002 -10"><span class='ocrx_word' id='word_1_885' title='bbox 1842 5270 2099 5332; x_wconf 72' lang='lat' dir='ltr'><strong>doctrina,</strong></span> <span class='ocrx_word' id='word_1_886' title='bbox 2129 5273 2232 5323; x_wconf 76' lang='lat' dir='ltr'><strong>non</strong></span> <span class='ocrx_word' id='word_1_887' title='bbox 2259 5279 2389 5324; x_wconf 75' lang='lat' dir='ltr'><strong>verte</strong></span> <span class='ocrx_word' id='word_1_888' title='bbox 2411 5287 2429 5324; x_wconf 93' lang='lat'><strong><em>:</em></strong></span> <span class='ocrx_word' id='word_1_889' title='bbox 2459 5273 2854 5332; x_wconf 72' lang='lat' dir='ltr'><strong>conversatione,</strong></span> <span class='ocrx_word' id='word_1_890' title='bbox 2882 5268 2981 5324; x_wconf 81' lang='lat' dir='ltr'><strong>non</strong></span> <span class='ocrx_word' id='word_1_891' title='bbox 3006 5268 3184 5323; x_wconf 77' lang='lat' dir='ltr'><strong>habitu</strong></span> <span class='ocrx_word' id='word_1_892' title='bbox 3214 5285 3232 5324; x_wconf 91' lang='lat'><strong><em>:</em></strong></span> <span class='ocrx_word' id='word_1_893' title='bbox 3260 5273 3442 5325; x_wconf 72' lang='lat' dir='ltr'><strong>mentis</strong></span> 
     </span>
    </p>
   </div>
   <div class='ocr_carea' id='block_1_119' title="bbox 1843 5341 3445 5410">
    <p class='ocr_par' dir='ltr' id='par_1_119' title="bbox 1843 5341 3445 5410">
     <span class='ocr_line' id='line_1_119' title="bbox 1843 5341 3445 5410; baseline 0.001 -16"><span class='ocrx_word' id='word_1_894' title='bbox 1843 5344 2082 5410; x_wconf 83' lang='lat' dir='ltr'><strong>puritate,</strong></span> <span class='ocrx_word' id='word_1_895' title='bbox 2114 5358 2215 5394; x_wconf 85' lang='lat' dir='ltr'><strong>non</strong></span> <span class='ocrx_word' id='word_1_896' title='bbox 2242 5343 2380 5410; x_wconf 78' lang='lat' dir='ltr'><strong>cultu</strong></span> <span class='ocrx_word' id='word_1_897' title='bbox 2407 5384 2420 5406; x_wconf 94' lang='lat'><strong>,</strong></span> <span class='ocrx_word' id='word_1_898' title='bbox 2448 5352 2552 5396; x_wconf 91' lang='lat' dir='ltr'><strong>etc.</strong></span> <span class='ocrx_word' id='word_1_899' title='bbox 2602 5341 2734 5396; x_wconf 80' lang='lat' dir='ltr'><strong>Vide</strong></span> <span class='ocrx_word' id='word_1_900' title='bbox 2769 5342 3014 5394; x_wconf 86' lang='lat' dir='ltr'><strong>similiter</strong></span> <span class='ocrx_word' id='word_1_901' title='bbox 3038 5356 3157 5408; x_wconf 66' lang='lat' dir='ltr'><strong>quae</strong></span> <span class='ocrx_word' id='word_1_902' title='bbox 3187 5342 3252 5396; x_wconf 85' lang='lat' dir='ltr'><strong>de</strong></span> <span class='ocrx_word' id='word_1_903' title='bbox 3281 5346 3445 5395; x_wconf 76' lang='lat' dir='ltr'><strong>vesti-</strong></span> 
     </span>
    </p>
   </div>
   <div class='ocr_carea' id='block_1_120' title="bbox 1843 5409 3442 5483">
    <p class='ocr_par' dir='ltr' id='par_1_120' title="bbox 1843 5409 3442 5483">
     <span class='ocr_line' id='line_1_120' title="bbox 1843 5409 3442 5483; baseline -0.001 -15"><span class='ocrx_word' id='word_1_904' title='bbox 1843 5409 2081 5476; x_wconf 83' lang='lat' dir='ltr'><strong>mentis,</strong></span> <span class='ocrx_word' id='word_1_905' title='bbox 2152 5409 2343 5479; x_wconf 84' lang='lat' dir='ltr'><strong>quibus</strong></span> <span class='ocrx_word' id='word_1_906' title='bbox 2387 5411 2718 5483; x_wconf 80' lang='lat' dir='ltr'><strong>Augustiuus</strong></span> <span class='ocrx_word' id='word_1_907' title='bbox 2770 5412 2913 5465; x_wconf 91' lang='lat' dir='ltr'><strong>indui</strong></span> <span class='ocrx_word' id='word_1_908' title='bbox 2968 5413 3220 5477; x_wconf 82' lang='lat' dir='ltr'><strong>solebat,</strong></span> <span class='ocrx_word' id='word_1_909' title='bbox 3277 5414 3442 5466; x_wconf 88' lang='lat' dir='ltr'><strong>tradit</strong></span> 
     </span>
    </p>
   </div>
   <div class='ocr_carea' id='block_1_121' title="bbox 1843 5483 3440 5552">
    <p class='ocr_par' dir='ltr' id='par_1_121' title="bbox 1843 5483 3440 5552">
     <span class='ocr_line' id='line_1_121' title="bbox 1843 5483 3440 5552; baseline -0.002 -13"><span class='ocrx_word' id='word_1_910' title='bbox 1843 5484 2141 5539; x_wconf 77' lang='lat' dir='ltr'><strong>Possidius.</strong></span> <span class='ocrx_word' id='word_1_911' title='bbox 2173 5484 2423 5538; x_wconf 89' lang='lat' dir='ltr'><strong>Nonnulli</strong></span> <span class='ocrx_word' id='word_1_912' title='bbox 2460 5498 2588 5537; x_wconf 81' lang='lat' dir='ltr'><strong>mss.</strong></span> <span class='ocrx_word' id='word_1_913' title='bbox 2619 5524 2634 5544; x_wconf 86' lang='lat'><strong>,</strong></span> <span class='ocrx_word' id='word_1_914' title='bbox 2675 5483 2845 5537; x_wconf 79' lang='lat' dir='ltr'><strong>nescio</strong></span> <span class='ocrx_word' id='word_1_915' title='bbox 2873 5497 3030 5552; x_wconf 82' lang='lat' dir='ltr'><strong>quam</strong></span> <span class='ocrx_word' id='word_1_916' title='bbox 3067 5485 3440 5550; x_wconf 68' lang='lat' dir='ltr'><strong>rwpresaiorem</strong></span> 
     </span>
    </p>
   </div>
   <div class='ocr_carea' id='block_1_122' title="bbox 1845 5552 3440 5626">
    <p class='ocr_par' dir='ltr' id='par_1_122' title="bbox 1845 5552 3440 5626">
     <span class='ocr_line' id='line_1_122' title="bbox 1845 5552 3440 5626; baseline -0.001 -16"><span class='ocrx_word' id='word_1_917' title='bbox 1845 5553 2028 5610; x_wconf 68' lang='lat' dir='ltr'><strong>mentis</strong></span> <span class='ocrx_word' id='word_1_918' title='bbox 2051 5569 2208 5626; x_wconf 72' lang='lat' dir='ltr'><strong>quam</strong></span> <span class='ocrx_word' id='word_1_919' title='bbox 2239 5556 2470 5624; x_wconf 77' lang='lat' dir='ltr'><strong>corporis</strong></span> <span class='ocrx_word' id='word_1_920' title='bbox 2493 5554 2884 5626; x_wconf 74' lang='lat' dir='ltr'><strong>similitudinem</strong></span> <span class='ocrx_word' id='word_1_921' title='bbox 2914 5555 3097 5609; x_wconf 75' lang='lat' dir='ltr'><strong>habere</strong></span> <span class='ocrx_word' id='word_1_922' title='bbox 3123 5552 3440 5608; x_wconf 74' lang='lat' dir='ltr'><strong>videbamur.</strong></span> 
     </span>
    </p>
   </div>
   <div class='ocr_carea' id='block_1_123' title="bbox 1922 5625 3442 5696">
    <p class='ocr_par' dir='ltr' id='par_1_123' title="bbox 1922 5625 3442 5696">
     <span class='ocr_line' id='line_1_123' title="bbox 1922 5625 3442 5696; baseline -0.001 -13"><span class='ocrx_word' id='word_1_923' title='bbox 1922 5628 1940 5666; x_wconf 75' lang='grc' dir='ltr'><strong>ί</strong></span> <span class='ocrx_word' id='word_1_924' title='bbox 1985 5625 2180 5683; x_wconf 73' lang='grc' dir='ltr'><strong>Ειιιοε</strong></span> <span class='ocrx_word' id='word_1_925' title='bbox 2210 5639 2424 5696; x_wconf 86' lang='lat' dir='ltr'><strong>quoque</strong></span> <span class='ocrx_word' id='word_1_926' title='bbox 2449 5665 2462 5689; x_wconf 91' lang='lat'><strong>,</strong></span> <span class='ocrx_word' id='word_1_927' title='bbox 2497 5627 2666 5694; x_wconf 85' lang='lat' dir='ltr'><strong>inquit</strong></span> <span class='ocrx_word' id='word_1_928' title='bbox 2697 5625 2957 5693; x_wconf 85' lang='lat' dir='ltr'><strong>Nannius,</strong></span> <span class='ocrx_word' id='word_1_929' title='bbox 2989 5627 3164 5696; x_wconf 79' lang='lat' dir='ltr'><strong>aliqua</strong></span> <span class='ocrx_word' id='word_1_930' title='bbox 3195 5637 3260 5679; x_wconf 88' lang='lat' dir='ltr'><strong>ex</strong></span> <span class='ocrx_word' id='word_1_931' title='bbox 3291 5637 3442 5695; x_wconf 77' lang='lat' dir='ltr'><strong>parte</strong></span> 
     </span>
    </p>
   </div>
   <div class='ocr_carea' id='block_1_124' title="bbox 1842 5699 2786 5770">
    <p class='ocr_par' dir='ltr' id='par_1_124' title="bbox 1842 5699 2786 5770">
     <span class='ocr_line' id='line_1_124' title="bbox 1842 5699 2786 5770; baseline -0.002 -16"><span class='ocrx_word' id='word_1_932' title='bbox 1842 5715 1872 5754; x_wconf 86' lang='lat' dir='ltr'><strong>a</strong></span> <span class='ocrx_word' id='word_1_933' title='bbox 1901 5699 2120 5770; x_wconf 80' lang='lat' dir='ltr'><strong>Virgilio</strong></span> <span class='ocrx_word' id='word_1_934' title='bbox 2147 5708 2330 5754; x_wconf 77' lang='lat' dir='ltr'><strong>&quot;tutuo</strong></span> <span class='ocrx_word' id='word_1_935' title='bbox 2356 5705 2628 5765; x_wconf 84' lang='lat' dir='ltr'><strong>sumptum</strong></span> <span class='ocrx_word' id='word_1_936' title='bbox 2661 5709 2741 5752; x_wconf 88' lang='lat' dir='ltr'><strong>cst</strong></span> <span class='ocrx_word' id='word_1_937' title='bbox 2775 5717 2786 5751; x_wconf 90' lang='lat'>:</span> 
     </span>
    </p>
   </div>
   <div class='ocr_carea' id='block_1_125' title="bbox 1944 5833 3208 5900">
    <p class='ocr_par' dir='ltr' id='par_1_125' title="bbox 1944 5833 3208 5900">
     <span class='ocr_line' id='line_1_125' title="bbox 1944 5833 3208 5900; baseline -0.003 -12"><span class='ocrx_word' id='word_1_938' title='bbox 1944 5839 2145 5897; x_wconf 87' lang='lat' dir='ltr'><strong>Daucia,</strong></span> <span class='ocrx_word' id='word_1_939' title='bbox 2173 5837 2372 5900; x_wconf 85' lang='lat' dir='ltr'><strong>Laride,</strong></span> <span class='ocrx_word' id='word_1_940' title='bbox 2397 5835 2733 5900; x_wconf 77' lang='lat' dir='ltr'><strong>Tymberque,</strong></span> <span class='ocrx_word' id='word_1_941' title='bbox 2760 5833 3003 5900; x_wconf 86' lang='lat' dir='ltr'><strong>simillima</strong></span> <span class='ocrx_word' id='word_1_942' title='bbox 3021 5835 3208 5900; x_wconf 85' lang='lat' dir='ltr'><strong>proles,</strong></span> 
     </span>
    </p>
   </div>
   <div class='ocr_carea' id='block_1_126' title="bbox 1945 5897 3158 5965">
    <p class='ocr_par' dir='ltr' id='par_1_126' title="bbox 1945 5897 3158 5965">
     <span class='ocr_line' id='line_1_126' title="bbox 1945 5897 3158 5965; baseline -0.002 -12"><span class='ocrx_word' id='word_1_943' title='bbox 1945 5901 2221 5953; x_wconf 86' lang='lat' dir='ltr'><strong>lndiscreta</strong></span> <span class='ocrx_word' id='word_1_944' title='bbox 2247 5897 2369 5965; x_wconf 80' lang='lat' dir='ltr'><strong>suis,</strong></span> <span class='ocrx_word' id='word_1_945' title='bbox 2394 5897 2670 5964; x_wconf 80' lang='lat' dir='ltr'><strong>gratusque</strong></span> <span class='ocrx_word' id='word_1_946' title='bbox 2693 5897 2980 5964; x_wconf 78' lang='lat' dir='ltr'><strong>parentibus</strong></span> <span class='ocrx_word' id='word_1_947' title='bbox 3003 5897 3158 5950; x_wconf 75' lang='lat' dir='ltr'><strong>error.</strong></span> 
     </span>
    </p>
   </div>
  </div>
