3932 6296
98 279 232 337 i3th

977 275 1067 330 DF.
1109 272 1424 330 EXCESSU
1467 271 1766 334 ΕΒΑΊῆΙὸ
1805 270 1914 328 Slll
1956 268 2207 332 SATYRI
2250 267 2378 324 LIB.
2422 267 2464 323 1.

3260 270 3396 325 ifilli

96 394 322 451 titudine
371 392 582 468 (Matth.
633 409 685 461 v,
737 393 794 466 5)
845 406 1186 463 nequaquam
1221 392 1408 459 utique
1439 389 1687 450 dubitare
1717 391 1888 458 Asuo
1939 387 2116 446 dolum
2159 405 2179 444 :
2217 388 2327 448 [nec
2379 400 2452 446 est
2505 389 2763 462 generatio
2812 388 3178 460 requirentium
3234 387 3397 443 Demn

94 489 354 549 debemus
375 531 388 554 ,
419 488 508 562 qui
538 505 712 562 neque
742 493 799 544 ut
827 489 1054 560 opulens
1079 527 1092 552 ,
1143 485 1439 542 exsultavit
1471 486 1521 542 in
1554 485 1688 540 divi-

95 583 181 638 liis
217 603 229 640 :
265 599 441 654 neque
478 592 534 638 ut
564 598 798 656 pauper,
829 582 1081 652 exiguum
1113 577 1255 652 quod
1287 569 1508 648 habuit,
1539 577 1688 649 judiv

94 677 258 732 cavit.

161 769 250 826 57.
292 761 556 839 Superest
586 777 642 824 ut
672 757 740 830 ad
770 765 1173 826 conclusionem
1197 763 1558 819 cardinalium
1583 764 1682 818 vir-

90 871 295 929 tutum,
331 865 491 919 etiam
519 863 744 942 jusntiae
773 873 959 934 partes
990 847 1041 916 in
1077 877 1142 916 eo
1169 859 1460 916 debeamus
1491 858 1688 915 adver-

89 968 229 1014 tere.
250 955 381 1014 Nam
409 953 507 1012 etsi
529 966 774 1026 cognata:
797 955 908 1012 sint
930 957 1070 1011 inter
1088 971 1167 1023 se,
1191 966 1568 1026 concretaque
1589 953 1693 1008 vir-

89 1063 267 1120 tutos;
295 1061 474 1112 tamen
497 1051 832 1122 Singularium
855 1049 1100 1120 quaidam
1128 1057 1154 1084 ⁸
1183 1048 1352 1104 forma
1378 1047 1690 1117 expressior

85 1144 469 1212 desideratur,
505 1142 848 1214 maximeque
872 1142 1115 1214 jostitiae.
1149 1133 1224 1195 Ea
1261 1140 1405 1196 enim
1437 1139 1537 1194 sibi
1569 1154 1692 1210 par-

85 1240 206 1294 cior
240 1237 372 1294 foris
403 1248 511 1296 tota
542 1247 660 1303 est,
692 1245 748 1294 et
777 1234 1034 1310 quidquid
1071 1233 1231 1289 habet
1260 1231 1488 1306 quadam
1521 1232 1690 1288 incle-

83 1332 290 1388 mentia
315 1321 419 1396 sui,
440 1323 570 1388 dum
595 1329 803 1402 rapitur
823 1344 1012 1384 amore
1035 1329 1330 1398 communi,
1360 1326 1692 1384 transfundit

86 1428 141 1482 in
175 1427 474 1498 proximos.
1649 1432 1656 1442 ‘

160 1522 250 1577 58.
295 1520 400 1578 Sed
443 1520 604 1594 hujus
651 1509 935 1589 multiplex
983 1530 1065 1576 est
1112 1520 1347 1594 species.
1396 1519 1512 1576 Alia
1563 1533 1694 1590 erga

83 1607 447 1686 propinquos,
479 1615 583 1670 alia
619 1630 743 1685 erga
777 1615 1094 1684 universos,
1143 1615 1246 1672 alia
1289 1631 1414 1688 erga
1444 1616 1537 1672 Dei
1579 1615 1695 1672 cul-

81 1717 224 1776 tum,
258 1706 343 1763 vel
372 1706 750 1779 adjumentnm
776 1707 1020 1777 inopum.
1059 1705 1243 1780 Itaque
1284 1709 1460 1779 qualis
1486 1708 1537 1764 in
1570 1709 1692 1764 uni-

1792 479 1971 544 (Psal.
2006 497 2162 546 mu.
2193 484 2248 552 4,
2294 481 2371 554 6).
2421 483 2517 537 llic
2550 498 2678 554 ergo
2721 490 2774 535 et
2817 481 2869 536 in
2912 489 3150 536 montem
3185 480 3400 538 Domini

1792 574 2072 642 ascendet,
2123 585 2176 630 et
2225 576 2277 636 in
2330 575 2683 634 tabernaculo
2711 573 3132 639 liabitabitDei;
3166 575 3289 644 quia
3320 574 3402 628 in.

1793 687 2000 744 gressus
2023 670 2134 724 sine
2162 671 2394 736 uincula,
2425 680 2664 742 operatus
2691 680 2764 723 est
2779 669 3063 742 justitiam,
3095 669 3296 724 locutus
3324 675 3400 723 est

1793 765 2088 829 ueritatem.
2128 781 2231 820 non
2265 763 2459 836 decepit
2485 765 2777 837 proximum
2823 761 3001 835 (Psal.
3056 779 3165 826 le,
3204 763 3260 826 2,
3303 763 3397 831 5);

1794 874 1894 916 nec
1932 858 2215 930 pecuniam
2253 858 2530 914 feneratus
2560 869 2644 914 est
2673 873 2863 923 suam,
2909 857 3000 929 qui
3047 872 3263 928 semper
3306 871 3402 910 vo-

1793 949 1890 1006 luit
1939 965 2262 1022 recuperare
2314 948 2739 1006 lucreditariam.
2790 949 3041 1020 Agnosco
3081 949 3397 1017 oraculum;

1792 1043 1936 1114 quod
1970 1047 2113 1102 enim
2148 1053 2170 1080 ι·
2203 1045 2349 1104 nulla
2381 1045 2655 1102 ordinavit
2691 1044 3015 1120 dispositio,
3047 1044 3283 1118 Spiritus
3314 1061 3401 1104 rc-

1794 1137 2012 1199 velavit.
2789 1121 2793 1126 h

1864 1234 1956 1300 62.
1998 1235 2136 1306 Quid
2167 1250 2296 1292 vero
2323 1235 2452 1292 illud
2481 1250 2797 1294 recenseam
2819 1275 2836 1303 ,
2867 1234 3010 1306 quod
3033 1248 3198 1305 supra
3228 1234 3400 1304 ipsam

1787 1329 2055 1402 justitiam
2085 1330 2289 1404 pietate
2319 1345 2676 1402 iu'ogressus;
2708 1345 2830 1384 cum
2861 1329 3111 1402 qua-dam
3142 1327 3158 1366 ί
3191 1329 3406 1386 incuba-

1795 1424 1896 1479 tori
1929 1424 2300 1482 cornmunium
2350 1421 2620 1482 ﬂuctuum
2658 1423 2764 1478 mei
2796 1421 3259 1490 contemplatione
3287 1437 3405 1475 mu-

1796 1517 1948 1572 neris
1978 1525 2222 1586 putasset
2253 1531 2377 1574 esse
2406 1515 2692 1574 tribuenda
2711 1555 2727 1584 ,
2759 1514 3020 1586 largitatis
3057 1528 3140 1578 me
3166 1511 3407 1586 iactabat

1795 1626 2114 1681 auctorem,
2149 1614 2419 1686 portionis
2458 1629 2574 1670 sua:
2603 1613 2812 1670 lucrum
2844 1611 2910 1670 ad
2941 1626 3232 1666 commune
3273 1626 3405 1665 con-

1796 1711 2028 1768 sortium
2058 1708 2397 1770 conferebat.

79 1817 280 1858 versos
310 1800 490 1868 fuerit,
522 1793 958 1873 provincialium,
982 1799 1178 1873 quibus
1201 1802 1436 1873 pr:efuit,
1458 1800 1485 1840 δ
1513 1803 1692 1860 studia
1725 1794 1773 1856 Β
1867 1802 1958 1862 63.
2002 1803 2128 1858 llaec
2159 1813 2215 1856 et
2249 1800 2378 1866 alia,
2404 1816 2527 1870 qua:
2555 1798 2687 1856 mihi
2725 1807 2851 1854 tunc
2879 1807 2903 1846 8
2934 1806 3091 1854 erant
3118 1795 3404 1867 Voluptati,

77 1895 290 1952 docent
320 1915 333 1951 :
367 1897 457 1968 qui
491 1904 769 1968 parentem
799 1895 973 1965 magis
1005 1895 1170 1952 fuisse
1199 1895 1500 1970 proprium,
1531 1911 1692 1965 quam

71 1988 325 2056 judicem
358 1989 719 2060 loquebantur
753 2007 764 2042 :
793 1998 1004 2062 gratum
1040 1991 1139 2060 pia:
1167 1987 1588 2046 necessitudinis
1609 2005 1696 2044 ar-

75 2079 318 2147 bitrum,
347 2091 685 2142 constantem
721 2083 858 2153 atqui
886 2081 1023 2154 juris
1049 2082 1495 2154 disceptatorem.

162 2173 256 2229 5:).
299 2171 446 2229 Inter
478 2172 672 2230 fratres
691 2183 872 2230 autem
905 2176 1080 2247 qualis
1113 2175 1290 2244 fuerit,
1322 2173 1449 2232 licet
1484 2177 1696 2252 1130

75 2271 259 2318 omne
292 2259 569 2323 hominum
601 2280 773 2340 genus
803 2264 1184 2324 benevolentia
1212 2268 1703 2336 complecteretur,

71 2354 386 2412 indivisum
423 2356 807 2427 patrimonium
849 2358 1008 2414 docet
1040 2377 1053 2412 :
1089 2370 1110 2396 ε
1146 2374 1247 2414 nec
1277 2359 1562 2416 distributa
1601 2368 1695 2418 aut

71 2447 354 2514 delibata,
387 2449 480 2504 sed
515 2460 787 2506 reservata
821 2450 1127 2508 han-editas.
1179 2451 1389 2508 Etenim
1433 2449 1690 2522 pietatem

69 2541 192 2597 sibi
229 2556 446 2598 causam
488 2557 610 2598 esse
635 2541 853 2618 negavit
885 2544 1138 2599 testandi.
1181 2541 1312 2599 Nam
1346 2544 1447 2600 hoc
1476 2560 1692 2616 quoque

70 2636 288 2691 ultimo
313 2651 566 2700 sermone
593 2636 827 2707 signavit
848 2678 862 2703 ,
894 2652 1016 2694 cum
1046 2654 1183 2710 quos
1213 2638 1478 2694 dilexerat
1497 2679 1514 2707 ,
1544 2654 1694 2695 coni-

1800 1899 2034 1960 maxitne
2088 1910 2234 1954 nunc
2296 1893 2732 1954 recordationem
2792 1891 3001 1947 doloris
3053 1900 3402 1960 emperant.

1799 1990 2020 2048 Manent
2044 1999 2250 2056 tamen,
2275 1998 2546 2057 eruntque
2573 2001 2816 2057 semper,
2849 2001 2951 2042 nec
2974 1999 3230 2054 umquam
3261 1984 3408 2039 velut

1800 2084 1988 2138 umbra
2023 2089 2388 2153 praetereunt.
2432 2096 2604 2152 neque
2634 2080 2779 2135 enim
2815 2080 3030 2135 virtutis
3066 2079 3239 2148 gratia
3282 2092 3405 2134 cum

1797 2190 2030 2246 corpore
2079 2174 2309 2240 occidit,
2367 2189 2468 2232 nec
2513 2173 2657 2232 idem
2710 2182 2919 2230 natura:
2975 2173 3407 2241 meritorumque

1800 2267 1954 2336 ﬁnis;
1987 2268 2114 2326 licet
2145 2269 2312 2340 ipsius
2342 2278 2549 2324 natura:
2578 2283 2708 2326 usus
2735 2284 2845 2324 non
2877 2267 2930 2322 in
2963 2275 3228 2321 aeternum
3260 2265 3407 2320 occi-

1796 2359 1910 2426 dat,
1938 2359 2030 2416 sed
2062 2359 2343 2430 temporali
2373 2358 2604 2429 quadam
2643 2359 2927 2416 vacatione
2964 2358 3292 2428 requiescat.

1867 2449 1956 2506 64.
2001 2451 2225 2509 Talibus
2245 2451 2412 2521 igitur
2435 2449 2775 2520 perfunctum
2809 2450 3127 2516 virtutibus,
3155 2457 3403 2519 ereptum

1797 2544 2049 2614 periculis
2097 2544 2369 2600 desiderio
2427 2547 2600 2614 magis
2652 2558 2814 2614 quam
2874 2543 3174 2597 amissione
3235 2541 3400 2596 ﬂebo.

1795 2637 2001 2696 Suadet
2026 2639 2170 2695 enim
2198 2638 2314 2708 ipsa
2344 2637 2726 2710 opportunitas
2747 2637 2962 2703 mortis,
2997 2647 3052 2691 ut
3075 2651 3407 2706 prosequen-

68 2727 374 2812 mendaret
398 2746 415 2812 ;ν
437 2727 538 2786 sibi
573 2744 674 2786 nec
698 2729 882 2786 uxoris
905 2730 1186 2788 arbitrium
1211 2729 1380 2788 fuisse
1405 2731 1690 2800 ducendze,

66 2811 221 2878 nera
255 2811 513 2882 fratribus
543 2823 898 2885 divelleretur
926 2843 938 2878 :
971 2839 1070 2881 nec
1103 2829 1412 2884 testamenti
1458 2827 1691 2886 faciendi

70 2917 460 2982 voluntatem,
493 2934 562 2978 ne
593 2927 836 2978 nostrum
883 2920 934 2976 in
977 2919 1158 2990 aliquo
1199 2922 1483 2990 arbitrium
1532 2923 1694 2980 laede~

63 3020 267 3070 retur.
304 3010 542 3082 Denique
569 3020 624 3072 et
652 3021 840 3068 oratus
871 3021 925 3072 et
948 3012 1316 3070 obsecratusa
1345 3015 1524 3084 nobis,
1558 3016 1690 3072 nihil
1799 3014 2116 3085 prophetico
2168 3026 2416 3067 sermone
2467 3012 2557 3066 uni
2611 3012 2684 3067 illi
2738 3011 2988 3076 mulieri,
3033 3028 3156 3083 qua:
3203 3013 3402 3084 ﬁgura-

59 3114 278 3160 tatnen
313 3103 650 3160 condendnm
686 3105 895 3176 putavit
934 3121 1085 3162 :non
1115 3106 1317 3166 oblitus
1350 3118 1527 3166 tamen
1563 3125 1692 3180 pan-
1800 3120 1922 3173 tur,
1977 3105 2072 3165 sed
2123 3105 2351 3176 singulis
2399 3104 2632 3171 dicitur,
2690 3119 2815 3162 cum
2881 3105 3137 3163 Ecclesia;
3188 3105 3394 3163 dictum

60 3214 330 3268 perum,
383 3199 475 3255 sed
527 3209 733 3280 tantum
786 3201 1084 3260 obsiecrans
1133 3217 1254 3260 esse
1305 3205 1686 3272 tribuendum,
1716 3187 1760 3248 (ἶ
1797 3203 2026 3260 videtur.

51 3302 357 3364 quantum
391 3289 770 3364 nobis‘jostum
801 3293 1096 3354 videretur.
1867 3299 1956 3356 65.
1994 3301 2202 3358 Dicitur
2229 3316 2362 3374 ergo
2392 3312 2445 3357 et
2471 3301 2538 3358 ad
2569 3317 2693 3368 me,
2719 3310 2774 3360 et
2796 3300 2932 3359 dicit
2971 3300 3250 3371 Scriptura
3286 3316 3399 3356 cce-

150 3386 260 3442 60·
304 3385 420 3453 QUO
449 3403 558 3442 uno
581 3388 715 3444 Satis
738 3397 792 3443 et
820 3387 985 3446 divini
1021 3389 1230 3447 timoris
1256 3391 1520 3461 expressit
1555 3391 1692 3448 indi-
1797 3394 1947 3450 lestis
1977 3413 1989 3450 :
2021 3395 2255 3452 lloceinc
2280 3396 2469 3460 doces,
2493 3391 2518 3432 ιι
2547 3395 2627 3452 sic
2655 3395 2898 3454 instituis
2924 3393 3015 3450 Dei
3041 3393 3293 3464 plebem?
3314 3393 3396 3448 An

55 3483 261 3548 ’δῖυιηο
295 3488 348 3534 εί
376 3475 625 3566 ¹¹ι¹ξη²ηι¹ἓ
663 3480 835 3540 edidit
873 3481 1152 3552 τοιίίςίυιιῖε
1197 3485 1526 3555 θκοιιιριιιωι
1558 3485 1689 3546 Nam
1797 3490 1977 3545 nescis
2017 3491 2139 3560 quia
2171 3490 2480 3560 exetnplum
2525 3497 2674 3548 tuum
2719 3488 3026 3558 perieulum
3067 3498 3394 3542 cancros-om

51 3572 237 3645 quod
269 3573 601 3644 pauperibus
621 3575 894 3644 contulit,
925 3575 1037 3630 Deo
1067 3575 1295 3643 detulit;
1327 3580 1582 3649 quoniam
1605 3579 1712 3648 qui—
1795 3585 1912 3644 Cal?
1943 3583 2054 3643 Nisi
2081 3586 2222 3642 forte
2251 3584 2564 3645 exauditam
2606 3597 2712 3640 non
2743 3597 2866 3641 esse
2895 3593 2949 3639 te
2982 3581 3250 3654 quereris.
3283 3579 3400 3636 Pri-

46 3666 317 3739 Ιαναὶηιν
345 3667 558 3738 Pauperi
578 3709 591 3729 θ
629 3664 737 3721 ι)εο
758 3668 951 3737 fenerat
975 3659 1155 3740 (Prov.
1184 3685 1296 3734 xu,
1332 3671 1420 3745 l7)
1446 3689 1458 3726 :
1486 3681 1540 3728 et
1569 3687 1693 3742 pos-
1798 3694 1942 3734 mum
1975 3679 2118 3735 istud
2149 3680 2456 3746 arrogantis
2481 3689 2560 3736 est
2582 3677 2954 3748 impudentiae.
2989 3677 3183 3734 mereri
3218 3675 3396 3731 solum

47 3760 322 3818 ιιιίτλιδάο
363 3759 502 3834 ἰιιοά
529 3761 734 3831 ἱιιεῑυω
766 3772 881 3828 est.
915 3778 1020 3819 ηοη
1063 3764 1350 3834 exiguum,
1385 3766 1478 3821 sed
1521 3776 1690 3822 totum
1798 3771 1959 3836 velle,
1989 3771 2133 3840 quod
2181 3771 2364 3830 multis
2399 3771 2560 3830 etiam
2595 3771 2798 3830 sanctis
2845 3779 3098 3840 negatum
3146 3769 3398 3834 noveris;

40 3853 338 3924 reliquit,
369 3853 490 3911 llaec
517 3854 658 3908 enim
687 3862 770 3908 est
795 3863 1000 3910 summa
1027 3855 1277 3926 justitim,
1311 3856 1546 3914 vendere
1570 3874 1692 3928 qua:
1797 3879 1918 3919 cum
1961 3865 2128 3929 scias,
2169 3865 2288 3934 quia
2316 3880 2417 3918 non
2463 3873 2536 3919 est
2585 3879 2928 3934 personarum
2974 3871 3216 3930 acceptor
3261 3859 3402 3916 Deus

44 3949 332 4012 habeas.
375 3957 430 4002 et
467 3945 721 4005 conferre
750 3949 1091 4018 pauperibus.
1125 3949 1224 4018 Qui
1253 3952 1398 4006 enim
1431 3952 1689 4025 dispersit,
1799 3956 1937 4026 (Act.
1989 3970 2046 4022 ι,
2095 3955 2210 4027 54).
2245 3955 2377 4011 Nam
2418 3955 2519 4012 etsi
2573 3956 2888 4012 misericors
2936 3955 3097 4015 Deus,
3130 3961 3310 4008 tamen
3354 3953 3400 4007 si

35 4043 233 4100 dedit
284 4041 595 4114 pauperibus
622 4084 638 4110 ,
677 4043 886 4114 justitia
932 4047 1042 4118 ejus
1100 4054 1270 4104 manet
1327 4045 1380 4101 in
1443 4057 1695 4104 a'ternum
1798 4062 2014 4120 semper
2034 4049 2315 4106 exaudiret
2345 4063 2557 4114 omnes,
2595 4065 2702 4104 non
2729 4049 2837 4115 jam
2867 4063 2934 4102 ex
2959 4046 3235 4100 voluntate
3266 4043 3402 4098 libe-

35 4134 267 4208 (Ρείιίο
305 4149 394 4196 δι’
414 4177 427 4200 ι
460 4133 536 4205 9)·
564 4133 709 4205 Erg“
729 4133 1131 4205 dispensatores
1161 4153 1259 4194 H05
1281 4179 1296 4206 ,
1323 4152 1431 4193 non
1450 4136 1696 4200 hmredes
1800 4157 1880 4207 ta,
1907 4143 2004 4199 sed
2050 4158 2116 4198 ex
2153 4143 2385 4214 quadam
2430 4143 2578 4198 velut
2622 4143 2945 4197 necessitate
2977 4139 3153 4194 facere
3187 4137 3401 4192 videre-

32 4223 348 4297 reliquil;
378 4241 498 4312 nam
530 4221 820 4286 btereditas
845 4227 1146 4286 successori
1171 4229 1454 4300 Quaeritur,
1482 4231 1694 4304 dispono
1800 4245 1904 4292 tur.
1943 4235 2148 4294 Deinde
2175 4251 2296 4293 cum
2325 4249 2518 4290 omnes
2545 4244 2756 4305 rogent,
2785 4233 2830 4288 si
2866 4231 3157 4288 exaudiret
3186 4242 3400 4294 omnes.

27 4318 232 4384 salio
262 4318 590 4390 Pauperibus
616 4317 902 4392 οὺιίιιειιιτο
1777 4330 1964 4386 ἰιθιιισ
1991 4336 2322 4388 moreretur.
2369 4328 2472 4386 l’ro
2499 4328 2715 4399 quantis
2759 4340 2890 4397 ergo
2924 4323 3170 4396 quotidie
3201 4338 3360 4393 rogas
3388 4323 3402 4382 l

133 4413 254 4470 6|.
301 4407 458 4471 Unde
511 4426 618 4467 non
675 4412 948 4470 immerito
991 4425 1225 4485 quantus
1282 4414 1476 4486 fuerit,
1532 4414 1695 4474 hodie
1801 4420 2067 4495 Numquid
2122 4423 2442 4484 cuiistitutio
2502 4420 2594 4477 Dei
2656 4420 3122 4488 cmitemplatioue
3186 4418 3404 4472 solven-

24 4519 310 4579 quoqne
332 4519 429 4578 per
449 4500 684 4560 vocemd
713 4506 933 4562 lectoris
959 4508 1189 4579 parvuli,
1215 4509 1451 4584 Spiritus
1474 4523 1696 4570 sancms
1799 4513 1866 4569 da
1914 4525 2000 4571 est
2055 4516 2173 4574 tui?
2213 4514 2328 4573 Cur
2371 4530 2506 4586 ergo
2553 4528 2659 4570 non
2712 4514 3059 4584 impetratum
3112 4508 3405 4580 aliquando

23 4597 373 4672 expressit
406 4613 417 4648 ε
453 4589 710 4674 ἕηνιοεεηδ
750 4599 982 4654 "Wth
1006 4642 1020 4666 ι
1066 4611 1112 4656 ει
1151 4601 1344 4660 mundo
1379 4605 1565 4674 corde,
1608 4609 1695 4678 qui
1721 4589 1773 4650 1)
1799 4607 1988 4676 doles,
2032 4608 2175 4679 quod
2225 4623 2330 4664 non
2374 4619 2593 4677 semper
2631 4605 2976 4679 impetrabile
3014 4620 3136 4662 esse
3173 4617 3405 4674 cognos-

23 4711 176 4751 ηοη
223 4687 426 4761 accepit
453 4689 505 4744 in.
533 4707 723 4748 vanum
746 4693 971 4748 animam
999 4711 1167 4762 suam,
1195 4713 1286 4754 nec
1314 4700 1434 4770 iecit
1457 4704 1692 4772 proximo
1803 4703 1915 4760 cis?

1795 2731 1920 2788 dum
1945 2731 2116 2802 magis
2137 2732 2332 2800 gratia,
2357 2746 2518 2806 quain
2543 2729 2837 2786 dolendum
2873 2729 3083 2802 1131
3117 2741 3398 2798 putemus;

1796 2827 2054 2897 scriptum
2087 2834 2170 2882 est
2210 2825 2356 2880 enim
2390 2825 2440 2878 in
2471 2826 2747 2879 communi
2779 2823 2967 2879 dolore
2997 2825 3270 2893 proprium
3309 2838 3403 2877 vao

1795 2933 1921 2974 care
1950 2917 2151 2973 debere
2183 2915 2271 2987 (IV
2313 2914 2471 2972 Estlr.
2527 2931 2581 2981 ι,
2635 2917 2695 2970 Η
2751 2924 2801 2968 et
2843 2915 2997 2984 seq.).
3037 2913 3224 2984 Neque
3253 2915 3398 2970 enim

23 4843 301 4898 (mm;
333 4831 426 4886 sed
455 4831 545 4886 illa
575 4831 627 4887 in
659 4831 815 4886 Horn.
859 4832 991 4887 edit.
1040 4844 1286 4889 reserata
1321 4842 1487 4903 sunt,
1537 4847 1592 4892 et
1641 4840 1696 4892 tn

23 4906 281 4968 insutis
333 4903 494 4964 etiam
547 4917 678 4964 inea.
729 4903 1131 4962 desiderantur.
1183 4906 1253 4963 Et
1301 4921 1436 4964 sane
1483 4919 1698 4966 atsuta-

23 4988 342 5043 mentum
389 4974 672 5044 scriptoris
723 4977 1009 5050 cujusdam
1053 4977 1214 5036 nobis
1266 4979 1510 5041 videtur.
1553 4979 1696 5050 quod

23 5067 184 5112 ηυη
230 5055 365 5116 apte
393 5053 514 5101 cum
549 5045 1002 5103 antecedentibus
1030 5055 1083 5104 et
1114 5045 1585 5121 eottSequentiins'
1606 5067 1699 5106 co-

26 5129 285 5182 rigaret.

128 5208 166 5232 υ
230 5191 314 5248 lia
347 5199 452 5246 vet.
489 5187 624 5261 edit,
653 5205 717 5248 ac
747 5192 931 5261 plures
962 5207 1135 5258 mss.;
1167 5192 1326 5248 Rom.
1357 5203 1538 5250 autem
1558 5195 1695 5252 edit.

26 5282 210 5343 ευᾼηι
241 5259 728 5343 φεβλπιιυιιιιιιιηίεε
751 5259 926 5335 forma
968 5275 1016 5343 et
1046 5267 1306 5335 expressio
1349 5265 1697 5343 desideratur.

119 5341 166 5378 b
232 5333 449 5397 Studia,
487 5333 540 5387 id
569 5343 673 5398 est,
705 5333 858 5390 favor
881 5352 945 5394 ac
976 5333 1382 5393 benevolentia.
1409 5337 1539 5394 Nam
1569 5340 1701 5392 alio-

25 5413 144 5491 μιί
202 5408 351 5491 satis
381 5402 1181 5491 usitatumera_t,_utldelunctis
1213 5410 1504 5491 provinciae
1527 5411 1702 5491 admi-

27 5476 170 5545 iist
191 5477 424 5548 ratione
443 5476 716 5546 praefectis
732 5478 1083 5536 detraherent
1105 5476 1504 5548 provinciales;
1535 5482 1699 5540 immo

35 5547 438 5626 mpqetiam
472 5563 566 5602 eos
596 5559 921 5626 accusarent
947 5547 1389 5626 repetundarum.

119 5619 156 5667 ἑ
235 5619 367 5676 MSS.
414 5632 520 5674 non
564 5621 750 5688 pauci,
795 5636 886 5674 nec
926 5621 1199 5686 distributa
1237 5636 1326 5682 aut
1372 5625 1698 5683 deliberata:

27 5689 387 5774 egendo-It
413 5692 640 5748 forte...
665 5701 755 5752 aut
778 5691 1046 5758 delibrato,
1075 5693 1178 5752 ltoc
1207 5709 1313 5764 est,
1337 5699 1618 5758 italininuta
1643 5709 1696 5757 ot

28 5772 447 5834 le'cnrticata.

101 5843 152 5897 si
232 5835 452 5903 Veteris
481 5834 599 5912 eius
626 5833 1057 5910 consuetudinis,
1107 5854 1211 5913 qua
1257 5843 1413 5915 pueri
1452 5843 1519 5901 ad
1566 5844 1690 5903 offl-

1806 4839 1946 4895 clum
1978 4841 2202 4897 lectoris
2231 4841 2684 4903 assumebantnr,
2723 4854 2833 4912 iam
2878 4835 3258 4892 admonuimus
3297 4843 3401 4886 non

1807 4928 1915 4967 uno
1942 4914 2082 4968 loco.

1881 4992 1904 5055 ξ
1948 4984 2082 5055 Mss.
2105 4985 2332 5054 aliquot,
2359 4984 2502 5041 nulla
2528 4983 2788 5041 ordinauit
2808 4980 3144 5055 dispensatio.

1883 5052 1901 5090 τ
1945 5046 2330 5110 incubatoreni
2355 5056 2442 5110 hic
2480 5072 2603 5110 eunt
2648 5056 2751 5110 dici
2776 5097 2788 5116 ,
2826 5046 2912 5123 qui
2949 5049 3193 5120 prmsidia
3223 5046 3406 5123 Sztlyti

1806 5137 1967 5196 atque
1991 5127 2262 5183 Ambrosii
2287 5129 2604 5195 occupabat.
2624 5120 2878 5182 observat
2901 5125 3174 5196 Nannius;
3199 5120 3404 5196 additis

1809 5190 2026 5274 insuper
2071 5201 2381 5274 Dionysium
2411 5190 2611 5256 Sicula:
2648 5200 3020 5254 incubator-em
3054 5195 3190 5246 aula:
3223 5206 3252 5243 a
3294 5190 3402 5244 Ma-

1802 5273 1994 5326 crobio
2021 5273 2336 5327 vocitatum.

1877 5353 1901 5391 Β
1941 5343 2144 5400 Omnes
2170 5345 2330 5408 cdit.,
2354 5353 2499 5399 erant
2526 5341 2777 5410 voluptati
2801 5341 3061 5398 maximae,
3090 5350 3406 5410 cum‘recor-

1803 5415 2011 5470 datioue
2039 5417 2235 5470 doloris
2275 5405 2606 5487 eaasperavi;
2638 5405 2767 5487 Gill.
2791 5451 2802 5470 ,
2829 5409 3183 5487 exasperauit;
3213 5405 3399 5487 Rom,

1804 5501 2107 5560 exasperant
2135 5505 2154 5542 .°
2182 5501 2314 5541 mss.
2349 5477 2482 5560 vero
2508 5497 2564 5560 ut
2589 5477 2695 5536 ilus
2727 5483 2780 5536 in
2811 5477 2983 5560 textu,
3012 5477 3113 5533 nisi
3136 5481 3405 5560 qimdprn

1803 5548 2141 5629 exasperant;
2173 5576 2279 5613 non
2314 5559 2468 5628 pauci
2515 5559 2729 5624 legunt.
2773 5551 3034 5617 afferunt;
3073 5564 3122 5603 et
3158 5548 3402 5602 nonnulli

1803 5632 1990 5697 etiam.
2024 5632 2380 5687 recordatione
2408 5630 2638 5683 dolorem
2660 5633 2981 5697 exasperant.

1879 5700 1904 5740 δ
1937 5691 2062 5760 Mss.
2095 5707 2223 5772 duo,
2249 5706 2322 5757 sic
2346 5713 2394 5755 et
2424 5700 2640 5754 instruis
2664 5698 2759 5752 Dei
2779 5691 2974 5769 plebem
2996 5710 3015 5749 :
3041 5692 3133 5750 alii
3157 5691 3402 5766 totidem,

1799 5776 1989 5833 siccine
2018 5777 2116 5834 Dei
2144 5775 2435 5832 Ecclesium
2461 5772 2730 5828 instituis?
