3932 6296
539 299 672 360 1511

1857 293 2100 354 SANCTI
2140 291 2465 354 AlBROSlI
3709 289 3788 345 lii!

534 419 558 467 Γ
608 420 699 478 66.
748 430 774 459 ι
805 420 1007 489 Stulte,
1048 420 1243 492 inquit,
1274 434 1432 489 super
1469 431 1642 471 omnes
1684 415 1945 483 mulieres,
1978 430 2149 470 nonne
2175 425 2225 486 Α
2253 427 2438 468 nomen
2476 414 2616 484 quod
2664 413 2999 468 nominatum
3030 419 3117 467 est
3145 424 3323 482 super
3346 421 3468 471 nos,
3512 421 3620 478 pene
3641 405 3793 476 point-

536 512 680 570 vides
709 514 909 571 luctum
939 524 1191 581 nostrum,
1231 522 1279 569 et
1320 526 1435 584 qua:
1463 509 1610 564 nobis
1643 510 1988 582 contigerunt,
2017 525 2146 582 quo-

539 606 680 661 niam
711 605 845 663 Sion
875 620 1039 662 ntater
1068 613 1244 661 nostra
1270 602 1503 658 omnium
1534 600 1743 656 tristitia
1780 602 2140 669 contristatur,

538 707 589 754 et
610 698 901 755 humilitate
925 699 1202 754 humiliata
1221 704 1316 751 est.
1350 693 1543 768 Lugete
1562 693 1882 749 validissime
1910 703 1956 748 et
1982 710 2140 762 nunc,

538 792 784 864 quoniam
806 808 983 847 omnes
1008 792 1276 865 lugemus;
1304 796 1353 842 et
1386 788 1556 843 tristes
1581 787 1725 854 sitis,
1755 787 2001 857 quoniam
2028 803 2142 843 om-

541 903 633 942 nes
661 887 952 943 contristati
980 901 1158 941 sumus
1181 900 1201 941 :
1233 893 1289 939 tu
1330 884 1467 938 enim
1506 882 1831 938 contristaris
1871 882 1926 937 in
1955 882 2138 939 fratre.

543 976 821 1054 Interroga
876 988 1067 1034 terram
1113 987 1161 1033 et
1201 978 1334 1032 dicet
1368 976 1491 1041 tibi,
1520 976 1767 1047 quoniam
1791 975 1901 1030 lucc
1928 984 2003 1031 est
2030 991 2145 1044 qute

543 1074 722 1130 debeat
740 1075 935 1147 lugere,
968 1083 1231 1129 tantorum
1251 1081 1507 1144 superstes
1532 1070 1825 1144 germinum
1854 1085 1872 1126 .'
1899 1077 1949 1124 et
1975 1084 2039 1124 ea:
2062 1069 2145 1142 ip-

540 1184 622 1234 sa,
653 1168 850 1240 inquit,
876 1166 942 1221 ab
966 1166 1114 1220 initio
1140 1180 1315 1219 omnes
1341 1162 1451 1218 nati
1467 1204 1484 1229 ,
1507 1173 1556 1218 et
1584 1161 1678 1217 alii
1709 1162 1931 1227 uenient,
1952 1169 2003 1215 et
2028 1176 2147 1216 ecce

545 1277 676 1332 pene
693 1275 868 1316 omnes
888 1259 941 1314 in
961 1259 1304 1329 perditionem
1323 1256 1609 1321 ambulant,
1643 1264 1691 1311 et
1715 1256 1771 1310 in
1788 1255 2147 1310 exterminium

544 1355 606 1426 ﬁt
644 1354 921 1410 multitudo
956 1370 1156 1411 eorum.
1196 1351 1267 1409 Et
1288 1354 1404 1426 quis
1430 1369 1552 1427 ergo
1572 1351 1720 1407 debet
1760 1351 1933 1423 lugere
1955 1350 2146 1422 magis,

543 1448 650 1504 nisi
666 1465 783 1520 qua:
812 1457 921 1503 tam
952 1463 1191 1522 magnam
1220 1446 1610 1502 multitudinem
1631 1445 1880 1520 perdidit,
1908 1460 2064 1516 quam
2089 1451 2148 1498 tu

538 1542 626 1614 qui
656 1559 749 1612 pro
778 1558 883 1597 uno
910 1541 1057 1598 doles
1084 1541 1176 1615 (IV
1209 1540 1337 1614 Reg.
1371 1556 1430 1607 ι,
1451 1541 1487 1597 6
1511 1549 1558 1595 et
1578 1538 1750 1612 seq.)?

620 1636 712 1692 67.
745 1635 1059 1692 Absorbeat
1101 1634 1269 1707 igitur
1316 1640 1564 1690 nostrum
1619 1631 1866 1689 dolorem
1909 1645 2155 1687 commu-

428 1721 442 1733 ’
543 1728 633 1786 nis
682 1727 864 1795 dolor,
913 1739 970 1785 et
1018 1727 1376 1785 acerbitatem
1411 1727 1615 1800 proprii
1667 1724 1923 1783 mteroris
1959 1723 2153 1781 exclu-

2246 519 2354 565 tum
2381 517 2478 576 est,
2507 518 2555 564 et
2585 508 2666 564 illi
2692 509 2857 564 nostri
2878 504 3289 563 contumeliam
3324 501 3472 573 passi
3494 511 3626 565 sunt,
3648 509 3795 556 etiam

2247 605 2392 661 dotes
2421 607 2587 661 nostri
2615 607 2850 662 succensi
2870 615 3020 670 sunt,
3049 612 3107 659 et
3134 601 3325 657 lenite
3351 599 3522 655 nostri
3546 600 3590 653 in
3608 599 3797 669 captivae:

2246 701 2475 771 fuerunt,
2490 709 2537 752 et
2557 699 2798 754 mulieres
2818 708 3019 754 nostra!
3039 694 3455 752 contaminata
3466 702 3599 757 sunt,
3613 692 3800 763 et‘u'rgisu

2247 806 2437 847 nostra:
2449 794 2547 848 vim
2560 804 2800 865 passte,et
2805 796 2942 865 justi
2955 792 3140 847 nostri
3153 789 3317 860 rapti
3321 797 3400 854 ,et
3411 785 3609 861 parvuli
3620 788 3735 840 nostri
3742 804 3800 855 ρ

2248 884 2343 939 diti
2356 897 2495 954 sunt,
2519 897 2565 941 et
2570 888 2785 958 juvenes
2796 886 2965 942 nostri
2980 884 3329 949 servierunt,
3348 890 3405 937 et
3415 881 3575 951 {artes
3592 880 3804 935 nostriisn

2245 977 2287 1035 li
2304 979 2342 1033 li
2357 979 2485 1050 facti
2497 991 2634 1035 sunt.
2655 978 2723 1034 Et
2746 981 2888 1051 quod
2911 980 3163 1035 omnium
3197 978 3416 1050 majus,
3438 973 3719 1048 signacqu
3733 973 3804 1028 Sin

2246 1077 2488 1146 quoniam
2509 1078 2768 1149 resignata
2783 1077 2937 1132 estde
2961 1076 3146 1147 gloria
3174 1054 3306 1139 sua,
3341 1079 3551 1126 nuncet
3568 1069 3716 1123 tradita
3729 1070 3806 1123 uti:

2249 1170 2483 1224 ntanibus
2496 1171 2786 1239 eornm,qui
2797 1187 2891 1225 nos
2904 1171 3167 1224 oderunt.
3177 1166 3271 1222 Tu
3291 1181 3434 1238 ergo
3447 1168 3807 1219 excutetssuutl-

2250 1273 2354 1318 tam
2369 1266 2653 1331 tristitiam,
2672 1275 2718 1321 et
2731 1265 2933 1336 depone
2946 1264 3042 1319 abs
3055 1273 3108 1318 te
3122 1259 3563 1317 multitudinem
3573 1257 3769 1320 dolorm;
3781 1273 3808 1317 tt

2252 1361 2720 1433 tibirepropitietur
2744 1360 2916 1431 fortis,
2946 1368 2996 1413 et
3026 1358 3287 1429 requiem
3302 1354 3491 1426 faciat
3512 1352 3599 1407 tibi
3620 1351 3809 1405 Altissiau

2251 1454 2569 1526 requietione
2598 1454 2838 1509 dolorum
2871 1453 3070 1526 (Ibid.,
3096 1452 3178 1508 20
3203 1462 3259 1507 et
3290 1448 3478 1521 seq.).

2324 1545 2416 1601 70.
2457 1546 2759 1602 Ccssabunt
2780 1547 2945 1619 igitur
2968 1547 3272 1619 lacrymm,
3305 1540 3631 1615 parendum
3657 1540 3811 1596 astu?

2256 1639 2517 1696 remediis
2548 1640 2899 1706 salutaribus,
2934 1640 3067 1713 quia
3107 1639 3299 1695 debet
3344 1635 3571 1708 aliquid
3604 1637 3715 1691 inter
3739 1633 3809 1688 iis

2255 1742 2312 1790 et
2356 1734 2597 1806 perfidos
2653 1736 2942 1791 interesse.
2976 1733 3180 1791 Fleant
3214 1747 3369 1805 ergo
3401 1732 3509 1804 qui
3551 1745 3685 1801 spent
3714 1743 3813 1784 risu-

542 1821 660 1878 dat.
683 1819 802 1876 Non
832 1821 978 1877 enim
1006 1819 1197 1877 dolere
1232 1818 1498 1877 debemus
1533 1832 1654 1886 eos,
1685 1823 1838 1889 'quos
1878 1815 2153 1873 cernimus
2183 1823 2231 1884 Β
2260 1825 2519 1882 “cunnis
2547 1825 2753 1883 habere
2793 1842 2901 1882 non
2935 1834 3199 1896 possunt,
3251 1839 3446 1896 quam
3500 1837 3609 1878 non
3652 1820 3811 1876 unus;

542 1916 841 1980 liberatos;
869 1929 1045 1987 neque
1065 1915 1209 1971 enim
1233 1912 1413 1970 otiose
1435 1921 1545 1968 tam
1570 1920 1789 1968 sanctas
1814 1910 1922 1967 hoc
1942 1916 2152 1979 tempo-

545 2024 608 2065 re
636 2008 847 2064 animas
866 2007 1147 2080 corporeis
1169 2004 1398 2063 vinculis
1421 2004 1825 2061 reminiscimur
1850 2001 2150 2060 absolutas.

545 2100 789 2174 Namque
815 2102 971 2158 velut
998 2100 1182 2157 divino
1205 2099 1410 2173 judicio
1439 2111 1547 2154 tam
1571 2096 1600 2137 ι»
1627 2111 1823 2170 graves
1849 2094 2152 2163 viduas,ita

547 2211 656 2253 uno
682 2205 930 2266 tempore
959 2193 1244 2251 defunctas
1274 2193 1548 2259 videmus,
1578 2202 1632 2247 ut
1659 2188 2011 2263 profectionis
2035 2189 2154 2259 qui-

545 2289 672 2345 dam
704 2288 949 2344 videatur
976 2301 1265 2355 excessus,
1298 2303 1406 2343 non
1444 2285 1637 2341 mortis
1668 2298 1931 2347 occasus;
1964 2297 2033 2339 ne
2060 2297 2156 2339 ve-

548 2392 737 2440 terana
785 2382 1033 2439 emeritis
1066 2377 1356 2452 stipendiis
1402 2378 1665 2453 pudicitia
1708 2378 1764 2433 in
1792 2376 2018 2433 dubium
2062 2375 2156 2431 diu

546 2477 753 2535 servati
784 2474 1003 2548 pudoris
1033 2473 1320 2531 incideret.
1349 2472 1499 2542 Quos
1534 2472 1776 2545 gemitus
1822 2471 1978 2537 mihi,
2021 2484 2158 2541 quos

550 2570 770 2626 dolores
807 2580 914 2625 tam
948 2569 1145 2626 acerba
1175 2569 1382 2624 excitat
1408 2567 1750 2627 recordatio!
1786 2565 1854 2621 Et
1885 2565 1931 2621 si
1960 2578 2160 2622 mcero-

548 2663 704 2721 ribus
730 2678 836 2720 non
867 2663 1158 2731 vacabam;
1184 2671 1363 2719 tamen
1390 2661 1443 2719 iu
1467 2663 1587 2735 ipso
1611 2661 1805 2719 dolore
1837 2661 2068 2732 privato,
2103 2660 2157 2716 in

552 2757 675 2827 ipso
727 2765 1000 2813 tantorum
1041 2755 1245 2813 amisso
1286 2755 1421 2813 flore
1463 2756 1807 2821 meritorum,
1850 2754 2160 2811 communis

550 2850 799 2922 quasdam
831 2860 1041 2907 natura:
1088 2865 1176 2908 me
1213 2849 1455 2907 conditio
1483 2849 1802 2907 solabatur:
1844 2846 2161 2918 deﬁxnsque

552 2945 606 3001 in
639 2960 747 3001 uno
778 2945 935 3002 dolor
964 2945 1317 3003 acerbitatem
1347 2945 1547 3018 publici
1587 2943 1815 3010 funeris,
1846 2941 2161 3011 domestica:

552 3038 737 3108 specie
769 3038 987 3107 pietatis
1013 3038 1336 3098 obduxerat.

627 3129 717 3185 68.
747 3128 956 3201 Repeto
982 3145 1134 3203 ergo,
1175 3145 1331 3188 sacra
1366 3131 1674 3203 Scriptura,
1707 3131 1899 3188 solatia
1930 3139 2051 3197 tua;
2076 3130 2164 3203 ju-

2256 1918 2351 1975 Dei
2382 1919 2566 1990 eripit,
2597 1918 2693 1975 sed
2728 1918 2852 1975 lldei
2884 1918 3277 1974 inclementia.
3324 1915 3573 1971 Intersit
3604 1915 3716 1968 inter
3735 1912 3815 1968 Citi-

2257 2010 2327 2066 sti
2351 2010 2623 2077 servulos,
2651 2010 3032 2081 idolorumque
3054 2011 3355 2075 cultores;
3386 2017 3457 2064 ut
3480 2007 3569 2064 illi
3588 2006 3813 2063 ﬂeaatsse.

2256 2116 2394 2174 quos
2430 2103 2484 2159 in
2527 2112 2843 2176 perpetuum
2867 2103 3195 2159 existimant
3223 2101 3548 2158 interiisse
3578 2118 3592 2154 :
3630 2099 3693 2154 illi
3720 2098 3815 2152 suis

2261 2196 2494 2252 habeant
2521 2197 2881 2269 lacrymarum
2912 2194 3101 2263 ferias,
3138 2194 3369 2250 nullam
3407 2190 3816 2261 tristitith

2259 2298 2698 2356 consequantur,
2728 2290 2820 2360 qui
2861 2287 3065 2343 nullam
3110 2296 3327 2359 putant
3372 2286 3642 2356 requiem
3674 2292 3819 2339 muri»-

2261 2397 2405 2437 rum.
2438 2381 2608 2437 Nobis
2633 2395 2767 2437 vero
2786 2380 2982 2451 quibus
3013 2393 3168 2435 mors
3198 2395 3323 2434 non
3359 2386 3597 2435 natura:
3620 2419 3636 2443 ,
3664 2375 3735 2432 sed
3753 2375 3820 2428 tit:

2260 2474 2418 2530 istius
2443 2474 2567 2531 linis
2591 2483 2710 2541 est;
2741 2474 2999 2546 quoniam
3031 2475 3083 2528 in
3114 2473 3332 2529 melius
3370 2474 3509 2545 ipsa
3541 2480 3711 2528 natura
3734 2486 3808 2540 rep

2261 2578 2433 2636 ratur,
2463 2568 2626 2626 ﬂetus
2652 2584 2843 2625 omnes
2871 2581 3034 2624 casus
3062 2568 3270 2623 mortis
3302 2566 3637 2639 abstergat.

2334 2663 2424 2718 7|.
2455 2663 2616 2718 Certe
2638 2662 2683 2717 si
2715 2660 2794 2716 illi
2823 2660 2929 2716 sibi
2960 2660 3147 2731 aliqua
3180 2660 3403 2715 solatia
3436 2653 3821 2731 repererunmti

2262 2756 2423 2813 linem
2455 2771 2678 2819 sensus,
2719 2753 3102 2826 delectumque
3133 2763 3363 2813 natura:
3396 2764 3643 2809 mortem
3662 2746 3821 2807 aria-ni

2259 2860 2417 2917 sunt;
2446 2858 2649 2921 quanto
2672 2847 2842 2919 magis
2869 2861 2992 2912 nos,
3017 2846 3221 2918 quibus
3250 2846 3512 2902 meliora
3536 2853 3656 2917 post
3678 2854 3823 2897 morus

2266 2943 2486 3017 premis
2518 2943 2787 2998 bonorum
2839 2939 3107 2996 factorum
3155 2940 3532 2996 conscientia
3590 2935 3823 3008 pollicem

2266 3038 2479 3095 Habent
2512 3035 2745 3109 gentiles
2775 3034 2969 3090 solatia
3000 3047 3124 3100 sua,
3161 3032 3298 3105 quia
3332 3032 3606 3103 requiem
3642 3029 3824 3085 malem
3878 3029 3881 3111 ι

2265 3134 2512 3191 omnium
2563 3139 2797 3189 mortem
2823 3129 3182 3186 exisﬁmant:
3230 3137 3292 3183 et
3323 3134 3394 3181 ut
3440 3127 3576 3181 vita
3614 3123 3750 3178 fructs
3775 3133 3828 3173 ct-

554 3231 649 3277 vat
696 3222 841 3278 enim
884 3223 994 3279 tuis
1045 3225 1355 3296 prmceptis,
1391 3224 1498 3281 tuis
1537 3223 1826 3280 sententiis
1861 3223 2160 3278 immorari.
2192 3223 2238 3287 C
2269 3240 2412 3296 ηηι,
2440 3228 2515 3284 it.
2542 3227 2708 3284 etiam
2735 3225 2979 3281 caruisse
2997 3237 3059 3280 se
3081 3230 3285 3294 putant
3308 3220 3480 3277 omni
3503 3234 3664 3275 sensu
3682 3215 3830 3272 elisit-

559 3326 583 3353 ε
604 3316 777 3383 Quam
806 3315 1019 3374 facilius
1040 3326 1127 3374 est
1146 3319 1343 3375 ctelnm
1367 3328 1422 3375 et
1451 3328 1652 3375 terram
1675 3318 1979 3390 prmterire,
2003 3332 2164 3389 quam

555 3407 628 3464 de
662 3407 808 3482 Lege
850 3425 1019 3466 unum
1054 3412 1264 3483 apicem
1304 3412 1507 3470 cadere
1535 3410 1688 3485 (Luc.
1734 3428 1821 3468 xvt
1843 3453 1859 3478 ,
1902 3412 2025 3484 l7)!
2060 3411 2167 3469 Sed

552 3500 666 3572 jam
688 3501 974 3559 audiamus
1002 3518 1125 3573 qua:
1157 3504 1360 3575 scripta
1385 3515 1549 3561 sunt:
1580 3504 1759 3571 Nunc,
1784 3503 1981 3573 inquit,
2009 3504 2170 3559 retine

557 3596 703 3665 apud
744 3604 897 3650 temet
937 3596 1105 3669 ipsam
1136 3596 1369 3652 dolorem
1412 3606 1580 3665 tuum,
1611 3608 1661 3653 et
1713 3597 1924 3672 1132
1969 3598 2170 3667 fortiter

559 3690 663 3760 fer,
704 3690 791 3758 qui
826 3691 917 3746 tibi
941 3694 1287 3764 contigerunt,
1316 3710 1490 3750 casus.
1534 3693 1596 3750 Si
1634 3694 1771 3749 enim
1798 3693 2170 3767 justiﬁcaoeris

563 3782 837 3836 terminum
866 3782 982 3850 Dei,
1013 3793 1064 3839 et
1089 3786 1257 3855 [ilium
1285 3796 1427 3841 tuum
1447 3787 1661 3860 recipies
1687 3788 1741 3841 in
1766 3796 2013 3857 tempore,
2041 3796 2089 3841 et
2115 3787 2170 3841 in

564 3875 869 3933 mulieribus
892 3878 1276 3936 collaudaberis
1308 3879 1400 3953 (IV
1433 3880 1595 3936 Esdr.
1623 3897 1680 3944 ι,
1711 3879 1803 3948 15,
1834 3880 1947 3952 16).
1979 3879 2034 3935 Si
2068 3880 2172 3935 hoc

564 3967 634 4025 ad
665 3971 971 4037 mulierem,
993 3982 1197 4045 quanto
1227 3978 1399 4047 magis
1421 3976 1488 4031 ad
1518 3975 1899 4033 sacerdotem?
1920 3975 1980 4034 Si
2008 3975 2077 4032 de
2105 3974 2171 4031 ll-

564 4062 664 4131 lio,
691 4080 799 4121 non
832 4068 1021 4140 utique
1052 4068 1349 4125 absurdum
1380 4070 1550 4127 etiam
1576 4070 1647 4128 de
1670 4071 1896 4127 fratrum
1925 4071 2174 4127 amissio-

460 4216 469 4225 κ
567 4173 638 4214 ne
666 4160 789 4215 talia
826 4175 985 4232 posse
1015 4164 1343 4230 memorari;
1374 4179 1706 4237 quamquam
1732 4164 1779 4220 si
1814 4162 1951 4220 mibi
1982 4162 2175 4220 fuisset

566 4251 735 4320 ﬁlius,
764 4269 1057 4327 numquam
1078 4271 1204 4312 eum
1234 4257 1469 4327 amplius
1497 4258 1834 4317 dilexissem.
1868 4255 2005 4313 Nam
2033 4256 2175 4313 sicut

573 4344 628 4400 in
649 4346 797 4402 obitu
822 4347 1117 4405 liberorum
1139 4350 1300 4407 effusi
1325 4350 1559 4417 labores,
1586 4352 1827 4425 suscepti
1856 4350 2057 4407 frustra
2078 4327 2205 4405 do:

572 4434 718 4493 lores
749 4453 1038 4497 mererem
1062 4442 1314 4498 videntur
1335 4458 1575 4515 augere;
1606 4446 1679 4501 ita
1707 4446 1872 4503 etiam
1907 4445 1960 4501 in
1993 4444 2175 4500 fratri-

2268 3343 2330 3384 re
2371 3338 2690 3397 ptenarum,
2736 3336 2872 3394 quas
2927 3320 2983 3375 in
3026 3317 3132 3374 bac
3166 3319 3279 3373 vita
3336 3330 3554 3389 graves
3582 3324 3634 3370 ct
3661 3310 3827 3367 assiﬂ

2269 3396 2625 3477 sustinemus.
2649 3414 2760 3471 Nos
2787 3427 2917 3469 vero
2947 3421 3010 3468 ut
3034 3411 3346 3467 erectiores
3370 3408 3631 3480 praemio,
3649 3402 3827 3460 itania
3882 3396 3883 3413 ‘

2274 3513 2628 3588 patientiores
2665 3509 2858 3566 solatio
2882 3522 3009 3564 esse
3038 3505 3314 3562 debemus
3341 3522 3358 3570 ;
3396 3518 3513 3560 non
3542 3503 3675 3558 enim
3697 3496 3814 3553 anis:

2272 3609 2368 3667 sed
2414 3606 2670 3680 praemitti
2696 3604 2970 3667 videntur,
2998 3614 3142 3674 quos
3185 3614 3297 3655 non
3327 3608 3683 3668 assumptum
3717 3604 3823 3645 mets

2274 3703 2371 3760 sed
2403 3701 2687 3757 mternitas
2712 3708 3000 3768 receptura
3031 3704 3138 3751 est.

2345 3793 2434 3850 72.
2465 3791 2775 3849 Cessabunt
2811 3804 2943 3860 ergo
2986 3787 3247 3859 lacryma‘.
3274 3803 3289 3840 :
3320 3794 3424 3841 aut
3454 3785 3504 3840 si
3533 3794 3729 3840 cessare
3760 3788 3829 3829 ω

2276 3895 2554 3959 poterunt,
2579 3885 2633 3940 in
2655 3880 3039 3940 communibus
3061 3878 3329 3936 lamentis
3346 3877 3500 3934 ﬂebo
3529 3886 3603 3943 te,
3627 3875 3779 3931 frater.
3798 3882 3829 3919 ει

2274 3980 2375 4036 sub
2392 3978 2584 4035 dolore
2607 3975 2827 4047 publico
2845 3972 3180 4029 domesticos
3196 3970 3447 4042 gemitus
3471 3965 3679 4044 1133
3692 3974 3826 4033 ιοςιι

2273 4072 2407 4129 Nam
2444 4084 2664 4126 cessare
2697 4068 2791 4140 qui
2829 4076 3107 4136 poterunt,
3148 4080 3277 4120 cum
3315 4064 3390 4119 ad
3436 4076 3659 4119 onmem
3699 4068 3829 4112 sanan

2276 4167 2514 4225 nominis
2553 4164 2628 4220 tui
2657 4164 2915 4235 lacrymas
2950 4161 3292 4230 subrepant,
3336 4157 3430 4212 vel
3461 4172 3591 4212 eum
3624 4150 3833 4213 caesii-1

2276 4258 2711 4318 recordationem
2754 4257 2975 4322 excitat,
3024 4253 3111 4309 vel
3153 4266 3284 4308 eum
3328 4249 3567 4307 aﬂectus
3607 4244 3832 4314 imagim

2276 4359 2654 4427 repraesentat,
2691 4350 2776 4405 vel
2807 4358 2935 4404 eum
2979 4345 3288 4404 recordatio
3333 4344 3590 4401 dolorem

2276 4423 2505 4517 Quando
2523 4444 2667 4501 enim
2690 4444 2841 4509 dces,
2865 4441 2959 4512 qui
2997 4441 3163 4496 tantis
3191 4437 3399 4496 officiis
3434 4423 3834 4509 repraesentatis.“

574 4527 676 4583 bus
718 4534 1130 4591 consuetudinis
1182 4549 1311 4592 usus
1357 4544 1519 4609 atque
1561 4538 1776 4612 collegii
1819 4539 2172 4596 acerbitatem
2280 4539 2741 4610 cAdes,inquam,
2766 4546 2825 4593 et
2844 4549 3065 4607 semper
3085 4532 3419 4594 oﬂ'underis,
3442 4538 3633 4586 ettoto
3649 4521 3837 4582 tem

573 4622 782 4680 doloris
808 4626 1136 4683 accendunt.

646 4713 738 4772 (i9.
769 4714 876 4773 Sed
900 4732 1028 4774 ecce
1053 4718 1324 4776 dicentem
1345 4719 1683 4793 Scripturam
1710 4723 1909 4780 audio:
1944 4722 2070 4779 Noli
2089 4722 2171 4795 {a-

575 4825 688 4865 cere
719 4809 856 4866 [tunc
869 4828 1176 4883 sermonem,
1201 4817 1293 4870 sed
1307 4819 1536 4874 consenti
1557 4819 1876 4890 persuaderi.
1908 4820 2013 4890 Qui
2036 4822 2172 4877 enim

2194 4624 2340 4691 Dac
2393 4639 2577 4688 mente
2628 4629 2987 4701 complector,
3037 4626 3275 4697 aspicio,
3323 4625 3607 4694 alloquor,
3658 4616 3834 4675 ostii.

2278 4723 2687 4797 comprehendo
2714 4723 2803 4779 vel
2830 4721 2885 4777 in
2916 4720 3035 4791 ipsa
3065 4718 3254 4790 quiete
3285 4728 3581 4782 nocturna,
3613 4711 3703 4768 vel
3729 4704 3835 4763 inia-

2278 4836 2344 4879 ce
2372 4819 2555 4886 clara;
2584 4831 2709 4874 cum
2741 4816 2980 4872 revisere
3001 4821 3060 4870 et
3076 4811 3353 4868 consolari
3381 4808 3632 4882 dignaris
3654 4812 3837 4859 ηιατυς

571 4920 727 4959 casus
773 4905 903 4961 Sion
925 4905 952 4960 Ρ
996 4905 1277 4965 Consolare
1316 4922 1524 4986 propter
1547 4913 1779 4969 dolorem
1821 4912 2169 4970 Hierusalem.
2234 4924 2411 4972 Aem.
2442 4912 2690 4983 Denique
2720 4910 2854 4981 ipsa:
2879 4908 2989 4978 jam
3024 4914 3238 4970 noctes,
3268 4919 3397 4977 qua
3417 4902 3574 4975 quasi
3616 4892 3837 4955 molﬁlti'

588 4997 740 5056 Vides
764 5001 899 5057 enim
929 5002 1053 5073 quia
1089 5013 1269 5060 sancta
1288 5016 1466 5063 nostra
1497 5009 1844 5064 contaminata
1870 5018 2024 5076 sunt,
2058 5006 2086 5047 ά
2125 5018 2174 5065 et

629 5199 853 5283 .‘ARum.
885 5202 1047 5268 edit.,
1072 5202 1268 5283 Stulta,
1301 5206 1465 5283 inquit
1491 5249 1513 5283 _.
1548 5247 1564 5261 .
1602 5248 1616 5262 .
1648 5208 1787 5283 o_mni
1812 5206 2023 5261 tristitia
2049 5220 2174 5283 con-

574 5276 810 5349 tristatur
836 5309 851 5326 .
880 5313 895 5328 .
924 5314 937 5328 .
967 5316 981 5330 .
1004 5286 1051 5329 et
1093 5276 1231 5349 luget
1268 5276 1606 5333 ualidissime.
1653 5276 1723 5332 Et
1761 5295 1896 5332 nunc
1931 5277 2173 5349 quoniam

574 5346 1041 5427 emneatugemns:
1073 5357 1120 5402 et
1150 5346 1319 5405 tristes
1347 5366 1549 5427 smnus,
1572 5350 1819 5427 quoniam
1844 5346 2021 5427 omnes
2046 5365 2171 5403 ron-

572 5417 765 5469 tristati
784 5431 962 5472 sumus
987 5433 1006 5473 :
1037 5428 1096 5473 tu
1125 5434 1245 5476 vero
1271 5417 1625 5477 constristaris
1650 5422 1705 5474 in
1739 5420 1872 5489 lilio.
1904 5417 2174 5487 Interroga

576 5493 768 5568 terram
797 5528 811 5542 .
847 5528 861 5542 .
892 5527 960 5568 ε..
992 5489 1170 5561 lugere
1194 5503 1453 5568 tantorum
1474 5508 1652 5547 casum
1677 5507 1833 5568 super
1852 5508 1967 5547 eam
1987 5491 2175 5568 germif

577 5560 815 5613 nantium
839 5578 859 5615 :
892 5560 1009 5615 Vet.
1048 5560 1229 5618 autem
1265 5564 1396 5620 edit.
1430 5578 1493 5618 ac
1523 5579 1653 5619 mss.
1687 5560 1826 5618 utin
1854 5560 2025 5626 testu,
2069 5562 2172 5617 nisi

575 5629 719 5697 quod
755 5629 917 5706 Eras.
962 5642 1018 5686 et
1056 5632 1183 5689 Gill.
1231 5635 1418 5706 legunt
1445 5636 1608 5691 etiam
1645 5636 1839 5699 stulta;
1875 5635 1968 5706 sed
2000 5634 2180 5706 potius

577 5709 701 5783 psse
726 5708 786 5754 ut
810 5702 1142 5783 retineamus
1167 5702 1353 5783 vocem
1381 5706 1652 5783 s_tulte_,_e_x
1675 5720 1743 5761 eo
1772 5706 1918 5777 quod
1952 5702 2183 5762 habetur

580 5764 753 5847 infra,
769 5772 1094 5847 contristaris
1123 5775 1177 5847 in
1201 5776 1382 5843 fratre,
1405 5764 1781 5847 intelligimus.

655 5835 682 5872 ι’
727 5836 1045 5897 Ambrosius
1084 5835 1522 5905 viduarum-vita:
1565 5835 1629 5904 at:
1675 5863 1886 5905 morum
1922 5847 2185 5921 gravitate

2281 5025 2404 5077 res,
2429 5009 2652 5066 vivente
2677 5015 2760 5073 te,
2792 5002 3152 5069 videbantur;
3179 4999 3326 5073 quod
3356 4998 3531 5056 mutui
3563 4996 3837 5062 eam

2322 5203 2710 5261 rtecellentium
2755 5213 2984 5259 mortem
3016 5200 3118 5256 sibi
3161 5199 3413 5256 dolorem
3454 5196 3839 5270 singularem?

2301 5276 2425 5332 'erre
2444 5276 2799 5332 eonsuevisse
2821 5291 2927 5330 non
2950 5287 3061 5329 uno
3090 5273 3213 5328 loco
3236 5270 3582 5327 testiﬁcatur.
3776 5334 3783 5341 ,

2356 5358 2378 5385 ε
2414 5346 2549 5432 μειι.
2599 5363 2708 5432 non
2757 5348 2938 5418 pauci,
2986 5345 3124 5414 Quia
3169 5344 3387 5415 facilius
3428 5351 3584 5417 εει...
3614 5346 3835 5395 ..ι-ειμι

2281 5420 2426 5489 apud
2454 5420 2800 5489 temetipsum.

2353 5489 2381 5527 ά
2407 5489 2485 5546 Ita
2518 5504 2650 5546 mss.
2688 5502 2742 5545 et
2768 5488 2901 5545 edit.
2931 5487 3034 5543 nisi
3070 5485 3217 5558 quod
3242 5486 3404 5542 Rom.
3433 5485 3562 5541 edit.
3594 5482 3711 5558 sola
3746 5488 3831 5558 trﬁj

2281 5560 2409 5628 fert,
2441 5573 2491 5617 et
2536 5576 2724 5615 nomen
2753 5560 2893 5630 quod
2930 5554 3222 5614 invocatum
3255 5571 3378 5613 est:
3416 5554 3668 5628 sequenti
3708 5556 3829 5630 sugg

2282 5617 2445 5690 versu
2473 5632 2665 5689 eadem
2687 5617 2821 5689 edit.
2846 5646 2969 5686 cum
3012 5640 3126 5686 vet.
3150 5630 3281 5685 edit.
3320 5644 3387 5684 ac
3424 5617 3553 5683 ms's.
3585 5617 3831 5679 ouantia

2281 5717 2332 5761 et
2364 5708 2583 5775 juvenes
2608 5705 2775 5759 nostri
2794 5746 2810 5765 ,
2835 5703 2927 5757 ubi
2950 5715 3093 5775 mss.
3120 5701 3282 5775 longe
3317 5699 3540 5775 plurimi
3574 5696 3783 5753 habent
3806 5696 3831 5731 ε

2281 5772 2574 5847 ἱιιῖιιριινί,
2605 5775 2745 5831 forte
2774 5774 3093 5847 legendum,
3112 5782 3167 5827 et
3192 5772 3285 5826 lilii
3315 5772 3510 5826 nostri.

2362 5856 2386 5883 ι·
2414 5846 2645 5915 Quidam
2671 5839 2992 5913 tussifAdes
3010 5845 3168 5913 enim,
3197 5854 3244 5898 et
3267 5857 3469 5913 semper
3497 5839 3721 5909 olerris.
