3932 6296
121 325 254 381 1315

977 317 1066 377 DE
1107 315 1415 377 EXCESSU
1459 311 1755 374 FRATRIS
1794 309 1906 372 SUI
1945 311 2200 371 SATYRI
2235 309 2369 370 LIB.
2407 311 2450 369 Ι.

3275 312 3413 374 13M

114 437 326 507 copiam
358 435 722 507 denegarem:
763 432 878 505 ipse
905 432 1015 504 jam
1046 446 1270 488 somnus
1313 428 1708 500 colloquiorum
1737 432 1784 489 Λ
1815 434 1960 480 metu
1989 426 2244 496 pietatem
2278 428 2576 497 temperet;
2605 436 2794 481 rursus
2823 432 3000 483 tamen
3038 427 3212 500 ipsum
3234 427 3422 502 'pieta-

115 538 423 583 nostrorum
453 527 656 583 dudum
684 527 1019 597 interruptor
1042 523 1376 589 inamabilis,
1399 521 1572 576 dulcis
1591 535 1714 575 esse

107 624 219 694 jam
248 623 444 694 cmpit;
474 622 598 693 quia
627 632 678 678 te
699 621 833 677 mihi
865 619 1121 677 reddidit.
1152 617 1268 674 Non
1310 616 1474 688 igitur
1502 615 1710 681 miseri,

111 718 208 774 sed
239 718 413 784 beati;
453 732 682 789 quorum
723 732 825 774 nec
867 714 1152 788 praesentia
1194 712 1402 780 deficit,
1444 725 1546 768 nec
1584 723 1712 765 cura

111 812 392 879 minuitur,
415 820 471 867 et
497 819 727 883 augetur
749 810 946 881 gratia.
982 807 1196 865 Etenim
1242 815 1267 844 α
1299 805 1480 862 somni
1519 803 1714 859 similis

113 904 292 976 imago
318 905 529 960 mortis.

185 998 273 1054 75.
298 997 453 1066 Quod
477 997 522 1052 si
551 996 604 1052 in
628 997 810 1068 quiete
838 1003 1105 1052 nocturna
1128 992 1361 1050 vinculis
1391 990 1572 1047 adhuc
1591 1002 1713 1045 cor-

110 1091 296 1162 poreis
325 1083 678 1158 inhaerentes,
708 1099 764 1146 et
790 1089 943 1161 quasi
976 1090 1118 1144 inter
1140 1085 1442 1143 carceraria
1471 1084 1712 1154 religata:

107 1186 344 1241 claustra
372 1184 772 1249 membrorum;
805 1191 1037 1255 possunt
1069 1193 1249 1237 tamen
1281 1179 1477 1234 anima:
1517 1175 1709 1232 altiora

105 1289 162 1336 et
185 1280 423 1336 discreta
457 1280 805 1350 perspicere:
837 1287 1043 1350 quanto
1074 1276 1246 1347 magis
1284 1280 1534 1344 spectant
1573 1269 1710 1338 haec,

105 1388 232 1429 cum
253 1373 366 1445 jam
404 1387 540 1442 puro
567 1372 915 1443 aethereoque
943 1385 1107 1426 sensu
1140 1368 1286 1424 nulla
1317 1378 1596 1437 corporea:
1635 1365 1711 1417 la-

105 1466 193 1523 bis
217 1466 604 1537 impedimenta
637 1465 946 1534 patiuntur!
978 1463 1278 1532 Meritoque
1309 1460 1441 1515 mihi
1469 1471 1709 1522 conque-

104 1559 272 1624 renti,
304 1558 330 1598 ι)
355 1569 612 1630 vergente
646 1558 881 1629 quodam
904 1557 1018 1628 jam
1048 1557 1102 1611 in
1134 1568 1387 1610 occasum
1417 1553 1526 1619 die,
1569 1548 1712 1622 quod

103 1667 216 1708 non
254 1652 522 1708 reviseres
560 1650 952 1721 quiescentem,
993 1659 1137 1704 totus
1175 1648 1324 1703 omni
1354 1655 1602 1716 tempore
1632 1643 1712 1699 in-

103 1745 364 1802 dividuus
397 1744 650 1812 adfuisti;
690 1746 762 1801 ita
792 1754 848 1800 ttt
884 1745 978 1800 illo
1021 1743 1271 1812 perfusus
1307 1757 1506 1812 sopore
1545 1754 1715 1796 ntem-

1821 517 1887 572 tis
1909 518 2154 574 dolorem
2181 519 2358 574 studio
2383 518 2656 590 religionis
2684 520 2954 588 accendit,
2985 530 3156 577 strata
3187 521 3337 578 humi
3359 532 3418 578 et

1817 623 1986 671 totum
2015 618 2222 687 gremio
2243 619 2324 673 sui
2355 618 2634 690 complexa
2661 620 2948 689 tumulum,
2978 621 3247 678 laborioso
3271 623 3415 680 fessa

1816 707 2050 775 incessu,
2082 710 2251 766 tristis
2279 710 2499 780 aﬂ‘ectu,
2530 712 2646 768 dies
2683 724 2976 784 noctesque
3014 731 3304 772 maerorem
3336 717 3419 771 in-

1816 803 2029 874 tegrat?
2051 802 2184 858 Nam
2211 803 2342 861 licet
2359 803 2545 861 ﬂetum
2572 805 2890 878 plerumque
2913 821 3165 864 sermone
3192 824 3419 880 suSpcn-

1813 896 1929 964 dat,
1961 908 1984 936 ο
2018 898 2070 954 in
2094 899 2346 956 oratione
2375 908 2632 955 renovat:
2657 910 2712 956 et
2735 902 2983 972 quamvis
3013 903 3414 974 Scripturarum

1814 990 2076 1045 memoria
2105 991 2510 1048 consolationes
2535 993 2844 1049 serentibus
2883 1007 3213 1066 prmcurrat;
3251 997 3415 1054 ﬂendi

1812 1088 1997 1139 tamen
2041 1082 2374 1140 desiderium
2423 1086 2678 1156 precandi
2715 1086 3031 1143 assiduitate
3074 1100 3414 1160 compensat,

1813 1173 2176 1248 lacrymarum
2205 1177 2513 1235 ubertatem
2544 1190 2673 1238 tunc
2703 1181 2994 1254 przecipue,
3015 1183 3232 1255 quando
3259 1200 3420 1242 nemo

1813 1268 2211 1343 interrumpere
2233 1274 2426 1344 possit,
2453 1275 2784 1332 instaurans.
2812 1277 2888 1333 Ita
2909 1277 3055 1350 quod
3081 1280 3420 1349 miserearis;

1813 1362 1981 1420 habes
2007 1383 2020 1419 :
2053 1367 2198 1436 quod
2224 1369 2611 1440 reprehendas,
2648 1386 2756 1427 non
2787 1372 2987 1439 habes;
3016 1375 3147 1431 ﬂere
3176 1376 3319 1439 enim
3363 1377 3418 1432 in

1811 1457 2062 1514 oratione
2087 1459 2304 1516 virtutis
2345 1469 2449 1516 est.
2496 1462 2562 1517 Et
2601 1479 2929 1536 quamquam
2970 1466 3112 1522 istud
3153 1467 3422 1527 familiare

1811 1549 2142 1621 virginibus,
2185 1553 2384 1624 quibus
2411 1555 2628 1611 mollior
2661 1571 2847 1626 sexus,
2893 1561 3133 1617 tenerior
3170 1561 3416 1631 aﬂ'ectus,

1814 1644 2058 1700 contuitu
2086 1649 2390 1704 communis
2417 1648 2729 1721 fragilitatis
2762 1653 2814 1706 in
2847 1651 3118 1726 lacrymas
3147 1655 3312 1711 etiam
3340 1656 3420 1712 si-

1816 1752 1885 1792 ne
1912 1737 2193 1796 domestici
2222 1755 2384 1796 sensu
2408 1741 2614 1799 doloris
2635 1743 2926 1811 exuberat;
2955 1755 3132 1803 tamen
3155 1762 3278 1804 cum
3309 1764 3424 1806 ma-

104 1837 354 1905 brorum,
378 1853 500 1893 cum
532 1852 633 1909 ego
657 1837 939 1908 vigilarem
971 1837 1086 1900 tibi,
1118 1845 1172 1891 ttt
1199 1836 1421 1891 viveres
1448 1833 1601 1898 mihi,
1628 1832 1710 1888 di-
1741 1833 1790 1894 B
1812 1829 1900 1900 jor
1927 1845 2090 1886 causa
2120 1832 2383 1889 maerendi
2422 1843 2524 1903 est,
2574 1836 2696 1892 linis
2725 1840 3054 1895 mteroribus
3089 1841 3419 1899 excluditur,

103 1945 327 1986 cerem:
375 1929 515 1999 Quid
549 1937 634 1991 est
664 1945 830 1997 ntors,
877 1928 1084 1985 frater?
1109 1927 1243 1983 Nam
1290 1938 1441 1984 certe
1489 1925 1652 1981 nullis
1679 1940 1710 1980 a

106 2039 199 2078 nte
241 2023 571 2094 separabare
611 2023 931 2088 momentis;
970 2021 1043 2077 ita
1083 2022 1233 2078 enim
1275 2021 1472 2091 ubique
1513 2027 1713 2090 praesto

104 2131 254 2181 eras,
280 2125 338 2171 ut
363 2131 527 2187 quam
552 2116 603 2170 in
626 2115 782 2171 istius
806 2115 930 2170 vita:
954 2129 1055 2169 usu
1084 2113 1286 2168 habere
1309 2112 1481 2168 nostri
1503 2111 1711 2181 copiam

105 2209 498 2280 ncquibamus,
543 2223 686 2264 nunc
728 2209 886 2264 nobis
924 2223 1142 2278 semper
1176 2216 1231 2262 et
1268 2207 1469 2278 ubique
1515 2213 1716 2276 prasto

102 2301 202 2355 sit.
219 2301 350 2360 Nam
367 2309 495 2356 tunc
518 2302 705 2372 utique
729 2301 908 2356 omnia
935 2311 1134 2370 praesto
1156 2314 1280 2356 esse
1303 2315 1410 2353 non
1440 2305 1714 2368 poterant;

103 2412 209 2452 nec
229 2398 374 2452 enim
402 2395 812 2467 complexiones
841 2403 1061 2458 nostrae,
1090 2403 1522 2463 conspectusque
1543 2401 1596 2447 et
1627 2406 1716 2446 os-

101 2492 356 2550 culor-um
380 2491 744 2563 corporalium
763 2489 1062 2545 suavitates
1088 2485 1220 2542 locis
1249 2485 1500 2541 omnibus
1521 2493 1575 2540 et
1601 2499 1716 2538 om-

104 2587 271 2642 nibus
301 2583 641 2656 temporibus
666 2581 1047 2654 suppetebant.
1081 2578 1404 2635 Animorum
1450 2576 1716 2647 imagines

105 2695 328 2750 semper
361 2678 649 2734 nobiscum
679 2685 865 2743 erant,
900 2675 1063 2730 etiam
1105 2671 1324 2745 quando
1357 2687 1462 2726 non
1497 2686 1716 2727 eramus

103 2791 255 2832 una:
301 2789 420 2846 quae
454 2789 521 2829 ne
561 2786 706 2828 nunc
748 2769 965 2842 quidem
1009 2768 1348 2834 occiderunt,
1387 2765 1719 2837 assiduoque

102 2869 405 2939 advolant,
426 2881 535 2939 quo
557 2866 764 2937 majore
785 2861 1080 2928 desiderio,
1113 2876 1179 2918 eo
1201 2860 1403 2932 majore
1431 2861 1608 2930 copia.

181 2967 274 3021 Ἠ.
313 2932 498 3019 Teneo
537 2961 698 3033 igitur
732 2969 806 3026 te,
841 2959 1033 3023 frater,
1066 2971 1166 3012 nec
1193 2955 1324 3010 mihi
1357 2962 1409 3010 te
1449 2963 1543 3008 aut
1573 2965 1720 3007 mors

101 3071 204 3116 aut
233 3069 448 3131 tempus
472 3056 694 3113 avellet.
743 3055 877 3126 Ipsa:
907 3052 1096 3108 dulces
1137 3052 1394 3122 lacryma:
1433 3057 1580 3114 sunt,
1617 3046 1719 3117 ipsi

103 3157 275 3211 ﬂetus
300 3152 548 3225 iucundi,
585 3149 782 3222 quibus
830 3145 1188 3217 restinguitur
1229 3143 1394 3198 ardor
1425 3140 1628 3208 animi,
1670 3147 1724 3194 et

1888 1925 1976 1980 77.
2020 1926 2184 1982 Deest
2224 1929 2386 2000 igitur
2415 1930 2733 1987 consolandi
2765 1934 2870 2002 via,
2901 1935 3024 2006 quia
3055 1936 3294 2008 suppetit
3329 1953 3426 1996 ex-

1815 2020 2038 2077 cusandi
2070 2023 2263 2092 gratia.
2309 2023 2493 2095 Neque
2519 2025 2664 2081 enim
2707 2028 2884 2097 possis
2924 2028 3242 2099 prohibere,
3277 2030 3423 2101 quod

1815 2111 2044 2178 doceas;
2081 2115 2378 2185 praesertim
2411 2131 2535 2173 cum
2573 2118 2857 2190 religionis
2891 2131 3098 2177 astruat
3131 2121 3424 2194 lacrymas,

1818 2219 1926 2261 non
1953 2207 2194 2274 doloris;
2226 2217 2280 2264 et
2310 2212 2615 2268 communis
2639 2214 2834 2270 seriem
2860 2214 3252 2286 deplorationis
3278 2226 3427 2274 metu

1818 2299 2042 2368 pudoris
2072 2301 2317 2358 obtexat.
2345 2301 2642 2361 Consolare
2667 2321 2798 2377 ergo
2828 2309 2918 2379 qui
2948 2317 3104 2380 potes
3133 2309 3284 2366 adire
3311 2309 3428 2366 ani-

1819 2406 1987 2456 mum,
2025 2403 2314 2461 penetrare
2341 2405 2600 2452 mentem.
2622 2395 2825 2454 Cernat
2848 2410 2901 2455 te
2927 2415 3048 2456 esse
3073 2409 3423 2471 praesentem,

1817 2487 2018 2542 sentiat
2049 2504 2154 2544 non
2183 2503 2307 2546 esse
2336 2488 2681 2557 defunctum;
2710 2501 2770 2547 ttt
2795 2493 2952 2564 cujus
2990 2509 3183 2550 secura
3212 2495 3280 2552 de
3315 2511 3432 2552 me-

1819 2581 1945 2649 rito,
1979 2582 2097 2653 ejus
2129 2581 2312 2639 functa
2345 2583 2564 2653 solatio,
2601 2585 2777 2642 discat
2805 2603 2903 2660 pro
2939 2603 3008 2645 eo
3047 2605 3153 2644 non
3185 2592 3428 2660 graviter

1820 2673 2031 2742 dolere,
2063 2671 2091 2712 ά
2122 2676 2212 2746 qui
2245 2691 2304 2733 se
2331 2676 2678 2734 admonuerit
2710 2694 2817 2735 non
2847 2695 2971 2736 esse
2999 2681 3318 2738 dolendum.

1893 2765 1981 2821 78.
2016 2767 2122 2823 Sed
2161 2767 2288 2839 quid
2335 2784 2437 2840 ego
2469 2778 2521 2825 te
2549 2787 2752 2837 morer,
2793 2772 2996 2829 frater?
3036 2774 3163 2845 quid
3202 2791 3433 2848 exSpec-

1823 2868 1953 2926 tem,
1985 2871 2046 2916 ut
2086 2871 2269 2916 nostra
2305 2870 2486 2919 tecum
2513 2865 2932 2933 commoriatur,
2969 2874 3021 2922 et
3052 2867 3207 2936 quasi
3237 2882 3433 2925 conse-

1823 2953 2057 3024 peliatur
2101 2953 2314 3009 oratio?
2364 2953 2517 3011 Licet
2570 2965 2593 2992 θ
2635 2960 2750 3028 ipsa
2791 2957 3007 3028 species
3052 2967 3108 3014 et
3159 2959 3429 3016 exanimis

1824 3045 2071 3116 corporis
2101 3047 2270 3102 forma
2305 3047 2514 3105 soletur
2535 3091 2548 3113 ,
2591 3049 2888 3121 oculosque
2914 3065 3143 3106 manens
3167 3054 3341 3123 gratia
3373 3064 3431 3110 et

1826 3153 2151 3208 permanens
2180 3138 2348 3210 figura
2376 3139 2717 3208 dernulceat;
2750 3141 2904 3207 ttihil,
2937 3141 3184 3210 inquam,
3214 3158 3427 3212 moror,

100 3251 270 3322 quasi
301 3221 583 3304 relaxatus
602 3221 882 3314 ievaporat
921 3239 1168 3294 aﬂ'ectus.
1203 3235 1386 3306 Neque
1414 3233 1556 3288 enim
1601 3233 1716 3287 sine
1745 3221 1792 3287 C
1823 3231 2179 3302 procedamus
2202 3232 2268 3287 ad
2301 3234 2588 3290 tumulum.
2615 3233 2722 3290 Sed
2767 3234 2916 3305 prius
2949 3235 3201 3292 ultimum
3245 3251 3431 3294 coram

102 3353 164 3400 te
189 3356 318 3398 esse
344 3355 586 3412 possum,
618 3345 714 3392 aut
737 3336 810 3391 tui
833 3349 940 3390 non
967 3329 1283 3387 meminisse
1316 3342 1593 3398 umquam,
1625 3335 1718 3380 aut

102 3436 434 3496 meminisse
467 3434 586 3488 sine
628 3429 909 3501 lacrymis.
940 3425 986 3482 Ο
1029 3424 1199 3479 amari
1232 3421 1350 3478 dies
1371 3462 1384 3485 ,
1419 3418 1513 3491 qui
1551 3419 1718 3474 inter-

101 3539 330 3602 ruptam
354 3527 602 3598 cepulam
633 3521 892 3596 proditis!
917 3519 961 3574 0
981 3516 1192 3573 ﬂebiles
1215 3522 1424 3578 noctes,
1458 3527 1578 3582 quae
1609 3519 1716 3564 tam

101 3628 321 3683 bonum
344 3630 658 3678 consortem
683 3617 905 3688 quietis,
939 3622 993 3670 et
1014 3609 1350 3667 individuum
1390 3607 1518 3663 mihi
1547 3606 1713 3662 comi-

102 3731 226 3778 tem
265 3715 610 3790 perdidistis!
645 3712 790 3780 Quas
818 3709 1056 3765 ederetis
1077 3721 1291 3773 cruces,
1322 3704 1426 3759 nisi
1457 3718 1516 3760 se
1547 3702 1725 3758 offun-

101 3815 271 3872 deret
292 3811 470 3881 imago
491 3805 801 3879 praesentis,
831 3802 937 3858 nisi
961 3800 1198 3856 visiones
1227 3797 1394 3853 animi
1418 3811 1722 3868 repraesen-

102 3912 318 3971 tarent,
340 3918 507 3973 quem
532 3898 742 3970 Species
770 3895 1016 3966 corporis
1041 3892 1366 3963 denegaret!

182 4001 278 4055 75.
307 3996 426 4053 ,1.ιηι
450 3997 582 4066 jatn,
615 3992 785 4048 frater
806 3990 991 4046 animo
1023 4002 1144 4043 meo
1161 3984 1505 4051 charissime,
1534 3999 1721 4056 quaru-

100 4109 279 4168 quam
310 4102 366 4147 tu
402 4091 692 4145 immaturo
728 4083 1031 4142 decesseris
1058 4081 1246 4148 obitu;
1293 4081 1485 4136 beatus
1518 4087 1719 4145 tamen,

103 4187 206 4260 qui
241 4187 342 4240 ista
377 4197 483 4238 non
513 4179 770 4245 sustines,
809 4192 909 4233 nec
937 4175 1198 4231 amissum
1227 4174 1450 4229 fratrem
1494 4187 1725 4229 moerere

103 4278 486 4352 compelleris,
519 4291 680 4348 quem
718 4274 1001 4329 absentem
1033 4269 1125 4324 diu
1152 4267 1301 4324 ferre
1337 4282 1445 4323 non
1484 4274 1722 4338 poteras,

103 4374 216 4433 sed
257 4387 487 4430 recursu
519 4369 684 4427 celeri
727 4365 1024 4424 revisebas.
1067 4360 1281 4437 1135.
1318 4360 1473 4430 Quod
1509 4361 1554 4416 si
1600 4370 1726 4415 tunc

101 4467 432 4529 solitudinis
460 4481 592 4522 mea:
616 4463 779 4520 tardia
808 4460 1102 4533 repellere,
1127 4456 1438 4513 maestitiam
1471 4455 1725 4512 fraterna:

105 4565 319 4625 mentis
339 4563 594 4620 ablevare
610 4557 936 4632 properabas
960 4573 975 4622 ;
999 4562 1202 4626 quanto
1225 4566 1368 4608 nunc
1389 4550 1634 4608 crebrius
1646 4547 1726 4602 af-

1822 3324 2020 3396 populo
2057 3323 2075 3361 τ
2105 3325 2227 3380 vale
2263 3325 2406 3392 dico,
2440 3341 2626 3397 pacem
2669 3327 2924 3398 prmdico,
2966 3328 3210 3384 osculum
3254 3328 3430 3385 solvo.

1822 3418 2080 3475 Prmcede
2116 3418 2182 3474 ad
2224 3418 2369 3474 illam
2409 3435 2754 3478 communem
2789 3421 3044 3479 omnibus
3077 3431 3132 3478 et
3165 3422 3429 3491 debitam,

1823 3510 1921 3568 sed
1952 3511 2063 3582 jam
2108 3510 2238 3566 mihi
2287 3527 2398 3583 pra:
2425 3514 2642 3569 caeteris
2668 3524 2693 3562 ε
2735 3513 3156 3573 desiderabilem
3184 3515 3430 3573 domum.

1823 3607 1958 3663 Para
1990 3606 2191 3678 hospiti
2219 3607 2588 3674 consortium;
2627 3617 2682 3665 et
2708 3610 3169 3682 quemadmodum
3204 3612 3290 3670 hic
3317 3627 3436 3669 om-

1824 3700 1913 3755 nia
1944 3699 2100 3755 nobis
2129 3699 2276 3754 fuere
2304 3703 2636 3767 communia,
2659 3700 2732 3757 ita
2778 3701 2888 3759 illic
2922 3717 3138 3776 quoque
3169 3703 3258 3776 jus
3295 3704 3433 3762 divi-

1824 3793 1988 3850 duum
2023 3794 2349 3851 nesciamus.

1895 3889 1986 3947 79.
2028 3887 2128 3954 Ne,
2157 3903 2363 3959 quaeso,
2396 3890 2704 3961 cupientem
2734 3893 2808 3948 tui
2843 3892 2934 3949 diu
2959 3892 3198 3959 diﬂ'eras,
3230 3910 3434 3968 prope—

1826 3993 2038 4038 rantem
2076 3991 2332 4053 exspecta
2361 4024 2374 4048 ,
2408 3981 2754 4041 festinantem
2789 3987 2985 4057 adjuva
3013 4029 3028 4052 ,
3068 3996 3123 4043 et
3150 3991 3194 4044 si
3233 3989 3440 4048 diutius

1825 4075 2025 4130 morari
2061 4074 2154 4128 tibi
2197 4073 2442 4141 videbor,
2483 4091 2723 4135 accerse.
2767 4077 2953 4150 Neque
2993 4079 3138 4136 enim
3179 4097 3433 4154 ttmquatn

1827 4166 2093 4238 prolixius
2119 4167 2392 4224 abfuimus
2421 4183 2451 4222 a
2484 4169 2663 4238 nobis,
2695 4181 2750 4227 tu
2773 4181 2953 4228 tamen
2975 4173 3191 4230 solebas
3218 4177 3434 4234 revise-

1826 4275 1910 4317 re.
1939 4260 2092 4316 Nunc
2121 4261 2374 4332 quoniam
2403 4269 2458 4317 tu
2485 4263 2671 4320 redire
2708 4265 2820 4336 jam
2861 4282 2967 4323 non
3001 4280 3178 4341 potes,
3223 4287 3323 4328 nos
3367 4275 3435 4331 ad

1829 4363 1882 4410 te
1908 4355 2144 4411 ibimus:
2178 4371 2394 4426 aequum
2423 4365 2508 4412 est
2533 4366 2591 4413 ut
2613 4357 2854 4415 ofﬂcium
2884 4363 3273 4434 rependamus,
3306 4367 3439 4424 sub-

1829 4465 2018 4506 eamus
2056 4449 2253 4506 vicem.
2303 4449 2604 4524 Numquam
2655 4453 2814 4512 nobis
2873 4454 2976 4513 fuit
3023 4459 3150 4515 vitae
3197 4460 3442 4519 conditio

1829 4544 2119 4602 discretior
2144 4561 2156 4599 :
2185 4558 2406 4613 semper
2425 4553 2520 4601 aut
2544 4545 2755 4603 sanitas
2779 4559 2870 4604 aut
2898 4551 3164 4622 aegritudo
3192 4568 3439 4611 commu-

103 4663 324 4718 ﬂictum
351 4658 590 4714 animum
610 4628 782 4710 debes
804 4651 1069 4714 revisere,
1101 4655 1158 4703 et
1182 4661 1248 4702 ex
1290 4653 1344 4701 te
1371 4651 1718 4714 conceptum,
1745 4628 1800 4692 D
1827 4639 1938 4704 nis;
1975 4648 2032 4693 ttt
2059 4653 2182 4693 cum
2206 4636 2347 4692 alter
2367 4648 2716 4709 aegresceret,
2742 4639 2882 4696 alter
2903 4641 2959 4696 in
2981 4642 3229 4699 morbum
3254 4647 3443 4702 incur-

105 4770 217 4829 per
245 4762 298 4809 te
328 4751 502 4808 lenire
528 4745 854 4806 maerorem!

191 4847 283 4904 76.
323 4847 394 4903 At
424 4845 558 4902 mihi
585 4852 771 4899 tamen
810 4838 904 4895 dat
939 4836 1148 4908 aliquas
1189 4831 1354 4889 officii
1401 4845 1530 4889 usus
1566 4831 1724 4908 indu—

103 4945 254 5009 cias,
305 4950 361 4997 et
403 4938 650 5010 obsequii
692 4931 1050 4992 sacerdotalis
1088 4927 1315 4984 intentio
1345 4925 1568 4982 abducit
1604 4926 1718 4980 aui-

104 5050 268 5096 mum
296 5049 310 5088 :
340 5042 540 5089 sanctae
563 5044 695 5087 vero
725 5025 901 5085 sorori
927 5022 1055 5096 quid
1086 5021 1202 5088 fiet,
1236 5035 1358 5091 qua:
1382 5019 1509 5074 licet
1535 5017 1722 5074 divino

192 5185 220 5212 η
252 5171 481 5228 Videtur
507 5167 827 5226 Ambrosius
860 5157 1231 5233 respiceregad
1271 5155 1517 5233 Platonis
1560 5155 1738 5233 locum
1814 5164 1821 5172 '

107 5250 170 5305 in
207 5227 470 5315 Apologia
499 5241 740 5299 Socratis
768 5227 1049 5315 nonlon‘ge
1070 5231 1250 5315 a_fine,
1276 5228 1369 5284 ubi
1395 5227 1741 5315 mor-temniti-

107 5299 276 5377 ἓξήιῆ
291 5299 414 5373 ειςεέ
423 5299 706 5386 disputans
716 5326 843 5386 eam
855 5299 1220 5386 placidissimo
1244 5315 1433 5386 somno
1448 5299 1611 5355 assint
1622 5299 1736 5386 illat.

109 5371 527 5449 lvi—incre'atttdem'
553 5371 1010 5454 comparationem
1037 5373 1334 5454 verisimile
1350 5383 1433 5426 est
1463 5386 1584 5454 cum
1604 5371 1741 5453 alios

107 5445 402 5521 mutuatos
423 5474 568 5522 esse,
587 5445 698 5511 tum
728 5457 1046 5510 Ciceronem
1073 5448 1170 5504 lib.
1201 5446 1267 5503 de.
1291 5445 1606 5512 Senectute,
1635 5445 1742 5498 sic-

113 5543 182 5592 ut
219 5543 276 5589 et
297 5537 466 5602 prima
493 5529 695 5604 Qtttest.
728 5525 951 5580 Tuscul.
1143 5592 1156 5604 .
1193 5591 1206 5604 .

192 5607 221 5643 δ
248 5589 325 5660 Ita
350 5589 540 5659 cuncti
558 5613 688 5654 mss.
721 5613 783 5653 ac
810 5605 920 5652 vet.
946 5594 1079 5650 edit.
1104 5591 1206 5647 nisi
1235 5589 1377 5662 quod
1407 5603 1505 5659 pro
1526 5601 1735 5662 vergen-

110 5687 192 5744 te,
248 5657 672 5744 inquibusdam
721 5684 853 5744 mss.
883 5667 1102 5744 legitur,
1151 5657 1368 5737 urgente
1385 5657 1418 5744 ς
1455 5670 1538 5742 at.
1569 5657 1731 5744 Rttm.

107 5730 264 5808 dedit.
278 5730 690 5819 propriomarte
713 5742 790 5796 sic
811 5730 1136 5819 immolavit,
1161 5730 1370 5819 uigenti:
1377 5737 1496 5808 jam
1520 5731 1583 5819 in

109 5809 348 5894 quodam
376 5809 544 5894 noctis
569 5831 786 5894 occasu;
825 5811 920 5894 sed
945 5809 1204 5894 audacior
1229 5816 1314 5863 est
1341 5821 1405 5862 ea
1433 5809 1730 5866 correctio,

113 5885 288 5973 quam
315 5901 423 5948 uta
459 5889 616 5944 nobis
641 5885 854 5940 admitti
885 5890 1067 5955 queat.

1827 4739 2007 4789 reret:
2045 4728 2258 4803 1135
2289 4738 2345 4785 et
2385 4744 2509 4785 cum
2567 4730 2706 4786 alter
2753 4732 3151 4804 revalesceret,
3211 4745 3442 4809 uterque

1821 4832 2202 4895 consurgeret.
2215 4820 2501 4889 Quomodo
2508 4820 2600 4892 jus
2615 4833 2860 4880 nostrum
2879 4826 3198 4883 amisimus?
3217 4827 3286 4883 Et
3301 4844 3447 4886 nunc

1821 4917 2157 4976 consortium
2181 4915 2518 4987 aegritudinis
2541 4915 2667 4984 fuit,
2689 4920 2964 4990 quomodo
2984 4921 3178 4978 mortis
3220 4936 3446 4981 consor-

1824 5015 1957 5070 tium
1988 5025 2096 5066 non
2123 5007 2256 5064 fuit?

1920 5163 1941 5188 c
1974 5145 2122 5224 ltiss.
2171 5144 2396 5224 aliquot,
2424 5146 2478 5200 in
2511 5146 2744 5224 oratione
2783 5159 2986 5205 revocat
3015 5188 3030 5203 .
3066 5194 3076 5204 .
3113 5189 3126 5205 .
3162 5187 3174 5201 .
3202 5156 3450 5224 precandi

1843 5219 2197 5279 assiduitatem
2223 5218 2574 5290 lacrymarum
2597 5218 2848 5275 ubertate.

1917 5292 1944 5331 ἀ
1972 5290 2222 5346 Nonnulli
2247 5305 2408 5354 mss.,
2436 5292 2527 5362 qui
2547 5307 2600 5344 se
2623 5291 2907 5347 admoverit
2926 5308 3030 5346 non
3065 5292 3281 5351 dolenti.

1920 5376 1942 5403 θ
1978 5362 2113 5418 Hinc
2154 5362 2428 5432 intelligas
2471 5372 2714 5433 apertam
2756 5363 2924 5419 fuisse
2954 5365 3136 5436 Satyri
3170 5367 3453 5428 cadaveris

1843 5438 2055 5494 faciem.

1923 5509 1940 5547 τ
1971 5505 2200 5574 Cognati
2222 5505 2507 5559 demortuo
2533 5504 2756 5577 ter‘vale
2778 5504 2900 5561 ideo
2920 5508 3366 5577 conclamabant,
3395 5525 3454 5570 ut

1842 5578 2146 5653 nonmodo
2175 5574 2801 5653 testarentur_affect_ttm
2838 5593 3019 5653 suum,
3058 5581 3152 5636 sed
3189 5574 3452 5653 praete—rea

1841 5667 1900 5710 ut
1927 5652 1970 5708 si
2005 5650 2144 5705 forte
2165 5649 2418 5722 spiritus._
2444 5646 2535 5715 qui
2571 5647 2859 5722 putabatur
2891 5651 3166 5722 exclusus,
3189 5646 3370 5713 adhuc
3395 5657 3451 5715 in

1841 5741 1909 5782 eo
1928 5717 2297 5783 delitesceret,
2332 5719 2452 5773 istis
2479 5717 2702 5773 vocibus
2732 5720 3081 5780 excitaretur.

1917 5793 2155 5871 sglidem
2185 5806 2344 5854 mss.,
2364 5789 2783 5871 _de_sider_'abilem
2811 5791 3046 5865 domum,
3077 5797 3292 5871 hospitii
3337 5816 3458 5858 con-

1810 5887 1818 5897 ’
1843 5869 2062 5925 sortium
2091 5904 2102 5918 .
2132 5907 2144 5918 .
2174 5903 2186 5918 .
2214 5905 2226 5918 .
2255 5861 2542 5932 cupientem
2557 5862 2790 5921 deseras.
2833 5912 2840 5935 ι
