3932 6296
541 305 680 366 1519
1865 303 2107 361 SANCTI
2136 300 2462 362 AMBROSII
3718 297 3801 354 liii

534 423 752 480 lascivia
779 439 792 477 :
828 431 884 480 et
909 423 1172 481 deformis
1200 423 1398 480 horror
1425 422 1594 478 vestis
1623 421 1928 485 obtexitur;
1960 429 2018 475 ut
2057 433 2144 475 se-
2171 416 2219 478 Δ
2250 419 2417 485 Iores,
2448 435 2568 492 qua:
2592 420 2673 475 vel
2699 435 2766 476 ex
2795 416 3052 489 corporis
3083 414 3272 485 ipsius
3301 410 3638 476 inﬁmitate,
3664 413 3731 466 vel
3750 431 3806 467 et-

532 526 684 574 creta
726 517 1087 588 petulantium
1118 525 1366 588 tegantur
1402 515 1729 570 animorum.
2245 515 2514 571 trinsecus
2569 512 2932 570 accidentium
2997 506 3485 566 incommoditate
3534 518 3805 575 generantur.

611 614 699 670 15.
743 613 888 668 Satis
921 614 1008 685 pie
1036 612 1208 668 virum
1241 613 1411 681 luget,
1457 626 1576 682 qute
1608 621 1798 666 servat
1839 608 2132 679 pudorem,
2241 607 2402 663 Anxii
2426 609 2571 666 enim
2601 622 2846 678 semper,
2877 613 2933 662 et
2966 603 3036 660 ad
3093 603 3221 673 ipsa
3272 600 3556 656 laetiorum
3601 608 3705 656 vota
3736 616 3809 655 sus-

537 721 645 763 non
677 707 882 763 deserit
913 707 1095 763 fidem.
1124 705 1249 761 [hec
1271 705 1410 761 bene
1431 702 1700 760 defunctis
1726 703 1902 760 ofﬁcia
1931 703 2138 773 impen-
2243 705 2423 776 pensi,
2457 704 2689 776 quodam
2725 703 3061 760 lluctnamus
3091 700 3355 764 incerto,
3413 705 3690 767 sperantes
3707 695 3808 751 dbia

537 803 762 866 duntur.
792 812 848 857 ut
879 801 1068 856 vivant
1099 801 1150 855 in
1181 799 1476 866 mentibus,
1506 799 1557 854 in
1583 797 1866 854 aliectibus
1895 811 2136 868 perseve-

539 908 683 955 rent.
725 895 844 953 Non
892 896 1075 951 amisit
1105 895 1305 957 virum,
1349 909 1472 966 qua:
1518 893 1744 950 exhibet
1785 891 2087 949 castitatem
2122 908 2135 943 :

541 1005 648 1046 non
683 998 768 1046 est
800 987 1016 1043 viduata
1048 987 1321 1058 coniugio,
1366 1002 1486 1058 qua:
1519 1001 1626 1041 non
1670 983 1899 1040 mutavit
1940 998 2137 1038 nomen

538 1083 740 1140 mariti.
774 1081 883 1138 Nec
911 1091 965 1137 tn
1001 1079 1286 1152 perdidisti
1323 1078 1622 1145 literedem,
1651 1093 1770 1150 quae
1799 1077 2023 1147 adjuvas
2049 1090 2142 1130 co-

541 1175 811 1231 ltzeredem
844 1195 858 1231 :
890 1174 986 1229 sed
1019 1188 1116 1245 pro
1139 1187 1457 1230 successore
1484 1172 1942 1242 corruptibilium,
1971 1179 1994 1206 ιι
2026 1185 2141 1224 ιηιι-
2245 1174 2438 1230 dolore
2468 1174 2792 1247 frangimur,
2812 1190 2974 1245 quam
2994 1171 3397 1230 secundorum
3420 1168 3609 1225 fructu
3640 1171 3817 1239 potiatur.

540 1265 668 1322 tasti
697 1274 1007 1322 consortem
1041 1263 1450 1321 immortalium.
1485 1263 1663 1319 llabes
1688 1262 1776 1334 qui
1807 1263 1903 1316 llbl
1935 1275 2140 1328 reprre-
2247 1269 2458 1336 Quibus
2486 1269 2650 1339 igitur
2679 1278 2874 1325 cal-ent
2898 1268 3085 1334 bonis,
3119 1266 3222 1339 qui
3253 1265 3457 1337 magis
3488 1264 3822 1336 eripinmuig.

537 1368 719 1416 sentet
747 1357 1020 1414 hrcredcm
1052 1375 1066 1412 :
1092 1358 1242 1413 solve
1273 1358 1519 1429 pauperi,
1539 1355 1682 1428 quod
1706 1355 1936 1411 debetur
1968 1353 2144 1408 haire-
2250 1364 2556 1421 commodis
2583 1363 2608 1416 ἲ

535 1453 626 1520 di;
674 1465 736 1508 ut
778 1468 885 1508 non
916 1453 1094 1509 solum
1124 1461 1385 1508 materna:
1414 1459 1507 1506 aut
1551 1459 1790 1520 paternze
1821 1447 2141 1510 senectutis,
2323 1460 2411 1516 19,
2438 1459 2727 1526 νειειηάο,
2756 1459 2945 1526 credo,
2981 1459 3126 1515 bona
3159 1459 3298 1529 plus
3330 1457 3603 1529 adimat,
3629 1470 3759 1526 quam
3779 1456 3822 1508 δε.

2245 892 2370 949 Iidis
2400 909 2413 946 :
2441 892 2575 948 nihil
2625 891 2893 949 habentes
2924 890 3230 962 potestatis
3253 888 3314 944 in
3350 885 3614 950 arbitrio,
3641 885 3745 940 nihil
3763 889 3814 940 fit-

2245 985 2451 1042 mitatis
2479 986 2530 1040 in
2559 995 2706 1041 voto.
2743 989 2812 1040 At
2838 986 2883 1040 si
2924 981 3138 1055 aliquid
3196 989 3407 1038 contra
3443 979 3749 1034 voluntatem
3767 995 3817 1033 κ-

2245 1079 2468 1145 cidcrit,
2501 1080 2746 1150 perditos
2769 1094 2870 1135 nos
2899 1087 3168 1151 putamus
3201 1093 3218 1143 ;
3254 1076 3515 1147 plusque
3543 1073 3817 1129 adversor

537 1549 634 1606 sed
657 1547 820 1604 etiam
852 1547 979 1603 vita:
1008 1546 1247 1619 propriae
1268 1549 1341 1602 sit
1359 1554 1661 1616 superstes.
1689 1543 1819 1599 Plus
1840 1540 2143 1598 successori
2250 1555 2383 1626 nisi.
2414 1556 2555 1610 mala
2593 1573 2606 1608 ε
2633 1565 2727 1610 ,ιη
2755 1555 3033 1624 opulentia
3077 1554 3208 1625 plus
3241 1554 3542 1619 ἀειθσωι,
3573 1567 3718 1625 quam
3735 1569 3827 1621 em
3891 1585 3893 1592 ,

539 1651 634 1698 tuo
665 1641 953 1714 relinquis,
997 1641 1041 1696 si
1078 1641 1256 1712 portio
1290 1640 1410 1710 ejus
1437 1653 1544 1694 non
1574 1637 1639 1693 ad
1675 1640 1859 1693 luxum
1904 1650 2147 1707 praisen-

2288 1637 2336 1703 is
2367 1648 2540 1704 allicit
2561 1637 2582 1703 ἶ
2601 1657 2696 1704 aut
2726 1648 2962 1704 filiorum
2994 1648 3177 1719 magis
3203 1647 3496 1704 amabilis
3517 1648 3707 1718 gratia,
3729 1663 3825 1717 qua

539 1737 677 1792 tium
705 1734 979 1807 prollciat,
1007 1733 1102 1789 sed
1132 1732 1200 1788 ad
1225 1735 1455 1803 pretium
1492 1731 1817 1786 futurorum.

2288 1741 2498 1812 igubris
2523 1742 2788 1797 amissio:
2822 1749 2918 1796 aut
2945 1740 3349 1797 adolescentia
3392 1739 3716 1811 jucundior,
3732 1755 3825 1809 qm

523 1852 530 1860 -
612 1826 702 1884 11.
731 1826 838 1883 Sed
863 1824 1242 1883 desideramus
1273 1824 1528 1880 amissos.
1558 1824 1670 1878 Duo
1698 1830 1825 1877 sunt
1851 1822 1997 1878 enim
2023 1835 2142 1891 qua:
2175 1824 2225 1884 Β
2251 1846 2508 1892 senectus
2527 1837 2752 1892 ιτίειεοτ,
2778 1835 2948 1906 Quam
2979 1836 3328 1907 plerumque
3353 1851 3606 1892 suorum
3636 1834 3827 1890 ιηειςδ,

543 1923 782 1978 maxime
822 1929 1049 1992 angunt,
1097 1928 1192 1975 aut
1222 1917 1555 1974 desiderium
1585 1931 1799 1980 eorum,
1836 1929 1972 1984 quos
2010 1914 2147 1969 ami-
2255 1938 2432 1985 10mm
2463 1938 2521 1984 et
2544 1929 2717 2002 optati
2741 1929 2999 2000 paenitet;
3023 1939 3082 1984 ut
3111 1929 3320 1984 doleat
3347 1931 3825 2000 impetratum,qml

544 2017 803 2082 serimus,
834 2015 974 2072 sicut
1007 2029 1129 2070 meo
1154 2013 1405 2084 exemplo
1436 2011 1632 2067 metior
1666 2008 1725 2063 :b
1755 2019 1850 2065 aut
1879 2008 2022 2080 quod
2053 2023 2149 2064 eos

2293 2037 2362 2077 on
2405 2021 2702 2092 impetrare
2728 2020 3262 2078 metuebat.Exsilia
3291 2036 3471 2088 vero,
3508 2030 3569 2078 et
3590 2033 3825 2078 ceterarum

544 2111 672 2166 vitae
703 2111 975 2166 suavitate
1001 2107 1266 2179 privatos,
1291 2116 1511 2178 ereptos
1538 2106 1737 2161 laboris
1769 2104 1850 2158 sui
1883 2101 2149 2158 fructibus

2288 2130 2540 2172 (nuarum
2590 2113 2934 2179 acerbitates,
2967 2118 3121 2186 'qure
3155 2124 3362 2186 potest
3405 2129 3756 2187 compensare
3775 2131 3825 2181 pa-

545 2205 897 2262 arbitremur.
927 2203 1138 2259 Teuera
1169 2203 1314 2258 enim
1352 2201 1566 2274 1139
1604 2200 1810 2254 amoris
1839 2209 1922 2254 est
1961 2195 2147 2252 titilla-
2256 2209 2408 2265 ιτίητ
2455 2225 2577 2281 φη
2631 2209 2982 2281 voluptates?
3031 2209 3172 2279 Qua,
3231 2211 3425 2266 cnam
3486 2226 3617 2267 cum
3664 2210 3823 2266 “mp

554 2302 652 2366 tio,
703 2315 824 2372 quae
854 2298 1207 2370 improvisum
1255 2294 1513 2351 affectum
1555 2293 1783 2360 excitat,
1819 2300 1874 2347 ut
1923 2289 2149 2348 sedandi

2294 2302 2614 2358 ebilitantur
2634 2312 2833 2369 tamen,
2864 2311 2960 2358 aut
2988 2318 3096 2359 non
3129 2303 3336 2360 utendi
3365 2303 3614 2370 all'ectu,
3637 2315 3715 2359 aut
3731 2306 3827 2358 arsit

551 2395 743 2466 magis,
761 2409 923 2464 quam
943 2390 1266 2449 excludendi
1287 2387 1494 2445 doloris
1516 2387 1749 2443 facultas
1773 2386 2113 2457 relinquatur
2137 2402 2148 2438 :
2259 2396 2405 2454 tendi
2434 2405 2602 2452 metu,

547 2487 711 2544 simul
741 2486 867 2559 quia
913 2485 1060 2556 pium
1104 2484 1320 2540 videtur
1349 2480 1666 2538 desiderare
1692 2479 1838 2551 quod
1874 2478 2146 2542 amiseris,

2327 2489 2421 2545 20.
2449 2489 2583 2547 Esto
2603 2500 2782 2546 tamen
2805 2509 2817 2544 :
2848 2501 3070 2548 maneat
3092 2491 3451 2561 inoffensus,
3471 2493 3718 2550 immunis
3737 2491 3829 2546 ιὰ(-

548 2590 606 2640 et
635 2582 822 2652 specie
845 2579 1064 2635 virtutis
1091 2577 1360 2635 adolescit
1391 2576 1697 2632 inllrmilaS-
2259 2584 2487 2650 loribus,
2522 2600 2722 2656 perpes
2769 2585 2824 2640 in
2878 2585 3266 2657 voluptatibus
3289 2588 3438 2645 vita:
3463 2604 3663 2645 cursus
3689 2585 3829 2661 ιιω

627 2675 716 2730 15.
749 2673 857 2730 Sed
879 2689 977 2730 cur
1002 2680 1056 2728 tu
1081 2682 1236 2743 putes
1262 2671 1640 2743 patientiorem
1688 2669 1833 2725 illam
1878 2683 2001 2726 esse
2049 2667 2154 2724 de-
2260 2676 2554 2744 humanm;
2605 2677 2735 2748 quid
2783 2687 2964 2734 tamen
3016 2681 3312 2736 commodi
3400 2682 3672 2752 consul“;
3716 2691 3829 2751 ροεεί

556 2770 710 2836 bere,
738 2783 860 2841 quae
910 2767 1173 2824 dilectum
1203 2766 1269 2823 ad
1304 2766 1585 2838 peregrina
1625 2763 1916 2832 dimiserit,
1947 2772 2004 2820 et
2053 2763 2155 2818 mi-

2288 2772 2440 2827 .nima
2465 2771 2516 2827 in
2549 2771 2855 2827 istiusmodi
2879 2771 3135 2844 corporis
3164 2773 3400 2829 inclusa
3436 2774 3779 2846 compagibus,
3799 2781 3829 2823 et

552 2863 686 2920 litite
710 2863 903 2936 gratia,
931 2861 1017 2918 vel
1045 2871 1314 2933 susceptae
1336 2858 1822 2916 administrationis
1835 2857 2040 2926 officio,
2071 2855 2155 2913 vel
2262 2865 2587 2936 quibusdam
2616 2864 2984 2922 membrorum
3008 2867 3292 2939 angustiis
3318 2868 3657 2925 coal-cun?
3679 2867 3724 2924 δε
3747 2881 3829 2920 ω,

557 2955 870 3030 negotiandi
922 2971 1022 3012 usu
1062 2954 1463 3027 transfretasse
1511 2955 1883 3025 compererit;
1915 2967 2078 3024 quam
2105 2960 2159 3009 te
2264 2970 2450 3014 nostra
2493 2971 2770 3013 carcerem
2801 2957 2962 3030 fugit,
2995 2958 3042 3014 si
3071 2959 3407 3017 detestatur
3435 2977 3611 3018 omne
3642 2959 3828 3031 quidan

559 3055 652 3128 qui
681 3069 789 3110 non
842 3053 1066 3109 fortuito
1087 3053 1316 3110 arbitrio
1370 3051 1798 3124 derelinqueris,
1854 3060 1948 3107 aut
1977 3051 2162 3107 studio
2265 3053 2530 3124 evagandi
2567 3051 2878 3108 facultatem
2908 3064 3072 3124 negat
3103 3070 3119 3119 ;
3150 3070 3285 3126 quae
3317 3057 3531 3127 utique
3563 3057 3723 3127 parvis
3739 3056 3826 3108 ultra

562 3147 829 3220 pecuniae,
879 3147 976 3204 sed
1008 3147 1126 3219 lege
1155 3155 1364 3202 natura:
1388 3147 1496 3201 ?At
1527 3144 1883 3217 recuperandi
1935 3144 2028 3201 tibi
2083 3145 2166 3200 in-
2200 3214 2235 3220 _
2269 3163 2327 3204 se
2353 3146 2608 3203 audiendi
2633 3145 2962 3218 videndique
2983 3161 3297 3204 excurrere
3339 3150 3582 3206 videtur
3605 3148 3827 3205 sensibus.

562 3214 798 3298 iet-clusa
817 3214 989 3313 spes:
1017 3214 1176 3312 quasi
1214 3239 1471 3310 cuiquam
1501 3214 1747 3295 certavsit
1772 3237 2059 3294 redeundi.
2095 3237 2161 3292 Et
2187 3214 2240 3286 ο
2269 3252 2474 3313 quanto
2501 3240 2672 3312 magis
2693 3214 3082 3297 anima-nostra
3113 3256 3469 3314 corporeum
3502 3243 3643 3299 istud
3667 3243 3826 3298 evadat

562 3335 884 3407 plerumque
903 3333 1066 3390 dubia
1095 3333 1215 3405 plus
1237 3332 1486 3404 fatigant,
1509 3330 1598 3388 ubi
1628 3330 1855 3402 periculi
1880 3341 2057 3387 metus
2083 3332 2164 3386 in-
2267 3333 2434 3406 gestit
2454 3332 2472 3371 ί
2493 3333 2850 3405 ergastulum,
2879 3350 2999 3405 qua:
3023 3342 3175 3388 motu
3204 3348 3387 3391 aereo
3408 3335 3615 3400 libera,
3633 3334 3828 3391 nescium

564 3441 736 3503 teger,
769 3430 1097 3502 graviusque
1141 3436 1229 3484 est
1260 3427 1478 3492 timere,
1511 3441 1580 3482 ne
1623 3425 1908 3490 acciderit,
1945 3437 1967 3465 ο
2001 3440 2162 3496 quam
2267 3442 2378 3498 quo
2408 3426 2592 3492 vadat,
2621 3435 2714 3482 aut
2737 3425 2881 3483 unde
2912 3427 3099 3482 veniat
3127 3426 3330 3497 (Joan.
3361 3444 3451 3495 ιιι,
3479 3429 3542 3501 8)
3569 3431 3585 3484 !

565 3523 803 3580 tolerare
851 3521 997 3594 quod
1044 3520 1155 3591 iam
1189 3519 1410 3576 noveris
1461 3517 1747 3575 accidisse.
1803 3517 1964 3575 Aliud
2017 3518 2162 3575 enim
2337 3519 2432 3576 2i.
2454 3519 2667 3575 Scimus
2693 3527 2872 3575 tamen
2902 3519 3046 3590 quod
3085 3521 3318 3592 corpori
3350 3523 3694 3594 supervivat.
3717 3531 3824 3574 etes.

566 3631 835 3673 summam
863 3613 1169 3671 formidinis
1189 3613 1659 3679 coacervat,aliud
1690 3613 1856 3670 finem
1885 3621 2166 3685 exspectat
2270 3613 2380 3684 jam
2412 3611 2676 3682 depositis
2709 3611 2913 3684 proprii
2946 3626 3146 3668 sensus
3186 3615 3490 3686 repagulis
3538 3613 3830 3686 expeditas—

569 3709 796 3766 doloris.
2275 3705 2409 3761 bero
2435 3712 2628 3761 cernat
2655 3704 2873 3771 obtutu,
2905 3720 3026 3776 qua:
3073 3714 3204 3762 ante
3259 3708 3382 3771 sita
3440 3708 3502 3763 in
3535 3722 3744 3778 corpore
3763 3718 3831 3758 res

640 3802 730 3860 l6.
759 3802 841 3859 An
863 3800 1100 3858 dominis
1133 3802 1226 3872 jus
1251 3809 1357 3870 est,
1385 3800 1413 3838 ει
1441 3815 1553 3872 quo
1580 3798 1950 3863 decreverint,
1986 3810 2164 3855 trans-
2275 3798 2516 3854 videbat.
2550 3807 2574 3845 ε
2625 3797 2782 3864 Quod
2835 3798 3089 3869 exemplo
3139 3798 3562 3856 dormientium
3615 3810 3833 3871 posuisti

567 3894 712 3954 ferre
743 3895 1039 3968 mancipia,
1070 3894 1186 3951 Deo
1214 3910 1322 3951 non
1343 3895 1468 3952 est?
1492 3893 1602 3951 Sed
1649 3909 1756 3950 non
1806 3894 2046 3963 suppetit
2067 3908 2165 3949 ex-
2275 3893 2551 3948 resumare
2567 3891 2823 3964 (quorum
2841 3891 3008 3946 animi
3034 3891 3185 3947 velut
3210 3893 3448 3964 sepulto
3461 3894 3835 3965 quieticorpsrt.

567 3998 818 4062 spectare
873 3997 1242 4054 remeantem;
1287 3988 1528 4060 suppetit
1553 3996 1733 4043 tamen
1763 3984 2166 4058 przecedentcm
2276 3987 2344 4042 ad
2372 3986 2564 4042 altiora
2594 4001 2654 4040 se
2679 3986 2987 4056 subrigunt,
3006 3995 3061 4042 et
3087 3985 3421 4043 renuntiant
3442 3987 3689 4057 corpori)
3712 3997 3834 4040 rem

569 4086 744 4158 sequi.
773 4085 843 4140 Et
887 4093 1040 4141 certe
1067 4083 1250 4140 brevis
1273 4081 1399 4138 vita:
1426 4098 1556 4139 usus
1584 4096 1686 4138 nec
1708 4081 1786 4137 illi
1829 4080 2059 4136 multum
2091 4079 2169 4134 vi-
2278 4080 2702 4148 absentium,vel
2722 4079 2888 4135 etiam
2901 4079 3208 4136 cmlcstium
3228 4081 3514 4137 visiones.
3537 4079 3836 4152 Ergosiaet:

566 4179 732 4236 detur
762 4177 1050 4251 eripuisse,
1079 4177 1169 4248 qui
1206 4186 1334 4233 ante
1379 4175 1660 4248 praecessit
1692 4193 1706 4232 :
1735 4190 1835 4232 nec
1865 4183 1920 4231 te
1949 4173 2174 4231 differre
2279 4173 2464 4228 carnis
2493 4188 2561 4229 ex
2591 4173 2778 4230 steculi
2810 4187 2909 4228 nos
2935 4171 3171 4229 absolvit
3207 4175 3516 4242 :erumnis,
3550 4175 3726 4244 utique
3767 4185 3837 4225 tra-

568 4273 798 4341 diutius,
822 4273 914 4344 qui
946 4272 1305 4328 remanseris.

643 4369 733 4426 17.
764 4368 923 4436 Quod
950 4367 994 4424 si
1025 4367 1358 4424 desiderium
1393 4377 1542 4423 tuum
1591 4367 1841 4438 mitigare
1881 4381 1990 4422 non
2049 4379 2176 4438 pos-

575 4463 695 4529 sis;
731 4477 915 4519 nonne
945 4470 1126 4519 tamen
1169 4461 1387 4518 videtur
1438 4461 1719 4533 indignum
1770 4476 1870 4532 pro
1914 4459 2180 4516 desiderii

575 4555 651 4612 tui
682 4553 863 4611 studio
889 4569 1071 4611 rerum
1094 4553 1347 4612 ordinem
1371 4555 1515 4610 velle
1537 4555 1780 4610 converti
1807 4555 1829 4608 t
1858 4554 2172 4610 Amantium

571 4646 885 4705 ardentiora
917 4646 1103 4718 utique
1133 4645 1408 4703 desideria
1455 4653 1600 4713 sunt,
1628 4655 1684 4702 et
1723 4654 1904 4702 tamen
1934 4646 2175 4702 necessi-
2197 4622 2253 4684 Ῑ)

574 4741 700 4798 tatis
729 4739 976 4797 contuitu
1003 4748 1411 4811 temperantur:
1433 4748 1455 4776 ο
1482 4749 1539 4795 et
1563 4739 1608 4794 si
1637 4737 1826 4795 dolent
1855 4737 2061 4804 deseri,
2093 4739 2174 4793 lu-

573 4849 705 4906 gere
731 4844 912 4890 tamen
939 4849 1048 4890 non
1076 4833 1258 4890 solent
1283 4831 1561 4890 :destituti
1588 4849 1776 4890 amare
1804 4833 2174 4904 impatientius

575 4928 926 4986 erubescunt.
954 4927 1031 4985 lta
1062 4927 1323 5000 patientia
1343 4927 1599 4983 desiderii
1631 4927 1756 4999 plus
1779 4927 2064 4999 probatur.

651 5022 741 5080 18.
771 5023 913 5092 Quid
959 5032 1141 5080 autem
1171 5021 1240 5079 de
1271 5021 1360 5078 his
1388 5023 1600 5094 loquar,
1633 5023 1726 5095 qui
1757 5022 2042 5080 defunctos
2073 5039 2174 5095 pu-

2342 4380 2417 4421 m.

2279 4380 2338 4422 re
2352 4457 2444 4514 2‘2.
2483 4459 2620 4515 llinc
2649 4459 2810 4530 igitur
2837 4458 2994 4515 nobis
3014 4457 3353 4515 adoriendus
3397 4459 3714 4533 disputandi
3740 4461 3838 4512 lous

2285 4564 2518 4612 mortem
2537 4555 2741 4611 malum
2766 4570 2872 4610 non
2895 4569 3049 4635 esse;
3077 4554 3202 4625 quia
3237 4569 3625 4612 aerumnarum
3653 4553 3836 4612 muniam

2281 4647 2660 4718 malorumque
2680 4646 2986 4718 perfugium
3005 4656 3110 4710 est,
3139 4656 3197 4702 et
3228 4646 3336 4702 fida
3365 4650 3540 4705 statio
3564 4646 3837 4705 securitate.

2280 4756 2343 4798 ac
2370 4749 2562 4812 portus
2582 4741 2804 4811 quietis.
2831 4739 2966 4796 Nam
3014 4739 3142 4812 quid
3173 4740 3228 4796 in
3261 4741 3369 4797 hac
3400 4743 3521 4799 vita
3553 4758 3662 4799 non
3682 4737 3838 4811 expeti

2282 4853 2406 4893 mur
2426 4836 2698 4894 adversi?
2736 4836 2883 4906 Quas
2923 4852 3033 4892 non
3087 4836 3386 4908 procellas,
3427 4847 3836 4910 tempestatem!

2283 4930 2664 5004 perpetimur?
2703 4929 2900 5002 quibus
2949 4945 3058 4986 non
3084 4931 3433 5002 exagitamur
3477 4923 3835 4989 incommodis‘

2283 5028 2442 5098 cujus
2463 5025 2704 5097 parcitur
2726 5024 2940 5080 meritis
2965 5025 2990 5076 ?

581 5125 696 5175 tant
742 5118 868 5174 vita:
914 5118 1187 5176 suavitate
1217 5118 1420 5190 privari
1448 5118 1471 5172 ‘t
1499 5119 1658 5174 Nulla
1703 5127 1881 5189 potest
1909 5134 2034 5176 esse
2086 5120 2198 5190 ju-'

581 5212 836 5270 cunditas
863 5213 1007 5270 inter
1027 5214 1124 5270 has
1151 5213 1278 5268 vita:
1305 5220 1510 5268 nostra:
1526 5211 1929 5270 amaritudines
1957 5221 2054 5270 aut
2079 5213 2177 5270 do-
2289 5227 2394 5284 tre,
2422 5215 2768 5288 parentibus,
2792 5213 3018 5271 domum
3039 5215 3270 5271 mutavit
3288 5215 3493 5273 exsilio
3521 5215 3830 5291 (Genuum

654 5340 679 5368 ⁴¹
707 5330 960 5400 Plerique
992 5346 1153 5394 mss.,
1185 5331 1396 5386 mutasti
1427 5331 1745 5384 consortium
1780 5331 2173 5388 immortalium.

655 5401 682 5441 δ
709 5401 920 5458 Tullius
943 5403 1040 5458 lib.
1070 5419 1087 5458 ι
1110 5404 1274 5458 Tusc.
1301 5403 1508 5471 Qumst.
1535 5419 1556 5458 :
1580 5400 1707 5468 Quis
1735 5415 1828 5466 est,
1853 5406 1940 5473 qui
1963 5422 2181 5460 suorum

585 5475 1047 5547 mortemprimnm
1074 5492 1178 5530 non
1205 5476 1500 5547 eo_lugeat,
1529 5474 1668 5546 quod
1709 5491 1796 5529 eos
1826 5477 2034 5532 orbatos
2064 5480 2183 5533 vitae

585 5545 865 5601 commodis
902 5545 1218 5601 arbitretur?
1265 5545 1412 5603 Tolle
1455 5545 1590 5601 hanc
1629 5547 1949 5617 opinionem,
1985 5549 2181 5604 luctum

585 5617 876 5682 sustuleris,
903 5627 1012 5673 etc.

662 5691 837 5762 fhlss.
861 5704 1029 5758 prope
1050 5689 1118 5762 ad
1147 5705 1335 5757 unum,
1361 5707 1516 5761 quant
1546 5691 1720 5746 dolere
1752 5693 1890 5761 quod
1907 5693 2044 5762 jam,
2069 5704 2178 5751 etc.

660 5754 688 5792 ἀ
717 5757 796 5812 ita
815 5754 1008 5841 omnes
1032 5761 1189 5827 edit.;
1207 5754 1339 5817 mss.
1359 5754 1540 5819 autem
1567 5754 1776 5834 magno
1797 5754 2046 5832 numero,
2071 5783 2183 5836 qua

593 5841 694 5884 non
719 5840 1019 5884 creaverim.

2358 5345 2381 5373 θ
2405 5334 2734 5405 Complures
2763 5347 2922 5398 mss.,
2952 5335 3047 5388 etsi
3078 5334 3251 5389 dolent
3274 5335 3558 5390 discedere.

2336 5403 2757 5473 ‘tErgaistultlm
2785 5416 2891 5467 est.
2929 5406 3092 5477 inquit
3143 5405 3411 5470 Nannius,
3445 5406 3542 5460 ubi
3591 5405 3736 5461 servi
3759 5403 3830 5477 *ξεν

2288 5479 2360 5534 eti
2393 5471 2809 5556 tenenturnsrpér
2829 5479 2903 5556 rei
2923 5471 3148 5556 fﬁejd
3179 5488 3286 5541 est,
3313 5478 3384 5556 ad
3414 5492 3580 5556 opera
3613 5471 3816 5556 facienda

3324 5684 3486 5763 ᾇιιὶειὶ
3521 5684 3757 5760 corpore:
3783 5684 3820 5734 iit

2288 5766 2462 5893 major
2487 5780 2750 5823 numerus
2775 5780 2909 5822 mss.
2939 5775 3151 5822 tantum
3169 5765 3417 5829 exhibet,
3435 5765 3570 5820 setas
3593 5763 3764 5835 scralt:
3783 5767 3822 5805 ες

2288 5857 2320 5894 α
2343 5850 2494 5893 (sora.

2286 5701 2452 5764 quiete
2492 5709 2710 5761 corpore
2737 5709 2760 5759 ;
2793 5694 3017 5751 Amerb.
3061 5703 3118 5749 et
3144 5709 3303 5756 mss.,

2355 5122 2448 5178 23.
2491 5122 2724 5178 Sanctus
2744 5119 3060 5190 patriarcha
3086 5118 3251 5176 lsrael
3284 5121 3554 5194 ιιι-Μυκη
3573 5117 3836 5193 patria,lrt-
3888 5163 3889 5194 ᾗ

2361 5560 2386 5598 8
2412 5550 2572 5606 Rom.
2595 5547 2729 5606 edit:
2761 5551 2902 5613 sola,
2937 5547 3093 5618 Quod
3123 5550 3433 5620 exemplum.
3464 5548 3603 5604 Infra
3639 5547 3818 5620 τειηῷ

2286 5622 2476 5678 eadem
2500 5622 2634 5677 edit.
2673 5636 2794 5676 cum
2827 5632 2937 5678 vet.
2970 5637 3034 5678 ac
3061 5636 3191 5677 mss.
3242 5623 3470 5694 aliquot.
3518 5622 3651 5675 celas
3677 5621 3816 5694 sci-g-
3877 5621 3887 5694 ,ξ

3877 5657 3887 5690 ⁴1

2245 814 2343 868 pro
2365 797 2555 862 certis,
2581 795 2928 854 incommoda
2957 809 3060 866 pro
3091 791 3400 856 secundis,
3432 788 3638 846 caduca
3665 805 3738 858 pro
3759 805 3811 843 so-
3891 811 3893 816 -

2279 4269 2388 4324 lum
2419 4283 2526 4324 non
2555 4275 2661 4335 est,
2694 4283 2816 4338 quae
2839 4267 3145 4324 libertatem
3175 4268 3452 4336 restituit,
3477 4268 3716 4326 excludit
3736 4265 3839 4321 ωε·-
3890 4249 3891 4310 ἶ
