3932 6296
150 320 259 376 i321

1008 321 1099 381 DE
1139 319 1453 381 EXCESSU
1494 320 1795 383 FRATRIS
1833 324 1942 383 SUI
1979 322 2237 384 SATYRI
2273 325 2406 385 LIB.
2448 327 2513 385 ll.

3278 338 3423 398 £522

141 434 211 504 5),
239 443 470 505 stuprum
497 433 626 492 filiae
647 432 803 507 (Gen.
837 451 1022 505 xxxiv,
1047 438 1132 509 2),
1162 438 1354 509 generi
1382 453 1571 495 necem
1614 438 1710 495 ﬂe-
1736 440 1784 501 Α
1814 455 1934 493 nam
1960 438 2140 512 (Joan.
2177 457 2292 507 xm,
2324 440 2416 512 57)
2444 441 2839 508 ;tentationem
2863 449 3304 519 praesumptionis
3329 469 3421 509 an.

140 526 207 582 vit
229 526 373 598 (Gen.
403 542 554 593 χιιι,
582 526 663 598 5),
716 528 911 584 famem
939 530 1188 600 pertulit,
1222 530 1562 602 sepulturam
1615 530 1711 587 de-

140 620 329 677 functus
368 622 591 688 amisit;
634 621 922 679 transferri
968 626 1113 680 enim
1155 638 1280 679 ossa
1340 640 1461 692 sua,
1510 641 1577 682 ne
1624 626 1712 682 vel

140 723 365 771 mortuus
386 714 783 787 requiesceret,
800 716 1128 790 obsecravit.

199 806 277 864 2i.
312 808 549 864 Sanctus
574 808 779 881 Joseph
810 810 934 865 odia
967 810 1221 876 fratrum,
1247 813 1475 869 insidias
1499 812 1712 870 invido-

137 916 277 967 rum,
319 904 661 960 servulorum
712 904 1018 977 obsequia,
1064 916 1431 963 mercatorum
1483 906 1712 979 imperia

136 994 323 1066 (Cenes.
346 997 618 1061 xxxan
644 1006 693 1051 et
720 996 878 1069 seq.),
896 997 1170 1053 lldominae
1196 998 1572 1069 petulantiam,
1598 1013 1713 1053 ma-

134 1089 213 1145 riti
241 1088 524 1156 inscitiam,
564 1091 802 1148 carceris
841 1106 1060 1163 quoque
1095 1100 1181 1148 est
1220 1103 1481 1163 expertus
1510 1107 1712 1148 aerum-

134 1199 244 1239 nam
266 1183 417 1253 (Gen.
448 1200 637 1252 xxxix,
660 1186 729 1240 i2
758 1196 806 1241 et
831 1185 992 1258 seq.).

198 1277 278 1332 25.
304 1278 534 1335 Sanctus
564 1278 733 1335 David
766 1280 905 1335 filios
949 1280 1135 1335 amisit
1158 1280 1295 1337 duos
1327 1299 1337 1333 :
1373 1296 1537 1336 unum
1566 1281 1714 1338 ince-

131 1380 260 1426 stum
288 1371 351 1444 (ll
380 1373 509 1447 Reg.
538 1390 657 1441 xm,
688 1374 811 1442 29),
840 1376 1075 1430 alterum
1127 1374 1454 1446 parricidam
1487 1375 1553 1445 (ll
1577 1374 1710 1447 Reg.

129 1482 268 1533 xvut,
302 1466 412 1538 l4).
440 1468 551 1523 llos
581 1468 839 1525 habuisse
867 1468 1098 1539 pudoris
1128 1477 1231 1535 est,
1248 1468 1454 1524 doloris
1480 1479 1563 1524 est
1590 1483 1713 1539 per-

127 1558 332 1616 didisse.
367 1559 569 1616 Amisit
586 1570 643 1618 et
673 1560 919 1627 tertium,
940 1576 1105 1631 quem
1137 1561 1374 1628 amabat,
1403 1562 1705 1631 parvulum.

128 1649 269 1707 liunc
284 1652 551 1708 viventem
602 1651 783 1709 adhuc
807 1652 974 1719 ﬂevit,
1003 1662 1274 1709 mortuum
1303 1668 1410 1709 non
1437 1652 1715 1710 desidera-

124 1745 215 1801 vit.
243 1745 329 1803 Sic
359 1747 505 1802 enim
539 1746 771 1818 legimus
797 1746 866 1820 (ll
902 1747 1030 1820 Reg.
1078 1763 1175 1813 xu,
1208 1747 1298 1819 18)
1329 1748 1471 1819 quod
1492 1789 1507 1815 ,
1541 1760 1716 1818 aegro-

1816 541 2030 603 tequam
2081 536 2242 590 tertio
2270 535 2447 606 gallus
2492 544 2739 593 cantaret
2768 536 2998 595 incurrit
3026 540 3205 608 (Joan.
3256 562 3415 615 xvm,

1811 625 1931 698 27).
1961 627 2115 685 Licet
2141 629 2232 684 illa
2275 630 2504 686 tentatio
2533 631 2920 690 documentum
2952 634 3125 692 fuerit
3176 638 3245 694 ad
3270 641 3418 697 salu-

1814 726 1924 774 tem
1948 735 1963 784 ;
1993 728 2052 773 ut
2079 719 2358 777 discamus
2385 736 2492 778 non
2542 734 2893 782 contemnere
2917 727 3102 784 carnis
3131 728 3416 788 infirmita-

1815 821 1945 880 tem,
1968 830 2036 870 ne
2085 815 2489 872 contemnendo
2530 826 2823 875 tentemur.
2862 819 2922 877 Si
2949 820 3143 878 Petrus
3175 833 3416 881 tentatus

1814 906 2053 978 est,quis
2074 909 2527 978 praesumat,quis
2538 918 2749 966 astruat
2770 926 2831 967 se
2858 926 2966 967 non
2991 927 3154 983 posse
3178 916 3414 972 tentari?

1814 999 1993 1071 Atque
2022 999 2166 1056 haud
2196 1000 2361 1057 dubie
2386 1016 2487 1072 pro
2514 1001 2671 1059 nobis
2703 1011 2946 1060 tentatus
2992 1014 3078 1062 est
3118 1006 3331 1074 Petrus,
3362 1018 3422 1063 ut

1815 1092 1867 1146 in
1900 1091 2128 1148 fortiore
2153 1107 2259 1148 non
2299 1102 2450 1150 esset
2507 1095 2833 1151 tentamenti
2861 1096 3163 1166 periculum
3196 1116 3208 1154 :
3239 1098 3335 1156 sed
3363 1101 3417 1155 in

1813 1184 1909 1239 illo
1935 1184 2271 1241 disceremus
2292 1186 2754 1256 quemadmodum
2771 1188 2822 1242 in
2839 1190 3311 1258 persecutionibus
3332 1206 3420 1248 rc-

1816 1278 2212 1346 sistentes,etsi
2238 1281 2364 1336 vita:
2386 1280 2568 1337 studio
2589 1288 2959 1347 tentaremur;
2992 1284 3311 1340 tentationis
3340 1293 3421 1339 ta-

1816 1387 1941 1429 men
1961 1373 2211 1430 aculeum
2236 1374 2515 1446 patientiae
2544 1375 2801 1447 lacrymis
2834 1376 3200 1433 vinceremus.

1887 1466 1980 1523 28.
2011 1466 2159 1524 Idem
2206 1476 2387 1523 tamen
2421 1467 2613 1535 David,
2648 1484 2718 1524 ne
2772 1484 2933 1538 quem
2964 1469 3210 1525 fortassis
3238 1472 3421 1542 Scrip-

1819 1570 2057 1616 turarum
2096 1571 2341 1618 tenacem
2367 1569 2589 1619 moveat
2615 1561 2882 1617 factorum
2912 1563 3419 1630 diversitaszidem,

1817 1656 2059 1727 inquam,
2092 1656 2260 1712 David
2292 1657 2620 1727 parricidam
2650 1667 2925 1714 mortuum
2980 1656 3157 1727 ﬂevit,
3188 1659 3283 1729 qui
3313 1674 3421 1715 non

1816 1748 2041 1803 fleverat
2070 1748 2434 1805 innocentem.
2466 1748 2712 1820 Denique
2743 1764 2866 1805 cum
2916 1750 3163 1821 ploraret
3188 1759 3246 1807 et
3270 1751 3422 1823 luge-

125 1848 266 1895 tante
290 1854 479 1910 puero,
498 1839 895 1910 deprecabatur
922 1839 1093 1895 David
1124 1840 1409 1895 Dominum
1438 1854 1534 1909 pro
1547 1854 1635 1906 eo,
1658 1847 1714 1894 et
1742 1838 1791 1899 B
1816 1847 1925 1906 ret,
1949 1839 2087 1895 dixit
2116 1858 2129 1895 :
2162 1839 2335 1896 Filius
2360 1857 2504 1896 meus
2532 1842 2836 1910 Abessalon,
2870 1844 3012 1913 [ilius
3033 1860 3174 1898 meus
3206 1844 3424 1899 Abessa-

118 1931 391 2003 jejunavit,
421 1941 478 1989 et
502 1933 557 1988 in
583 1932 763 1989 cilicio
786 1932 976 2004 jacuit,
996 1941 1053 1990 et
1076 1932 1384 1988 astantibus
1414 1932 1712 2003 majoribus

124 2036 265 2091 natu,
287 2035 345 2083 ut
365 2028 671 2083 excitarent
690 2042 811 2083 eum
826 2025 893 2083 de
914 2034 1080 2090 terra,
1109 2041 1212 2082 nec
1229 2024 1565 2097 surgendum
1582 2025 1708 2091 sibi,

120 2134 219 2175 nec
238 2118 559 2175 cmuandum
591 2118 941 2191 putavit.Ubi
973 2132 1108 2175 vero
1138 2117 1458 2175 defunctum
1484 2133 1710 2189 puerum

118 2214 379 2285 comperit
424 2213 663 2270 surrexit
689 2213 757 2269 de
800 2222 966 2277 terra,
996 2213 1129 2267 lavit
1171 2212 1341 2278 illico,
1380 2222 1577 2268 unctus
1603 2221 1706 2278 est,

117 2309 436 2365 vestimenta
458 2308 710 2373 mutavit,
726 2306 1303 2373 adoravitDominum,
1318 2305 1502 2363 cibum
1524 2320 1713 2375 sump-

115 2401 187 2459 sit
215 2400 399 2473 (Ibid.,
427 2400 546 2470 20).
580 2399 715 2456 Cum
745 2400 863 2455 haec
892 2398 1138 2456 miranda
1191 2398 1383 2470 pueris
1426 2396 1541 2453 suis
1565 2394 1714 2452 vide-

118 2508 323 2565 rentur,
350 2495 638 2569 respondit
664 2496 747 2552 eis
768 2504 917 2551 recte
937 2509 1020 2562 se,
1069 2492 1279 2549 infante
1306 2492 1551 2558 vivente,
1576 2489 1714 2560 jeju-

118 2607 277 2649 nasse
302 2600 354 2648 et
385 2591 664 2662 plorasse;
697 2590 822 2662 quia
870 2590 994 2660 jure
1024 2588 1393 2645 arbitrabatur
1420 2584 1711 2643 Dominum

115 2700 276 2756 posse
298 2684 571 2752 misereri,
606 2698 708 2740 nec
754 2681 1114 2739 dubitandum
1149 2680 1292 2750 quod
1323 2680 1493 2735 vitam
1525 2688 1717 2749 posset

115 2791 332 2833 servare
353 2777 609 2843 viventis,
635 2776 728 2847 qui
747 2783 930 2847 posset
956 2773 1235 2830 vivificare
1253 2772 1541 2829 defunctos
1565 2789 1579 2826 :
1601 2771 1714 2842 jam

114 2883 268 2935 vero,
298 2868 445 2926 obita
477 2877 676 2934 morte,
695 2867 822 2939 quid
836 2865 1236 2938 Jejunaret,qui
1257 2864 1371 2934 jam
1403 2878 1510 2920 non
1536 2871 1721 2933 posset

116 2959 378 3017 reducere
402 2969 679 3015 mortuum
721 2957 1136 3027 exanimemque
1166 2970 1457 3011 revocare:
1477 2954 1611 3024 Ego,
1630 2953 1716 3008 in-

113 3054 340 3126 quit,ibo
356 3054 422 3107 ad
432 3069 547 3108 eum
560 3070 579 3106 :
591 3054 702 3123 ipse
711 3062 884 3107 autem
896 3067 998 3106 non
1012 3059 1294 3106 revertetur
1308 3050 1378 3103 ad
1390 3065 1472 3103 me
1485 3046 1713 3120 (117.25).

196 3143 407 3217 1151
432 3144 525 3200 26.
549 3143 595 3199 0
621 3144 920 3199 maximum
950 3142 1209 3200 solatium
1249 3141 1617 3198 desiderantis
1646 3139 1719 3197 ΞΟ

1814 1933 1902 1987 Ion
1923 1950 1943 2000 ;
1971 1935 2087 2005 quis
2110 1934 2254 1989 dabit
2283 1934 2411 1989 mihi
2439 1944 2657 1991 mortem
2686 1952 2783 2007 pro
2806 1946 2854 1991 te
2880 1937 2951 2007 (ll
2978 1936 3111 2009 Reg.
3130 1954 3279 2005 xvm,
3301 1937 3423 2009 33)?

1813 2026 1930 2084 Non
1960 2028 2111 2084 solus
2129 2043 2261 2101 ergo
2289 2028 2452 2086 ﬂetur
2473 2030 2797 2099 Abessalon,
2830 2031 2993 2087 ﬂetur
3014 2034 3306 2102 parricida,
3322 2032 3421 2090 ﬂe«

1815 2128 1902 2175 tur
1928 2123 2163 2177 Ammon
2194 2120 2261 2195 (ll
2289 2120 2419 2195 Reg.
2439 2138 2557 2189 xm,
2602 2122 2721 2194 56).
2749 2122 2867 2179 Νοιι
2920 2123 3098 2179 solum
3145 2123 3310 2181 ﬂetur
3340 2126 3424 2180 in-

1814 2222 2024 2281 cestus,
2048 2214 2148 2271 sed
2177 2214 2341 2271 etiam
2368 2214 2681 2271 vindicatur
2706 2231 2720 2269 :
2745 2216 2884 2272 alter
2910 2225 3232 2288 contemptu
3246 2217 3422 2288 regni,

1814 2304 1959 2361 alter
1982 2304 2166 2360 fratris
2192 2305 2409 2362 exsilio.
2439 2306 2627 2361 Fletur
2658 2307 2983 2374 sceleratus,
3015 2324 3122 2363 non
3154 2306 3315 2365 ﬂetur
3343 2308 3428 2363 di—

1816 2394 2017 2451 lectus.
2071 2396 2205 2464 Quae
2243 2412 2410 2453 causa
2455 2398 2478 2450 ?
2530 2413 2654 2467 quae
2720 2399 2906 2454 ratio?
2958 2399 3079 2456 Non
3133 2401 3430 2457 mediocris

1814 2486 1979 2557 igitur
2005 2486 2060 2542 in
2094 2487 2454 2558 prudentibus
2473 2488 2825 2556 deliberatio,
2854 2491 3195 2561 sapientibus
3224 2492 3429 2547 contir-

1814 2580 1984 2635 matio
2010 2596 2027 2645 ;
2057 2595 2252 2651 magna
2279 2579 2426 2637 enim
2443 2580 2752 2652 prudentia:
2786 2583 2840 2637 in
2873 2591 3022 2638 tanta
3048 2584 3319 2641 factorum
3344 2584 3429 2641 di-

1814 2676 2076 2733 versitate
2116 2676 2450 2743 constantia,
2479 2690 2587 2731 una
2621 2676 2777 2733 fides.
2812 2676 2881 2732 Et
2907 2678 3029 2734 illos
3059 2688 3305 2741 mortuos
3332 2678 3431 2736 ﬂe-

1816 2768 1916 2836 vit,
1945 2777 2001 2824 et
2040 2768 2280 2825 ﬂendum
2310 2769 2578 2826 infantem
2624 2778 2899 2826 mortuum
2930 2786 3037 2827 non
3072 2772 3312 2841 putavit;
3352 2774 3418 2828 il-

1818 2863 1903 2919 los
1927 2863 2075 2919 enim
2098 2864 2203 2920 sibi
2234 2865 2466 2934 periisse
2487 2864 2771 2932 credebat,
2801 2865 2946 2921 hunc
2977 2876 3420 2922 resurrecturum

1820 2957 2101 3027 sperabat.

1892 3050 1984 3107 29.
2010 3049 2119 3106 Sed
2149 3050 2218 3106 de
2248 3052 2656 3107 resurrectione
2699 3052 3001 3123 posterius,
3030 3068 3181 3109 nunc
3205 3052 3274 3109 ad
3306 3068 3437 3123 pro-

1822 3144 2000 3216 posita
2030 3154 2395 3201 revertamur.
2424 3144 2800 3200 Prmmisimus
2841 3144 2990 3200 enim
3019 3146 3184 3201 etiam
3212 3155 3433 3202 sanctos

114 3253 310 3294 verum
332 3235 633 3307 hsapientis
652 3236 947 3307 judicium!
971 3233 1016 3290 O
1037 3233 1232 3290 miram
1263 3234 1583 3306 sapientiam
1606 3248 1723 3291 ser-
1747 3231 1795 3297 C
1824 3240 1974 3297 viros
2014 3238 2201 3308 gravia
2232 3238 2288 3293 in
2320 3238 2422 3293 hoc
2455 3238 2662 3293 mundo
2688 3246 2744 3293 et
2793 3237 2963 3292 multa
2992 3252 3289 3309 perpessos
3314 3239 3436 3295 sine

111 3330 319 3387 vientis
344 3330 358 3383 l
389 3337 446 3384 ut
476 3343 638 3384 nemo
664 3328 767 3384 sibi
797 3327 1015 3383 adversi
1054 3326 1259 3398 aliquid
1289 3326 1553 3384 accidisse
1580 3326 1719 3381 indi-

111 3442 221 3499 gne
250 3425 408 3493 ferat,
436 3433 489 3481 et
515 3432 705 3480 contra
735 3423 993 3479 meritum
1018 3436 1176 3479 suum
1200 3436 1261 3478 se
1289 3430 1550 3491 queratur
1575 3418 1720 3476 afﬂi-

112 3528 289 3577 ctum.
341 3518 477 3588 Quis
522 3517 669 3573 enim
718 3524 774 3571 tu
816 3531 897 3582 es,
938 3516 1031 3587 qui
1081 3516 1151 3572 de
1207 3524 1301 3571 tuo
1342 3514 1539 3571 merito
1590 3522 1721 3571 ante

110 3614 487 3686 pronunties?
515 3610 628 3669 Cur
669 3612 972 3684 praevenire
1019 3610 1301 3668 desideras
1331 3608 1667 3680 cognitorem
1698 3608 1722 3660 ?

115 3710 231 3764 (iur
304 3709 474 3780 eripis
526 3708 851 3764 sententiam
928 3703 1301 3776 iudicaturo?
1347 3702 1457 3758 Nec
1523 3700 1727 3757 sanctis

110 3803 263 3861 istud
327 3801 658 3874 permissum
708 3810 813 3867 est,
845 3813 947 3856 nec
992 3814 1019 3853 a
1077 3797 1285 3854 sanctis
1332 3798 1554 3868 impune
1602 3810 1725 3850 um-

108 3911 279 3969 quam
332 3905 420 3952 est
468 3902 811 3965 usurpatum.
845 3891 1013 3947 David
1059 3905 1118 3948 se
1164 3899 1456 3961 propterea
1485 3888 1725 3960 ﬂagella-

108 3999 229 4045 tum
264 4004 369 4045 suo
394 3989 637 4045 carmine
675 3987 969 4044 confitetur
1000 4002 1012 4039 :
1048 3982 1186 4039 Ecce
1214 3985 1316 4055 ipsi
1356 3993 1651 4054 peccatores
1679 3993 1729 4037 et

106 4083 443 4139 abundantes
480 4082 536 4137 in
564 4082 777 4147 sarculo,
801 4079 1137 4134 obtinuerunt
1166 4075 1394 4129 divitias.
1430 4073 1572 4148 Ergo
1617 4076 1727 4128 sine

107 4195 279 4233 causa
299 4176 590 4250 justiﬁcavi
615 4192 702 4231 cor
730 4190 920 4238 meum,
937 4180 984 4228 et
1013 4172 1114 4227 lavi
1140 4171 1276 4224 inter
1296 4170 1589 4223 innocentes
1614 4184 1728 4221 ma-

107 4289 216 4327 nus
244 4287 429 4325 meas:
454 4280 501 4325 et
532 4270 611 4341 [ui
651 4268 948 4344 ﬂagellatus
972 4275 1079 4321 tota
1099 4265 1207 4331 die,
1240 4274 1262 4302 ο
1294 4271 1342 4319 et
1390 4263 1553 4319 index
1582 4278 1727 4318 meus

112 4367 169 4419 in
197 4365 520 4421 matutinum
550 4362 671 4435 (Ps.
698 4378 869 4430 Lxxu,
894 4361 966 4417 η
990 4369 1036 4415 et
1065 4358 1221 4433 seq.).

184 4459 287 4515 27.
314 4460 510 4516 Petrus
539 4472 753 4530 quoque
770 4456 1018 4528 quamvis
1037 4454 1231 4524 plenus
1254 4454 1362 4510 fide
1388 4452 1725 4516 devotionis;

106 4564 305 4612 tamen
334 4555 461 4625 quia
486 4552 725 4609 nondum
747 4552 998 4608 conscius
1022 4560 1225 4605 nostra:
1244 4548 1577 4605 infirmitatis
1589 4563 1729 4619 pra:-

1820 3331 2214 3403 suﬂ'ragatione
2266 3330 2641 3397 meritorum,
2688 3344 2813 3385 cum
2863 3344 3103 3384 aerumna
3156 3329 3430 3386 laborum.

1821 3426 1982 3484 Unde
2026 3439 2315 3496 regressus
2335 3424 2405 3480 ad
2435 3439 2494 3481 se
2520 3423 2715 3492 David,
2748 3424 2801 3479 in
2828 3423 3227 3495 posterioribus
3255 3424 3389 3480 dicit
3416 3443 3428 3479 :

1824 3518 2121 3586 Memento,
2155 3518 2405 3585 Domine,
2430 3518 2555 3588 quia
2583 3516 2750 3587 pulvis
2780 3516 3145 3581 sumus,homo
3171 3526 3434 3589 tamquam

1824 3614 2041 3685 frenum,
2073 3612 2183 3667 dies
2210 3613 2326 3683 ejus
2353 3609 2476 3683 (Ps.
2504 3625 2599 3677 cu,
2634 3607 2763 3681 15);
2792 3617 2847 3665 et
2879 3607 3008 3665 alibi
3041 3626 3054 3663 :
3092 3607 3266 3664 Romo
3287 3612 3436 3665 uani-

1827 3706 1920 3760 tati
1944 3705 2129 3760 similis
2153 3708 2322 3777 [actus
2347 3711 2444 3770 est,
2477 3702 2588 3757 dies
2614 3703 2731 3773 ejus
2753 3701 2884 3756 sicut
2918 3701 3098 3756 umbra
3123 3710 3435 3771 praetereunt

1828 3798 1950 3872 (Ps.
1980 3814 2167 3863 cxuu,
2212 3796 2294 3868 4).
2326 3795 2465 3865 Quid
2496 3796 2645 3852 enim
2696 3794 2855 3851 nobis
2889 3793 3104 3867 115.2
3152 3796 3447 3861 miserius,

1826 3890 1853 3929 ἀ
1882 3892 1973 3964 qui
2003 3901 2277 3961 tamquam
2331 3889 2548 3959 spoliati
2575 3896 2631 3945 et
2676 3887 2806 3943 nudi
2838 3888 3159 3959 projicimur
3207 3888 3260 3942 in
3294 3888 3439 3943 hanc

1828 3986 2024 4052 vitam,
2083 3997 2314 4053 corpore
2368 3980 2572 4053 fragili,
2634 3979 2802 4036 corde
2852 3979 3087 4045 lubrico,
3146 3980 3432 4035 imbecillo

1828 4078 2035 4143 animo,
2067 4076 2213 4132 anxii
2258 4073 2326 4129 ad
2352 4071 2782 4139 sollicitudines,
2806 4071 3072 4128 desidiosi
3099 4072 3168 4128 ad
3199 4073 3437 4138 labores,

1828 4171 1989 4244 proni
2015 4170 2081 4227 ad
2107 4168 2456 4240 voluptates?

1900 4264 1995 4320 50.
2035 4261 2155 4319 Non
2205 4261 2359 4317 nasci
2406 4260 2571 4330 igitur
2602 4260 2765 4331 longe
2809 4260 3102 4331 Optimum,
3134 4259 3441 4319 secundum

1828 4358 2003 4415 sancti
2050 4356 2366 4414 Salomonis
2414 4354 2770 4411 sententiam.
2800 4354 2983 4425 Ipsum
3011 4353 3160 4410 enim
3204 4355 3368 4411 etiam
3404 4356 3441 4411 ii

1830 4452 1923 4522 qui
1954 4450 2059 4507 sibi
2090 4449 2197 4505 visi
2240 4457 2372 4506 sunt
2417 4446 2475 4502 in
2527 4446 2881 4519 philosophia
2930 4446 3214 4505 excellere
3265 4451 3442 4506 secuti

1830 4553 1979 4604 sunt.
1998 4542 2135 4599 Nam
2166 4542 2285 4613 ipse
2311 4541 2422 4598 illis
2451 4542 2719 4603 anterior.
2754 4549 2777 4576 ε
2808 4538 3014 4595 nostris
3037 4541 3333 4610 posterior,
3364 4541 3441 4599 ita

106 4650 403 4721 sumptive
433 4647 647 4705 dixerat
673 4644 906 4701 Domino
936 4662 951 4699 :
984 4644 1225 4698 Animam
1248 4658 1417 4697 meam
1443 4657 1535 4711 pro
1564 4649 1612 4695 te
1635 4656 1727 4711 po-
1753 4632 1808 4694 D
1834 4637 1888 4694 in
1913 4637 2251 4694 Ecclesiaste
2276 4636 2493 4691 locutus
2520 4643 2607 4691 est
2639 4651 2653 4686 :
2678 4632 2749 4688 Et
2790 4633 3001 4688 laudavi
3028 4649 3121 4704 ego
3147 4650 3326 4689 omnes
3354 4635 3440 4688 de-

191 4862 217 4888 ίι
246 4850 385 4906 Mss.
416 4864 523 4903 non
556 4846 734 4918 pauci,
767 4844 960 4916 regina:
989 4839 1351 4911 petulantiam,
1394 4837 1531 4908 regis
1577 4836 1737 4892 insci-

106 4934 275 4977 ttam.

192 4995 224 5033 ι’
259 4993 432 5048 Pauci
462 5008 618 5065 mss.,
650 4987 897 5060 sapientis
921 4986 1197 5065 indicium.
1296 5062 1304 5065 Α
1370 5052 1381 5065 ⁸

192 5078 217 5105 ο
253 5064 471 5121 Omnes
513 5053 644 5118 edit.
674 5053 737 5116 ac
786 5074 919 5115 mss.
948 5053 1690 5133 nonnulli,_et-nindexhnteus
1717 5067 1735 5117 ;

99 5138 211 5194 alii
245 5150 392 5191 mss.
422 5132 863 5205 aliquot,qui_bus
890 5129 1108 5205 accedit
1132 5124 1479 5205 Psalt.Ror_n.
1509 5122 1733 5205 Quinc.,

102 5221 157 5265 et
177 5209 368 5283 iudex
396 5195 542 5283 meus
562 5222 581 5273 ;
613 5195 983 5283 Re'mig._cu_tu
1008 5199 1192 5283 Vulg...
1220 5205 1267 5283 e_t
1300 5195 1734 5283 castigatiosmea,

102 5268 322 5350 in'quo
354 5294 463 5334 non
491 5268 1055 5350 discrepatjab‘llebr.
1086 5268 1182 5325 ubi
1236 5268 1457 5350 legitur,
1481 5278 1527 5319 et
1570 5268 1738 5350 incie-

102 5335 271 5423 patio
326 5367 485 5416 mea;
528 5335 714 5423 caeteri
763 5347 1012 5423 denique
1052 5355 1185 5423 mss.
1215 5335 1339 5396 cuin
1370 5337 1532 5423 Rom:
1568 5335 1735 5423 psalt.

100 5408 363 5487 'coan,
383 5431 431 5477 et
448 5408 605 5474 index
631 5408 952 5491 meus,_mi'6
972 5412 1344 5491 amasso».
1368 5408 1526 5491 Quod
1558 5416 1742 5462 autem

100 5496 294 5550 Rom.
329 5485 469 5549 edit.
500 5506 621 5545 cum
654 5486 845 5563 paucis
893 5501 1026 5540 mss.
1044 5485 1159 5563 _'pro
1196 5485 1251 5537 in
1270 5485 1609 5563 matutinum,
1642 5492 1741 5563 po-

102 5568 234 5621 suit
271 5569 332 5619 in
364 5550 845 5633 matutinis,'illic_a
878 5571 1009 5633 mss.
1041 5550 1204 5633 longe
1233 5552 1510 5633 pluribus,
1537 5550 1608 5633 ab
1629 5557 1741 5603 ant.

100 5637 266 5694 edit.
306 5650 544 5691 necnon
573 5632 736 5687 etiam
765 5630 835 5682 ab
864 5628 1002 5697 Aug.
1041 5627 1274 5697 lectione
1300 5624 1599 5697 aberravit.

194 5704 225 5743 ἀ
263 5705 619 5776 Augustinus
648 5702 744 5757 lib.
774 5715 851 5776 tv,
878 5691 1248 5776 contra__.|ul.,
1272 5709 1401 5776 cap:
1430 5694 1520 5776 ig,
1551 5691 1745 5776 eadem

107 5762 707 5851 propemvodum‘citat
730 5786 762 5851 e
793 5762 890 5851 lib.
919 5783 998 5833 ιιι,
1036 5762 1439 5851 βίορι-οιιξεςςιιι
1467 5762 1744 5851 Rep_ubl._:

107 5792 707 5906 pquCmouumcitat
730 5792 762 5855 ρ
793 5792 890 5825 Iw.
919 5792 998 5833 III,
1039 5792 1320 5823 ulceruma
1370 5792 1439 5821 υυ
1468 5792 1705 5847 napum.
1731 5803 1744 5816 .

104 5867 194 5908 un
248 5865 287 5906 e
318 5847 647 5906 Ambrosius
674 5852 840 5901 etiam
863 5840 1007 5895 hunc
1036 5839 1217 5894 locum
1244 5835 1459 5893 videtur
1480 5834 1745 5892 imitatus.

597 5941 879 6001 Parum.
925 5934 1099 5997 XVI.

1920 4846 1942 4872 θ
1971 4834 2047 4890 Ita
2076 4832 2209 4889 edit.
2245 4846 2311 4904 ac
2333 4847 2467 4888 mss.
2489 4832 2738 4902 exceptis
2756 4833 3084 4904 quibusdam
3107 4834 3282 4890 Paris.
3313 4835 3447 4892 edit.

1844 4908 1899 4962 in
1922 4906 2146 4976 quibus,
2179 4903 2325 4977 nobis
2354 4906 2649 4977 posterior_;
2678 4903 2896 4977 etqmss.
2923 4906 3220 4970 nonnullis,
3250 4907 3341 4977 qui
3364 4908 3447 4963 le-

1841 4973 2020 5049 gunt,
2079 4976 2247 5030 nostri
2277 4973 2569 5049 posterior;
2602 4973 2844 5049 Remig.,
2869 4992 2971 5031 non
3020 4973 3282 5044 posterior
3304 4980 3445 5049 (fuit.

1842 5044 1999 5105 Haud
2022 5044 2370 5103 incommode
2401 5053 2588 5116 potest
2623 5044 2985 5102 nihilominus
3034 5044 3345 5102 communis
3375 5050 3447 5106 le-

1841 5120 2040 5176 ctionis
2067 5118 2155 5173 hic
2183 5131 2380 5173 sensus
2404 5130 2550 5183 esse,
2584 5126 2642 5172 ut
2672 5118 2933 5174 Salomon
2958 5118 3050 5185 qui
3084 5116 3288 5172 dicitur
3318 5133 3448 5188 pro-

1841 5190 1985 5246 fanis
2037 5188 2377 5259 sapientibus
2445 5188 2757 5258 antiquior,
2828 5189 2973 5259 idem
3014 5198 3201 5259 tamen
3260 5192 3449 5247 multis

1843 5271 2157 5318 nostrorum
2185 5261 2459 5330 posterior
2479 5261 2573 5325 sit,
2598 5269 2659 5314 ut
2693 5269 2825 5331 puta
2850 5258 2974 5331 Job,
3010 5258 3197 5331 Moyse
3220 5270 3277 5315 et
3302 5261 3449 5317 aliis.

1843 5333 1999 5402 Quod
2029 5332 2210 5388 autem
2241 5331 2309 5386 ad
2351 5341 2631 5387 auctorem
2659 5332 2748 5385 cui
2779 5330 2853 5402 a_b
2878 5330 3115 5402 ethnicis
3143 5343 3447 5388 memorata

1844 5399 2117 5462 sententia
2138 5402 2417 5469 tribuitur,
2438 5402 2771 5459 Aristoteles
2801 5399 3093 5456 Plutarcho
3124 5410 3285 5466 teste,
3302 5420 3450 5470 eam,

1846 5477 1905 5533 in
1934 5474 2178 5532 Eudemo
2204 5475 2322 5529 sive
2369 5475 2463 5530 lib.
2516 5474 2585 5528 de
2609 5470 2807 5526 Anima
2831 5512 2846 5537 ,
2903 5470 3093 5526 Sileno
3149 5474 3450 5540 adiudicat.

1850 5547 1998 5603 Idem
2028 5560 2247 5615 quoque
2270 5545 2441 5600 tradit
2467 5542 2789 5615 Cicero‘lib.
2806 5559 2824 5596 ι
2850 5542 3073 5615 Tuscuh
3098 5543 3286 5611 Qucst.
3319 5555 3375 5602 et
3401 5548 3457 5601 in

1851 5619 1948 5674 lib.
1996 5612 2072 5673 de
2120 5612 2527 5672 consolatione.
2588 5612 2725 5684 Vide
2775 5627 2995 5683 quoque
3037 5614 3371 5684 Thcognidis
3399 5619 3454 5672 in

1855 5691 1995 5746 hanc
2052 5703 2165 5743 rem
2207 5687 2566 5759 epigramma,
2596 5683 2929 5759 Sophoclem
2964 5685 3019 5759 in
3044 5683 3457 5759 .Edip._Colon.

1855 5762 2198 5818 Lactantium
2229 5755 2327 5814 lib}
2357 5772 2441 5825 ιιι,
2463 5771 2586 5828 cap.
2619 5755 2710 5824 18,
2734 5765 2791 5812 et
2813 5756 3117 5813 Ausonium
3164 5756 3367 5830 Ecloga
3391 5759 3465 5819 de

1860 5833 1983 5888 Vita
2012 5833 2269 5888 humana.

2856 5919 2937 5983 Is2
