3932 6296
476 263 614 321 153⁸1

1821 246 2066 309 εΑΝετι
2105 246 2422 308 AMBROSII

3650 247 3759 309 13ιῆ

472 394 599 435 vere
650 375 865 449 puduit,
894 374 1037 432 mori
1077 371 1326 446 profuit?
1365 370 1540 428 Morte
1570 368 1731 425 unius
1763 367 2081 438 plerumque
2109 363 2161 423 A
2188 376 2495 422 nostrorum
2521 364 2790 437 supplicia
2821 364 3159 437 pendemus,
3202 372 3305 421 aut
3354 362 3755 438 benc'gestortm

474 472 790 545 accepimus
824 469 1095 527 maximos
1144 467 1375 540 populos
1429 465 1687 522 liberatos
1717 483 1729 518 :
1761 472 1936 519 morte
1967 463 2079 518 im-

475 565 750 637 peratoris
804 563 1022 635 fugatos
1065 564 1341 620 exercitus
1398 559 1638 616 hostium
1668 601 1682 625 ,
1729 572 1866 630 quos
1922 558 2077 613 vivus

475 659 700 715 vincere
724 656 1083 729 nequivisset.

548 749 641 814 t5.
671 754 842 813 Morte
865 761 1163 825 martyrum
1193 749 1386 822 religio
1414 748 1663 815 defensa,
1713 746 1986 803 cumulata
2017 745 2078 799 ti-

474 854 598 920 dcs,
638 850 886 909 Ecclesia
935 847 1193 903 roborata
1224 852 1347 901 est:
1382 842 1631 899 vicerunt
1663 840 1903 905 mortui,
1951 837 2075 895 victi

476 956 862 1020 persecutores
883 950 1031 999 sunt.
1057 940 1246 1012 Itaque
1287 952 1520 1010 quorum
1564 937 1728 991 vitam
1778 934 2074 1000 nescimus,

479 1045 677 1100 horum
726 1047 959 1095 mortem
1006 1033 1374 1091 celebramus.
1422 1028 1583 1087 Unde
1628 1036 1685 1086 et
1727 1027 1898 1084 David
1948 1040 2075 1098 pro-

475 1137 691 1206 plietice
712 1133 983 1206 gloriatus
1010 1131 1063 1185 in
1112 1144 1226 1185 sute
1256 1127 1462 1184 mentis
1501 1139 1728 1182 excessu
1764 1143 1778 1179 :
1813 1122 2073 1190 Pretiosa,

474 1229 674 1296 inquit,
726 1227 783 1280 in
837 1231 1114 1296 conspectu
1174 1219 1386 1274 Domini
1434 1233 1574 1272 mors
1617 1225 1912 1271 sanctorum
1962 1215 2078 1287 ejus

479 1322 655 1396 (Psal.
687 1334 811 1384 ειν,
847 1316 959 1388 15).
995 1315 1223 1371 Mortem
1250 1310 1442 1368 maluit
1484 1308 1748 1381 praeferre
1769 1349 1784 1374 ,
1810 1320 1969 1377 quam
1997 1305 2078 1360 vi-

471 1425 605 1471 tam.
658 1412 780 1484 Ipsa
840 1423 987 1464 mors
1048 1414 1352 1479 martyrum
1427 1403 1713 1472 prtemium
1786 1400 1912 1455 vitae
1965 1406 2073 1455 εει.

473 1507 647 1563 Morte
673 1503 837 1559 etiam
870 1499 1214 1556 inimicorum
1241 1496 1364 1552 odia
1395 1494 1704 1551 solvuntur.

545 1601 636 1658 ιδ.
671 1598 810 1667 Quid
844 1597 998 1669 plura
1020 1596 1045 1647 ‘t
1076 1593 1253 1652 Unius
1285 1600 1467 1648 morte
1494 1590 1729 1648 mundus
1755 1590 2073 1660 redemptus

474 1706 582 1755 est.
619 1694 806 1752 Potuit
836 1692 981 1748 enim
1034 1689 1287 1745 Christus
1316 1704 1424 1743 non
1454 1687 1619 1755 mori,
1674 1686 1720 1741 si
1770 1685 2069 1741 voluisset:

472 1790 571 1847 sed
602 1802 779 1861 neque
810 1782 1185 1857 refugiendatn
1229 1789 1463 1837 mortem
1506 1779 1660 1848 quasi
1693 1778 1942 1849 ignavam
1970 1792 2069 1849 pu-
2102 1759 2151 1819 Β

474 1885 630 1952 tavit,
663 1897 842 1955 neque
863 1880 1062 1938 melius
1087 1892 1187 1934 nos
1202 1892 1366 1948 quam
1403 1873 1618 1948 11“
1646 1872 1936 1929 moriendo
1956 1886 2073 1927 ser-

471 1985 674 2035 vasset.
708 1976 895 2048 Itaque
923 1989 1072 2029 mors
1114 1972 1236 2042 ejus
1262 1976 1373 2025 vita
1411 1978 1496 2025 est
1545 1967 1811 2023 omnium.
1847 1976 1871 2003 η
1901 1966 2072 2022 Morte

469 2074 595 2146 ejus
615 2072 925 2144 signamur,
954 2076 1189 2125 mortem
1233 2065 1353 2138 ejus
1381 2073 1604 2121 orantes
1656 2063 2069 2127 annuntiamus,

469 2176 707 2224 mortem
759 2164 879 2235 ejus
919 2161 1217 2218 oﬁ'erentes
1279 2156 1640 2228 przedicamus
1694 2172 1706 2210 :
1757 2170 1905 2211 mors
1952 2153 2071 2233 ejus

469 2259 701 2318 victoria
722 2265 829 2323 est,
858 2267 1007 2311 mors
1036 2252 1155 2325 ejus
1185 2257 1591 2306 sacramentum
1614 2256 1727 2314 est,
1762 2261 1910 2302 mors
1951 2246 2074 2317 ejus

470 2373 652 2413 annua
672 2351 993 2411 solemuitas
1019 2348 1204 2404 mundi
1237 2352 1342 2403 est.
1373 2344 1514 2414 Quid
1544 2352 1814 2415 praeterea
1842 2342 1910 2399 de
1952 2341 2072 2413 ejus

470 2459 649 2507 morte
696 2449 965 2512 dicamus,
1015 2458 1140 2500 cum
1199 2440 1389 2496 divino
1424 2437 1720 2510 probemus
1768 2427 2106 2507 exemplo,‘

470 2542 599 2614 quia
629 2536 1106 2594 immortalitatem
1127 2545 1278 2588 mors
1301 2530 1416 2586 sola
1441 2528 1696 2600 quaesivit
1716 2568 1731 2595 ,
1760 2537 1926 2598 atque
1952 2526 2069 2597 ipsa

469 2650 533 2690 se
562 2647 715 2688 mors
743 2628 1012 2686 redemit?
1040 2626 1163 2683 Non
1218 2624 1382 2696 igitur
1408 2621 1689 2679 mterenda
1732 2635 1903 2686 mors,
1947 2633 2070 2690 qum

468 2739 630 2781 causa
685 2721 880 2779 salutis
926 2729 1011 2776 est
1064 2716 1300 2789 publica:
1349 2734 1361 2768 :
1411 2730 1521 2769 non
1578 2712 1832 2785 fugienda
1879 2728 2066 2781 mors,

461 2833 623 2890 quam
673 2816 774 2873 Dei
820 2813 992 2869 Filius
1020 2828 1127 2867 non
1160 2809 1487 2880 dedignatus
1533 2816 1641 2872 est,
1684 2822 1793 2863 non
1845 2805 2068 2877 refugit.

466 2913 587 2969 Non
652 2907 952 2966 solvendus
1024 2903 1161 2960 ordo
1220 2910 1461 2967 naturte;
1513 2898 1657 2971 quod
1692 2899 1837 2956 enim
1918 2913 2071 2955 com-

463 3021 629 3063 mune
658 3013 743 3060 est
789 3000 1050 3058 omnibus
1078 3041 1096 3067 ,
1137 3007 1433 3067 exceptum
1464 2994 1519 3049 in
1548 2994 1780 3066 singulis
1808 3007 1932 3057 esse
1958 3007 2065 3049 non

469 3106 664 3172 potest.

2179 460 2409 531 gratiam
2454 475 2871 531 consequemur.
2930 460 3211 533 Resurget
3252 462 3409 517 enim
3460 471 3642 516 natura
3688 477 3756 517 ea-

2179 552 2325 619 dem,
2379 554 2492 624 jam
2533 554 2824 626 stipendiis
2871 554 3067 610 mortis
3141 554 3499 611 honoratior.
3554 553 3755 625 Denique

2180 648 2391 713 mortui,
2421 648 2509 719 qui
2534 648 2588 702 in
2616 647 2821 703 Christo
2852 656 2996 713 sunt,
3048 656 3329 718 resurgent
3379 646 3540 716 primi
3565 661 3585 699 :
3604 645 3753 700 deinde

2178 750 2227 796 et
2257 758 2350 797 nos
2379 742 2469 813 qui
2514 743 2748 805 vivimus,
2783 742 2974 813 inquit,
3023 741 3192 798 simul
3218 759 3343 797 cum
3396 742 3507 797 illis
3533 742 3757 813 rapietur

2179 835 2232 888 in
2254 833 2471 889 nubibus
2498 834 2697 890 obviam
2727 832 2933 891 Christo
2958 835 3012 890 in
3057 852 3220 902 aera;
3250 845 3302 891 et
3330 836 3413 890 ita
3447 851 3648 906 semper
3668 852 3756 889 cn

2182 926 2409 983 Domino
2434 928 2624 984 erimus
2649 926 2908 1001 (ITItess.
2943 945 3029 997 tv,
3080 927 3172 996 15,
3207 927 3323 1002 I6).
3355 928 3444 984 Illi
3474 928 3651 999 primi,
3689 930 3754 983 tio

2178 1030 2369 1079 ventes
2412 1032 2595 1079 autem
2617 1023 2864 1080 secundi.
2889 1024 2973 1080 Illi
3001 1038 3127 1080 cum
3171 1023 3328 1090 Jesu,
3389 1024 3641 1081 viventes
3681 1041 3757 1096 per

2177 1116 2389 1173 Iesum.
2435 1117 2545 1173 Illis
2574 1118 2789 1174 dulcior
2832 1118 2945 1173 vita
2996 1127 3119 1187 post
3152 1119 3449 1190 requiem:
3478 1116 3755 1177 viventibus

2178 1208 2283 1265 etsi
2302 1219 2455 1281 grata
2478 1209 2821 1281 compendia,
2848 1219 3027 1266 tamen
3058 1211 3248 1283 ignota
3267 1209 3544 1267 remedia.

2251 1304 2340 1361 ιθ.
2383 1304 2531 1361 Nihil
2567 1314 2655 1361 est
2693 1305 2858 1376 igitur
2901 1304 3043 1376 quod
3094 1306 3152 1361 in
3217 1314 3402 1362 morte
3458 1307 3753 1371 timeamus,

2179 1396 2310 1453 nihil
2352 1397 2496 1470 quod
2525 1397 2828 1455 debeamus
2868 1398 3097 1465 dolere;
3141 1399 3189 1454 si
3233 1406 3329 1454 aut
3382 1408 3601 1456 natura:
3626 1416 3755 1471 repe-

2180 1491 2311 1548 tenti
2336 1491 2468 1558 vita.
2496 1507 2617 1562 quae
2646 1500 2867 1563 accepta
2896 1500 3011 1559 est,
3059 1491 3405 1563 rependatur
3428 1512 3443 1547 :
3466 1503 3566 1549 aut
3584 1496 3755 1566 petenti

2178 1583 2523 1655 impendatur
2542 1584 2749 1652 officio,
2775 1586 2830 1640 in
2860 1600 2968 1657 quo
3009 1585 3296 1656 religionis
3315 1586 3529 1653 cultus,
3557 1595 3649 1642 aut
3673 1587 3755 1642 vir-

2177 1680 2306 1736 tutis
2333 1695 2465 1736 usus
2486 1690 2592 1736 est.
2616 1679 2804 1753 Neque
2832 1681 2978 1737 enim
3001 1679 3291 1751 quisquam
3314 1681 3447 1745 sibi,
3474 1688 3538 1736 ut
3562 1682 3640 1737 sic
3660 1697 3755 1737 ma-

2177 1784 2352 1842 neret,
2376 1774 2606 1845 optavit.
2642 1785 2665 1813 ο
2691 1773 2890 1830 Joanni
2930 1775 3269 1844 promissum
3293 1776 3630 1831 aestimatum
3672 1785 3753 1838 est,

2175 1867 2271 1925 sed
2299 1882 2406 1924 non
2438 1876 2522 1924 est
2562 1867 2854 1923 creditum.
2880 1867 3059 1924 Verba
3107 1876 3401 1934 tenemus,
3454 1870 3755 1925 sententiam

2175 1959 2506 2016 derivamus.
2542 1959 2663 2031 Ipse
2684 1960 2738 2015 in
2767 1960 2907 2016 libro
2928 1969 3089 2032 negat
3130 1961 3263 2026 sibi,
3291 1960 3437 2030 quod
3467 1977 3579 2017 non
3608 1977 3758 2017 more-

2175 2060 2354 2119 retur,
2383 2068 2505 2108 esse
2536 2054 2909 2123 promissum;
2932 2068 3000 2110 ne
3019 2068 3186 2125 quem
3208 2070 3349 2110 vana
3379 2070 3513 2124 spes
3535 2054 3757 2123 exemplo

2174 2145 2502 2203 incesseret.
2566 2144 2776 2220 1157
2832 2146 2985 2214 Quod
3012 2148 3059 2202 si
3093 2146 3146 2203 id
3181 2148 3324 2205 velle
3351 2162 3482 2219 spes
3511 2149 3752 2211 insolens;

2172 2247 2377 2311 quanto
2416 2239 2769 2305 insolentius,
2799 2239 2943 2312 quod
2975 2256 3084 2296 non
3134 2251 3336 2313 preter
3385 2243 3611 2299 modum
3638 2245 3753 2299 acd-

2173 2330 2338 2395 derit,
2364 2330 2505 2386 ultra
2537 2332 2759 2388 modum
2789 2331 3014 2389 dolere?

2245 2425 2336 2481 50.
2377 2424 2622 2482 Gentiles
2650 2426 2977 2498 plerumque
2999 2442 3060 2483 se
3087 2427 3451 2484 consolantur
3474 2430 3611 2496 viri,
3640 2430 3665 2467 ἀ
3686 2430 3748 2485 vel

2172 2519 2242 2577 de
2266 2520 2660 2577 communitate
2688 2535 2945 2577 aerumna:
2967 2564 2981 2587 ,
3013 2520 3102 2577 vel
3137 2521 3208 2577 de
3231 2520 3361 2593 jure
3389 2532 3605 2580 natura:
3624 2565 3639 2589 ,
3684 2524 3748 2579 rel

2110 2633 2115 2641 ·
2172 2612 2241 2669 de
2272 2612 2684 2670 immortalitate
2707 2614 2924 2669 animae.
2957 2613 3169 2682 Quibus
3200 2615 3415 2670 utinam
3446 2631 3749 2673 sermocou-

2173 2716 2377 2776 staret,
2405 2723 2471 2763 ac
2501 2723 2607 2765 non
2638 2708 2894 2765 miseram
2921 2709 3162 2763 animam
3213 2710 3270 2765 in
3302 2710 3462 2766 varia
3498 2720 3747 2781 portento-

2173 2816 2294 2857 rum
2326 2800 2558 2857 ludibria
2591 2801 2902 2875 formasque
2927 2802 3421 2861 trausfunderent!
3453 2805 3596 2875 Quid
3618 2806 3748 2876 igitur

2174 2914 2273 2955 nos
2293 2899 2471 2957 facere
2491 2909 2739 2972 oportet,
2771 2915 3002 2971 quorum
3046 2900 3396 2971 stipendium
3447 2902 3745 2958 resurreuio

2169 2993 2293 3049 est?
2342 2994 2498 3065 cujus
2542 2994 2771 3065 gratiam
2819 2994 3076 3066 quoniam
3104 2984 3330 3068 ‘negare
3363 2996 3612 3069 plerique
3660 3012 3742 3053 Ml

2168 3094 2428 3157 possunt,
2462 3084 2622 3143 fidem
2651 3086 2914 3143 abnuunt.
2946 3086 3018 3143 Et
3044 3086 3172 3145 ideo
3216 3103 3346 3145 eam
3392 3106 3512 3147 non
3556 3108 3657 3148 uno
3676 3107 3742 3147 ar-

671 3191 741 3246 Et
762 3202 909 3245 mors
940 3182 1159 3259 quidem
1200 3183 1254 3239 in
1296 3190 1490 3238 natura
1519 3195 1629 3257 non
1659 3180 1783 3248 fuit,
1806 3180 1904 3237 sed
1930 3195 2065 3237 con-
2095 3154 2142 3220 C
2171 3154 2431 3254 gumento
2459 3181 2642 3255 aliquo
2666 3223 2683 3247 ,
2708 3182 2804 3239 sed
2832 3182 3075 3254 pluribus
3103 3183 3315 3253 modis,
3350 3194 3416 3241 ut
3445 3201 3742 3257 possumus,

465 3300 624 3342 versa
673 3292 760 3341 est
800 3282 856 3337 in
887 3287 1174 3344 naturam;
1205 3290 1311 3332 non
1354 3275 1501 3331 enim
1548 3289 1578 3328 a
1620 3273 1887 3344 principio
1921 3272 2069 3330 Deus

468 3388 703 3436 mortem
733 3375 994 3439 instituit,
1027 3372 1125 3429 sed
1154 3387 1254 3442 pro
1286 3368 1531 3427 remedio
1581 3367 1754 3425 dedit.
1790 3368 1860 3424 Et
1884 3367 2068 3425 consi-

461 3474 720 3531 deremus
751 3485 823 3526 ne
860 3467 1113 3524 videatur
1134 3479 1257 3522 esse
1300 3462 1663 3519 contrarium.
1713 3461 1848 3518 Nam
1880 3462 1925 3518 si
1966 3461 2065 3518 bo-

464 3582 593 3623 num
615 3573 702 3622 est
728 3577 900 3629 mors,
928 3577 1029 3617 cur
1060 3557 1328 3629 scriptum
1354 3565 1456 3624 est,
1508 3556 1635 3627 quia
1665 3554 1808 3611 Deus
1847 3566 2063 3611 mortem

461 3677 566 3716 non
591 3659 714 3732 fecit
747 3674 766 3711 :
795 3656 884 3712 sed
911 3653 1116 3709 malitia
1142 3652 1413 3707 hominum
1456 3667 1597 3706 mors
1625 3650 1855 3705 introivit
1877 3651 1931 3705 in
1975 3667 2061 3705 or-

462 3753 576 3807 bem
597 3761 852 3807 terrarum
885 3747 1041 3819 (Sap.
1076 3763 1115 3811 ι,
1141 3746 1244 3812 l3;
1267 3761 1328 3811 ιι,
1357 3743 1474 3814 24).
1508 3743 1715 3800 Revera
1744 3743 1891 3800 enim
1913 3759 2062 3801 mors

461 3844 651 3902 divino
680 3842 837 3915 operi
863 3837 1173 3896 necessaria
1205 3853 1315 3893 non
1358 3835 1498 3903 fuit,
1538 3851 1661 3893 cum
1702 3836 1757 3892 in
1806 3836 2062 3906 paradiso

456 3939 648 4011 positis
671 3938 943 3994 bonorum
965 3932 1210 3989 omnium
1248 3931 1396 4004 jugis
1438 3945 1730 3988 successus
1775 3929 2056 3998 afﬂueret;

459 4031 559 4088 sed
585 4026 1042 4103 praevaricatione
1061 4024 1317 4082 damnata
1342 4024 1398 4079 in
1429 4023 1621 4080 labore
1650 4022 1935 4091 diuturno,
1969 4039 2062 4095 ge-

459 4126 704 4197 mituque
729 4121 1077 4180 intolerando
1099 4120 1209 4176 vita
1236 4118 1525 4176 hominum
1546 4119 1717 4191 cmpit
1740 4134 1863 4176 esse
1890 4120 2058 4176 mise-

460 4219 688 4277 rabilis:
721 4218 1025 4289 debuitque
1053 4214 1174 4270 dari
1196 4212 1325 4271 finis
1348 4214 1642 4279 malorum,
1668 4221 1727 4268 ut
1749 4226 1898 4268 mors
1936 4227 2057 4269 res-

2170 3285 2498 3330 astruamus.

2241 3368 2332 3425 5t.
2376 3368 2446 3423 Et
2469 3368 2689 3441 quidem
2730 3370 2913 3425 omnia
2940 3378 3035 3425 aut
3063 3384 3205 3437 usu,
3253 3383 3353 3429 aut
3382 3375 3631 3440 ratione,
3673 3382 3741 3431 ast

2167 3460 2418 3533 exemplo
2439 3503 2455 3530 ,
2485 3470 2581 3517 aut
2603 3476 2671 3518 eo
2692 3462 2818 3534 quia
2842 3461 3101 3519 decorum
3126 3463 3204 3520 sit
3226 3479 3291 3520 ea
3318 3480 3450 3523 esse
3469 3511 3486 3533 ,
3512 3467 3634 3523 ideo
3650 3482 3745 3523 esse

2165 3558 2500 3625 creduntur;
2540 3569 2594 3615 et
2620 3558 2687 3615 ad
2719 3559 2882 3616 ﬁdem
2919 3559 3136 3632 singula
3166 3560 3574 3633 suD‘raganlur.
3604 3563 3745 3625 Usus.

2162 3651 2286 3724 quia
2320 3667 2637 3709 movemur:
2686 3653 2862 3721 ratio,
2905 3653 3028 3724 quia
3073 3654 3223 3725 quod
3272 3666 3504 3723 movet,
3558 3658 3747 3713 virtutis

2160 3743 2383 3802 alterius
2412 3745 2667 3802 convenit
2710 3746 3001 3803 aestimari:
3033 3748 3356 3820 exemplum
3376 3791 3394 3816 ,
3443 3752 3577 3823 quia
3599 3767 3739 3823 gene-

2161 3838 2305 3894 ravit
2332 3851 2461 3909 ager
2490 3836 2702 3909 fruges,
2734 3845 2792 3894 et
2836 3836 2962 3895 ideo
2990 3850 3389 3910 generaturum
3418 3857 3548 3900 esse
3568 3859 3743 3915 prasa-

2162 3929 2390 3986 mimus:
2420 3929 2678 3987 decorum
2698 3971 2714 3998 ,
2747 3929 2878 4002 quia
2898 3940 2955 3987 et
2979 3930 3070 3987 ubi
3099 3931 3337 3988 fructum
3361 3949 3472 3991 non
3499 3947 3741 4006 putamus,

2159 4022 2361 4081 decere
2406 4031 2585 4080 tamen
2632 4023 2940 4091 credimus,
2994 4033 3056 4080 ut
3100 4025 3322 4083 virtutis
3348 4042 3525 4100 opera
3552 4029 3743 4086 minitas

2159 4115 2498 4173 deseramus.
3268 4138 3273 4144 ·

2230 4206 2323 4265 82.
2362 4207 2584 4278 Singula
2616 4207 2781 4281 igitur
2809 4209 3038 4283 singulis
3064 4219 3413 4271 astruuutur.
3448 4215 3645 4272 Tribus
3674 4225 3736 4269 ta-

457 4314 702 4376 titueret,
752 4308 899 4380 quod
952 4308 1062 4362 vita
1115 4307 1392 4363 amiserat.
1436 4304 1872 4361 blmmortalitas
1909 4304 2055 4361 enim
2159 4316 2284 4358 men
2309 4301 2616 4359 evidentius
2641 4302 2918 4376 colligitur
2965 4307 3399 4363 resurrectionis
3440 4309 3611 4377 fides,
3640 4307 3737 4381 qui

457 4403 614 4460 oneri
647 4402 831 4474 potius
852 4415 1018 4472 quam
1042 4400 1167 4455 usui
1195 4407 1300 4465 est,
1326 4399 1432 4454 nisi
1457 4399 1666 4470 aSpiret
1692 4397 1890 4471 gratia.
2157 4395 2258 4452 bus
2307 4396 2490 4452 omnia
2542 4396 3122 4468 comprehenduntur:
3176 4399 3433 4464 ratione,
3488 4400 3733 4458 universi-

526 4487 620 4552 l8.
660 4493 731 4550 Et
770 4492 817 4548 si
859 4491 1002 4549 bene
1043 4491 1335 4556 discutias,
1376 4505 1485 4546 non
1523 4499 1731 4546 naturae
1760 4506 1909 4547 mors
1950 4490 2051 4548 ista
2077 4540 2132 4602 Β
2157 4488 2284 4543 tatis
2311 4488 2611 4560 exemplo,
2642 4489 2961 4595 testimonio
3007 4491 3090 4548 rei
3133 4500 3343 4563 gestae;
3375 4495 3505 4566 quia
3545 4492 3735 4565 plurimi

454 4596 560 4655 est,
590 4586 688 4644 sed
724 4583 983 4651 malitiae;
1022 4589 1208 4639 manet
1251 4581 1398 4639 enim
1441 4590 1659 4652 natura,
1699 4583 1906 4639 malitia
1935 4598 2054 4640 mo-
2080 4581 2130 4602 "
2155 4590 2533 4641 surrexerunt.
2561 4582 2724 4638 Ratio
2745 4581 2973 4640 evidens
2988 4593 3106 4651 est;
3130 4586 3260 4657 quia
3285 4602 3417 4644 cum
3434 4589 3613 4645 omnis
3629 4588 3735 4642 vita:

453 4683 613 4738 ritur.
643 4676 903 4750 Rcsurgit
926 4675 1072 4749 quod
1103 4675 1201 4731 fuit
1239 4684 1446 4748 :atque
1468 4675 1674 4731 utinam
1718 4684 1777 4732 ut
1788 4676 1900 4748 jam
1928 4693 2055 4749 pec-
2156 4688 2356 4734 nostra).
2388 4691 2521 4733 usus
2566 4675 2622 4732 in
2675 4677 2927 4747 corporis
2957 4677 3269 4751 animaeque
3314 4683 3602 4738 consortio
3644 4683 3727 4740 sit.

452 4772 612 4829 candi
644 4769 902 4835 liberum,
933 4767 1008 4822 ita
1040 4781 1269 4823 vacuum
1307 4766 1483 4840 culpte
1515 4767 1715 4838 prioris
1742 4768 1756 4821 !
1798 4767 1906 4824 Sed
1947 4767 2052 4827 hoc
2154 4770 2486 4829 resurrectio
2513 4778 2695 4826 autem
2723 4780 2819 4826 aut
2858 4770 2987 4827 boni
3018 4779 3173 4829 actus
3211 4774 3503 4845 praemium
3536 4775 3731 4837 habeat,

450 4866 628 4937 ipsum
684 4861 887 4920 indicio
931 4870 1019 4917 est
1071 4868 1302 4917 mortem
1333 4874 1442 4916 non
1482 4875 1607 4918 esse
1646 4868 1881 4931 naturas,
1922 4863 2049 4934 quia
2152 4873 2249 4921 aut
2285 4879 2500 4936 poenam
2529 4864 2805 4936 improbi;
2837 4878 3064 4921 necesse
3091 4867 3167 4922 sit
3193 4882 3403 4939 corpus
3430 4883 3731 4942 resurgere.

448 4958 612 5015 iidem
652 4956 880 5022 erimus,
935 4952 1031 5025 qui
1073 4950 1296 5010 fuimus.
1325 4953 1514 5024 Itaque
1558 4962 1655 5010 aut
1701 4964 2046 5026 peccatorum
2151 4957 2308 5030 cujus
2330 4966 2486 5014 actus
2515 4955 2866 5028 expenditur.
2898 4954 3189 5025 Quomodo
3230 4960 3385 5016 enim
3415 4961 3467 5017 in
3491 4961 3731 5032 judicium

446 5159 579 5217 Luc.
604 5161 708 5236 lib.
733 5175 813 5226 γι,
845 5174 997 5215 ιιιιιιι.
1054 5157 1175 5225 108,
1207 5166 1263 5214 ει
1311 5165 1553 5214 nostram
1583 5156 1651 5213 ad
1675 5173 1801 5216 eum
1859 5160 2039 5218 locum

2180 5180 2202 5217 τι
2236 5163 2368 5236 vile
2398 5161 2786 5236 animalculum
2848 5163 3255 5236 transformari,
3304 5180 3472 5236 quam
3549 5169 3729 5225 diutius

448 5232 804 5310 notationem.
1118 5299 1140 5310 _
1249 5297 1278 5310 γ’
1538 5308 1545 5310 Α
1621 5301 1634 5310 _
2145 5232 2404 5310 hum_anis
2430 5233 2728 5310 molestiis,
2760 5242 2938 5310 atque
2954 5235 3215 5310 aerumnis
3245 5232 3374 5310 esse
3426 5240 3725 5296 obnoxium.

519 5312 546 5342 ι
569 5302 681 5381 Hoc
703 5304 825 5360 loco
845 5311 900 5381 e_t
930 5315 1085 5381 usum
1115 5299 1310 5381 frontis
1328 5313 1397 5381 ac
1432 5301 1666 5381 pectoris
1696 5315 1860 5381 cruce
1898 5318 2035 5381 con-
2150 5375 2172 5381 _
2218 5317 2239 5344 ε
2269 5304 2337 5381 In_
2362 5305 2501 5375 psal.
2540 5299 2871 5381 cvnrserm'.
2910 5306 3004 5381 20.
3038 5322 3190 5362 num.
3224 5308 3316 5373 12.
3373 5312 3630 5381 quosdam
3666 5312 3727 5366 de

446 5375 835 5447 signandorum
868 5372 1169 5447 indicatum
1197 5371 1389 5447 voluit,
1434 5377 1494 5447 ει
1516 5386 1546 5447 a
1578 5372 1827 5441 precibus
1858 5376 2034 5447 saeri-
2143 5371 2380 5432 Joannis
2400 5385 2581 5447 morte
2609 5376 2889 5433 dubitasse
2931 5378 3005 5433 ita
3042 5371 3333 5447 memorat,
3387 5371 3449 5437 ἰιι
3473 5398 3534 5439 εε
3558 5384 3619 5440 de
3645 5383 3723 5438 illa

443 5440 625 5502 licium
670 5460 778 5499 non
821 5441 1079 5519 ambigue
1119 5442 1386 5519 distinxit.
1582 5440 1890 5519 utrumque
1925 5444 2037 5500 fre-
2143 5455 2355 5519 certum
2390 5446 2555 5502 fuisse
2596 5447 2800 5519 liquido
2833 5454 3044 5517 prodat.

443 5530 620 5594 quens
662 5529 786 5571 esse
840 5515 984 5585 apud
1040 5514 1384 5569 Ambrosium
1417 5515 1618 5583 smpius
1666 5523 1793 5570 ante
1840 5514 2032 5572 obser-
2212 5516 2240 5555 ἀ
2285 5518 2386 5594 llic
2411 5514 2989 5594 paucisgcontraliitur,
3015 5521 3284 5594 quidquid
3319 5525 3724 5594 prapbaniauc.

444 5589 726 5659 vavimuss
896 5656 944 5659 η
1152 5654 1166 5659 Δ
1204 5655 1221 5659 Α
1253 5656 1265 5659 _
1325 5654 1339 5659 _
1454 5654 1514 5659 __
1545 5655 1558 5659 Α
1659 5655 1671 5659 Α
2144 5599 2293 5646 tores
2340 5588 2421 5645 de
2455 5590 2649 5645 mortis
2692 5588 3072 5659 aequanimiter
3099 5588 3339 5650 ferendae
3364 5588 3545 5651 causis
3569 5593 3722 5650 tradi-

512 5655 828 5732 b_A|_ludere
857 5656 1076 5732 videtur
1101 5654 1168 5711 ad
1197 5654 1431 5710 fabulam
1454 5654 1699 5723 Tithoni,
1718 5672 1882 5732 quem
1914 5673 2037 5716 cum
2121 5661 2277 5732 dere.
2306 5660 2428 5730 Qua
2481 5660 2552 5716 de
2582 5675 2643 5718 re
2670 5654 2883 5717 consuli
2914 5676 3143 5732 possunt
3171 5661 3372 5720 Cicero
3400 5666 3495 5721 lib.
3524 5665 3717 5722 t'l’usc.

441 5722 765 5806 ei_:fet_byos
808 5725 1080 5806 beneﬁcio
1133 5740 1450 5806 concessum
1513 5722 1690 5806 esset;
1717 5722 2039 5806 iinniorta_li-
2119 5722 2422 5806 Quaestfet
2445 5733 2501 5787 in
2527 5722 2927 5806 consolatione
2950 5748 3118 5806 super
3143 5735 3301 5792 obitu
3327 5735 3484 5804 ﬁlim,
3514 5737 3715 5793 Plutar-

440 5792 573 5847 tatis
599 5790 824 5861 donum,
848 5795 979 5850 vita
1009 5804 1218 5853 tantum
1247 5795 1522 5854 fastidium
1552 5800 1723 5870 cepit,
1757 5809 1816 5856 ut
1847 5801 2041 5859 mallet
2121 5790 2260 5860 chus
2284 5802 2356 5859 de
2381 5800 2667 5861 Consolat.
2702 5806 2768 5860 ad
2798 5790 3262 5879 Apoll.,'aliique.

408 6038 507 6103 "is
