3932 6296
215 349 347 407 15ὶ9

1099 357 1184 413 DE
1231 355 1544 416 EXCESSU
1587 359 1885 417 FRATRIS
1926 361 2039 418 SUI
2079 361 2334 419 SATYRI
2372 362 2502 420 LIB.
2548 364 2616 420 ll.

3372 369 3514 426 1550

211 464 488 521 vocabitur
559 468 741 522 anima
803 469 924 524 sine
988 485 1254 540 corpore,
1301 485 1423 525 cum
1478 471 1548 527 de
1600 487 1702 528 suo
1751 481 1804 527 et
1838 476 1889 535 Α
1984 473 2076 529 56.
2107 474 2247 542 Quid
2283 475 2445 546 igitur
2475 476 2693 532 miraris
2721 477 2763 532 si
2805 477 3088 546 homines,
3122 498 3262 553 quos
3288 499 3518 556 accepe—

209 559 454 628 corporis
485 561 849 617 contubernio
880 562 1021 616 ratio
1065 562 1372 634 praestanda
1403 564 1516 618 sit?

275 653 364 708 55.
414 651 767 709 Resurrcctio
798 657 1051 710 omnibus
1079 655 1340 710 attributa
1385 666 1497 711 est:
1531 656 1628 732 sed
1673 656 1798 712 ideo

207 742 428 799 difficile
476 745 751 814 creditur,
800 755 824 783 ³
877 747 1142 818 quianon
1195 757 1442 803 nostrum
1496 748 1750 804 meritum
1779 790 1793 815 ,

205 835 298 892 sed
328 837 421 892 Dei
460 853 660 893 munus
682 847 786 894 est.
819 838 1001 895 Prima
1030 840 1193 912 igitur
1216 840 1636 896 resurrectionis
1663 840 1796 897 fides

205 945 331 987 usus
357 941 442 986 est
473 932 658 987 mundi
683 973 698 999 ,
732 949 1029 1005 rerumque
1059 945 1232 990 status
1254 935 1494 989 omnium
1519 975 1533 999 ,
1565 949 1786 1005 genera-

203 1027 404 1081 tionum
435 1028 608 1083 series
629 1069 646 1095 ,
671 1029 1082 1084 successionum
1119 1029 1263 1084 vices
1282 1072 1296 1096 ,
1323 1029 1508 1084 obitus
1531 1039 1795 1100 ortusque

201 1120 507 1190 signorum,
541 1119 654 1176 diei
687 1130 742 1176 et
778 1122 957 1177 noctis
989 1136 1250 1186 occasus,
1286 1137 1586 1190 eorumque
1613 1122 1794 1191 quoti—

198 1209 283 1266 die
310 1222 584 1282 tamquam
604 1211 845 1268 rediviva
871 1214 1172 1269 successio.
1200 1213 1792 1282 Tetnperamentiquo-

197 1318 300 1375 que
322 1305 576 1374 genitalis
623 1304 785 1376 hujus
823 1314 983 1361 terra:
1017 1305 1176 1361 aliter
1218 1308 1358 1360 ratio
1406 1303 1634 1360 subesse
1683 1319 1789 1359 non

198 1408 410 1469 posset,
459 1398 561 1454 nisi
593 1398 843 1456 humoris
873 1400 1048 1472 ipsius
1075 1415 1184 1472 quo
1215 1400 1394 1456 omnia
1428 1410 1642 1456 terrena
1691 1414 1789 1471 ge-

198 1501 487 1556 nerantur,
525 1504 788 1564 quantum
831 1494 1014 1550 diurni
1049 1495 1183 1552 solis
1233 1505 1398 1550 :rstus
1427 1505 1788 1566 excoqueret,

196 1593 400 1640 tantum
433 1601 556 1642 rore
585 1596 857 1643 nocturno
903 1588 1199 1658 dispo.~itio
1252 1587 1438 1643 divina
1488 1598 1789 1658 repararet.

195 1679 326 1735 Nam
353 1681 482 1752 quid
515 1680 582 1736 de
614 1681 879 1736 fructibus
908 1683 1142 1753 loquar?
1172 1681 1364 1738 Nonne
1403 1682 1496 1739 tibi
1543 1683 1795 1738 videntur

193 1776 474 1842 occidere,
519 1793 642 1831 cum
694 1777 984 1833 decidunt:
1039 1793 1359 1850 resurgere,
1393 1793 1517 1834 cum
1560 1779 1795 1834 revires-

1906 567 2010 633 rit,
2035 577 2178 621 terra
2209 567 2495 634 restituat;
2520 583 2644 623 cum
2675 569 2944 625 seminum
2968 585 3199 642 corpora
3229 589 3512 645 qumcum-

1904 673 2012 729 que
2036 662 2370 727 susceperit,
2403 659 2677 728 vivificet,
2727 662 2934 734 erigat,
2983 664 3221 732 vestiat,
3271 668 3520 733 muniat,

1903 760 2068 822 atque
2099 752 2397 809 defendat?
2427 755 2623 810 Desine
2652 771 2782 826 ergo
2811 756 3065 813 dubitare
3106 759 3252 830 quod
3285 759 3512 831 deposi-

1903 855 2015 901 tum
2045 847 2268 917 generis
2299 847 2522 902 humani
2553 857 2713 904 teme
2755 847 2892 906 fides
2913 851 3141 919 reddat,
3192 868 3313 923 quae
3352 868 3516 910 com-

1902 940 2158 995 mendata
2188 941 2292 996 sibi
2319 942 2531 997 semina
2557 943 2806 998 usurario
2849 944 3086 1014 quodam
3119 945 3312 1003 fenore
3361 949 3510 1002 mul-

1901 1033 2138 1102 tiplicata
2174 1033 2450 1089 restituat.
2483 1033 2618 1089 Nam
2663 1034 2793 1106 quid
2825 1035 2893 1091 de
2923 1037 3219 1108 generibus
3247 1040 3512 1096 arborum

1900 1126 2093 1198 loquar
2117 1168 2132 1193 ,
2169 1138 2190 1164 ο
2223 1143 2342 1197 quae
2366 1127 2543 1197 posito
2568 1137 2798 1200 surgunt
2823 1128 2892 1184 de
2919 1130 3160 1197 semine,
3189 1132 3510 1204 fructusque

1898 1218 2171 1274 resolutos
2201 1219 2443 1275 rediviva
2473 1219 2807 1277 fecunditate
2832 1222 3170 1278 resuscitant
3189 1265 3202 1289 ,
3235 1233 3289 1279 et
3315 1223 3507 1280 formae

1899 1313 2073 1368 veteri
2106 1322 2268 1384 atque
2297 1313 2517 1384 imagini
2549 1329 2665 1370 sua:
2704 1314 2976 1382 reddunt,
3007 1316 3320 1384 multasque
3369 1326 3504 1372 acta-

1899 1413 1978 1461 tes
2005 1405 2254 1477 quaedam
2277 1406 2533 1461 arborum
2559 1420 2794 1478 corpora
2817 1416 3068 1478 reparata
3094 1409 3507 1474 transmittunt;

1899 1507 1957 1553 ut
1979 1499 2094 1568 ipsa
2116 1498 2370 1554 durando
2394 1499 2617 1554 vincant
2643 1499 2843 1555 saecula
2865 1501 2888 1552 ?
2910 1500 3238 1557 Putrescere
3255 1500 3505 1557 videmus

1896 1591 2145 1659 acinum,
2179 1591 2344 1646 vitem
2401 1606 2724 1661 resurgere:
2757 1592 3014 1648 surculus
3059 1593 3354 1660 inseritur,
3412 1609 3501 1648 aro

1900 1683 2002 1738 bor
2029 1684 2354 1740 renascitur.
2383 1686 2464 1738 An
2497 1683 2568 1740 de
2615 1684 2935 1754 reparandis
2979 1685 3270 1742 arboribus
3310 1685 3498 1741 divina

1899 1786 1984 1832 est
2005 1776 2343 1846 providentia
2368 1819 2383 1840 ,
2408 1777 2476 1832 de
2501 1775 2817 1834 hominibus
2838 1777 2986 1833 nulla
3017 1793 3145 1834 cura
3167 1780 3191 1832 ?
3219 1779 3288 1834 Et
3312 1780 3404 1850 qui
3437 1795 3500 1834 ea

131 1920 134 1922 ν
200 1869 368 1922 cunt?
414 1867 564 1935 Quod
614 1878 794 1924 satum
845 1880 962 1934 est,
998 1873 1273 1941 resurgit:
1321 1872 1463 1942 quod
1521 1880 1793 1927 mortuum
1823 1897 1871 1956 Β
1899 1884 2022 1942 qua:
2050 1870 2116 1924 ad
2140 1885 2272 1925 usus
2295 1869 2576 1925 hominum
2605 1870 2788 1939 dedit,
2810 1871 2992 1942 perire
3022 1887 3131 1927 non
3162 1887 3355 1942 passus
3377 1879 3497 1937 est;

192 1968 274 2015 est
300 2002 313 2024 ,
348 1962 585 2032 resurgit
612 1979 626 2028 ;
663 1972 717 2017 ct
747 1963 801 2017 in
832 1963 1024 2018 eadem
1065 1979 1266 2035 genera
1293 2007 1307 2031 ,
1343 1966 1394 2019 in
1419 1965 1640 2021 easdem
1670 1981 1792 2037 spc-

191 2054 299 2109 cics
322 2055 677 2111 reformatur.
708 2056 818 2112 Hos
843 2066 988 2113 terra
1019 2059 1254 2128 primum
1288 2057 1525 2114 reddidit
1557 2058 1787 2125 fructus,

195 2146 248 2199 in
282 2147 366 2202 his
397 2148 632 2217 primum
683 2159 874 2205 natura
911 2161 1094 2206 nostra
1139 2151 1377 2222 speciem
1430 2153 1788 2208 resurrectio-

187 2239 272 2293 nis
295 2239 506 2296 imitata
536 2251 642 2298 est.

255 2330 346 2385 54.
379 2331 518 2400 Quid
548 2334 770 2390 dubitas
819 2335 888 2390 de
930 2351 1161 2407 corpore
1193 2353 1397 2409 corpus
1451 2340 1787 2410 resurgere?

184 2422 423 2478 Granum
455 2425 660 2480 seritur
681 2467 696 2493 ,
727 2443 952 2496 granum
986 2431 1252 2500 resurgit:
1285 2446 1504 2500 pomum
1540 2431 1780 2496 decidit,

185 2532 402 2587 pomum
432 2520 702 2590 resurgit;
735 2521 828 2576 sed
873 2522 1009 2577 flore
1055 2538 1281 2594 granum
1325 2525 1598 2591 induitur,
1633 2524 1780 2580 folli-

183 2610 419 2680 culoque
449 2611 717 2666 vestitur:
750 2612 813 2666 Et
843 2614 939 2668 hoc
968 2616 1186 2671 mortale
1220 2615 1436 2688 1148
1463 2625 1660 2684 oportet
1698 2618 1781 2672 in-

183 2702 337 2756 duere
396 2704 872 2771 immortalitatem,
919 2718 969 2761 et
1015 2709 1112 2762 hoc
1172 2709 1510 2778 corruptibile
1563 2710 1778 2764 induere

181 2797 622 2868 incorruptionem
652 2798 708 2869 (1
757 2799 878 2854 Cor.
913 2817 1001 2868 xv,
1035 2801 1163 2873 55).
1196 2802 1321 2857 Flos
1347 2804 1768 2875 resurrectionis

180 2889 563 2946 immortalitas
590 2901 708 2957 est,
743 2891 843 2948 llos
867 2894 1289 2950 resurrectionis
1309 2895 1648 2967 incorruptio
1669 2907 1773 2953 est.

179 2982 318 3050 Quid
369 2985 516 3041 enim
551 2985 775 3042 uberius
821 2987 1010 3058 quiete
1040 2991 1343 3060 perpetua?
1373 2989 1502 3060 quid
1535 2991 1777 3060 locuple-

183 3080 288 3135 tius
319 3082 614 3138 securitate
646 3081 948 3138 diuturna?
981 3083 1079 3139 Hic
1100 3093 1184 3139 est
1207 3084 1494 3153 multiplex
1529 3083 1773 3151 fruetus,

180 3178 340 3249 cuius
372 3189 640 3251 proventu
669 3179 902 3251 pullulat
933 3179 1221 3236 fecundior
1252 3179 1529 3236 hominum
1581 3189 1774 3236 natura

176 3284 298 3346 post
324 3283 575 3331 mortem.

248 3365 340 3420 55.
381 3366 487 3422 Sed
519 3365 735 3422 miraris
782 3365 1244 3437 quemadmodum
1302 3364 1608 3434 putrefacta
1640 3366 1772 3420 soli-

173 3457 375 3514 dentur
395 3497 413 3526 ,
441 3457 689 3528 dispersa
717 3467 941 3526 coeant,
975 3459 1260 3528 absumpta
1284 3467 1636 3528 reparentur,
1664 3475 1772 3514 non

174 3556 394 3612 miraris
419 3554 881 3626 quemadmodum
913 3557 1122 3610 semina
1153 3569 1357 3624 vapore
1379 3565 1435 3608 et
1455 3569 1772 3623 compressu

95 3697 100 3702 .
173 3661 334 3705 terra:
362 3649 541 3705 soluta
565 3648 914 3706 viridescant.
955 3648 1091 3705 Nam
1121 3649 1308 3718 utique
1329 3649 1494 3704 etiam
1525 3649 1639 3716 ipsa
1667 3657 1771 3703 ter-

171 3757 309 3799 reno
338 3743 537 3798 coalitu
585 3742 885 3815 putrefacta
932 3743 1251 3808 solvuntur,
1285 3752 1344 3797 et
1387 3757 1512 3797 cum
1542 3744 1572 3786 ιι
1599 3756 1773 3797 occa:-

171 3846 293 3890 cata
341 3845 399 3891 et
441 3843 657 3890 mortua
706 3835 810 3890 soli
858 3834 1110 3904 genitalis
1159 3849 1358 3889 succus
1409 3834 1769 3898 animaverit,

168 3930 404 3999 quodam
436 3931 618 3985 calore
647 3929 800 3984 vitali
829 3929 1079 3999 spiritum
1104 3928 1392 3996 quemdam
1428 3928 1612 3984 herba:
1641 3929 1767 3982 viri-

169 4022 350 4078 dantis
385 4022 664 4078 exhalant.
712 4021 922 4077 Deinde
979 4020 1240 4091 paulatim
1301 4030 1548 4076 teneram
1605 4021 1771 4090 Spicze

168 4115 536 4171 adolescentis
558 4124 778 4170 aetatem
803 4114 984 4168 culmo
1011 4113 1200 4183 erigit,
1236 4123 1284 4167 et
1315 4113 1523 4183 vaginis
1545 4114 1771 4183 quibus-

166 4208 292 4262 dam
324 4217 513 4263 natura
544 4219 816 4279 tamquam
857 4206 1048 4261 sedula
1078 4217 1250 4260 mater
1279 4206 1541 4271 includit;
1573 4222 1642 4261 ne
1671 4221 1770 4275 pu-

170 4302 481 4358 bescentem
511 4303 712 4373 glacies
737 4301 934 4356 adurat
962 4315 1187 4372 aSpera,
1220 4310 1384 4370 atque
1413 4316 1441 4355 a
1473 4301 1644 4356 nimio
1671 4314 1764 4354 so-

167 4395 235 4452 lis
288 4395 544 4451 defendat
590 4395 825 4451 ardore:
875 4393 1086 4464 frugem
1129 4409 1347 4464 quoque
1388 4394 1558 4464 ipsam
1591 4392 1768 4448 adhuc

164 4490 321 4560 quasi
350 4489 537 4560 primis
576 4498 954 4559 erumpentem
985 4487 1305 4550 cunabulis.
1340 4503 1466 4543 mox
1525 4487 1765 4543 adultam

166 4599 239 4639 ne
269 4583 443 4653 pluvia
467 4582 738 4649 decutiat,
770 4597 838 4636 ne
866 4597 997 4635 aura
1022 4580 1325 4651 dispergat,
1360 4597 1427 4635 ne
1449 4581 1637 4636 avium
1664 4581 1766 4636 mi-

1899 1964 2173 2021 hominem
2200 1964 2378 2035 perire
2397 1965 2656 2035 patietur,
2670 1981 2830 2033 quem
2852 1964 2917 2020 ad
2939 1966 3228 2036 imaginem
3247 1966 3332 2021 sui
3350 1965 3506 2022 fecit?

1963 2057 2053 2113 57.
2097 2055 2207 2112 Sed
2240 2055 2565 2112 incredibile
2596 2055 2691 2110 tibi
2735 2055 2985 2121 videtur,
3017 2064 3079 2110 ut
3107 2057 3310 2113 mortui
3358 2057 3502 2113 revi-

1891 2149 2141 2205 viscant:
2175 2148 2442 2217 Insipiens
2471 2159 2526 2203 tu
2553 2150 2665 2219 ipse
2691 2149 2830 2219 quod
2858 2151 3106 2214 seminus,
3140 2165 3312 2204 nonne
3351 2149 3502 2219 prius

1889 2245 2110 2298 moritur
2134 2285 2148 2308 ,
2180 2253 2236 2296 ut
2261 2243 2546 2312 t'ivi/icetur
2597 2241 2772 2314 (Ibid.
2799 2283 2815 2306 ,
2841 2241 2983 2311 56)?
3013 2241 3149 2298 Sere
3194 2243 3496 2313 quemlibet

1889 2334 2124 2390 fructum
2158 2344 2432 2399 arentem,
2469 2336 2848 2388 resuscitatur.
2898 2332 3006 2389 Sed
3050 2333 3216 2389 habet
3247 2336 3493 2389 succum.

1889 2429 1956 2484 Et
2003 2435 2250 2482 nostrum
2278 2441 2479 2497 corpus
2515 2427 2680 2482 habet
2724 2427 3045 2498 sanguinem
3076 2443 3236 2484 suum
3262 2470 3277 2496 ,
3333 2419 3502 2484 habet

1885 2520 2171 2574 humorem
2231 2535 2412 2580 suum.
2461 2518 2559 2573 Hie
2613 2519 2786 2572 nostri
2840 2532 3039 2574 succus
3087 2529 3183 2588 est,
3216 2521 3490 2591 corporis.

1885 2613 2042 2671 Unde
2071 2614 2201 2668 illud
2233 2628 2454 2685 quoque
2479 2612 2504 2649 ἀ
2533 2613 2821 2684 explosum
2845 2613 3117 2682 arbitror,
3153 2616 3298 2686 quod
3327 2631 3491 2671 aren-

1884 2720 1994 2763 tem
2022 2707 2302 2763 surculum
2331 2706 2550 2778 quidam
2584 2707 2914 2763 reviviscere
2941 2717 3178 2780 negant,
3213 2708 3374 2779 idque
3422 2710 3492 2764 ad

1884 2800 2262 2872 prmjudicium
2294 2800 2475 2856 carnis
2496 2799 2748 2857 derivare
2771 2800 3045 2856 nituntur.
3079 2800 3202 2855 Non
3223 2802 3370 2856 enim
3399 2816 3496 2855 ca-

1883 2912 1945 2951 ro
1975 2895 2128 2950 arida
2153 2937 2167 2960 ,
2197 2909 2320 2949 cum
2350 2908 2481 2948 caro
2512 2893 2694 2949 omnis
2723 2907 2755 2948 e
2783 2893 2912 2948 limo
2942 2894 3046 2957 sit,
3091 2893 3252 2948 limus
3281 2894 3336 2948 in
3385 2893 3493 2949 bu-

1882 3003 2069 3055 more,
2135 2988 2335 3042 humor
2389 2988 2625 3042 eterris.
2677 2986 2924 3057 Denique
2982 2986 3150 3040 multa
3209 2987 3493 3057 gignentia

1881 3083 2132 3152 quamvis
2166 3082 2278 3152 jugi
2327 3081 2678 3136 serenitatee
2711 3079 2880 3135 humo
2945 3079 3096 3135 arida
3144 3095 3492 3150 arenosaque

1884 3186 2221 3242 nascuntur;
2255 3176 2514 3247 quoniam
2545 3173 2663 3245 ipsa
2689 3173 2793 3228 sibi
2841 3184 2983 3230 terra
3017 3174 3303 3230 humorem
3333 3173 3493 3230 suffl-

1801 3281 1847 3343 (ς
1883 3271 1977 3327 cit.
2011 3269 2228 3343 1159
2261 3267 2277 3306 ί
2312 3267 2450 3323 Num
2483 3269 2644 3338 igitur
2675 3268 2729 3322 in
2763 3266 3076 3322 hominibus
3122 3277 3268 3322 terra
3319 3267 3485 3338 dege-

1884 3375 2075 3434 nerat,
2102 3381 2226 3435 qua:
2253 3364 2437 3419 omnia
2468 3377 2800 3432 regenerare
2835 3361 3162 3417 consuevit?
3193 3360 3350 3418 Unde
3374 3362 3490 3417 cla-

1884 3469 1969 3514 ret
2014 3474 2120 3513 non
2163 3472 2283 3512 esse
2309 3455 2666 3512 dubitandum
2717 3455 2860 3526 quod
2889 3455 3190 3512 secundum
3233 3465 3486 3512 naturam

1884 3552 2056 3621 magis
2081 3593 2095 3614 ,
2129 3564 2292 3619 quam
2324 3557 2515 3604 contra
2547 3557 2796 3603 naturam
2827 3557 2942 3614 est;
2985 3562 3052 3602 ex
3100 3556 3294 3602 natura
3335 3548 3484 3604 enim

1880 3654 1966 3702 est
1986 3659 2276 3716 resurgere
2303 3641 2587 3699 nascentia
2611 3641 2794 3697 omnia
2819 3682 2834 3708 ,
2865 3649 3062 3697 contra
3115 3651 3366 3697 naturam
3396 3651 3486 3697 est

1882 3740 2128 3794 interire.

1952 3831 2044 3888 58.
2075 3831 2335 3902 Sequitur
2378 3829 2509 3884 illud
2539 3827 2683 3900 quod
2711 3827 2947 3899 gentiles
2976 3829 3301 3898 plerumque
3347 3841 3482 3898 per-

1881 3925 2101 3991 turbat,
2129 3922 2405 3993 quomodo
2438 3922 2551 3976 ﬁeri
2585 3921 2756 3992 possit
2802 3929 2860 3976 ut
2913 3935 3052 3990 quos
3083 3935 3235 3976 mare
3285 3920 3477 3976 absor.

1880 4017 2092 4083 buerit,
2129 4027 2153 4063 ε
2184 4016 2315 4072 ferae
2345 4016 2796 4082 dilaceraverint,
2847 4015 3036 4070 bestire
3065 4014 3476 4077 devoraverint,

1880 4122 2028 4167 terra
2072 4110 2347 4167 restituat.
2389 4109 2509 4177 Quo
2555 4111 2625 4164 ita
2671 4108 2894 4165 demum
2943 4108 3198 4164 veniatur
3246 4122 3474 4164 necesse

1876 4214 1981 4268 est,
2006 4211 2065 4259 ttt
2089 4219 2198 4259 non
2221 4203 2289 4258 de
2317 4203 2422 4258 fide
2443 4201 2891 4267 resurrectionis,
2915 4200 3010 4256 sed
3039 4200 3108 4256 de
3138 4208 3290 4269 parte
3316 4199 3478 4255 dubi-

1879 4306 2039 4354 tetur.
2065 4297 2199 4354 Esto
2219 4297 2366 4353 enim
2393 4307 2454 4352 ut
2480 4296 2842 4353 laceratorum
2872 4310 3103 4366 corpora
3125 4291 3151 4330 ὶι
3168 4309 3274 4350 non
3291 4309 3479 4350 resur-

1876 4400 2004 4462 gant
2026 4434 2039 4456 ,
2073 4399 2367 4461 resurgunt
2387 4391 2606 4445 caeteri:
2644 4403 2748 4444 nec
2773 4388 3108 4443 resurrectio
3135 4387 3474 4454 destruitur,

1874 4487 1919 4542 si
1957 4484 2203 4540 conditio
2234 4484 2523 4556 excipitur.
2567 4481 2734 4538 Miror
2771 4490 2954 4537 tamen
2999 4497 3098 4536 cur
3143 4481 3227 4536 vel
3279 4479 3348 4536 de
3387 4480 3473 4537 his

1876 4577 2233 4634 dubitandum
2268 4585 2497 4647 putent,
2529 4575 2683 4644 quasi
2715 4588 2822 4630 non
2856 4573 3040 4628 omnia
3065 4589 3186 4644 quce
3216 4588 3281 4629 ex
3314 4573 3480 4629 terris

165 4690 366 4732 norum
419 4691 627 4730 morsus
681 4676 989 4744 interimat,
1047 4673 1188 4728 vallo
1237 4674 1526 4729 aristarum
1583 4675 1766 4746 sepire
1792 4685 1844 4744 1)
1871 4681 2030 4738 sunt,
2064 4671 2115 4726 in
2150 4681 2352 4725 terram
2383 4668 2643 4733 redeant,
2691 4677 2747 4722 et
2777 4667 2830 4722 in
2880 4675 3080 4722 terram
3129 4666 3475 4721 resolvantur

164 4771 472 4826 consuevit.

244 4920 270 4947 ⁸
312 4911 438 4966 Mss.
470 4909 704 4980 aliquot,
757 4908 878 4978 quia
929 4923 1089 4978 supra
1138 4917 1367 4961 nostrum
1397 4909 1636 4962 meritum
1672 4907 1768 4961 Dei

165 4999 360 5036 munus
388 4991 482 5035 est.

239 5053 266 5092 ι)
308 5053 434 5110 Vet.
464 5051 595 5107 edit.
631 5059 812 5105 occata
839 5048 973 5115 soli;
1025 5049 1218 5113 Rotn.,
1250 5059 1426 5104 accola
1472 5061 1520 5105 et
1564 5061 1769 5105 mortua

164 5126 303 5191 soli;
329 5140 518 5180 omnes
540 5138 675 5177 mss.
709 5139 740 5177 e
762 5121 1068 5187 contrario,
1098 5131 1383 5186 occwcata,
1414 5130 1520 5176 etc.
1548 5121 1767 5176 Minime

169 5199 351 5252 male:
383 5197 438 5250 fit
487 5195 629 5249 enim
670 5193 928 5247 frumenti
956 5193 1264 5252 occatione.
1302 5203 1356 5246 ut
1407 5193 1582 5261 ipsmn
1613 5193 1767 5263 quasi

165 5269 415 5323 tenebris
435 5275 763 5322 occmcalum
787 5273 948 5331 atque
970 5277 1291 5331 oppressum
1308 5305 1320 5326 ,
1353 5265 1453 5319 sub
1475 5264 1630 5334 gleba
1659 5279 1770 5317 mo-

165 5339 363 5393 riatur.
395 5337 535 5393 Infra
579 5353 708 5391 vero
739 5351 837 5403 pro
865 5333 1034 5388 herba:
1061 5335 1362 5395 viridantis,
1395 5333 1539 5405 quOd
1581 5344 1663 5389 est
1712 5336 1764 5389 in

163 5412 387 5466 Cunctis
416 5410 549 5463 edit.
597 5424 660 5461 ac
689 5422 820 5461 mss.
872 5405 1235 5476 quibusdam,
1284 5406 1374 5458 alii
1416 5421 1546 5461 mss.
1595 5407 1766 5460 multo

210 5483 361 5536 lures
391 5479 653 5544 efferunt,
710 5478 879 5531 herba:
908 5476 1216 5540 viridantes,
1272 5477 1487 5541 quidam
1507 5520 1521 5540 ,
1553 5478 1761 5531 virides.

211 5497 361 5536 Iures
391 5497 653 5544 euerunt,
710 5497 879 5531 ηενυιε
908 5497 1216 5540 υιτιααηιεδ,
1272 5497 1487 5541 (tntuam
1507 5520 1521 5540 ,
1553 5497 1761 5531 vmaes.

163 5497 440 5609 steterunt
476 5550 638 5620 hujus
662 5548 768 5603 loci
804 5563 925 5620 cum
958 5548 1209 5620 iis,_qu:e
1251 5547 1344 5620 lib.
1391 5563 1448 5602 Ill
1503 5547 1762 5620 l'lexaeni.

164 5639 293 5691 cap.
320 5625 384 5689 8,
418 5617 699 5700 nunilbi,
733 5618 1016 5700 traduntur
1056 5617 1124 5700 de
1145 5618 1544 5700 germinatione
1576 5618 1766 5672 herba-

166 5689 295 5751 rum
323 5737 335 5759 ,
366 5693 627 5748 studiosis
653 5705 762 5744 non
790 5689 1127 5760 eritingrata
1155 5689 1508 5760 comparatio.

250 5772 270 5802 δ
308 5765 522 5822 Allusio
545 5763 607 5817 fit
635 5761 700 5817 ad
730 5759 936 5830 Virgilii
967 5773 1184 5815 versum
1209 5776 1238 5816 e
1270 5759 1360 5817 lib.
1396 5778 1432 5817 tt
1460 5761 1694 5834 Georg:

362 5916 481 5964 Pars
507 5911 669 5964 autem
692 5913 848 5974 posito
871 5913 1081 5964 surgunt
1104 5910 1166 5958 de
1192 5909 1399 5970 semine;
1431 5919 1527 5966 etc.

1869 4764 2104 4837 (Eccles.
2161 4779 2256 4827 in,
2286 4762 2413 4832 20).
2464 4763 2612 4818 Mare
2651 4775 2866 4832 quoque
2896 4762 3070 4832 ipsum
3117 4773 3476 4831 quaecumque

1951 4903 1976 4940 ἀ
2019 4904 2165 4958 Mss.‘
2184 4902 2418 4971 aliquot,
2444 4903 2674 4974 exemplo
2701 4903 3011 4974 sumendum
3036 4899 3285 4954 arbitror.

1954 4979 1978 5006 °
2017 4975 2096 5030 Ita
2119 4985 2227 5030 vet.
2261 4967 2488 5029 editae
2518 4967 2706 5044 plures
2735 4989 2867 5028 mss.
2890 5015 2905 5038 ,
2934 4971 3092 5026 Rom.
3125 4978 3304 5024 autem
3331 4967 3468 5023 edit.

1878 5063 1942 5104 ac
1971 5061 2102 5101 mss.
2134 5045 2410 5110 nonnulli,
2441 5045 2599 5099 humo
2644 5046 2825 5111 arido,
2858 5057 3207 5111 annosaque,
3240 5053 3472 5111 quomo—

1877 5119 1948 5173 do
1992 5117 2154 5174 etiam
2205 5116 2490 5186 legendum
2539 5110 2840 5172 contendit.
2911 5110 3183 5186 Nannius,
3235 5110 3469 5166 adducta

1876 5189 2140 5245 Prisciani
2171 5183 2517 5243 auctoritate.
2553 5187 2622 5242 At
2660 5197 2849 5243 contra
2908 5183 3152 5238 Latinius
3198 5195 3468 5247 reponeno

1874 5261 2004 5316 dum
2033 5260 2311 5328 censebat,
2365 5259 2509 5313 humi
2548 5261 2698 5313 arido
2722 5271 3064 5328 arenosoque,
3119 5255 3204 5328 cui
3249 5252 3467 5328 lectioni

1876 5348 2009 5388 mss.
2053 5333 2232 5387 nullus
2273 5323 2631 5399 suffragatur,
2684 5330 2808 5383 licet
2835 5323 3098 5382 habeatur
3147 5326 3202 5378 in
3239 5323 3465 5393 quibus-

1874 5404 1999 5459 dam
2016 5446 2033 5467 ,
2061 5404 2202 5457 humi
2229 5403 2382 5456 arida
2400 5446 2415 5470 ,
2445 5415 2786 5470 annosaque.

1951 5475 1970 5514 ί
2013 5475 2141 5530 Mss.
2178 5489 2284 5528 non
2314 5467 2504 5543 pauci,
2548 5467 2862 5541 Non‘igitur
2887 5469 2943 5523 id
2984 5467 3280 5522 hominibus
3329 5475 3470 5522 terra

1851 5548 2127 5616 denegnt;
2159 5544 2412 5616 quidam,
2446 5544 2740 5616 denegaret.

1949 5629 1973 5664 ε
2005 5611 2199 5672 Ὲοόριὶ
2234 5614 2442 5684 Remig.
2461 5657 2475 5680 ,
2507 5611 3068 5684 avesdilaceraverint.
3095 5611 3161 5684 Et
3190 5625 3296 5684 non
3326 5611 3466 5665 mul-

1877 5699 1932 5744 to
1959 5699 2079 5760 post
2104 5688 2245 5742 idem
2275 5681 2416 5740 mss:
2439 5699 2562 5740 eum
2588 5683 2709 5740 aliis
2735 5685 2970 5754 aliquot,
3001 5683 3137 5753 quod
3165 5684 3238 5737 ita
3259 5681 3469 5738 demum

1877 5769 2183 5885 mvhmim'
2221 5827 2398 5900 pauci
2427 5841 2561 5900 mss.
2581 5870 2595 5893 ,
2625 5843 2729 5882 non
2752 5821 3061 5900 resurgant;
3096 5819 3336 5884 emerim
3378 5841 3471 5880 nec

1878 5903 2184 5957 resurrectio
2211 5899 2490 5952 destruitnr
2509 5937 2521 5960 ,
2551 5899 2841 5955 Commodo
2878 5899 3062 5956 sensu.
