3932 6296
451 273 589 332 1555

1815 261 2061 322 SANCTI
2099 259 2422 322 AMBROSII

3621 254 3732 314 i356

441 404 570 447 ossa
601 397 629 428 ι
666 386 973 444 visceribus
996 383 1322 450 vestiantur,
1345 394 1716 452 venarumque
1759 378 1961 443 hiatus,
1990 385 2045 433 et
2074 385 2126 442 Α
2219 377 2310 433 75.
2355 375 2549 448 Magna
2601 375 2816 432 Domini
2843 374 3047 447 gratia,
3081 370 3236 445 quod
3269 371 3468 428 futura:
3487 386 3730 430 resume

443 481 732 556 sanguinis
758 480 964 537 rivulos
992 486 1231 535 extenta:
1256 475 1398 532 cutis
1429 474 1677 531 velamen
1704 471 1961 529 obducat.
1989 469 2047 526 In

442 577 602 650 ipsis,
637 577 768 631 dum
796 573 1069 645 legimus,
1093 569 1432 644 propheticis
1471 567 1818 624 sermonibus
1857 565 2049 620 huma-

443 685 639 728 norum
664 667 886 724 videtur
900 679 1062 738 seges
1090 677 1384 732 corporum
1399 659 1652 718 rediviva
1677 672 2042 730 consurgere,

445 773 610 836 atque
633 763 758 832 ipsa
778 760 954 832 spatia
980 757 1177 815 diffusa
1197 770 1516 828 camporum
1539 753 1699 810 novis
1718 753 1908 810 videas
1931 751 2048 824 pul-

449 857 628 914 lulare
657 854 979 912 seminibus.

517 949 608 1006 70.
624 947 838 1016 Quodsi
861 953 1076 1002 veteres
1097 945 1376 1015 sapientes
1396 941 1424 982 δ
1455 942 1588 998 satis
1611 940 1769 1012 hydri
1796 939 2050 996 dentibus

455 1043 666 1118 1153
705 1048 761 1098 in
797 1042 1022 1113 regione
1044 1038 1302 1096 Thebana
1341 1037 1682 1094 inhorruisse
1717 1044 2048 1092 armatorum

448 1144 691 1208 segetem
731 1133 1128 1190 crediderunt:
1161 1147 1283 1187 cum
1335 1131 1522 1202 utique
1561 1128 1787 1185 alterius
1845 1138 2050 1183 naturae

445 1227 658 1282 semina
694 1236 905 1282 certum
935 1225 1008 1280 sit
1042 1225 1094 1280 in
1124 1233 1376 1280 naturam
1411 1221 1555 1278 verti
1600 1221 1828 1278 alteram
1862 1219 2051 1290 nequi-

445 1321 610 1386 visse,
642 1335 741 1376 nec
761 1329 975 1390 partum
1003 1319 1118 1374 suis
1137 1316 1442 1374 discordem
1471 1314 1682 1371 fudisse
1713 1312 2046 1374 seminibus;

445 1423 506 1469 ut
531 1429 598 1470 ex
622 1423 879 1483 serpente
905 1411 1154 1468 homines
1176 1419 1560 1472 nascerentur,
1586 1417 1644 1463 ttt
1667 1421 1800 1464 caro
1827 1422 1895 1462 ex
1919 1405 2050 1462 den-

446 1509 590 1564 tibus
631 1513 951 1580 gigneretur
982 1526 996 1564 ;
1029 1516 1238 1580 quanto
1278 1505 1450 1578 magis
1490 1505 1675 1575 utique
1715 1501 2049 1560 credendum

443 1612 550 1668 est,
582 1616 942 1674 quascumque
962 1610 1092 1657 sunt
1119 1600 1407 1665 seminata,
1437 1599 1491 1653 in
1516 1611 1669 1654 suam
1692 1605 1944 1652 naturam
1966 1608 2051 1650 re-

444 1709 703 1765 surgere,
737 1709 838 1750 nec
873 1709 904 1749 a
947 1693 1161 1750 satione
1188 1708 1284 1748 sua
1323 1700 1542 1763 segetes
1569 1690 1920 1760 discrepare,
1952 1701 2051 1743 nec

2149 469 2319 525 tionis
2349 469 2618 541 pr0pheta
2644 469 2804 526 testis
2828 467 3161 536 adhibetur,
3194 476 3255 521 ut
3284 480 3387 521 nos
3410 480 3619 537 quoque
3635 481 3730 523 ean

2149 560 2296 617 illius
2339 562 2512 618 oculis
2551 561 2889 618 videremus.
2935 559 3134 631 Neque
3178 557 3332 615 enim
3379 572 3568 614 omnes
3596 570 3730 616 testes

2150 652 2402 711 adhiberi
2433 662 2706 726 poterant,
2735 653 2835 710 sed
2864 654 2922 709 iu
2950 667 3064 708 uno
3100 665 3304 708 omnes
3337 659 3510 707 testes
3537 667 3728 708 sumus:

2149 753 2276 823 quia
2323 767 2426 810 nec
2453 753 2507 808 in
2535 753 2712 809 virum
2759 759 3013 808 sanctum
3050 748 3204 808 cadit
3231 748 3582 805 mendacium
3605 791 3618 815 ,
3657 766 3734 806 nec

2151 847 2204 903 in
2237 857 2445 904 tantum
2473 862 2631 904 error
2658 847 3007 918 pmplietam.

2221 941 2312 997 74.
2339 939 2452 996 Nec
2485 939 2664 996 nimus
2687 938 2992 996 verisimile
3031 937 3202 994 debet
3246 935 3469 1002 videri,
3511 936 3631 1006 quia
3667 937 3734 1006 ju-

2151 1034 2314 1091 bente
2343 1033 2478 1101 Deo,
2507 1049 2632 1091 ossa
2664 1035 2718 1089 in
2747 1047 2900 1089 suam
2929 1032 3320 1104 compaginem
3351 1028 3731 1091 reformantur;

2149 1143 2274 1184 cum
2319 1127 2506 1199 utique
2550 1128 2837 1184 innumera
2883 1127 3194 1184 habeamus
3243 1125 3534 1195 exempla,
3573 1125 3738 1195 quibus

2151 1231 2343 1277 natura
2373 1236 2557 1277 rerum
2586 1220 2900 1278 cmicStibus
2931 1231 3019 1277 est
3044 1221 3317 1277 obsecuta
3352 1219 3674 1290 praeceptis;
3695 1230 3739 1274 ut

2151 1324 2294 1371 terra
2322 1315 2580 1386 pabulum
2623 1314 2851 1386 gignere
2888 1313 3207 1384 iuberetur,
3238 1321 3300 1370 et
3325 1313 3584 1383 gigneret
3609 1309 3734 1383 (Cm.

2152 1424 2190 1472 ι,
2227 1406 2348 1478 ll);
2381 1417 2441 1463 ut
2471 1406 2538 1461 ad
2566 1407 2737 1477 virga:
2765 1415 2966 1462 tactum
3009 1405 3335 1461 sitientibus
3361 1403 3590 1474 papulis
3619 1416 3738 1472 petra

2152 1510 2396 1558 vomeret
2431 1514 2629 1572 aquam
2660 1497 2852 1564 (Num.
2881 1515 2974 1566 xx,
3014 1498 3132 1570 ll),
3162 1507 3335 1568 atque
3387 1506 3531 1552 :estu
3565 1496 3740 1570 115.5

2152 1593 2370 1650 torridis
2422 1593 2779 1650 miseratione
2826 1593 3013 1648 divina
3064 1591 3349 1648 undarcnt
3397 1590 3610 1646 fluenta
3634 1592 3742 1645 dar:

2151 1699 2406 1741 saxorum
2455 1683 2653 1757 (Exod.
2702 1701 2777 1751 tv,
2826 1683 2902 1755 5).
2936 1684 3101 1756 Virga
3142 1685 3198 1740 in
3239 1691 3577 1756 serpentem
3617 1699 3744 1738 versa

442 1787 596 1843 duris
646 1786 852 1854 mollia,
914 1801 1017 1844 nec
1063 1785 1318 1843 mollibus
1364 1784 1498 1840 dura
1551 1781 1839 1846 viviscere,
1869 1794 1970 1836 nec
1993 1779 2045 1835 in
2078 1790 2128 1851 Β
2153 1776 2284 1848 quid
2309 1777 2457 1834 aliud
2481 1777 2770 1847 indicavit,
2804 1778 2906 1833 nisi
2935 1778 3155 1833 volente
3186 1777 3302 1833 Deo
3333 1792 3408 1832 ex
3435 1776 3745 1832 insensibili-

447 1881 771 1952 sanguinem
818 1894 1031 1938 venena
1083 1879 1365 1942 converti;
1420 1876 1516 1934 sed
1538 1891 1758 1934 carnem
1776 1875 1844 1931 de
1864 1889 2055 1941 carne,

444 1987 507 2028 os
537 1972 608 2029 de
630 1972 870 2039 ossibus,
900 1971 1222 2044 sanguinem
1260 1970 1329 2026 de
1356 1968 1642 2041 sanguine,
1671 1967 1958 2024 humorem
1988 1966 2056 2022 de

446 2064 678 2120 humore
732 2066 1000 2136 reparari.
1035 2063 1267 2120 Potestis
1292 2078 1423 2134 ergo
1449 2103 1464 2128 ,
1496 2061 1761 2134 gentiles,
1794 2059 2057 2116 reforma-

443 2159 651 2213 tionem
677 2171 880 2229 negare
904 2167 1132 2222 naturte,
1159 2157 1254 2229 qui
1278 2156 1633 2212 mutationem
1657 2155 1888 2226 potestis
1909 2167 2058 2209 asse-

443 2251 605 2307 rere?
644 2250 882 2308 Potestis
909 2266 1016 2307 non
1045 2251 1274 2307 credere
1301 2249 1564 2318 oraculis,
1594 2263 1704 2304 non
1734 2245 2055 2318 Evangelia,

443 2359 554 2399 non
589 2343 916 2415 prophetiis,
947 2345 1039 2415 qui
1071 2343 1266 2400 fabulis
1297 2343 1550 2399 inanibus
1581 2341 1844 2398 creditis?

517 2437 611 2492 7f.
648 2435 758 2493 Sed
807 2437 921 2506 jam
968 2436 1148 2506 ipsum
1210 2435 1499 2491 audiamus
1557 2437 1921 2505 pr0phetam;
1979 2433 2058 2488 sic

445 2528 595 2582 enim
648 2527 724 2582 ait
757 2544 769 2580 :
800 2525 870 2580 Et
902 2525 1043 2596 facta
1091 2535 1168 2582 est
1215 2542 1372 2597 super
1421 2542 1502 2581 me
1529 2541 1714 2581 manus
1745 2524 1980 2592 Domini,
2010 2533 2060 2580 et

445 2620 632 2675 eduxit
657 2637 738 2675 me
760 2621 814 2675 in
839 2620 1025 2691 spiritu
1053 2620 1312 2675 Dominus
1333 2663 1348 2687 ,
1389 2630 1440 2676 et
1477 2621 1653 2690 posuit
1693 2637 1774 2676 me
1801 2621 1857 2676 in
1885 2621 2057 2676 medio
2078 2626 2090 2635 ”

445 2729 652 2784 campo,
683 2721 734 2768 et
755 2713 840 2767 hic
865 2722 974 2768 erat
1000 2713 1186 2784 plenus
1207 2713 1408 2768 ossibus
1441 2714 1683 2768 humanis
1711 2729 1730 2768 :
1761 2721 1806 2768 et
1837 2714 2058 2768 circum-

446 2806 600 2860 duazit
633 2821 712 2859 me
737 2821 831 2875 per
855 2819 1042 2876 gyrum
1065 2820 1246 2860 eorum
1265 2846 1281 2872 ,
1313 2815 1361 2858 et
1388 2821 1504 2860 ecce
1551 2820 1668 2860 ossa
1715 2805 1879 2860 multa
1907 2803 2058 2860 valde

441 2902 500 2956 in
552 2901 686 2973 [acie
719 2900 913 2972 campi,
947 2899 1099 2954 arida
1128 2900 1305 2954 nimis.
1341 2898 1409 2954 Et
1438 2901 1512 2954 ait
1559 2899 1626 2954 ad
1657 2915 1738 2954 me
1770 2916 1788 2954 :
1820 2896 1933 2954 Fili
1961 2899 2055 2954 Ito-

445 2996 624 3061 minis,
655 2996 702 3051 si
731 2996 897 3050 vivent
923 3011 1043 3050 ossa
1067 2995 1210 3050 ista?
1237 2993 1307 3049 Et
1336 2994 1448 3049 dixi
1469 3010 1490 3048 :
1512 2993 1734 3049 Domine
1763 3005 1818 3049 tu
1842 2994 1962 3050 scis.
1988 2992 2057 3047 Et

449 3091 525 3146 ait
552 3090 621 3144 ad
658 3105 740 3144 me
767 3105 786 3144 :
821 3087 1141 3160 Prophetiza
1164 3104 1324 3160 super
1353 3105 1469 3144 ossa
1493 3089 1618 3155 ista,
1647 3097 1696 3144 et
1726 3089 1867 3143 dices
1897 3089 2005 3144 illis
2034 3105 2054 3144 :

451 3181 587 3237 Ossa
628 3181 780 3235 arida
824 3181 957 3246 Illuc,
989 3179 1170 3234 audite
1209 3179 1420 3236 verbum
1464 3177 1700 3236 Domini.
1752 3179 1883 3234 IIwc
1926 3181 2052 3236 dicit
2079 3189 2126 3255 ο

447 3271 708 3328 Dominus
747 3271 952 3327 ossibus
994 3272 1108 3327 istis
1136 3287 1156 3326 :
1187 3269 1325 3326 Ecce
1350 3271 1657 3346 egoinduco
1685 3274 1738 3328 in
1767 3289 1859 3328 vos
1897 3274 2056 3346 spiri-

447 3375 558 3422 tum
580 3365 718 3433 vitta,
749 3375 798 3420 et
825 3366 958 3420 dabo
988 3366 1044 3420 in
1065 3382 1156 3421 vos
1196 3381 1400 3431 nervos,
1429 3375 1476 3419 et
1504 3365 1764 3420 adducam
1786 3383 1944 3436 super
1965 3382 2055 3421 vos

450 3459 672 3526 viscera,
702 3468 750 3513 et
769 3458 1044 3514 extendam
1066 3476 1222 3531 super
1247 3475 1338 3514 vos
1363 3470 1552 3526 cutem,
1577 3469 1626 3516 et
1640 3459 1774 3515 dabo
1799 3460 2056 3534 Spiritum

446 3567 618 3607 meum
647 3553 702 3606 in
721 3567 841 3618 vos;
864 3563 913 3607 et
939 3553 1137 3620 vinetis,
1161 3561 1210 3608 et
1231 3553 1403 3608 scietis
1424 3553 1564 3622 quod
1603 3570 1695 3626 ego
1734 3570 1847 3609 sum
1871 3551 2058 3610 Domi-

449 3662 569 3700 nus.
598 3642 668 3699 Et
697 3647 1002 3716 prophetavi
1033 3647 1168 3701 sicut
1198 3646 1463 3701 mandavit
1492 3647 1641 3702 mihi.
1667 3646 1736 3702 Et
1763 3651 1956 3719 factum
1982 3658 2055 3702 est

449 3754 568 3794 cum
611 3738 979 3810 prophetarem
1009 3741 1117 3796 hac
1164 3741 1369 3808 omnia,
1411 3757 1527 3796 ecce
1577 3745 1746 3812 factus
1783 3751 1857 3796 est
1905 3750 2054 3795 terra!

448 3841 620 3888 motus
646 3848 867 3904 magnus
897 3831 1115 3906 (Ezech.
1149 3849 1359 3900 xxxvii,
1398 3835 1423 3890 1
1457 3843 1506 3888 et
1536 3834 1692 3906 seq.).

522 3923 614 3981 72.
632 3925 770 3983 Vide
801 3941 946 3984 nunc
973 3928 1427 3999 quemadmodum
1460 3938 1514 3985 et
1541 3927 1788 3984 auditum
1827 3929 1878 3984 in
1907 3930 2053 3985 ossi-

445 4019 571 4088 bus,
599 4029 654 4077 et
693 4029 901 4077 motum
932 4021 1082 4092 prius
1109 4021 1367 4078 ostendat
1389 4036 1534 4088 esse,
1568 4035 1733 4093 quam
1765 4021 1896 4076 vita:
1942 4022 2052 4093 spi-

447 4116 590 4172 ritus
636 4115 982 4174 rel‘undatur.
1019 4116 1156 4173 Nam
1182 4126 1239 4174 et
1267 4132 1431 4188 supra
1461 4131 1587 4173 ossa
1619 4115 1770 4172 arida
1792 4116 2052 4187 jubentur

447 4208 641 4266 audire
665 4251 680 4276 ,
731 4210 886 4282 quasi
917 4225 1136 4267 sensum
1177 4209 1416 4267 habeant
1445 4209 1701 4267 audiendi
1723 4227 1738 4266 :
1761 4219 1817 4266 et
1844 4210 1932 4266 hic
1961 4225 2051 4267 ac-

447 4301 684 4357 cessisse
713 4315 903 4357 eorum
943 4303 1367 4374 unumquodque
1395 4303 1462 4358 ad
1494 4317 1648 4358 suam
1673 4303 2049 4375 compaginem

445 4391 770 4462 prophetico
819 4409 1074 4452 sermone
1114 4396 1394 4466 signatur;
1433 4397 1514 4452 sic
1551 4396 1695 4452 enim
1727 4396 1941 4453 habes:
1982 4395 2051 4450 Et

445 4484 756 4540 accedebant
785 4503 926 4553 ossa,
958 4489 1360 4558 unumquodque
1389 4489 1459 4542 ad
1489 4505 1638 4543 suam
1669 4489 2046 4561 compaginem.

2157 1871 2258 1928 bus
2282 1872 2562 1928 sensibilia
2606 1886 2766 1942 posse
2788 1871 3078 1943 generari?
3102 1872 3184 1926 An
3221 1886 3364 1927 vero
3396 1869 3747 1926 incredibilius

2156 1976 2314 2037 putas
2343 1965 2491 2038 quod
2516 1981 2639 2022 ossa
2665 2007 2682 2034 ,
2727 1981 2852 2022 cum
2891 1966 3174 2037 iubentur,
3207 1963 3497 2022 accedunt
3545 1962 3747 2037 (Ean-li.

2158 2077 2360 2130 xxxvii,
2391 2063 2478 2131 7);
2518 2076 2683 2134 quam
2713 2061 2856 2133 quod
2879 2071 3181 2117 retrorsum
3215 2060 3430 2116 ﬂuenta
3460 2069 3746 2123 vertuntur,

2159 2157 2328 2210 maria
2381 2155 2632 2227 fugiunt?
2674 2155 2766 2213 Sic
2794 2157 2940 2212 enim
2984 2157 3256 2228 propheta
3309 2164 3600 2210 testatur;
3632 2154 3746 2208 Hm

2159 2247 2284 2303 vidit
2314 2259 2361 2304 et
2389 2249 2544 2322 fugit,
2571 2246 2822 2303 Iordanis
2859 2263 3134 2304 conversus
3158 2260 3235 2304 est
3272 2260 3576 2304 retrorsum
3605 2245 3742 2317 (Pd.

2158 2357 2310 2409 exui,
2335 2342 2415 2410 ὅ).
2442 2340 2558 2398 Nec
2577 2357 2744 2412 super
2767 2342 2870 2398 hoc
2891 2341 3094 2412 ambigi
3120 2351 3337 2412 potest,
3366 2340 3522 2412 quod
3551 2341 3744 2396 door-uia

2162 2433 2486 2504 populorum
2516 2445 2538 2474 ε
2567 2434 2799 2491 alterius
2836 2434 3035 2500 salute,
3067 2434 3300 2490 alterius
3328 2434 3495 2490 obitu
3531 2448 3746 2504 comprs-

2162 2526 2347 2583 batum
2375 2536 2500 2591 est,
2531 2540 2796 2596 aquarum
2826 2540 3023 2582 cursus
3072 2525 3296 2582 stetisse
3352 2525 3611 2582 frenatos
3654 2539 3744 2580 eos

2158 2619 2400 2692 demque
2427 2619 2549 2676 aliis
2577 2619 2962 2684 circumfusos,
2993 2618 3120 2675 aliis
3145 2619 3212 2674 ad
3246 2629 3496 2674 mortem
3532 2617 3743 2682 refusas.

2160 2708 2186 2748 ἀ
2221 2722 2280 2768 ut
2299 2712 2441 2769 alios
2470 2721 2824 2784 mergerent,
2855 2710 2997 2767 alios
3038 2719 3406 2768 reservarent
3434 2709 3636 2783 (Exod.
3661 2726 3744 2772 ιη,

2159 2805 2232 2861 22
2259 2816 2308 2860 et
2363 2803 2534 2877 seq.).
2589 2803 2736 2872 Quid
2780 2804 2833 2859 in
2877 2804 2998 2874 ipso
3047 2803 3403 2875 Evangelia?
3459 2803 3649 2860 Nonne
3691 2804 3744 2858 ibi

2158 2899 2406 2973 probavit
2430 2898 2717 2965 Dominus,
2744 2897 2890 2970 quod
2910 2896 3079 2953 verbo
3096 2896 3243 2953 unda
3273 2899 3544 2954 mitescat
3566 2896 3740 2969 (latis.

2158 2993 2397 3064 vni,26),
2413 2992 2666 3065 fugentur
2679 2993 2802 3049 caeli
2829 2991 3037 3059 nubila,
3055 2991 3444 3048 cedantﬂabra
3471 3003 3742 3055 ventorum,

2162 3089 2496 3161 placidisque
2512 3087 2790 3146 littoribus
2807 3096 2958 3144 muta
2978 3086 3093 3144 Deo
3106 3085 3455 3143 famulentur
3467 3086 3742 3144 elementa?

2227 3182 2318 3239 75.
2350 3181 2458 3239 Sed
2499 3196 2893 3252 persequamur
2917 3187 3152 3245 ctetera,
3195 3189 3258 3236 ut
3297 3179 3742 3250 quemadmodum

2157 3275 2352 3349 spiritu
2377 3275 2503 3330 vita:
2528 3273 2842 3330 animentur
2879 3272 3126 3329 defuncti
3147 3314 3164 3340 ,
3213 3283 3456 3345 surgant
3491 3273 3739 3344 iacentes.

2157 3369 2404 3440 sepulcra
2436 3376 2777 3432 reserentur,
2811 3366 3084 3438 possimus
3103 3366 3430 3424 advertere.
3489 3365 3556 3422 Et
3596 3368 3663 3421 ait
3694 3368 3743 3417 ad

2155 3478 2236 3517 me
2267 3478 2285 3515 :
2313 3459 2647 3532 Prophetiza,
2703 3460 2784 3531 ﬁli
2833 3459 3087 3526 hominis,
3136 3471 3182 3514 et
3223 3459 3309 3515 die
3368 3458 3748 3530 spirituidhs

2155 3556 2279 3611 dicit
2305 3553 2561 3610 Dominus
2584 3571 2604 3610 :
2624 3555 2670 3610 A
2689 3565 2910 3628 quatuor
2937 3555 3098 3609 ventis
3119 3555 3236 3610 cali
3263 3556 3411 3622 seni,
3442 3556 3660 3626 spiritus
3681 3596 3695 3620 ,
3715 3565 3751 3608 et

2155 3650 2370 3721 insui/la
2400 3651 2455 3704 in
2485 3661 2713 3705 mortuos
2741 3649 2890 3717 istos,
2919 3658 2968 3703 et
2993 3649 3186 3703 vivant.
3215 3645 3289 3702 Et
3307 3649 3622 3720 prophetam
3643 3649 3751 3702 sicut
3860 3721 3861 3740 ἦ

2153 3743 2421 3798 mandavit
2447 3743 2597 3809 mihi,
2624 3752 2674 3797 et
2695 3743 2906 3797 intravit
2935 3742 2987 3796 in
3009 3757 3096 3796 eos
3135 3741 3359 3810 spiritus
3381 3742 3507 3796 uitta
3524 3783 3542 3807 ,
3568 3752 3615 3796 et
3639 3742 3749 3794 sisto
3860 3757 3861 3810 ἦ

2154 3847 2313 3904 runt,
2352 3847 2401 3893 et
2445 3846 2690 3893 steterunt
2717 3838 2772 3892 in
2812 3837 3029 3908 pedibus
3075 3836 3187 3890 suis
3228 3837 3574 3908 congregatio
3624 3836 3749 3890 nilis

2153 3933 2337 3986 multa.
2368 3929 2436 3986 Et
2475 3933 2679 3988 locutus
2717 3940 2791 3987 est
2830 3929 3084 3986 Dominus
3131 3931 3202 3984 ad
3251 3947 3334 3986 me
3359 3971 3378 3998 ,
3413 3931 3595 3986 άξεεηε
3624 3949 3642 3986 ε
3667 3927 3750 3984 pg,-

2153 4025 2398 4090 hominis,
2417 4041 2538 4080 ossa
2582 4025 2691 4081 lucc
2735 4025 2901 4079 omnis
2927 4024 3111 4090 donius
3155 4021 3351 4079 Israel.
3383 4022 3510 4097 Ipsi
3535 4026 3666 4080 enim
3690 4026 3749 4075 di-

2151 4126 2276 4171 cunt
2307 4132 2326 4172 :
2355 4117 2517 4171 Arida
2545 4119 2685 4190 facta
2708 4127 2829 4173 sunt
2849 4133 2967 4172 ossa
2993 4125 3199 4182 nostra,
3227 4117 3389 4188 periit
3412 4134 3538 4191 spes
3564 4127 3746 4174 nam.

2150 4210 2497 4267 interibimus.
2538 4210 2826 4281 Propterea
2856 4209 3166 4281 prapltetisa
3206 4218 3255 4263 et
3297 4209 3413 4264 die:
3460 4209 3597 4265 Hae
3647 4211 3748 4262 dicit
3846 4290 3848 4292 ν

2157 4301 2408 4358 Dominus
2441 4318 2459 4357 :
2487 4301 2624 4360 Ecce
2649 4319 2742 4375 ego
2767 4304 2948 4374 aperio
2975 4303 3115 4357 vobis
3142 4312 3490 4357 monumenta
3519 4315 3697 4369 uestra,
3713 4313 3747 4353 et

2152 4398 2365 4453 educam
2413 4412 2499 4452 vos
2524 4398 2587 4452 de
2615 4398 2958 4454 monumentis
2981 4397 3233 4452 vestrisin
3257 4407 3456 4452 terram
3489 4395 3658 4452 Israel
3674 4438 3687 4458 ,
3711 4405 3747 4448 el

2151 4493 2324 4547 scietis
2349 4492 2487 4563 quod
2508 4507 2600 4564 ego
2629 4508 2744 4546 sum
2772 4491 3029 4546 Dominus
3051 4533 3068 4559 ,
3100 4507 3220 4546 cum
3245 4491 3494 4561 aperiam
3539 4492 3746 4560 sepulcra

449 4574 516 4630 Et
541 4575 669 4644 vidi,
703 4585 750 4632 et
774 4593 891 4633 ecce
921 4595 1075 4648 super
1098 4579 1192 4634 illa
1220 4581 1364 4635 nervi
1384 4591 1431 4635 et
1454 4581 1649 4638 viscera
1675 4584 2039 4651 nascebantur,
2074 4587 2122 4646 D
2149 4594 2335 4655 vestra,
2358 4596 2406 4640 et
2441 4584 2656 4640 educant
2679 4586 2742 4639 de
2760 4584 3012 4656 sepulcris
3038 4584 3296 4654 populum
3334 4601 3539 4648 meum,
3567 4593 3616 4639 et
3638 4583 3744 4637 ωε

444 4680 494 4724 et
541 4668 850 4725 ascendebat
901 4688 1058 4742 super
1112 4690 1176 4729 ea
1225 4675 1358 4731 cutis
1387 4676 1628 4747 desuper,
1674 4688 1724 4734 et
1751 4679 1959 4750 spiritus
1991 4678 2043 4733 in

446 4763 527 4818 Itis
549 4778 655 4819 non
682 4771 792 4818 erat
820 4761 1008 4835 (Ibid.,
1041 4765 1073 4821 7
1095 4776 1142 4821 et
1171 4768 1330 4841 seq.).

520 4890 548 4918 ι
601 4879 886 4958 Visceribus
911 4897 1131 4958 carnem
1161 4883 1454 4958 significari
1481 4886 1608 4942 alibi
1643 4888 1754 4958 jam
1785 4888 2042 4954 diximus,

418 4991 422 4996 ρ
443 4967 552 5023 quo
582 4967 746 5009 sensu
767 4954 957 5010 eadem
985 4969 1085 5009 vox
1111 4955 1199 5011 hic
1223 4954 1282 5013 et
1301 4957 1442 5013 infra
1466 4954 1825 5030 semel'atque
1848 4961 2044 5016 iterum

447 5035 967 5174 “sgfgzbtiirébscura
992 5098 1190 5155 allusio
1217 5108 1302 5156 est
1329 5101 1397 5156 ad
1449 5101 1567 5157 haec
1598 5100 1748 5174 Virg.
1802 5105 2044 5160 carmina

445 5181 513 5222 ex
540 5165 638 5222 lib.
665 5182 706 5223 ιι
727 5166 927 5240 Georg.
952 5187 966 5225 :

440 5334 445 5340 _
539 5268 657 5340 ῌωο
681 5269 783 5322 loca
802 5284 900 5322 non
920 5275 1049 5340 tauri
1073 5276 1320 5340 spirantes
1338 5275 1541 5340 naribus
1562 5277 1731 5340 ignem

541 5330 818 5400 Invenere,
840 5335 962 5400 satis
984 5330 1207 5400 immanis
1226 5337 1460 5387 dentibus
1484 5330 1619 5400 hydri
1636 5375 1652 5396 ,

486 5434 488 5436 τ
538 5393 645 5448 Nec
665 5394 840 5458 galeis,
863 5397 1130 5478 densisque
1159 5401 1310 5449 virum
1332 5412 1484 5463 seges
1503 5393 1694 5452 horruit
1715 5401 1883 5452 hastis.

447 5516 1154 5596 l_nnt_iit_porrg_Ambrosius
1181 5539 1249 5596 ea
1275 5539 1396 5595 qua:
1419 5541 1450 5581 a
1474 5526 1650 5596 poetis
1672 5537 2044 5586 memorantur

446 5589 515 5671 de
538 5589 758 5671 Cadmo
775 5590 1088 5671 Thebarum
1115 5589 1424 5671 condit-ore,
1451 5589 1520 5671 de
1549 5614 1666 5671 quq
1683 5598 1850 5671 adisis
1879 5601 2037 5656 Ovid.

448 5659 544 5714 lib.
567 5679 653 5733 -ιιι
681 5661 1098 5733 _Metamorpli.,
1131 5664 1240 5720 fab.
1274 5667 1327 5733 l,
1364 5659 1420 5723 et
1457 5659 1580 5723 Nat:
1629 5666 1895 5726 Comitem
1941 5672 2034 5728 lib.

449 5742 540 5782 vin
566 5730 797 5811 Illythol.
825 5747 946 5811 cap.
975 5730 1166 5811 ὶὸίεειΔ
1189 5737 1286 5811 lib.
1315 5730 1402 5811 is,
1431 5753 1553 5810 cap.
1599 5742 1684 5795 ll.
1712 5740 1873 5796 Paria
1901 5751 2037 5810 quo-'-

2156 4680 2414 4751 Spiritum
2442 4697 2610 4734 meum
2636 4681 2688 4734 in
2718 4679 2882 4748 vobis,
2907 4690 2952 4736 et
2973 4680 3167 4747 vinetis,
3197 4691 3246 4735 et
3275 4697 3476 4751 ponam
3508 4697 3600 4736 eos
3618 4695 3743 4751 super

2152 4784 2341 4842 terram
2378 4784 2633 4840 vestram,
2675 4784 2726 4828 et
2767 4775 2938 4830 scietis
2981 4784 3004 4812 ε
3035 4775 3156 4846 quia
3186 4790 3283 4847 ego
3303 4792 3426 4830 sum
3455 4774 3744 4830 Dominus:

2150 4887 2347 4962 quibus
2369 4898 2552 4962 actum
2574 4899 2660 4945 est
2683 4890 2752 4946 de
2773 4891 3124 4961 Argonautis,
3153 4891 3356 4962 quibus
3382 4891 3612 4947 additur
3636 4890 3738 4946 Nat.

2150 4961 2347 5017 Comes
2366 4961 2459 5016 lib.
2479 4977 2557 5028 vr,
2587 4977 2706 5030 cap.
2733 4963 2787 5017 8.

2227 5044 2250 5071 ε
2293 5032 2544 5101 Plerique
2575 5043 2733 5099 n13s.,
2756 5033 2967 5088 alterius
2995 5035 3158 5098 salus,
3187 5033 3408 5088 alterius
3438 5033 3607 5090 obitus
3625 5050 3740 5088 cea-

2151 5105 2418 5176 probatur.
2453 5103 2570 5176 Non
2595 5104 2758 5170 bene,
2789 5104 2890 5159 nisi
2911 5113 3038 5176 ante
3062 5104 3217 5176 duas
3270 5119 3443 5161 voces
3495 5122 3597 5175 pro
3620 5105 3738 5176 quod

2151 5175 2334 5245 legere
2380 5175 2621 5232 volueris
2661 5192 2798 5246 quo,
2843 5176 2936 5231 ubi
2970 5175 3145 5231 facilis
3202 5190 3360 5231 error
3408 5175 3740 5234 librariorum

2148 5259 2275 5302 esse
2301 5246 2499 5314 potuit.

2217 5315 2245 5355 ἀ
2285 5318 2413 5374 Mss.
2445 5334 2553 5374 non
2580 5320 2758 5388 pauci,
2791 5327 2848 5372 ut
2872 5319 3004 5373 alios
3030 5319 3335 5387 alliderent;
3369 5320 3640 5384 nonnulli,
3663 5322 3737 5375 lt

2150 5390 2348 5445 derent.
2361 5430 2373 5443 .
2387 5432 2399 5444 .
2427 5389 2618 5444 Nonne
2637 5390 2728 5444 tibi
2757 5390 3009 5459 probavit,
3026 5401 3132 5446 etc.

2222 5470 2247 5498 ο
2289 5460 2364 5516 Ita
2393 5476 2525 5533 mss.
2572 5461 2734 5532 longe
2776 5461 2992 5533 plurimi
3033 5477 3155 5517 cum
3198 5459 3342 5516 LXX
3371 5462 3628 5533 interpr.;
3654 5462 3732 5533 alii

2148 5546 2278 5606 vero
2303 5532 2425 5606 cod.
2450 5542 2506 5587 et
2534 5531 2744 5588 cuncta:
2784 5531 2916 5587 edit.
2964 5547 3085 5589 cum
3114 5533 3300 5605 Vulg.,
3331 5535 3474 5602 quod
3511 5531 3601 5606 ego
3641 5532 3732 5588 Do-

2144 5605 2313 5676 minus
2345 5604 2545 5658 locutus
2589 5621 2725 5670 sum,
2776 5613 2823 5658 et
2847 5605 3057 5676 faciam.
3089 5604 3354 5676 Sequenti
3378 5604 3561 5660 autem
3585 5620 3730 5660 sensu

2143 5689 2242 5744 pro
2271 5675 2321 5729 in
2339 5686 2482 5730 artus
2511 5686 2822 5740 resumatur,
2845 5675 2987 5747 quod
3009 5675 3256 5734 esstabat
3284 5676 3338 5731 in
3357 5687 3474 5732 aut.
3494 5677 3621 5738 edit.
3636 5676 3728 5730 duo

2141 5761 2274 5819 mss.
2295 5747 2840 5818 legufut,commercia
2871 5759 3197 5819 reparentur,
3229 5750 3438 5813 ceteri,
3479 5764 3544 5803 ac
3584 5748 3703 5803 nam

444 5811 550 5867 que
577 5797 648 5856 ae
678 5797 877 5859 JaSOne
894 5797 1295 5863 canit'Ovitllus
1324 5797 1400 5867 lib
1426 5797 1522 5880 th',
1551 5811 1657 5871 fab.
1681 5813 1732 5878 i,
1773 5822 1829 5868 et
1863 5797 2032 5884 alii,ia
2136 5797 2273 5877 edit.
2295 5797 2755 5878 'tii’iii'c’oiiiéiib’.

422 6035 472 6071 Ἃ
