  <div class='ocr_page' id='page_1' title='image "/cluster/home/n/w/nwhite01/storage/ocr_20150623/16/hvd.32044015471998/670.png"; bbox 0 0 3932 6296; ppageno 0'>
   <div class='ocr_carea' id='block_1_1' title="bbox 158 313 273 371">
    <p class='ocr_par' dir='ltr' id='par_1_1' title="bbox 158 313 273 371">
     <span class='ocr_line' id='line_1_1' title="bbox 158 313 273 371; baseline 0 -2"><span class='ocrx_word' id='word_1_1' title='bbox 158 313 273 371; x_wconf 74' lang='grc'><strong>1537</strong></span> 
     </span>
    </p>
   </div>
   <div class='ocr_carea' id='block_1_2' title="bbox 1012 302 2518 365">
    <p class='ocr_par' dir='ltr' id='par_1_2' title="bbox 1012 302 2518 365">
     <span class='ocr_line' id='line_1_2' title="bbox 1012 302 2518 365; baseline -0.001 -1"><span class='ocrx_word' id='word_1_2' title='bbox 1012 307 1103 364; x_wconf 87' lang='lat' dir='ltr'><strong>DE</strong></span> <span class='ocrx_word' id='word_1_3' title='bbox 1141 302 1456 365; x_wconf 81' lang='lat' dir='ltr'><strong>EXCESSU</strong></span> <span class='ocrx_word' id='word_1_4' title='bbox 1495 303 1800 365; x_wconf 78' lang='lat' dir='ltr'><strong>FRATRIS</strong></span> <span class='ocrx_word' id='word_1_5' title='bbox 1838 305 1949 364; x_wconf 89' lang='lat' dir='ltr'><strong>SUI</strong></span> <span class='ocrx_word' id='word_1_6' title='bbox 1987 304 2240 364; x_wconf 78' lang='lat' dir='ltr'><strong>SATYRI</strong></span> <span class='ocrx_word' id='word_1_7' title='bbox 2278 304 2408 362; x_wconf 84' lang='lat' dir='ltr'><strong>LIB.</strong></span> <span class='ocrx_word' id='word_1_8' title='bbox 2452 306 2518 363; x_wconf 90' lang='lat' dir='ltr'><strong>ll.</strong></span> 
     </span>
    </p>
   </div>
   <div class='ocr_carea' id='block_1_3' title="bbox 3277 307 3420 365">
    <p class='ocr_par' dir='ltr' id='par_1_3' title="bbox 3277 307 3420 365">
     <span class='ocr_line' id='line_1_3' title="bbox 3277 307 3420 365; baseline 0.007 -1"><span class='ocrx_word' id='word_1_9' title='bbox 3277 307 3420 365; x_wconf 79' lang='grc'><strong>1558</strong></span> 
     </span>
    </p>
   </div>
   <div class='ocr_carea' id='block_1_4' title="bbox 153 421 3422 498">
    <p class='ocr_par' dir='ltr' id='par_1_4' title="bbox 153 421 3422 498">
     <span class='ocr_line' id='line_1_4' title="bbox 153 421 3422 498; baseline -0.002 -13"><span class='ocrx_word' id='word_1_10' title='bbox 153 432 488 494; x_wconf 84' lang='lat' dir='ltr'><strong>locutussum,</strong></span> <span class='ocrx_word' id='word_1_11' title='bbox 532 434 581 481; x_wconf 88' lang='lat' dir='ltr'><strong>et</strong></span> <span class='ocrx_word' id='word_1_12' title='bbox 609 425 818 498; x_wconf 78' lang='lat' dir='ltr'><strong>faciam,</strong></span> <span class='ocrx_word' id='word_1_13' title='bbox 843 423 968 480; x_wconf 81' lang='lat' dir='ltr'><strong>dicit</strong></span> <span class='ocrx_word' id='word_1_14' title='bbox 989 421 1477 494; x_wconf 76' lang='lat' dir='ltr'><strong>Dominus(Ezectt.</strong></span> <span class='ocrx_word' id='word_1_15' title='bbox 1505 436 1711 489; x_wconf 71' lang='lat' dir='ltr'><strong>xxxvii,</strong></span> <span class='ocrx_word' id='word_1_16' title='bbox 1742 429 1797 489; x_wconf 75' lang='grc' dir='ltr'><strong>Α</strong></span> <span class='ocrx_word' id='word_1_17' title='bbox 1891 423 1980 480; x_wconf 87' lang='lat'><strong>79.</strong></span> <span class='ocrx_word' id='word_1_18' title='bbox 2023 422 2081 480; x_wconf 88' lang='lat' dir='ltr'><strong>Si</strong></span> <span class='ocrx_word' id='word_1_19' title='bbox 2122 423 2340 480; x_wconf 92' lang='lat' dir='ltr'><strong>miraris</strong></span> <span class='ocrx_word' id='word_1_20' title='bbox 2387 422 2525 492; x_wconf 67' lang='lat' dir='ltr'><strong>haec,</strong></span> <span class='ocrx_word' id='word_1_21' title='bbox 2570 423 2727 482; x_wconf 86' lang='lat' dir='ltr'><strong>disce</strong></span> <span class='ocrx_word' id='word_1_22' title='bbox 2770 425 2893 496; x_wconf 98' lang='lat' dir='ltr'><strong>quis</strong></span> <span class='ocrx_word' id='word_1_23' title='bbox 2932 424 3303 496; x_wconf 79' lang='lat' dir='ltr'><strong>imperaverit,</strong></span> <span class='ocrx_word' id='word_1_24' title='bbox 3357 435 3422 481; x_wconf 83' lang='grc' dir='ltr'><strong>ιιι</strong></span> 
     </span>
    </p>
   </div>
   <div class='ocr_carea' id='block_1_5' title="bbox 152 521 417 594">
    <p class='ocr_par' dir='ltr' id='par_1_5' title="bbox 152 521 417 594">
     <span class='ocr_line' id='line_1_5' title="bbox 152 521 417 594; baseline 0.008 -18"><span class='ocrx_word' id='word_1_25' title='bbox 152 521 183 576; x_wconf 89' lang='lat'><strong>9</strong></span> <span class='ocrx_word' id='word_1_26' title='bbox 201 531 244 578; x_wconf 86' lang='lat' dir='ltr'><strong>et</strong></span> <span class='ocrx_word' id='word_1_27' title='bbox 267 522 417 594; x_wconf 67' lang='grc' dir='ltr'><strong>αφ).</strong></span> 
     </span>
    </p>
   </div>
   <div class='ocr_carea' id='block_1_6' title="bbox 213 609 1722 687">
    <p class='ocr_par' dir='ltr' id='par_1_6' title="bbox 213 609 1722 687">
     <span class='ocr_line' id='line_1_6' title="bbox 213 609 1722 687; baseline -0.006 -13"><span class='ocrx_word' id='word_1_28' title='bbox 213 619 292 674; x_wconf 81' lang='lat'><strong>76.</strong></span> <span class='ocrx_word' id='word_1_29' title='bbox 335 617 689 675; x_wconf 83' lang='lat' dir='ltr'><strong>Advertimus</strong></span> <span class='ocrx_word' id='word_1_30' title='bbox 738 612 1188 687; x_wconf 86' lang='lat' dir='ltr'><strong>quemadmodum</strong></span> <span class='ocrx_word' id='word_1_31' title='bbox 1222 621 1248 648; x_wconf 87' lang='grc' dir='ltr'>ι</span> <span class='ocrx_word' id='word_1_32' title='bbox 1275 611 1456 667; x_wconf 91' lang='lat' dir='ltr'><strong>vitalis</strong></span> <span class='ocrx_word' id='word_1_33' title='bbox 1494 609 1722 683; x_wconf 75' lang='lat' dir='ltr'><strong>spiritus</strong></span> 
     </span>
    </p>
   </div>
   <div class='ocr_carea' id='block_1_7' title="bbox 149 708 1718 781">
    <p class='ocr_par' dir='ltr' id='par_1_7' title="bbox 149 708 1718 781">
     <span class='ocr_line' id='line_1_7' title="bbox 149 708 1718 781; baseline -0.004 -11"><span class='ocrx_word' id='word_1_34' title='bbox 149 714 450 770; x_wconf 91' lang='lat' dir='ltr'><strong>commercia</strong></span> <span class='ocrx_word' id='word_1_35' title='bbox 475 720 845 780; x_wconf 89' lang='lat' dir='ltr'><strong>resumantur,</strong></span> <span class='ocrx_word' id='word_1_36' title='bbox 873 711 1235 781; x_wconf 76' lang='lat' dir='ltr'><strong>cognovimus</strong></span> <span class='ocrx_word' id='word_1_37' title='bbox 1259 708 1718 780; x_wconf 80' lang='lat' dir='ltr'><strong>quemadmodum</strong></span> 
     </span>
    </p>
   </div>
   <div class='ocr_carea' id='block_1_8' title="bbox 149 801 1722 871">
    <p class='ocr_par' dir='ltr' id='par_1_8' title="bbox 149 801 1722 871">
     <span class='ocr_line' id='line_1_8' title="bbox 149 801 1722 871; baseline -0.004 -10"><span class='ocrx_word' id='word_1_38' title='bbox 149 803 537 862; x_wconf 90' lang='lat' dir='ltr'><strong>dehiscentibus</strong></span> <span class='ocrx_word' id='word_1_39' title='bbox 565 804 812 871; x_wconf 86' lang='lat' dir='ltr'><strong>tumulis,</strong></span> <span class='ocrx_word' id='word_1_40' title='bbox 843 805 1042 860; x_wconf 81' lang='lat' dir='ltr'><strong>mortui</strong></span> <span class='ocrx_word' id='word_1_41' title='bbox 1072 801 1434 858; x_wconf 83' lang='lat' dir='ltr'><strong>suscitentur.</strong></span> <span class='ocrx_word' id='word_1_42' title='bbox 1480 805 1560 856; x_wconf 87' lang='lat' dir='ltr'><strong>An</strong></span> <span class='ocrx_word' id='word_1_43' title='bbox 1589 815 1722 855; x_wconf 86' lang='lat' dir='ltr'><strong>vero</strong></span> 
     </span>
    </p>
   </div>
   <div class='ocr_carea' id='block_1_9' title="bbox 151 893 1722 970">
    <p class='ocr_par' dir='ltr' id='par_1_9' title="bbox 151 893 1722 970">
     <span class='ocr_line' id='line_1_9' title="bbox 151 893 1722 970; baseline -0.006 -14"><span class='ocrx_word' id='word_1_44' title='bbox 151 899 431 956; x_wconf 88' lang='lat' dir='ltr'><strong>mirandum</strong></span> <span class='ocrx_word' id='word_1_45' title='bbox 454 909 541 955; x_wconf 87' lang='lat' dir='ltr'><strong>est</strong></span> <span class='ocrx_word' id='word_1_46' title='bbox 559 899 715 970; x_wconf 86' lang='lat' dir='ltr'><strong>jussu</strong></span> <span class='ocrx_word' id='word_1_47' title='bbox 746 898 957 954; x_wconf 91' lang='lat' dir='ltr'><strong>Domini</strong></span> <span class='ocrx_word' id='word_1_48' title='bbox 988 905 1324 953; x_wconf 90' lang='lat' dir='ltr'><strong>mortuorum</strong></span> <span class='ocrx_word' id='word_1_49' title='bbox 1355 893 1605 965; x_wconf 89' lang='lat' dir='ltr'><strong>sepulcra</strong></span> <span class='ocrx_word' id='word_1_50' title='bbox 1637 908 1722 948; x_wconf 87' lang='lat' dir='ltr'><strong>rc-</strong></span> 
     </span>
    </p>
   </div>
   <div class='ocr_carea' id='block_1_10' title="bbox 146 987 1720 1062">
    <p class='ocr_par' dir='ltr' id='par_1_10' title="bbox 146 987 1720 1062">
     <span class='ocr_line' id='line_1_10' title="bbox 146 987 1720 1062; baseline -0.006 -12"><span class='ocrx_word' id='word_1_51' title='bbox 146 992 338 1062; x_wconf 89' lang='lat' dir='ltr'><strong>serari,</strong></span> <span class='ocrx_word' id='word_1_52' title='bbox 367 1007 490 1048; x_wconf 91' lang='lat' dir='ltr'><strong>cum</strong></span> <span class='ocrx_word' id='word_1_53' title='bbox 538 999 654 1048; x_wconf 87' lang='lat' dir='ltr'><strong>tota</strong></span> <span class='ocrx_word' id='word_1_54' title='bbox 702 992 817 1046; x_wconf 89' lang='lat' dir='ltr'><strong>suis</strong></span> <span class='ocrx_word' id='word_1_55' title='bbox 847 990 1100 1046; x_wconf 84' lang='lat' dir='ltr'><strong>terminis</strong></span> <span class='ocrx_word' id='word_1_56' title='bbox 1141 1003 1253 1045; x_wconf 92' lang='lat' dir='ltr'><strong>uno</strong></span> <span class='ocrx_word' id='word_1_57' title='bbox 1299 987 1540 1043; x_wconf 91' lang='lat' dir='ltr'><strong>tonitruo</strong></span> <span class='ocrx_word' id='word_1_58' title='bbox 1578 995 1720 1042; x_wconf 89' lang='lat' dir='ltr'><strong>terra</strong></span> 
     </span>
    </p>
   </div>
   <div class='ocr_carea' id='block_1_11' title="bbox 146 1082 1722 1161">
    <p class='ocr_par' dir='ltr' id='par_1_11' title="bbox 146 1082 1722 1161">
     <span class='ocr_line' id='line_1_11' title="bbox 146 1082 1722 1161; baseline -0.006 -17"><span class='ocrx_word' id='word_1_59' title='bbox 146 1088 418 1161; x_wconf 76' lang='lat' dir='ltr'><strong>quatiatur,</strong></span> <span class='ocrx_word' id='word_1_60' title='bbox 452 1101 604 1143; x_wconf 89' lang='lat' dir='ltr'><strong>mare</strong></span> <span class='ocrx_word' id='word_1_61' title='bbox 632 1085 749 1143; x_wconf 90' lang='lat' dir='ltr'><strong>suis</strong></span> <span class='ocrx_word' id='word_1_62' title='bbox 777 1085 1017 1142; x_wconf 77' lang='lat' dir='ltr'><strong>exundet</strong></span> <span class='ocrx_word' id='word_1_63' title='bbox 1042 1084 1240 1141; x_wconf 84' lang='lat' dir='ltr'><strong>finibus</strong></span> <span class='ocrx_word' id='word_1_64' title='bbox 1265 1127 1282 1153; x_wconf 91' lang='lat'><strong>,</strong></span> <span class='ocrx_word' id='word_1_65' title='bbox 1313 1082 1567 1154; x_wconf 87' lang='lat' dir='ltr'><strong>idemque</strong></span> <span class='ocrx_word' id='word_1_66' title='bbox 1594 1095 1722 1136; x_wconf 88' lang='lat' dir='ltr'><strong>sua-</strong></span> 
     </span>
    </p>
   </div>
   <div class='ocr_carea' id='block_1_12' title="bbox 149 1173 1721 1262">
    <p class='ocr_par' dir='ltr' id='par_1_12' title="bbox 149 1173 1721 1262">
     <span class='ocr_line' id='line_1_12' title="bbox 149 1173 1721 1262; baseline -0.005 -26"><span class='ocrx_word' id='word_1_67' title='bbox 149 1197 258 1237; x_wconf 89' lang='lat' dir='ltr'><strong>rum</strong></span> <span class='ocrx_word' id='word_1_68' title='bbox 298 1194 493 1262; x_wconf 77' lang='lat' dir='ltr'><strong>cursus</strong></span> <span class='ocrx_word' id='word_1_69' title='bbox 539 1179 782 1237; x_wconf 89' lang='lat' dir='ltr'><strong>refrenet</strong></span> <span class='ocrx_word' id='word_1_70' title='bbox 813 1178 1126 1234; x_wconf 74' lang='lat' dir='ltr'><strong>undarum?</strong></span> <span class='ocrx_word' id='word_1_71' title='bbox 1174 1177 1421 1249; x_wconf 86' lang='lat' dir='ltr'><strong>Denique</strong></span> <span class='ocrx_word' id='word_1_72' title='bbox 1463 1175 1553 1232; x_wconf 93' lang='lat' dir='ltr'><strong>ille</strong></span> <span class='ocrx_word' id='word_1_73' title='bbox 1577 1173 1721 1245; x_wconf 80' lang='lat' dir='ltr'><strong>bqui</strong></span> 
     </span>
    </p>
   </div>
   <div class='ocr_carea' id='block_1_13' title="bbox 144 1269 1720 1345">
    <p class='ocr_par' dir='ltr' id='par_1_13' title="bbox 144 1269 1720 1345">
     <span class='ocr_line' id='line_1_13' title="bbox 144 1269 1720 1345; baseline -0.006 -14"><span class='ocrx_word' id='word_1_74' title='bbox 144 1273 357 1331; x_wconf 84' lang='lat' dir='ltr'><strong>credidit</strong></span> <span class='ocrx_word' id='word_1_75' title='bbox 376 1273 504 1345; x_wconf 87' lang='lat' dir='ltr'><strong>quia</strong></span> <span class='ocrx_word' id='word_1_76' title='bbox 524 1272 579 1328; x_wconf 92' lang='lat' dir='ltr'><strong>in</strong></span> <span class='ocrx_word' id='word_1_77' title='bbox 609 1280 911 1339; x_wconf 90' lang='lat' dir='ltr'><strong>momento,</strong></span> <span class='ocrx_word' id='word_1_78' title='bbox 939 1271 993 1326; x_wconf 92' lang='lat' dir='ltr'><strong>in</strong></span> <span class='ocrx_word' id='word_1_79' title='bbox 1022 1272 1132 1327; x_wconf 90' lang='lat' dir='ltr'><strong>ictu</strong></span> <span class='ocrx_word' id='word_1_80' title='bbox 1154 1269 1321 1336; x_wconf 89' lang='lat' dir='ltr'><strong>oculi,</strong></span> <span class='ocrx_word' id='word_1_81' title='bbox 1348 1271 1402 1325; x_wconf 93' lang='lat' dir='ltr'><strong>in</strong></span> <span class='ocrx_word' id='word_1_82' title='bbox 1427 1269 1720 1325; x_wconf 87' lang='lat' dir='ltr'><strong>novissima</strong></span> 
     </span>
    </p>
   </div>
   <div class='ocr_carea' id='block_1_14' title="bbox 145 1361 1718 1438">
    <p class='ocr_par' dir='ltr' id='par_1_14' title="bbox 145 1361 1718 1438">
     <span class='ocr_line' id='line_1_14' title="bbox 145 1361 1718 1438; baseline -0.004 -16"><span class='ocrx_word' id='word_1_83' title='bbox 145 1365 262 1423; x_wconf 91' lang='lat' dir='ltr'><strong>tuba</strong></span> <span class='ocrx_word' id='word_1_84' title='bbox 285 1365 465 1438; x_wconf 83' lang='lat' dir='ltr'><strong>(canet</strong></span> <span class='ocrx_word' id='word_1_85' title='bbox 491 1366 635 1421; x_wconf 87' lang='lat' dir='ltr'><strong>enim</strong></span> <span class='ocrx_word' id='word_1_86' title='bbox 662 1364 812 1434; x_wconf 90' lang='lat' dir='ltr'><strong>tuba)</strong></span> <span class='ocrx_word' id='word_1_87' title='bbox 835 1363 1038 1420; x_wconf 89' lang='lat' dir='ltr'><strong>mortui</strong></span> <span class='ocrx_word' id='word_1_88' title='bbox 1064 1373 1353 1434; x_wconf 75' lang='lat' dir='ltr'><strong>resurgent</strong></span> <span class='ocrx_word' id='word_1_89' title='bbox 1381 1361 1436 1435; x_wconf 92' lang='grc'><strong>(1</strong></span> <span class='ocrx_word' id='word_1_90' title='bbox 1485 1362 1606 1419; x_wconf 83' lang='lat' dir='ltr'><strong>Cor.</strong></span> <span class='ocrx_word' id='word_1_91' title='bbox 1632 1378 1718 1427; x_wconf 78' lang='lat' dir='ltr'><strong>xv,</strong></span> 
     </span>
    </p>
   </div>
   <div class='ocr_carea' id='block_1_15' title="bbox 143 1453 1724 1532">
    <p class='ocr_par' dir='ltr' id='par_1_15' title="bbox 143 1453 1724 1532">
     <span class='ocr_line' id='line_1_15' title="bbox 143 1453 1724 1532; baseline -0.003 -18"><span class='ocrx_word' id='word_1_92' title='bbox 143 1459 255 1532; x_wconf 72' lang='lat'><strong>52);</strong></span> <span class='ocrx_word' id='word_1_93' title='bbox 282 1475 402 1516; x_wconf 89' lang='lat' dir='ltr'><strong>cum</strong></span> <span class='ocrx_word' id='word_1_94' title='bbox 430 1459 621 1530; x_wconf 86' lang='lat' dir='ltr'><strong>primis</strong></span> <span class='ocrx_word' id='word_1_95' title='bbox 651 1458 899 1530; x_wconf 84' lang='lat' dir='ltr'><strong>rapietur</strong></span> <span class='ocrx_word' id='word_1_96' title='bbox 921 1459 975 1513; x_wconf 93' lang='lat' dir='ltr'><strong>in</strong></span> <span class='ocrx_word' id='word_1_97' title='bbox 1002 1457 1238 1513; x_wconf 89' lang='lat' dir='ltr'><strong>nubibus</strong></span> <span class='ocrx_word' id='word_1_98' title='bbox 1258 1456 1475 1512; x_wconf 87' lang='lat' dir='ltr'><strong>obviam</strong></span> <span class='ocrx_word' id='word_1_99' title='bbox 1505 1453 1724 1511; x_wconf 87' lang='lat' dir='ltr'><strong>Christo</strong></span> 
     </span>
    </p>
   </div>
   <div class='ocr_carea' id='block_1_16' title="bbox 140 1548 1721 1622">
    <p class='ocr_par' dir='ltr' id='par_1_16' title="bbox 140 1548 1721 1622">
     <span class='ocr_line' id='line_1_16' title="bbox 140 1548 1721 1622; baseline -0.002 -15"><span class='ocrx_word' id='word_1_100' title='bbox 140 1553 192 1608; x_wconf 91' lang='lat' dir='ltr'><strong>in</strong></span> <span class='ocrx_word' id='word_1_101' title='bbox 221 1567 338 1608; x_wconf 91' lang='lat' dir='ltr'><strong>aera</strong></span> <span class='ocrx_word' id='word_1_102' title='bbox 374 1549 431 1622; x_wconf 89' lang='grc' dir='ltr'><strong>(Ι</strong></span> <span class='ocrx_word' id='word_1_103' title='bbox 457 1550 641 1606; x_wconf 80' lang='lat' dir='ltr'><strong>Thess.</strong></span> <span class='ocrx_word' id='word_1_104' title='bbox 671 1566 745 1617; x_wconf 89' lang='lat' dir='ltr'><strong>tv,</strong></span> <span class='ocrx_word' id='word_1_105' title='bbox 780 1549 870 1622; x_wconf 83' lang='grc'><strong>16)</strong></span> <span class='ocrx_word' id='word_1_106' title='bbox 904 1567 919 1618; x_wconf 90' lang='lat'><strong>;</strong></span> <span class='ocrx_word' id='word_1_107' title='bbox 953 1550 1046 1621; x_wconf 90' lang='lat' dir='ltr'><strong>qui</strong></span> <span class='ocrx_word' id='word_1_108' title='bbox 1077 1563 1184 1605; x_wconf 90' lang='lat' dir='ltr'><strong>non</strong></span> <span class='ocrx_word' id='word_1_109' title='bbox 1231 1548 1501 1617; x_wconf 89' lang='lat' dir='ltr'><strong>credidit,</strong></span> <span class='ocrx_word' id='word_1_110' title='bbox 1552 1549 1721 1605; x_wconf 83' lang='lat' dir='ltr'><strong>relin-</strong></span> 
     </span>
    </p>
   </div>
   <div class='ocr_carea' id='block_1_17' title="bbox 139 1643 1613 1718">
    <p class='ocr_par' dir='ltr' id='par_1_17' title="bbox 139 1643 1613 1718">
     <span class='ocr_line' id='line_1_17' title="bbox 139 1643 1613 1718; baseline -0.003 -16"><span class='ocrx_word' id='word_1_111' title='bbox 139 1656 342 1718; x_wconf 89' lang='lat' dir='ltr'><strong>quetur,</strong></span> <span class='ocrx_word' id='word_1_112' title='bbox 370 1657 425 1702; x_wconf 89' lang='lat' dir='ltr'><strong>et</strong></span> <span class='ocrx_word' id='word_1_113' title='bbox 456 1643 688 1718; x_wconf 81' lang='lat' dir='ltr'><strong>perfidia</strong></span> <span class='ocrx_word' id='word_1_114' title='bbox 715 1661 812 1701; x_wconf 92' lang='lat' dir='ltr'><strong>sua</strong></span> <span class='ocrx_word' id='word_1_115' title='bbox 844 1645 1046 1702; x_wconf 88' lang='lat' dir='ltr'><strong>subdet</strong></span> <span class='ocrx_word' id='word_1_116' title='bbox 1071 1659 1132 1701; x_wconf 88' lang='lat' dir='ltr'><strong>se</strong></span> <span class='ocrx_word' id='word_1_117' title='bbox 1158 1645 1276 1716; x_wconf 91' lang='lat' dir='ltr'><strong>ipse</strong></span> <span class='ocrx_word' id='word_1_118' title='bbox 1307 1643 1613 1700; x_wconf 66' lang='lat' dir='ltr'><strong>sententiae.</strong></span> 
     </span>
    </p>
   </div>
   <div class='ocr_carea' id='block_1_18' title="bbox 205 1735 1721 1807">
    <p class='ocr_par' dir='ltr' id='par_1_18' title="bbox 205 1735 1721 1807">
     <span class='ocr_line' id='line_1_18' title="bbox 205 1735 1721 1807; baseline -0.003 -13"><span class='ocrx_word' id='word_1_119' title='bbox 205 1740 288 1795; x_wconf 85' lang='lat'><strong>77.</strong></span> <span class='ocrx_word' id='word_1_120' title='bbox 329 1737 585 1795; x_wconf 88' lang='lat' dir='ltr'><strong>Ostendit</strong></span> <span class='ocrx_word' id='word_1_121' title='bbox 630 1738 729 1794; x_wconf 92' lang='lat' dir='ltr'><strong>tibi</strong></span> <span class='ocrx_word' id='word_1_122' title='bbox 775 1739 1037 1793; x_wconf 88' lang='lat' dir='ltr'><strong>Dominus</strong></span> <span class='ocrx_word' id='word_1_123' title='bbox 1075 1739 1240 1794; x_wconf 89' lang='lat' dir='ltr'><strong>etiam</strong></span> <span class='ocrx_word' id='word_1_124' title='bbox 1288 1738 1341 1792; x_wconf 91' lang='lat' dir='ltr'><strong>in</strong></span> <span class='ocrx_word' id='word_1_125' title='bbox 1384 1735 1721 1807; x_wconf 81' lang='lat' dir='ltr'><strong>Evangelia,</strong></span> 
     </span>
    </p>
   </div>
   <div class='ocr_carea' id='block_1_19' title="bbox 1823 515 3419 585">
    <p class='ocr_par' dir='ltr' id='par_1_19' title="bbox 1823 515 3419 585">
     <span class='ocr_line' id='line_1_19' title="bbox 1823 515 3419 585; baseline 0.001 -13"><span class='ocrx_word' id='word_1_126' title='bbox 1823 516 2010 572; x_wconf 91' lang='lat' dir='ltr'><strong>mirari</strong></span> <span class='ocrx_word' id='word_1_127' title='bbox 2037 516 2278 572; x_wconf 85' lang='lat' dir='ltr'><strong>desinas.</strong></span> <span class='ocrx_word' id='word_1_128' title='bbox 2327 515 2488 574; x_wconf 88' lang='lat' dir='ltr'><strong>Jesus</strong></span> <span class='ocrx_word' id='word_1_129' title='bbox 2517 515 2768 573; x_wconf 88' lang='lat' dir='ltr'><strong>Christus</strong></span> <span class='ocrx_word' id='word_1_130' title='bbox 2800 516 2892 574; x_wconf 88' lang='lat' dir='ltr'><strong>Del</strong></span> <span class='ocrx_word' id='word_1_131' title='bbox 2938 519 3142 585; x_wconf 89' lang='lat' dir='ltr'><strong>virtus;</strong></span> <span class='ocrx_word' id='word_1_132' title='bbox 3190 518 3220 557; x_wconf 73' lang='grc' dir='ltr'>ιι</span> <span class='ocrx_word' id='word_1_133' title='bbox 3264 520 3372 574; x_wconf 89' lang='lat' dir='ltr'><strong>vita</strong></span> <span class='ocrx_word' id='word_1_134' title='bbox 3403 559 3419 584; x_wconf 90' lang='lat'><strong>,</strong></span> 
     </span>
    </p>
   </div>
   <div class='ocr_carea' id='block_1_20' title="bbox 1822 611 3422 681">
    <p class='ocr_par' dir='ltr' id='par_1_20' title="bbox 1822 611 3422 681">
     <span class='ocr_line' id='line_1_20' title="bbox 1822 611 3422 681; baseline -0.001 -16"><span class='ocrx_word' id='word_1_135' title='bbox 1822 611 1938 676; x_wconf 83' lang='lat' dir='ltr'><strong>lux,</strong></span> <span class='ocrx_word' id='word_1_136' title='bbox 1964 611 2297 667; x_wconf 89' lang='lat' dir='ltr'><strong>resurrectio</strong></span> <span class='ocrx_word' id='word_1_137' title='bbox 2315 620 2654 668; x_wconf 89' lang='lat' dir='ltr'><strong>mortuorum</strong></span> <span class='ocrx_word' id='word_1_138' title='bbox 2681 612 2888 668; x_wconf 83' lang='lat' dir='ltr'><strong>:virtus</strong></span> <span class='ocrx_word' id='word_1_139' title='bbox 2914 611 3089 668; x_wconf 82' lang='lat' dir='ltr'><strong>erexit</strong></span> <span class='ocrx_word' id='word_1_140' title='bbox 3118 611 3422 681; x_wconf 88' lang='lat' dir='ltr'><strong>jacentem,</strong></span> 
     </span>
    </p>
   </div>
   <div class='ocr_carea' id='block_1_21' title="bbox 1823 706 3421 779">
    <p class='ocr_par' dir='ltr' id='par_1_21' title="bbox 1823 706 3421 779">
     <span class='ocr_line' id='line_1_21' title="bbox 1823 706 3421 779; baseline 0 -18"><span class='ocrx_word' id='word_1_141' title='bbox 1823 706 1933 761; x_wconf 88' lang='lat' dir='ltr'><strong>vita</strong></span> <span class='ocrx_word' id='word_1_142' title='bbox 1966 722 2212 775; x_wconf 80' lang='lat' dir='ltr'><strong>gressum</strong></span> <span class='ocrx_word' id='word_1_143' title='bbox 2243 706 2461 774; x_wconf 76' lang='lat' dir='ltr'><strong>extulit,</strong></span> <span class='ocrx_word' id='word_1_144' title='bbox 2493 707 2585 763; x_wconf 79' lang='lat' dir='ltr'><strong>lux</strong></span> <span class='ocrx_word' id='word_1_145' title='bbox 2615 707 2817 779; x_wconf 79' lang='lat' dir='ltr'><strong>iugavit</strong></span> <span class='ocrx_word' id='word_1_146' title='bbox 2844 707 3119 772; x_wconf 89' lang='lat' dir='ltr'><strong>tenebras,</strong></span> <span class='ocrx_word' id='word_1_147' title='bbox 3147 708 3421 779; x_wconf 74' lang='lat' dir='ltr'><strong>reparavit</strong></span> 
     </span>
    </p>
   </div>
   <div class='ocr_carea' id='block_1_22' title="bbox 1821 800 3343 871">
    <p class='ocr_par' dir='ltr' id='par_1_22' title="bbox 1821 800 3343 871">
     <span class='ocr_line' id='line_1_22' title="bbox 1821 800 3343 871; baseline 0.001 -17"><span class='ocrx_word' id='word_1_148' title='bbox 1821 801 2093 868; x_wconf 89' lang='lat' dir='ltr'><strong>obtutum,</strong></span> <span class='ocrx_word' id='word_1_149' title='bbox 2133 801 2467 857; x_wconf 88' lang='lat' dir='ltr'><strong>resurrectio</strong></span> <span class='ocrx_word' id='word_1_150' title='bbox 2493 801 2712 856; x_wconf 87' lang='lat' dir='ltr'><strong>vivendi</strong></span> <span class='ocrx_word' id='word_1_151' title='bbox 2740 801 2970 871; x_wconf 78' lang='lat' dir='ltr'><strong>gratiam</strong></span> <span class='ocrx_word' id='word_1_152' title='bbox 3003 800 3343 857; x_wconf 82' lang='lat' dir='ltr'><strong>reformavit.</strong></span> 
     </span>
    </p>
   </div>
   <div class='ocr_carea' id='block_1_23' title="bbox 1892 895 3422 967">
    <p class='ocr_par' dir='ltr' id='par_1_23' title="bbox 1892 895 3422 967">
     <span class='ocr_line' id='line_1_23' title="bbox 1892 895 3422 967; baseline -0.002 -14"><span class='ocrx_word' id='word_1_153' title='bbox 1892 895 1986 953; x_wconf 90' lang='lat'><strong>80.</strong></span> <span class='ocrx_word' id='word_1_154' title='bbox 2029 896 2292 953; x_wconf 76' lang='lat' dir='ltr'><strong>Fortasse</strong></span> <span class='ocrx_word' id='word_1_155' title='bbox 2324 908 2537 952; x_wconf 85' lang='lat' dir='ltr'><strong>moveat</strong></span> <span class='ocrx_word' id='word_1_156' title='bbox 2565 895 2709 967; x_wconf 94' lang='lat' dir='ltr'><strong>quod</strong></span> <span class='ocrx_word' id='word_1_157' title='bbox 2738 895 2910 954; x_wconf 61' lang='lat' dir='ltr'><strong>Judaei</strong></span> <span class='ocrx_word' id='word_1_158' title='bbox 2935 895 3172 967; x_wconf 89' lang='lat' dir='ltr'><strong>lapidem</strong></span> <span class='ocrx_word' id='word_1_159' title='bbox 3199 895 3422 963; x_wconf 90' lang='lat' dir='ltr'><strong>tollunt,</strong></span> 
     </span>
    </p>
   </div>
   <div class='ocr_carea' id='block_1_24' title="bbox 1822 988 3420 1057">
    <p class='ocr_par' dir='ltr' id='par_1_24' title="bbox 1822 988 3420 1057">
     <span class='ocr_line' id='line_1_24' title="bbox 1822 988 3420 1057; baseline -0.003 -11"><span class='ocrx_word' id='word_1_160' title='bbox 1822 989 1994 1046; x_wconf 85' lang='lat' dir='ltr'><strong>Judaei</strong></span> <span class='ocrx_word' id='word_1_161' title='bbox 2021 991 2235 1046; x_wconf 85' lang='lat' dir='ltr'><strong>institas</strong></span> <span class='ocrx_word' id='word_1_162' title='bbox 2273 989 2522 1057; x_wconf 87' lang='lat' dir='ltr'><strong>solvunt;</strong></span> <span class='ocrx_word' id='word_1_163' title='bbox 2553 1005 2620 1046; x_wconf 90' lang='lat' dir='ltr'><strong>ne</strong></span> <span class='ocrx_word' id='word_1_164' title='bbox 2649 989 2788 1045; x_wconf 91' lang='lat' dir='ltr'><strong>forte</strong></span> <span class='ocrx_word' id='word_1_165' title='bbox 2827 998 2884 1045; x_wconf 86' lang='lat' dir='ltr'><strong>et</strong></span> <span class='ocrx_word' id='word_1_166' title='bbox 2915 998 2971 1044; x_wconf 90' lang='lat' dir='ltr'><strong>tu</strong></span> <span class='ocrx_word' id='word_1_167' title='bbox 3002 988 3273 1044; x_wconf 87' lang='lat' dir='ltr'><strong>sollicitus</strong></span> <span class='ocrx_word' id='word_1_168' title='bbox 3317 988 3420 1057; x_wconf 86' lang='lat' dir='ltr'><strong>sis,</strong></span> 
     </span>
    </p>
   </div>
   <div class='ocr_carea' id='block_1_25' title="bbox 1822 1081 3420 1157">
    <p class='ocr_par' dir='ltr' id='par_1_25' title="bbox 1822 1081 3420 1157">
     <span class='ocr_line' id='line_1_25' title="bbox 1822 1081 3420 1157; baseline -0.003 -16"><span class='ocrx_word' id='word_1_169' title='bbox 1822 1086 1944 1157; x_wconf 89' lang='lat' dir='ltr'><strong>quis</strong></span> <span class='ocrx_word' id='word_1_170' title='bbox 1985 1085 2218 1156; x_wconf 88' lang='lat' dir='ltr'><strong>lapidem</strong></span> <span class='ocrx_word' id='word_1_171' title='bbox 2249 1085 2318 1142; x_wconf 91' lang='lat' dir='ltr'><strong>de</strong></span> <span class='ocrx_word' id='word_1_172' title='bbox 2345 1095 2704 1140; x_wconf 90' lang='lat' dir='ltr'><strong>monumento</strong></span> <span class='ocrx_word' id='word_1_173' title='bbox 2743 1094 2836 1140; x_wconf 91' lang='lat' dir='ltr'><strong>tuo</strong></span> <span class='ocrx_word' id='word_1_174' title='bbox 2873 1084 3030 1140; x_wconf 90' lang='lat' dir='ltr'><strong>tollat</strong></span> <span class='ocrx_word' id='word_1_175' title='bbox 3053 1081 3256 1156; x_wconf 83' lang='lat' dir='ltr'><strong>(Ibid.,</strong></span> <span class='ocrx_word' id='word_1_176' title='bbox 3289 1083 3351 1138; x_wconf 69' lang='lat' dir='ltr'><strong>il</strong></span> <span class='ocrx_word' id='word_1_177' title='bbox 3379 1086 3420 1152; x_wconf 91' lang='lat'><strong>).</strong></span> 
     </span>
    </p>
   </div>
   <div class='ocr_carea' id='block_1_26' title="bbox 1823 1177 3420 1253">
    <p class='ocr_par' dir='ltr' id='par_1_26' title="bbox 1823 1177 3420 1253">
     <span class='ocr_line' id='line_1_26' title="bbox 1823 1177 3420 1253; baseline -0.002 -17"><span class='ocrx_word' id='word_1_178' title='bbox 1823 1181 1988 1250; x_wconf 87' lang='lat' dir='ltr'><strong>Quasi</strong></span> <span class='ocrx_word' id='word_1_179' title='bbox 2019 1195 2150 1237; x_wconf 92' lang='lat' dir='ltr'><strong>vero</strong></span> <span class='ocrx_word' id='word_1_180' title='bbox 2191 1182 2281 1253; x_wconf 91' lang='lat' dir='ltr'><strong>qui</strong></span> <span class='ocrx_word' id='word_1_181' title='bbox 2314 1180 2564 1252; x_wconf 86' lang='lat' dir='ltr'><strong>spiritum</strong></span> <span class='ocrx_word' id='word_1_182' title='bbox 2592 1179 2884 1236; x_wconf 87' lang='lat' dir='ltr'><strong>refundere</strong></span> <span class='ocrx_word' id='word_1_183' title='bbox 2912 1189 3150 1251; x_wconf 81' lang='lat' dir='ltr'><strong>poterat,</strong></span> <span class='ocrx_word' id='word_1_184' title='bbox 3178 1177 3420 1250; x_wconf 85' lang='lat' dir='ltr'><strong>lapidem</strong></span> 
     </span>
    </p>
   </div>
   <div class='ocr_carea' id='block_1_27' title="bbox 1824 1273 3426 1346">
    <p class='ocr_par' dir='ltr' id='par_1_27' title="bbox 1824 1273 3426 1346">
     <span class='ocr_line' id='line_1_27' title="bbox 1824 1273 3426 1346; baseline -0.003 -14"><span class='ocrx_word' id='word_1_185' title='bbox 1824 1280 2108 1332; x_wconf 76' lang='lat' dir='ltr'><strong>removere</strong></span> <span class='ocrx_word' id='word_1_186' title='bbox 2143 1290 2252 1331; x_wconf 93' lang='lat' dir='ltr'><strong>non</strong></span> <span class='ocrx_word' id='word_1_187' title='bbox 2283 1284 2495 1346; x_wconf 86' lang='lat' dir='ltr'><strong>poterat</strong></span> <span class='ocrx_word' id='word_1_188' title='bbox 2542 1296 2555 1331; x_wconf 88' lang='lat'><strong>:</strong></span> <span class='ocrx_word' id='word_1_189' title='bbox 2597 1283 2692 1329; x_wconf 91' lang='lat' dir='ltr'><strong>aut</strong></span> <span class='ocrx_word' id='word_1_190' title='bbox 2740 1273 2952 1329; x_wconf 89' lang='lat' dir='ltr'><strong>vincula</strong></span> <span class='ocrx_word' id='word_1_191' title='bbox 3001 1287 3278 1344; x_wconf 87' lang='lat' dir='ltr'><strong>rumpere,</strong></span> <span class='ocrx_word' id='word_1_192' title='bbox 3327 1275 3426 1342; x_wconf 92' lang='lat' dir='ltr'><strong>qui</strong></span> 
     </span>
    </p>
   </div>
   <div class='ocr_carea' id='block_1_28' title="bbox 1825 1365 3422 1438">
    <p class='ocr_par' dir='ltr' id='par_1_28' title="bbox 1825 1365 3422 1438">
     <span class='ocr_line' id='line_1_28' title="bbox 1825 1365 3422 1438; baseline -0.004 -13"><span class='ocrx_word' id='word_1_193' title='bbox 1825 1369 2067 1425; x_wconf 88' lang='lat' dir='ltr'><strong>vinctum</strong></span> <span class='ocrx_word' id='word_1_194' title='bbox 2116 1369 2320 1424; x_wconf 84' lang='lat' dir='ltr'><strong>iecerat</strong></span> <span class='ocrx_word' id='word_1_195' title='bbox 2365 1367 2695 1424; x_wconf 90' lang='lat' dir='ltr'><strong>ambulare:</strong></span> <span class='ocrx_word' id='word_1_196' title='bbox 2742 1377 2834 1422; x_wconf 92' lang='lat' dir='ltr'><strong>aut</strong></span> <span class='ocrx_word' id='word_1_197' title='bbox 2862 1366 3150 1438; x_wconf 88' lang='lat' dir='ltr'><strong>deoperire</strong></span> <span class='ocrx_word' id='word_1_198' title='bbox 3200 1365 3422 1431; x_wconf 82' lang='lat' dir='ltr'><strong>faciem,</strong></span> 
     </span>
    </p>
   </div>
   <div class='ocr_carea' id='block_1_29' title="bbox 1824 1457 3425 1535">
    <p class='ocr_par' dir='ltr' id='par_1_29' title="bbox 1824 1457 3425 1535">
     <span class='ocr_line' id='line_1_29' title="bbox 1824 1457 3425 1535; baseline -0.004 -16"><span class='ocrx_word' id='word_1_199' title='bbox 1824 1462 1917 1535; x_wconf 89' lang='lat' dir='ltr'><strong>qui</strong></span> <span class='ocrx_word' id='word_1_200' title='bbox 1943 1463 2149 1534; x_wconf 89' lang='lat' dir='ltr'><strong>opertis</strong></span> <span class='ocrx_word' id='word_1_201' title='bbox 2177 1461 2354 1518; x_wconf 92' lang='lat' dir='ltr'><strong>oculis</strong></span> <span class='ocrx_word' id='word_1_202' title='bbox 2384 1462 2564 1516; x_wconf 88' lang='lat' dir='ltr'><strong>lumen</strong></span> <span class='ocrx_word' id='word_1_203' title='bbox 2596 1459 2872 1517; x_wconf 80' lang='lat' dir='ltr'><strong>infuderat</strong></span> <span class='ocrx_word' id='word_1_204' title='bbox 2904 1468 3034 1515; x_wconf 88' lang='lat' dir='ltr'><strong>:aut</strong></span> <span class='ocrx_word' id='word_1_205' title='bbox 3075 1457 3282 1514; x_wconf 84' lang='lat' dir='ltr'><strong>findere</strong></span> <span class='ocrx_word' id='word_1_206' title='bbox 3328 1474 3425 1529; x_wconf 84' lang='lat' dir='ltr'><strong>pc-</strong></span> 
     </span>
    </p>
   </div>
   <div class='ocr_carea' id='block_1_30' title="bbox 1825 1551 3425 1628">
    <p class='ocr_par' dir='ltr' id='par_1_30' title="bbox 1825 1551 3425 1628">
     <span class='ocr_line' id='line_1_30' title="bbox 1825 1551 3425 1628; baseline -0.003 -16"><span class='ocrx_word' id='word_1_207' title='bbox 1825 1567 1987 1624; x_wconf 91' lang='lat' dir='ltr'><strong>tram,</strong></span> <span class='ocrx_word' id='word_1_208' title='bbox 2029 1558 2122 1628; x_wconf 93' lang='lat' dir='ltr'><strong>qui</strong></span> <span class='ocrx_word' id='word_1_209' title='bbox 2169 1563 2386 1628; x_wconf 85' lang='lat' dir='ltr'><strong>poterat</strong></span> <span class='ocrx_word' id='word_1_210' title='bbox 2415 1555 2718 1612; x_wconf 81' lang='lat' dir='ltr'><strong>reformare</strong></span> <span class='ocrx_word' id='word_1_211' title='bbox 2765 1555 3040 1611; x_wconf 80' lang='lat' dir='ltr'><strong>naturam?</strong></span> <span class='ocrx_word' id='word_1_212' title='bbox 3078 1551 3184 1610; x_wconf 90' lang='lat' dir='ltr'><strong>Sed</strong></span> <span class='ocrx_word' id='word_1_213' title='bbox 3236 1561 3295 1608; x_wconf 90' lang='lat' dir='ltr'><strong>ut</strong></span> <span class='ocrx_word' id='word_1_214' title='bbox 3338 1552 3425 1607; x_wconf 81' lang='lat' dir='ltr'><strong>vel</strong></span> 
     </span>
    </p>
   </div>
   <div class='ocr_carea' id='block_1_31' title="bbox 1825 1646 3425 1721">
    <p class='ocr_par' dir='ltr' id='par_1_31' title="bbox 1825 1646 3425 1721">
     <span class='ocr_line' id='line_1_31' title="bbox 1825 1646 3425 1721; baseline -0.003 -17"><span class='ocrx_word' id='word_1_215' title='bbox 1825 1649 2001 1704; x_wconf 91' lang='lat' dir='ltr'><strong>oculis</strong></span> <span class='ocrx_word' id='word_1_216' title='bbox 2038 1650 2152 1705; x_wconf 86' lang='lat' dir='ltr'><strong>suis</strong></span> <span class='ocrx_word' id='word_1_217' title='bbox 2193 1647 2505 1714; x_wconf 90' lang='lat' dir='ltr'><strong>crederent,</strong></span> <span class='ocrx_word' id='word_1_218' title='bbox 2535 1649 2628 1721; x_wconf 90' lang='lat' dir='ltr'><strong>qui</strong></span> <span class='ocrx_word' id='word_1_219' title='bbox 2665 1647 2891 1705; x_wconf 90' lang='lat' dir='ltr'><strong>credere</strong></span> <span class='ocrx_word' id='word_1_220' title='bbox 2929 1656 3112 1704; x_wconf 88' lang='lat' dir='ltr'><strong>mente</strong></span> <span class='ocrx_word' id='word_1_221' title='bbox 3142 1646 3425 1711; x_wconf 81' lang='lat' dir='ltr'><strong>nolebant,</strong></span> 
     </span>
    </p>
   </div>
   <div class='ocr_carea' id='block_1_32' title="bbox 1825 1737 3423 1812">
    <p class='ocr_par' dir='ltr' id='par_1_32' title="bbox 1825 1737 3423 1812">
     <span class='ocr_line' id='line_1_32' title="bbox 1825 1737 3423 1812; baseline -0.004 -16"><span class='ocrx_word' id='word_1_222' title='bbox 1825 1750 2111 1796; x_wconf 89' lang='lat' dir='ltr'><strong>removent</strong></span> <span class='ocrx_word' id='word_1_223' title='bbox 2134 1741 2390 1812; x_wconf 89' lang='lat' dir='ltr'><strong>lapidem,</strong></span> <span class='ocrx_word' id='word_1_224' title='bbox 2416 1741 2600 1797; x_wconf 90' lang='lat' dir='ltr'><strong>vident</strong></span> <span class='ocrx_word' id='word_1_225' title='bbox 2616 1739 2870 1807; x_wconf 87' lang='lat' dir='ltr'><strong>cadaver,</strong></span> <span class='ocrx_word' id='word_1_226' title='bbox 2893 1737 3130 1794; x_wconf 86' lang='lat' dir='ltr'><strong>fetorem</strong></span> <span class='ocrx_word' id='word_1_227' title='bbox 3158 1737 3423 1804; x_wconf 86' lang='lat' dir='ltr'><strong>sentiunt,</strong></span> 
     </span>
    </p>
   </div>
   <div class='ocr_carea' id='block_1_33' title="bbox 138 1829 1741 1906">
    <p class='ocr_par' dir='ltr' id='par_1_33' title="bbox 138 1829 1722 1903">
     <span class='ocr_line' id='line_1_33' title="bbox 138 1829 1722 1903; baseline -0.003 -15"><span class='ocrx_word' id='word_1_228' title='bbox 138 1841 195 1888; x_wconf 90' lang='lat' dir='ltr'><strong>ut</strong></span> <span class='ocrx_word' id='word_1_229' title='bbox 217 1832 322 1903; x_wconf 92' lang='lat' dir='ltr'><strong>jam</strong></span> <span class='ocrx_word' id='word_1_230' title='bbox 353 1830 422 1887; x_wconf 91' lang='lat' dir='ltr'><strong>ad</strong></span> <span class='ocrx_word' id='word_1_231' title='bbox 448 1830 696 1901; x_wconf 81' lang='lat' dir='ltr'><strong>exempla</strong></span> <span class='ocrx_word' id='word_1_232' title='bbox 723 1830 1027 1897; x_wconf 85' lang='lat' dir='ltr'><strong>veniamus,</strong></span> <span class='ocrx_word' id='word_1_233' title='bbox 1051 1829 1506 1901; x_wconf 87' lang='lat' dir='ltr'><strong>quemadmodum</strong></span> <span class='ocrx_word' id='word_1_234' title='bbox 1537 1844 1722 1885; x_wconf 90' lang='lat' dir='ltr'><strong>resur—</strong></span> 
     </span>
    </p>
   </div>
   <div class='ocr_carea' id='block_1_34' title="bbox 1837 1829 3425 1906">
    <p class='ocr_par' dir='ltr' id='par_1_34' title="bbox 1837 1831 3425 1906">
     <span class='ocr_line' id='line_1_34' title="bbox 1837 1831 3425 1906; baseline -0.005 -14"><span class='ocrx_word' id='word_1_235' title='bbox 1837 1838 2042 1892; x_wconf 71' lang='lat' dir='ltr'><strong>institas</strong></span> <span class='ocrx_word' id='word_1_236' title='bbox 2086 1845 2367 1906; x_wconf 88' lang='lat' dir='ltr'><strong>rumpunt.</strong></span> <span class='ocrx_word' id='word_1_237' title='bbox 2412 1834 2531 1891; x_wconf 86' lang='lat' dir='ltr'><strong>Non</strong></span> <span class='ocrx_word' id='word_1_238' title='bbox 2583 1843 2815 1906; x_wconf 90' lang='lat' dir='ltr'><strong>possunt</strong></span> <span class='ocrx_word' id='word_1_239' title='bbox 2857 1848 3057 1904; x_wconf 83' lang='lat' dir='ltr'><strong>negare</strong></span> <span class='ocrx_word' id='word_1_240' title='bbox 3083 1831 3425 1895; x_wconf 72' lang='lat' dir='ltr'><strong>deuinctum.</strong></span> 
     </span>
    </p>
   </div>
   <div class='ocr_carea' id='block_1_35' title="bbox 135 1922 1724 1997">
    <p class='ocr_par' dir='ltr' id='par_1_35' title="bbox 135 1922 1724 1997">
     <span class='ocr_line' id='line_1_35' title="bbox 135 1922 1724 1997; baseline -0.002 -16"><span class='ocrx_word' id='word_1_241' title='bbox 135 1940 249 1997; x_wconf 77' lang='lat' dir='ltr'><strong>gas.</strong></span> <span class='ocrx_word' id='word_1_242' title='bbox 278 1925 394 1981; x_wconf 83' lang='lat' dir='ltr'><strong>Non</strong></span> <span class='ocrx_word' id='word_1_243' title='bbox 421 1927 569 1982; x_wconf 92' lang='lat' dir='ltr'><strong>enim</strong></span> <span class='ocrx_word' id='word_1_244' title='bbox 613 1941 781 1981; x_wconf 92' lang='lat' dir='ltr'><strong>unum</strong></span> <span class='ocrx_word' id='word_1_245' title='bbox 813 1926 1075 1980; x_wconf 77' lang='lat' dir='ltr'><strong>Lazarum</strong></span> <span class='ocrx_word' id='word_1_246' title='bbox 1097 1965 1115 1993; x_wconf 90' lang='lat'><strong>,</strong></span> <span class='ocrx_word' id='word_1_247' title='bbox 1154 1925 1252 1982; x_wconf 91' lang='lat' dir='ltr'><strong>sed</strong></span> <span class='ocrx_word' id='word_1_248' title='bbox 1291 1923 1450 1981; x_wconf 83' lang='lat' dir='ltr'><strong>fidem</strong></span> <span class='ocrx_word' id='word_1_249' title='bbox 1483 1922 1724 1979; x_wconf 90' lang='lat' dir='ltr'><strong>omnium</strong></span> 
     </span>
    </p>
   </div>
   <div class='ocr_carea' id='block_1_36' title="bbox 135 2019 1726 2091">
    <p class='ocr_par' dir='ltr' id='par_1_36' title="bbox 135 2019 1726 2091">
     <span class='ocr_line' id='line_1_36' title="bbox 135 2019 1726 2091; baseline -0.001 -17"><span class='ocrx_word' id='word_1_250' title='bbox 135 2020 409 2076; x_wconf 82' lang='lat' dir='ltr'><strong>suscitavit</strong></span> <span class='ocrx_word' id='word_1_251' title='bbox 440 2019 624 2091; x_wconf 85' lang='lat' dir='ltr'><strong>:quod</strong></span> <span class='ocrx_word' id='word_1_252' title='bbox 652 2028 708 2076; x_wconf 89' lang='lat' dir='ltr'><strong>tu</strong></span> <span class='ocrx_word' id='word_1_253' title='bbox 733 2020 778 2076; x_wconf 89' lang='lat' dir='ltr'><strong>si</strong></span> <span class='ocrx_word' id='word_1_254' title='bbox 809 2019 1026 2087; x_wconf 86' lang='lat' dir='ltr'><strong>credas,</strong></span> <span class='ocrx_word' id='word_1_255' title='bbox 1053 2034 1176 2074; x_wconf 92' lang='lat' dir='ltr'><strong>cum</strong></span> <span class='ocrx_word' id='word_1_256' title='bbox 1206 2019 1364 2090; x_wconf 81' lang='lat' dir='ltr'><strong>legis,</strong></span> <span class='ocrx_word' id='word_1_257' title='bbox 1403 2033 1558 2075; x_wconf 89' lang='lat' dir='ltr'><strong>mens</strong></span> <span class='ocrx_word' id='word_1_258' title='bbox 1587 2033 1726 2089; x_wconf 85' lang='lat' dir='ltr'><strong>quo-</strong></span> 
     </span>
    </p>
   </div>
   <div class='ocr_carea' id='block_1_37' title="bbox 134 2112 1725 2186">
    <p class='ocr_par' dir='ltr' id='par_1_37' title="bbox 134 2112 1725 2186">
     <span class='ocr_line' id='line_1_37' title="bbox 134 2112 1725 2186; baseline -0.003 -16"><span class='ocrx_word' id='word_1_259' title='bbox 134 2128 235 2184; x_wconf 88' lang='lat' dir='ltr'><strong>que</strong></span> <span class='ocrx_word' id='word_1_260' title='bbox 261 2123 364 2182; x_wconf 88' lang='lat' dir='ltr'><strong>tua,</strong></span> <span class='ocrx_word' id='word_1_261' title='bbox 389 2130 514 2186; x_wconf 72' lang='lat' dir='ltr'><strong>qua:</strong></span> <span class='ocrx_word' id='word_1_262' title='bbox 531 2122 744 2171; x_wconf 90' lang='lat' dir='ltr'><strong>mortua</strong></span> <span class='ocrx_word' id='word_1_263' title='bbox 767 2113 968 2181; x_wconf 87' lang='lat' dir='ltr'><strong>fuerat,</strong></span> <span class='ocrx_word' id='word_1_264' title='bbox 998 2113 1054 2169; x_wconf 90' lang='lat' dir='ltr'><strong>in</strong></span> <span class='ocrx_word' id='word_1_265' title='bbox 1083 2113 1176 2169; x_wconf 92' lang='lat' dir='ltr'><strong>illo</strong></span> <span class='ocrx_word' id='word_1_266' title='bbox 1192 2112 1400 2168; x_wconf 83' lang='lat' dir='ltr'><strong>Lazaro</strong></span> <span class='ocrx_word' id='word_1_267' title='bbox 1428 2112 1725 2169; x_wconf 86' lang='lat' dir='ltr'><strong>reviviscit.</strong></span> 
     </span>
    </p>
   </div>
   <div class='ocr_carea' id='block_1_38' title="bbox 131 2204 1724 2277">
    <p class='ocr_par' dir='ltr' id='par_1_38' title="bbox 131 2204 1724 2277">
     <span class='ocr_line' id='line_1_38' title="bbox 131 2204 1724 2277; baseline 0 -17"><span class='ocrx_word' id='word_1_268' title='bbox 131 2205 255 2275; x_wconf 91' lang='lat' dir='ltr'><strong>quid</strong></span> <span class='ocrx_word' id='word_1_269' title='bbox 290 2206 437 2262; x_wconf 89' lang='lat' dir='ltr'><strong>enim</strong></span> <span class='ocrx_word' id='word_1_270' title='bbox 464 2206 569 2261; x_wconf 88' lang='lat' dir='ltr'><strong>sibi</strong></span> <span class='ocrx_word' id='word_1_271' title='bbox 596 2206 713 2261; x_wconf 93' lang='lat' dir='ltr'><strong>vult</strong></span> <span class='ocrx_word' id='word_1_272' title='bbox 741 2206 886 2277; x_wconf 90' lang='lat' dir='ltr'><strong>quod</strong></span> <span class='ocrx_word' id='word_1_273' title='bbox 916 2205 1180 2261; x_wconf 85' lang='lat' dir='ltr'><strong>Dominus</strong></span> <span class='ocrx_word' id='word_1_274' title='bbox 1214 2204 1283 2260; x_wconf 91' lang='lat' dir='ltr'><strong>ad</strong></span> <span class='ocrx_word' id='word_1_275' title='bbox 1311 2212 1724 2260; x_wconf 89' lang='lat' dir='ltr'><strong>monumentum</strong></span> 
     </span>
    </p>
   </div>
   <div class='ocr_carea' id='block_1_39' title="bbox 129 2296 1719 2370">
    <p class='ocr_par' dir='ltr' id='par_1_39' title="bbox 129 2296 1719 2370">
     <span class='ocr_line' id='line_1_39' title="bbox 129 2296 1719 2370; baseline -0.001 -18"><span class='ocrx_word' id='word_1_276' title='bbox 129 2299 577 2370; x_wconf 75' lang='lat' dir='ltr'><strong>accessit,magna</strong></span> <span class='ocrx_word' id='word_1_277' title='bbox 599 2313 732 2354; x_wconf 92' lang='lat' dir='ltr'><strong>voce</strong></span> <span class='ocrx_word' id='word_1_278' title='bbox 753 2299 1007 2354; x_wconf 87' lang='lat' dir='ltr'><strong>clamavit</strong></span> <span class='ocrx_word' id='word_1_279' title='bbox 1025 2317 1038 2352; x_wconf 91' lang='lat'><strong><em>:</em></strong></span> <span class='ocrx_word' id='word_1_280' title='bbox 1055 2299 1364 2364; x_wconf 81' lang='lat' dir='ltr'><strong>Lazare,e:ci</strong></span> <span class='ocrx_word' id='word_1_281' title='bbox 1380 2297 1524 2369; x_wconf 69' lang='lat' dir='ltr'><strong>foras</strong></span> <span class='ocrx_word' id='word_1_282' title='bbox 1541 2296 1719 2369; x_wconf 82' lang='lat' dir='ltr'><strong>(Joan.</strong></span> 
     </span>
    </p>
   </div>
   <div class='ocr_carea' id='block_1_40' title="bbox 133 2388 1722 2464">
    <p class='ocr_par' dir='ltr' id='par_1_40' title="bbox 133 2388 1722 2464">
     <span class='ocr_line' id='line_1_40' title="bbox 133 2388 1722 2464; baseline -0.001 -19"><span class='ocrx_word' id='word_1_283' title='bbox 133 2406 211 2457; x_wconf 78' lang='lat' dir='ltr'><strong>XI,</strong></span> <span class='ocrx_word' id='word_1_284' title='bbox 241 2388 367 2461; x_wconf 72' lang='lat'><strong>44)?</strong></span> <span class='ocrx_word' id='word_1_285' title='bbox 397 2390 502 2445; x_wconf 86' lang='lat' dir='ltr'><strong>nisi</strong></span> <span class='ocrx_word' id='word_1_286' title='bbox 532 2399 590 2444; x_wconf 91' lang='lat' dir='ltr'><strong>ut</strong></span> <span class='ocrx_word' id='word_1_287' title='bbox 644 2389 854 2464; x_wconf 81' lang='lat'><strong>1155</strong></span> <span class='ocrx_word' id='word_1_288' title='bbox 884 2390 1079 2445; x_wconf 70' lang='lat' dir='ltr'><strong>futura:</strong></span> <span class='ocrx_word' id='word_1_289' title='bbox 1110 2390 1529 2445; x_wconf 82' lang='lat' dir='ltr'><strong>resurrectionis</strong></span> <span class='ocrx_word' id='word_1_290' title='bbox 1560 2399 1722 2459; x_wconf 73' lang='lat' dir='ltr'><strong>cspe-</strong></span> 
     </span>
    </p>
   </div>
   <div class='ocr_carea' id='block_1_41' title="bbox 127 2481 1726 2556">
    <p class='ocr_par' dir='ltr' id='par_1_41' title="bbox 127 2481 1726 2556">
     <span class='ocr_line' id='line_1_41' title="bbox 127 2481 1726 2556; baseline -0.005 -14"><span class='ocrx_word' id='word_1_291' title='bbox 127 2487 300 2542; x_wconf 89' lang='lat' dir='ltr'><strong>cimen</strong></span> <span class='ocrx_word' id='word_1_292' title='bbox 335 2493 641 2556; x_wconf 67' lang='lat' dir='ltr'><strong>praistaret,</strong></span> <span class='ocrx_word' id='word_1_293' title='bbox 675 2484 988 2554; x_wconf 81' lang='lat' dir='ltr'><strong>exemplum</strong></span> <span class='ocrx_word' id='word_1_294' title='bbox 1037 2482 1269 2539; x_wconf 87' lang='lat' dir='ltr'><strong>ederet?</strong></span> <span class='ocrx_word' id='word_1_295' title='bbox 1293 2483 1407 2538; x_wconf 91' lang='lat' dir='ltr'><strong>Cur</strong></span> <span class='ocrx_word' id='word_1_296' title='bbox 1450 2496 1584 2536; x_wconf 92' lang='lat' dir='ltr'><strong>voce</strong></span> <span class='ocrx_word' id='word_1_297' title='bbox 1613 2481 1726 2535; x_wconf 86' lang='lat' dir='ltr'><strong>cla-</strong></span> 
     </span>
    </p>
   </div>
   <div class='ocr_carea' id='block_1_42' title="bbox 129 2575 1724 2648">
    <p class='ocr_par' dir='ltr' id='par_1_42' title="bbox 129 2575 1724 2648">
     <span class='ocr_line' id='line_1_42' title="bbox 129 2575 1724 2648; baseline -0.004 -14"><span class='ocrx_word' id='word_1_298' title='bbox 129 2578 314 2644; x_wconf 90' lang='lat' dir='ltr'><strong>mavit,</strong></span> <span class='ocrx_word' id='word_1_299' title='bbox 340 2579 492 2648; x_wconf 87' lang='lat' dir='ltr'><strong>quasi</strong></span> <span class='ocrx_word' id='word_1_300' title='bbox 515 2577 711 2648; x_wconf 85' lang='lat' dir='ltr'><strong>spiritu</strong></span> <span class='ocrx_word' id='word_1_301' title='bbox 740 2591 848 2632; x_wconf 90' lang='lat' dir='ltr'><strong>non</strong></span> <span class='ocrx_word' id='word_1_302' title='bbox 878 2576 1052 2632; x_wconf 89' lang='lat' dir='ltr'><strong>soleat</strong></span> <span class='ocrx_word' id='word_1_303' title='bbox 1075 2575 1310 2646; x_wconf 85' lang='lat' dir='ltr'><strong>operari,</strong></span> <span class='ocrx_word' id='word_1_304' title='bbox 1341 2575 1496 2646; x_wconf 89' lang='lat' dir='ltr'><strong>quasi</strong></span> <span class='ocrx_word' id='word_1_305' title='bbox 1529 2575 1724 2628; x_wconf 82' lang='lat' dir='ltr'><strong>tacitus</strong></span> 
     </span>
    </p>
   </div>
   <div class='ocr_carea' id='block_1_43' title="bbox 128 2665 1720 2739">
    <p class='ocr_par' dir='ltr' id='par_1_43' title="bbox 128 2665 1720 2739">
     <span class='ocr_line' id='line_1_43' title="bbox 128 2665 1720 2739; baseline -0.004 -14"><span class='ocrx_word' id='word_1_306' title='bbox 128 2667 154 2706; x_wconf 69' lang='grc' dir='ltr'>ἀ</span> <span class='ocrx_word' id='word_1_307' title='bbox 205 2685 308 2726; x_wconf 87' lang='lat' dir='ltr'><strong>non</strong></span> <span class='ocrx_word' id='word_1_308' title='bbox 353 2670 530 2726; x_wconf 86' lang='lat' dir='ltr'><strong>soleat</strong></span> <span class='ocrx_word' id='word_1_309' title='bbox 577 2669 898 2739; x_wconf 86' lang='lat' dir='ltr'><strong>imperare?</strong></span> <span class='ocrx_word' id='word_1_310' title='bbox 942 2667 1049 2725; x_wconf 89' lang='lat' dir='ltr'><strong>Sed</strong></span> <span class='ocrx_word' id='word_1_311' title='bbox 1098 2679 1154 2723; x_wconf 91' lang='lat' dir='ltr'><strong>ut</strong></span> <span class='ocrx_word' id='word_1_312' title='bbox 1205 2667 1337 2723; x_wconf 91' lang='lat' dir='ltr'><strong>illud</strong></span> <span class='ocrx_word' id='word_1_313' title='bbox 1385 2665 1720 2732; x_wconf 88' lang='lat' dir='ltr'><strong>ostenderet,</strong></span> 
     </span>
    </p>
   </div>
   <div class='ocr_carea' id='block_1_44' title="bbox 125 2764 1725 2838">
    <p class='ocr_par' dir='ltr' id='par_1_44' title="bbox 125 2764 1725 2838">
     <span class='ocr_line' id='line_1_44' title="bbox 125 2764 1725 2838; baseline -0.003 -16"><span class='ocrx_word' id='word_1_314' title='bbox 125 2766 269 2838; x_wconf 91' lang='lat' dir='ltr'><strong>quod</strong></span> <span class='ocrx_word' id='word_1_315' title='bbox 299 2769 561 2838; x_wconf 86' lang='lat' dir='ltr'><strong>scriptum</strong></span> <span class='ocrx_word' id='word_1_316' title='bbox 587 2775 672 2822; x_wconf 84' lang='lat' dir='ltr'><strong>est</strong></span> <span class='ocrx_word' id='word_1_317' title='bbox 721 2783 736 2820; x_wconf 93' lang='lat'><strong>:</strong></span> <span class='ocrx_word' id='word_1_318' title='bbox 790 2765 1052 2834; x_wconf 80' lang='lat' dir='ltr'><strong>Quoniam</strong></span> <span class='ocrx_word' id='word_1_319' title='bbox 1084 2767 1140 2820; x_wconf 87' lang='lat' dir='ltr'><strong>in</strong></span> <span class='ocrx_word' id='word_1_320' title='bbox 1185 2775 1464 2832; x_wconf 82' lang='lat' dir='ltr'><strong>momento,</strong></span> <span class='ocrx_word' id='word_1_321' title='bbox 1512 2765 1567 2818; x_wconf 90' lang='lat' dir='ltr'><strong>in</strong></span> <span class='ocrx_word' id='word_1_322' title='bbox 1620 2764 1725 2818; x_wconf 84' lang='lat' dir='ltr'><strong>ictu</strong></span> 
     </span>
    </p>
   </div>
   <div class='ocr_carea' id='block_1_45' title="bbox 127 2857 1724 2929">
    <p class='ocr_par' dir='ltr' id='par_1_45' title="bbox 127 2857 1724 2929">
     <span class='ocr_line' id='line_1_45' title="bbox 127 2857 1724 2929; baseline -0.003 -14"><span class='ocrx_word' id='word_1_323' title='bbox 127 2861 285 2926; x_wconf 87' lang='lat' dir='ltr'><strong>oculi,</strong></span> <span class='ocrx_word' id='word_1_324' title='bbox 322 2859 375 2914; x_wconf 89' lang='lat' dir='ltr'><strong>in</strong></span> <span class='ocrx_word' id='word_1_325' title='bbox 406 2859 688 2915; x_wconf 79' lang='lat' dir='ltr'><strong>novissima</strong></span> <span class='ocrx_word' id='word_1_326' title='bbox 711 2859 860 2927; x_wconf 85' lang='lat' dir='ltr'><strong>tuba,</strong></span> <span class='ocrx_word' id='word_1_327' title='bbox 884 2869 933 2914; x_wconf 88' lang='lat' dir='ltr'><strong>et</strong></span> <span class='ocrx_word' id='word_1_328' title='bbox 963 2859 1154 2913; x_wconf 88' lang='lat' dir='ltr'><strong>mortui</strong></span> <span class='ocrx_word' id='word_1_329' title='bbox 1188 2867 1212 2894; x_wconf 80' lang='grc' dir='ltr'>θ</span> <span class='ocrx_word' id='word_1_330' title='bbox 1241 2868 1514 2929; x_wconf 72' lang='lat' dir='ltr'><strong>resurgant</strong></span> <span class='ocrx_word' id='word_1_331' title='bbox 1549 2857 1724 2912; x_wconf 90' lang='lat' dir='ltr'><strong>incor-</strong></span> 
     </span>
    </p>
   </div>
   <div class='ocr_carea' id='block_1_46' title="bbox 125 2949 1726 3025">
    <p class='ocr_par' dir='ltr' id='par_1_46' title="bbox 125 2949 1726 3025">
     <span class='ocr_line' id='line_1_46' title="bbox 125 2949 1726 3025; baseline -0.002 -18"><span class='ocrx_word' id='word_1_332' title='bbox 125 2953 268 3024; x_wconf 79' lang='lat' dir='ltr'><strong>rupti</strong></span> <span class='ocrx_word' id='word_1_333' title='bbox 302 2952 346 3025; x_wconf 94' lang='lat' dir='ltr'><strong>(l</strong></span> <span class='ocrx_word' id='word_1_334' title='bbox 375 2951 495 3008; x_wconf 86' lang='lat' dir='ltr'><strong>Cor.</strong></span> <span class='ocrx_word' id='word_1_335' title='bbox 532 2968 624 3018; x_wconf 73' lang='lat' dir='ltr'><strong>xv,</strong></span> <span class='ocrx_word' id='word_1_336' title='bbox 658 2951 778 3024; x_wconf 73' lang='lat'><strong>52);</strong></span> <span class='ocrx_word' id='word_1_337' title='bbox 812 2951 1063 3006; x_wconf 90' lang='lat' dir='ltr'><strong>tubarum</strong></span> <span class='ocrx_word' id='word_1_338' title='bbox 1114 2951 1258 3005; x_wconf 89' lang='lat' dir='ltr'><strong>enim</strong></span> <span class='ocrx_word' id='word_1_339' title='bbox 1307 2952 1547 3020; x_wconf 90' lang='lat' dir='ltr'><strong>crepitus</strong></span> <span class='ocrx_word' id='word_1_340' title='bbox 1574 2949 1726 3005; x_wconf 87' lang='lat' dir='ltr'><strong>vocis</strong></span> 
     </span>
    </p>
   </div>
   <div class='ocr_carea' id='block_1_47' title="bbox 125 3040 1726 3114">
    <p class='ocr_par' dir='ltr' id='par_1_47' title="bbox 125 3040 1726 3114">
     <span class='ocr_line' id='line_1_47' title="bbox 125 3040 1726 3114; baseline -0.003 -12"><span class='ocrx_word' id='word_1_341' title='bbox 125 3045 344 3102; x_wconf 86' lang='lat' dir='ltr'><strong>metitur</strong></span> <span class='ocrx_word' id='word_1_342' title='bbox 371 3044 557 3101; x_wconf 90' lang='lat' dir='ltr'><strong>elatio.</strong></span> <span class='ocrx_word' id='word_1_343' title='bbox 603 3043 677 3100; x_wconf 88' lang='lat' dir='ltr'><strong>Et</strong></span> <span class='ocrx_word' id='word_1_344' title='bbox 705 3044 958 3100; x_wconf 87' lang='lat' dir='ltr'><strong>clamavit</strong></span> <span class='ocrx_word' id='word_1_345' title='bbox 990 3043 1252 3109; x_wconf 80' lang='lat' dir='ltr'><strong>:Lazare,</strong></span> <span class='ocrx_word' id='word_1_346' title='bbox 1286 3043 1368 3098; x_wconf 72' lang='lat' dir='ltr'><strong>exi</strong></span> <span class='ocrx_word' id='word_1_347' title='bbox 1407 3047 1572 3114; x_wconf 79' lang='lat' dir='ltr'><strong>foras.</strong></span> <span class='ocrx_word' id='word_1_348' title='bbox 1616 3040 1726 3097; x_wconf 92' lang='lat' dir='ltr'><strong>Cur</strong></span> 
     </span>
    </p>
   </div>
   <div class='ocr_carea' id='block_1_48' title="bbox 123 3137 1726 3205">
    <p class='ocr_par' dir='ltr' id='par_1_48' title="bbox 123 3137 1726 3205">
     <span class='ocr_line' id='line_1_48' title="bbox 123 3137 1726 3205; baseline -0.002 -8"><span class='ocrx_word' id='word_1_349' title='bbox 123 3142 294 3197; x_wconf 90' lang='lat' dir='ltr'><strong>etiam</strong></span> <span class='ocrx_word' id='word_1_350' title='bbox 324 3155 523 3196; x_wconf 87' lang='lat' dir='ltr'><strong>nomen</strong></span> <span class='ocrx_word' id='word_1_351' title='bbox 565 3139 825 3205; x_wconf 86' lang='lat' dir='ltr'><strong>additur;</strong></span> <span class='ocrx_word' id='word_1_352' title='bbox 857 3140 960 3195; x_wconf 90' lang='lat' dir='ltr'><strong>nisi</strong></span> <span class='ocrx_word' id='word_1_353' title='bbox 990 3137 1131 3194; x_wconf 91' lang='lat' dir='ltr'><strong>forte</strong></span> <span class='ocrx_word' id='word_1_354' title='bbox 1158 3153 1226 3192; x_wconf 87' lang='lat' dir='ltr'><strong>ne</strong></span> <span class='ocrx_word' id='word_1_355' title='bbox 1255 3137 1393 3192; x_wconf 88' lang='lat' dir='ltr'><strong>alius</strong></span> <span class='ocrx_word' id='word_1_356' title='bbox 1435 3138 1726 3193; x_wconf 87' lang='lat' dir='ltr'><strong>resuscita-</strong></span> 
     </span>
    </p>
   </div>
   <div class='ocr_carea' id='block_1_49' title="bbox 1827 1923 3427 2003">
    <p class='ocr_par' dir='ltr' id='par_1_49' title="bbox 1827 1923 3427 2003">
     <span class='ocr_line' id='line_1_49' title="bbox 1827 1923 3427 2003; baseline -0.006 -17"><span class='ocrx_word' id='word_1_357' title='bbox 1827 1946 1989 2003; x_wconf 90' lang='lat' dir='ltr'><strong>quem</strong></span> <span class='ocrx_word' id='word_1_358' title='bbox 2027 1930 2300 2001; x_wconf 82' lang='lat' dir='ltr'><strong>aSpiciunt</strong></span> <span class='ocrx_word' id='word_1_359' title='bbox 2337 1939 2747 2001; x_wconf 78' lang='lat' dir='ltr'><strong>resurgentem,</strong></span> <span class='ocrx_word' id='word_1_360' title='bbox 2780 1926 2972 1984; x_wconf 90' lang='lat' dir='ltr'><strong>vident</strong></span> <span class='ocrx_word' id='word_1_361' title='bbox 3013 1925 3165 1999; x_wconf 74' lang='lat' dir='ltr'><strong>signa</strong></span> <span class='ocrx_word' id='word_1_362' title='bbox 3210 1923 3427 1996; x_wconf 86' lang='lat' dir='ltr'><strong>mortis,</strong></span> 
     </span>
    </p>
   </div>
   <div class='ocr_carea' id='block_1_50' title="bbox 1829 2018 3430 2090">
    <p class='ocr_par' dir='ltr' id='par_1_50' title="bbox 1829 2018 3430 2090">
     <span class='ocr_line' id='line_1_50' title="bbox 1829 2018 3430 2090; baseline -0.005 -10"><span class='ocrx_word' id='word_1_363' title='bbox 1829 2034 1883 2080; x_wconf 92' lang='lat' dir='ltr'><strong>et</strong></span> <span class='ocrx_word' id='word_1_364' title='bbox 1907 2025 2029 2078; x_wconf 56' lang='lat' dir='ltr'><strong>vitae</strong></span> <span class='ocrx_word' id='word_1_365' title='bbox 2064 2038 2310 2079; x_wconf 87' lang='lat' dir='ltr'><strong>munera.</strong></span> <span class='ocrx_word' id='word_1_366' title='bbox 2341 2022 2479 2090; x_wconf 87' lang='lat' dir='ltr'><strong>Quid</strong></span> <span class='ocrx_word' id='word_1_367' title='bbox 2513 2023 2556 2077; x_wconf 88' lang='lat' dir='ltr'><strong>si</strong></span> <span class='ocrx_word' id='word_1_368' title='bbox 2584 2021 2712 2078; x_wconf 94' lang='lat' dir='ltr'><strong>dum</strong></span> <span class='ocrx_word' id='word_1_369' title='bbox 2752 2029 3047 2087; x_wconf 84' lang='lat' dir='ltr'><strong>conantur,</strong></span> <span class='ocrx_word' id='word_1_370' title='bbox 3090 2019 3277 2074; x_wconf 87' lang='lat' dir='ltr'><strong>labore</strong></span> <span class='ocrx_word' id='word_1_371' title='bbox 3307 2018 3430 2088; x_wconf 89' lang='lat' dir='ltr'><strong>ipso</strong></span> 
     </span>
    </p>
   </div>
   <div class='ocr_carea' id='block_1_51' title="bbox 1829 2113 3432 2188">
    <p class='ocr_par' dir='ltr' id='par_1_51' title="bbox 1829 2113 3432 2188">
     <span class='ocr_line' id='line_1_51' title="bbox 1829 2113 3432 2188; baseline -0.007 -14"><span class='ocrx_word' id='word_1_372' title='bbox 1829 2118 2217 2174; x_wconf 87' lang='lat' dir='ltr'><strong>emendantur?</strong></span> <span class='ocrx_word' id='word_1_373' title='bbox 2248 2117 2374 2188; x_wconf 92' lang='lat' dir='ltr'><strong>quid</strong></span> <span class='ocrx_word' id='word_1_374' title='bbox 2412 2117 2457 2172; x_wconf 89' lang='lat' dir='ltr'><strong>si</strong></span> <span class='ocrx_word' id='word_1_375' title='bbox 2503 2116 2632 2171; x_wconf 91' lang='lat' dir='ltr'><strong>dum</strong></span> <span class='ocrx_word' id='word_1_376' title='bbox 2661 2114 2910 2178; x_wconf 87' lang='lat' dir='ltr'><strong>audiunt,</strong></span> <span class='ocrx_word' id='word_1_377' title='bbox 2944 2114 3031 2170; x_wconf 86' lang='lat' dir='ltr'><strong>vel</strong></span> <span class='ocrx_word' id='word_1_378' title='bbox 3062 2113 3286 2169; x_wconf 89' lang='lat' dir='ltr'><strong>auribus</strong></span> <span class='ocrx_word' id='word_1_379' title='bbox 3315 2114 3432 2166; x_wconf 89' lang='lat' dir='ltr'><strong>suis</strong></span> 
     </span>
    </p>
   </div>
   <div class='ocr_carea' id='block_1_52' title="bbox 1827 2202 3430 2278">
    <p class='ocr_par' dir='ltr' id='par_1_52' title="bbox 1827 2202 3430 2278">
     <span class='ocr_line' id='line_1_52' title="bbox 1827 2202 3430 2278; baseline -0.006 -14"><span class='ocrx_word' id='word_1_380' title='bbox 1827 2209 2082 2265; x_wconf 87' lang='lat' dir='ltr'><strong>credunt?</strong></span> <span class='ocrx_word' id='word_1_381' title='bbox 2109 2209 2235 2278; x_wconf 91' lang='lat' dir='ltr'><strong>quid</strong></span> <span class='ocrx_word' id='word_1_382' title='bbox 2257 2209 2302 2265; x_wconf 84' lang='lat' dir='ltr'><strong>si</strong></span> <span class='ocrx_word' id='word_1_383' title='bbox 2335 2209 2460 2263; x_wconf 88' lang='lat' dir='ltr'><strong>dum</strong></span> <span class='ocrx_word' id='word_1_384' title='bbox 2495 2209 2796 2273; x_wconf 90' lang='lat' dir='ltr'><strong>intuentur,</strong></span> <span class='ocrx_word' id='word_1_385' title='bbox 2826 2207 2910 2262; x_wconf 90' lang='lat' dir='ltr'><strong>vel</strong></span> <span class='ocrx_word' id='word_1_386' title='bbox 2947 2205 3120 2262; x_wconf 86' lang='lat' dir='ltr'><strong>oculis</strong></span> <span class='ocrx_word' id='word_1_387' title='bbox 3165 2202 3281 2260; x_wconf 90' lang='lat' dir='ltr'><strong>suis</strong></span> <span class='ocrx_word' id='word_1_388' title='bbox 3305 2216 3430 2258; x_wconf 91' lang='lat' dir='ltr'><strong>cor—</strong></span> 
     </span>
    </p>
   </div>
   <div class='ocr_carea' id='block_1_53' title="bbox 1827 2297 3432 2373">
    <p class='ocr_par' dir='ltr' id='par_1_53' title="bbox 1827 2297 3432 2373">
     <span class='ocr_line' id='line_1_53' title="bbox 1827 2297 3432 2373; baseline -0.005 -17"><span class='ocrx_word' id='word_1_389' title='bbox 1827 2301 2251 2373; x_wconf 78' lang='lat' dir='ltr'><strong>riguntur?.quid</strong></span> <span class='ocrx_word' id='word_1_390' title='bbox 2277 2302 2320 2356; x_wconf 91' lang='lat' dir='ltr'><strong>si</strong></span> <span class='ocrx_word' id='word_1_391' title='bbox 2346 2301 2472 2357; x_wconf 91' lang='lat' dir='ltr'><strong>dum</strong></span> <span class='ocrx_word' id='word_1_392' title='bbox 2502 2307 2764 2370; x_wconf 90' lang='lat' dir='ltr'><strong>rumpunt</strong></span> <span class='ocrx_word' id='word_1_393' title='bbox 2793 2297 3032 2364; x_wconf 86' lang='lat' dir='ltr'><strong>vincula,</strong></span> <span class='ocrx_word' id='word_1_394' title='bbox 3059 2306 3274 2352; x_wconf 90' lang='lat' dir='ltr'><strong>mentes</strong></span> <span class='ocrx_word' id='word_1_395' title='bbox 3301 2308 3432 2349; x_wconf 90' lang='lat' dir='ltr'><strong>suas</strong></span> 
     </span>
    </p>
   </div>
   <div class='ocr_carea' id='block_1_54' title="bbox 1825 2387 3432 2465">
    <p class='ocr_par' dir='ltr' id='par_1_54' title="bbox 1825 2387 3432 2465">
     <span class='ocr_line' id='line_1_54' title="bbox 1825 2387 3432 2465; baseline -0.006 -15"><span class='ocrx_word' id='word_1_396' title='bbox 1825 2396 2070 2450; x_wconf 86' lang='lat' dir='ltr'><strong>solvunt?</strong></span> <span class='ocrx_word' id='word_1_397' title='bbox 2103 2395 2231 2465; x_wconf 91' lang='lat' dir='ltr'><strong>quid</strong></span> <span class='ocrx_word' id='word_1_398' title='bbox 2259 2396 2305 2450; x_wconf 88' lang='lat' dir='ltr'><strong>si</strong></span> <span class='ocrx_word' id='word_1_399' title='bbox 2336 2394 2464 2449; x_wconf 91' lang='lat' dir='ltr'><strong>dum</strong></span> <span class='ocrx_word' id='word_1_400' title='bbox 2492 2394 2732 2449; x_wconf 83' lang='lat' dir='ltr'><strong>Lazarus</strong></span> <span class='ocrx_word' id='word_1_401' title='bbox 2760 2391 3000 2456; x_wconf 75' lang='lat' dir='ltr'><strong>exuitur,</strong></span> <span class='ocrx_word' id='word_1_402' title='bbox 3027 2391 3264 2461; x_wconf 90' lang='lat' dir='ltr'><strong>populus</strong></span> <span class='ocrx_word' id='word_1_403' title='bbox 3292 2387 3432 2443; x_wconf 84' lang='lat' dir='ltr'><strong>libe-</strong></span> 
     </span>
    </p>
   </div>
   <div class='ocr_carea' id='block_1_55' title="bbox 1827 2478 3434 2555">
    <p class='ocr_par' dir='ltr' id='par_1_55' title="bbox 1827 2478 3434 2555">
     <span class='ocr_line' id='line_1_55' title="bbox 1827 2478 3434 2555; baseline -0.004 -15"><span class='ocrx_word' id='word_1_404' title='bbox 1827 2487 2018 2540; x_wconf 81' lang='lat' dir='ltr'><strong>ratur?</strong></span> <span class='ocrx_word' id='word_1_405' title='bbox 2060 2486 2189 2542; x_wconf 92' lang='lat' dir='ltr'><strong>dum</strong></span> <span class='ocrx_word' id='word_1_406' title='bbox 2221 2485 2488 2542; x_wconf 81' lang='lat' dir='ltr'><strong>Lazarum</strong></span> <span class='ocrx_word' id='word_1_407' title='bbox 2515 2484 2670 2540; x_wconf 88' lang='lat' dir='ltr'><strong>abire</strong></span> <span class='ocrx_word' id='word_1_408' title='bbox 2709 2487 3054 2555; x_wconf 85' lang='lat' dir='ltr'><strong>permittunt,</strong></span> <span class='ocrx_word' id='word_1_409' title='bbox 3081 2480 3184 2550; x_wconf 88' lang='lat' dir='ltr'><strong>ipsi</strong></span> <span class='ocrx_word' id='word_1_410' title='bbox 3225 2478 3292 2534; x_wconf 91' lang='lat' dir='ltr'><strong>ad</strong></span> <span class='ocrx_word' id='word_1_411' title='bbox 3323 2479 3434 2534; x_wconf 92' lang='lat' dir='ltr'><strong>Do-</strong></span> 
     </span>
    </p>
   </div>
   <div class='ocr_carea' id='block_1_56' title="bbox 1827 2569 3432 2646">
    <p class='ocr_par' dir='ltr' id='par_1_56' title="bbox 1827 2569 3432 2646">
     <span class='ocr_line' id='line_1_56' title="bbox 1827 2569 3432 2646; baseline -0.004 -15"><span class='ocrx_word' id='word_1_412' title='bbox 1827 2577 2033 2633; x_wconf 91' lang='lat' dir='ltr'><strong>minum</strong></span> <span class='ocrx_word' id='word_1_413' title='bbox 2063 2578 2442 2634; x_wconf 78' lang='lat' dir='ltr'><strong>revertuntur?</strong></span> <span class='ocrx_word' id='word_1_414' title='bbox 2484 2577 2728 2646; x_wconf 87' lang='lat' dir='ltr'><strong>Denique</strong></span> <span class='ocrx_word' id='word_1_415' title='bbox 2755 2572 2910 2630; x_wconf 90' lang='lat' dir='ltr'><strong>mulli</strong></span> <span class='ocrx_word' id='word_1_416' title='bbox 2949 2573 3036 2643; x_wconf 86' lang='lat' dir='ltr'><strong>qui</strong></span> <span class='ocrx_word' id='word_1_417' title='bbox 3067 2578 3331 2628; x_wconf 86' lang='lat' dir='ltr'><strong>venerant</strong></span> <span class='ocrx_word' id='word_1_418' title='bbox 3359 2569 3432 2625; x_wconf 84' lang='lat' dir='ltr'><strong>ad</strong></span> 
     </span>
    </p>
   </div>
   <div class='ocr_carea' id='block_1_57' title="bbox 1825 2663 3433 2740">
    <p class='ocr_par' dir='ltr' id='par_1_57' title="bbox 1825 2663 3433 2740">
     <span class='ocr_line' id='line_1_57' title="bbox 1825 2663 3433 2740; baseline -0.005 -14"><span class='ocrx_word' id='word_1_419' title='bbox 1825 2670 2074 2739; x_wconf 79' lang='lat' dir='ltr'><strong>Mariam,</strong></span> <span class='ocrx_word' id='word_1_420' title='bbox 2145 2671 2393 2727; x_wconf 89' lang='lat' dir='ltr'><strong>videntes</strong></span> <span class='ocrx_word' id='word_1_421' title='bbox 2474 2685 2593 2740; x_wconf 66' lang='lat' dir='ltr'><strong>quae</strong></span> <span class='ocrx_word' id='word_1_422' title='bbox 2649 2667 2791 2723; x_wconf 89' lang='lat' dir='ltr'><strong>facta</strong></span> <span class='ocrx_word' id='word_1_423' title='bbox 2864 2675 3010 2732; x_wconf 90' lang='lat' dir='ltr'><strong>sunt,</strong></span> <span class='ocrx_word' id='word_1_424' title='bbox 3079 2663 3433 2720; x_wconf 90' lang='lat' dir='ltr'><strong>crediderunt</strong></span> 
     </span>
    </p>
   </div>
   <div class='ocr_carea' id='block_1_58' title="bbox 1825 2767 2190 2840">
    <p class='ocr_par' dir='ltr' id='par_1_58' title="bbox 1825 2767 2190 2840">
     <span class='ocr_line' id='line_1_58' title="bbox 1825 2767 2190 2840; baseline -0.005 -16"><span class='ocrx_word' id='word_1_425' title='bbox 1825 2767 2034 2836; x_wconf 59' lang='lat' dir='ltr'><strong>(tua,</strong></span> <span class='ocrx_word' id='word_1_426' title='bbox 2059 2770 2129 2825; x_wconf 71' lang='lat'><strong>45</strong></span> <span class='ocrx_word' id='word_1_427' title='bbox 2145 2769 2190 2840; x_wconf 86' lang='lat'><strong>).</strong></span> 
     </span>
    </p>
   </div>
   <div class='ocr_carea' id='block_1_59' title="bbox 1896 2853 3431 2930">
    <p class='ocr_par' dir='ltr' id='par_1_59' title="bbox 1896 2853 3431 2930">
     <span class='ocr_line' id='line_1_59' title="bbox 1896 2853 3431 2930; baseline -0.008 -10"><span class='ocrx_word' id='word_1_428' title='bbox 1896 2865 1985 2920; x_wconf 79' lang='lat' dir='ltr'><strong>8i.</strong></span> <span class='ocrx_word' id='word_1_429' title='bbox 2029 2863 2137 2919; x_wconf 80' lang='lat' dir='ltr'><strong>Nec</strong></span> <span class='ocrx_word' id='word_1_430' title='bbox 2183 2864 2288 2918; x_wconf 88' lang='lat' dir='ltr'><strong>hoc</strong></span> <span class='ocrx_word' id='word_1_431' title='bbox 2335 2860 2514 2917; x_wconf 90' lang='lat' dir='ltr'><strong>solum</strong></span> <span class='ocrx_word' id='word_1_432' title='bbox 2570 2858 2891 2930; x_wconf 74' lang='lat' dir='ltr'><strong>exemplum</strong></span> <span class='ocrx_word' id='word_1_433' title='bbox 2941 2855 3108 2913; x_wconf 88' lang='lat' dir='ltr'><strong>edidit</strong></span> <span class='ocrx_word' id='word_1_434' title='bbox 3159 2853 3431 2910; x_wconf 88' lang='lat' dir='ltr'><strong>Dominus</strong></span> 
     </span>
    </p>
   </div>
   <div class='ocr_carea' id='block_1_60' title="bbox 1831 2939 3434 3033">
    <p class='ocr_par' dir='ltr' id='par_1_60' title="bbox 1831 2939 3434 3033">
     <span class='ocr_line' id='line_1_60' title="bbox 1831 2939 3434 3033; baseline -0.009 -19"><span class='ocrx_word' id='word_1_435' title='bbox 1831 2958 2049 3033; x_wconf 75' lang='lat'><strong>1156</strong></span> <span class='ocrx_word' id='word_1_436' title='bbox 2072 2965 2260 3011; x_wconf 92' lang='lat' dir='ltr'><strong>noster</strong></span> <span class='ocrx_word' id='word_1_437' title='bbox 2289 2939 2449 3009; x_wconf 74' lang='lat' dir='ltr'><strong>JeSus</strong></span> <span class='ocrx_word' id='word_1_438' title='bbox 2477 2952 2758 3014; x_wconf 86' lang='lat' dir='ltr'><strong>Christus;</strong></span> <span class='ocrx_word' id='word_1_439' title='bbox 2785 2949 2879 3006; x_wconf 89' lang='lat' dir='ltr'><strong>sed</strong></span> <span class='ocrx_word' id='word_1_440' title='bbox 2909 2949 3050 3004; x_wconf 89' lang='lat' dir='ltr'><strong>alios</strong></span> <span class='ocrx_word' id='word_1_441' title='bbox 3093 2962 3310 3018; x_wconf 87' lang='lat' dir='ltr'><strong>quoque</strong></span> <span class='ocrx_word' id='word_1_442' title='bbox 3342 2961 3434 3000; x_wconf 90' lang='lat' dir='ltr'><strong>rc-</strong></span> 
     </span>
    </p>
   </div>
   <div class='ocr_carea' id='block_1_61' title="bbox 1825 3041 3425 3117">
    <p class='ocr_par' dir='ltr' id='par_1_61' title="bbox 1825 3041 3425 3117">
     <span class='ocr_line' id='line_1_61' title="bbox 1825 3041 3425 3117; baseline -0.008 -9"><span class='ocrx_word' id='word_1_443' title='bbox 1825 3051 2133 3116; x_wconf 89' lang='lat' dir='ltr'><strong>suscitavit,</strong></span> <span class='ocrx_word' id='word_1_444' title='bbox 2158 3058 2220 3104; x_wconf 94' lang='lat' dir='ltr'><strong>ut</strong></span> <span class='ocrx_word' id='word_1_445' title='bbox 2248 3063 2349 3103; x_wconf 92' lang='lat' dir='ltr'><strong>nos</strong></span> <span class='ocrx_word' id='word_1_446' title='bbox 2379 3047 2464 3102; x_wconf 91' lang='lat' dir='ltr'><strong>vel</strong></span> <span class='ocrx_word' id='word_1_447' title='bbox 2496 3045 2760 3117; x_wconf 67' lang='lat' dir='ltr'><strong>exemplis</strong></span> <span class='ocrx_word' id='word_1_448' title='bbox 2792 3042 3139 3099; x_wconf 86' lang='lat' dir='ltr'><strong>uberioribus</strong></span> <span class='ocrx_word' id='word_1_449' title='bbox 3166 3041 3425 3096; x_wconf 88' lang='lat' dir='ltr'><strong>credere-</strong></span> 
     </span>
    </p>
   </div>
   <div class='ocr_carea' id='block_1_62' title="bbox 1827 3135 3432 3204">
    <p class='ocr_par' dir='ltr' id='par_1_62' title="bbox 1827 3135 3432 3204">
     <span class='ocr_line' id='line_1_62' title="bbox 1827 3135 3432 3204; baseline -0.009 0"><span class='ocrx_word' id='word_1_450' title='bbox 1827 3164 1967 3204; x_wconf 93' lang='lat' dir='ltr'><strong>mus.</strong></span> <span class='ocrx_word' id='word_1_451' title='bbox 2004 3143 2374 3202; x_wconf 84' lang='lat' dir='ltr'><strong>Resuscitavit</strong></span> <span class='ocrx_word' id='word_1_452' title='bbox 2403 3141 2814 3198; x_wconf 86' lang='lat' dir='ltr'><strong>adolescentem</strong></span> <span class='ocrx_word' id='word_1_453' title='bbox 2850 3140 2976 3194; x_wconf 86' lang='lat' dir='ltr'><strong>ﬂetu</strong></span> <span class='ocrx_word' id='word_1_454' title='bbox 3015 3137 3195 3192; x_wconf 77' lang='lat' dir='ltr'><strong>vidua:</strong></span> <span class='ocrx_word' id='word_1_455' title='bbox 3237 3135 3432 3190; x_wconf 88' lang='lat' dir='ltr'><strong>matris</strong></span> 
     </span>
    </p>
   </div>
   <div class='ocr_carea' id='block_1_63' title="bbox 124 3227 1741 3309">
    <p class='ocr_par' dir='ltr' id='par_1_63' title="bbox 124 3232 1721 3307">
     <span class='ocr_line' id='line_1_63' title="bbox 124 3232 1721 3307; baseline -0.003 -15"><span class='ocrx_word' id='word_1_456' title='bbox 124 3246 212 3292; x_wconf 91' lang='lat' dir='ltr'><strong>tus</strong></span> <span class='ocrx_word' id='word_1_457' title='bbox 245 3250 345 3307; x_wconf 92' lang='lat' dir='ltr'><strong>pro</strong></span> <span class='ocrx_word' id='word_1_458' title='bbox 373 3235 480 3291; x_wconf 88' lang='lat' dir='ltr'><strong>alio</strong></span> <span class='ocrx_word' id='word_1_459' title='bbox 506 3235 803 3300; x_wconf 86' lang='lat' dir='ltr'><strong>videretur,</strong></span> <span class='ocrx_word' id='word_1_460' title='bbox 823 3243 918 3290; x_wconf 91' lang='lat' dir='ltr'><strong>aut</strong></span> <span class='ocrx_word' id='word_1_461' title='bbox 932 3233 1151 3289; x_wconf 89' lang='lat' dir='ltr'><strong>fortuita</strong></span> <span class='ocrx_word' id='word_1_462' title='bbox 1175 3235 1348 3304; x_wconf 85' lang='lat' dir='ltr'><strong>magis</strong></span> <span class='ocrx_word' id='word_1_463' title='bbox 1368 3232 1721 3299; x_wconf 69' lang='lat' dir='ltr'><strong>resurrectio,</strong></span> 
     </span>
    </p>
   </div>
   <div class='ocr_carea' id='block_1_64' title="bbox 1837 3227 3427 3309">
    <p class='ocr_par' dir='ltr' id='par_1_64' title="bbox 1837 3227 3427 3309">
     <span class='ocr_line' id='line_1_64' title="bbox 1837 3227 3427 3309; baseline -0.011 -12"><span class='ocrx_word' id='word_1_464' title='bbox 1837 3241 2084 3305; x_wconf 81' lang='lat' dir='ltr'><strong>inﬂexus,</strong></span> <span class='ocrx_word' id='word_1_465' title='bbox 2110 3237 2328 3309; x_wconf 90' lang='lat' dir='ltr'><strong>quando</strong></span> <span class='ocrx_word' id='word_1_466' title='bbox 2350 3233 2580 3290; x_wconf 86' lang='lat' dir='ltr'><strong>accessit</strong></span> <span class='ocrx_word' id='word_1_467' title='bbox 2607 3242 2660 3290; x_wconf 90' lang='lat' dir='ltr'><strong>et</strong></span> <span class='ocrx_word' id='word_1_468' title='bbox 2691 3233 2868 3302; x_wconf 80' lang='lat' dir='ltr'><strong>tetigit</strong></span> <span class='ocrx_word' id='word_1_469' title='bbox 2899 3230 3162 3295; x_wconf 89' lang='lat' dir='ltr'><strong>loculum,</strong></span> <span class='ocrx_word' id='word_1_470' title='bbox 3191 3227 3383 3283; x_wconf 88' lang='lat' dir='ltr'><strong>dicens</strong></span> <span class='ocrx_word' id='word_1_471' title='bbox 3411 3244 3427 3280; x_wconf 90' lang='lat'><strong>:</strong></span> 
     </span>
    </p>
   </div>
   <div class='ocr_carea' id='block_1_65' title="bbox 121 3330 615 3402">
    <p class='ocr_par' dir='ltr' id='par_1_65' title="bbox 121 3330 615 3402">
     <span class='ocr_line' id='line_1_65' title="bbox 121 3330 615 3402; baseline -0.006 -16"><span class='ocrx_word' id='word_1_472' title='bbox 121 3345 285 3402; x_wconf 91' lang='lat' dir='ltr'><strong>quam</strong></span> <span class='ocrx_word' id='word_1_473' title='bbox 309 3330 570 3400; x_wconf 88' lang='lat' dir='ltr'><strong>imperata</strong></span> <span class='ocrx_word' id='word_1_474' title='bbox 591 3331 615 3383; x_wconf 63' lang='grc' dir='ltr'>Υ</span> 
     </span>
    </p>
   </div>
   <div class='ocr_carea' id='block_1_66' title="bbox 197 3421 1726 3494">
    <p class='ocr_par' dir='ltr' id='par_1_66' title="bbox 197 3421 1726 3494">
     <span class='ocr_line' id='line_1_66' title="bbox 197 3421 1726 3494; baseline 0.001 -18"><span class='ocrx_word' id='word_1_475' title='bbox 197 3423 287 3478; x_wconf 82' lang='grc'><strong>78.</strong></span> <span class='ocrx_word' id='word_1_476' title='bbox 328 3422 552 3478; x_wconf 87' lang='lat' dir='ltr'><strong>Audivit</strong></span> <span class='ocrx_word' id='word_1_477' title='bbox 570 3437 703 3494; x_wconf 75' lang='lat' dir='ltr'><strong>ergo</strong></span> <span class='ocrx_word' id='word_1_478' title='bbox 729 3422 1039 3487; x_wconf 86' lang='lat' dir='ltr'><strong>defunctus,</strong></span> <span class='ocrx_word' id='word_1_479' title='bbox 1067 3431 1122 3478; x_wconf 91' lang='lat' dir='ltr'><strong>ct</strong></span> <span class='ocrx_word' id='word_1_480' title='bbox 1151 3422 1320 3478; x_wconf 78' lang='lat' dir='ltr'><strong>exivit</strong></span> <span class='ocrx_word' id='word_1_481' title='bbox 1347 3421 1494 3478; x_wconf 91' lang='lat' dir='ltr'><strong>foras</strong></span> <span class='ocrx_word' id='word_1_482' title='bbox 1518 3422 1587 3478; x_wconf 88' lang='lat' dir='ltr'><strong>de</strong></span> <span class='ocrx_word' id='word_1_483' title='bbox 1609 3437 1726 3478; x_wconf 91' lang='lat' dir='ltr'><strong>mo-</strong></span> 
     </span>
    </p>
   </div>
   <div class='ocr_carea' id='block_1_67' title="bbox 121 3514 1724 3586">
    <p class='ocr_par' dir='ltr' id='par_1_67' title="bbox 121 3514 1724 3586">
     <span class='ocr_line' id='line_1_67' title="bbox 121 3514 1724 3586; baseline -0.001 -14"><span class='ocrx_word' id='word_1_484' title='bbox 121 3524 409 3582; x_wconf 86' lang='lat' dir='ltr'><strong>numento,</strong></span> <span class='ocrx_word' id='word_1_485' title='bbox 439 3515 633 3586; x_wconf 78' lang='lat' dir='ltr'><strong>ligatus</strong></span> <span class='ocrx_word' id='word_1_486' title='bbox 659 3515 824 3586; x_wconf 90' lang='lat' dir='ltr'><strong>pedes</strong></span> <span class='ocrx_word' id='word_1_487' title='bbox 852 3523 907 3571; x_wconf 89' lang='lat' dir='ltr'><strong>et</strong></span> <span class='ocrx_word' id='word_1_488' title='bbox 931 3529 1125 3570; x_wconf 88' lang='lat' dir='ltr'><strong>manus</strong></span> <span class='ocrx_word' id='word_1_489' title='bbox 1150 3514 1170 3553; x_wconf 72' lang='grc' dir='ltr'>ί</span> <span class='ocrx_word' id='word_1_490' title='bbox 1212 3515 1434 3582; x_wconf 89' lang='lat' dir='ltr'><strong>institis,</strong></span> <span class='ocrx_word' id='word_1_491' title='bbox 1478 3523 1532 3571; x_wconf 91' lang='lat' dir='ltr'><strong>et</strong></span> <span class='ocrx_word' id='word_1_492' title='bbox 1559 3515 1724 3570; x_wconf 90' lang='lat' dir='ltr'><strong>facies</strong></span> 
     </span>
    </p>
   </div>
   <div class='ocr_carea' id='block_1_68' title="bbox 119 3606 1726 3681">
    <p class='ocr_par' dir='ltr' id='par_1_68' title="bbox 119 3606 1726 3681">
     <span class='ocr_line' id='line_1_68' title="bbox 119 3606 1726 3681; baseline 0 -16"><span class='ocrx_word' id='word_1_493' title='bbox 119 3611 245 3681; x_wconf 89' lang='lat' dir='ltr'><strong>ejus</strong></span> <span class='ocrx_word' id='word_1_494' title='bbox 291 3610 474 3674; x_wconf 85' lang='lat' dir='ltr'><strong>orario</strong></span> <span class='ocrx_word' id='word_1_495' title='bbox 529 3608 786 3680; x_wconf 76' lang='lat' dir='ltr'><strong>colligata</strong></span> <span class='ocrx_word' id='word_1_496' title='bbox 845 3617 963 3665; x_wconf 88' lang='lat' dir='ltr'><strong>erat</strong></span> <span class='ocrx_word' id='word_1_497' title='bbox 1015 3606 1212 3680; x_wconf 80' lang='lat' dir='ltr'><strong>(Joan.</strong></span> <span class='ocrx_word' id='word_1_498' title='bbox 1266 3624 1344 3676; x_wconf 73' lang='lat' dir='ltr'><strong>st,</strong></span> <span class='ocrx_word' id='word_1_499' title='bbox 1391 3609 1507 3679; x_wconf 73' lang='grc'><strong>41).</strong></span> <span class='ocrx_word' id='word_1_500' title='bbox 1560 3607 1726 3665; x_wconf 88' lang='lat' dir='ltr'><strong>Com—</strong></span> 
     </span>
    </p>
   </div>
   <div class='ocr_carea' id='block_1_69' title="bbox 119 3699 1726 3774">
    <p class='ocr_par' dir='ltr' id='par_1_69' title="bbox 119 3699 1726 3774">
     <span class='ocr_line' id='line_1_69' title="bbox 119 3699 1726 3774; baseline 0 -17"><span class='ocrx_word' id='word_1_501' title='bbox 119 3701 425 3774; x_wconf 88' lang='lat' dir='ltr'><strong>prehende,</strong></span> <span class='ocrx_word' id='word_1_502' title='bbox 479 3701 525 3756; x_wconf 88' lang='lat' dir='ltr'><strong>si</strong></span> <span class='ocrx_word' id='word_1_503' title='bbox 559 3711 737 3772; x_wconf 84' lang='lat' dir='ltr'><strong>potes,</strong></span> <span class='ocrx_word' id='word_1_504' title='bbox 783 3699 1240 3772; x_wconf 90' lang='lat' dir='ltr'><strong>quemadmodum</strong></span> <span class='ocrx_word' id='word_1_505' title='bbox 1284 3701 1489 3757; x_wconf 92' lang='lat' dir='ltr'><strong>clausis</strong></span> <span class='ocrx_word' id='word_1_506' title='bbox 1548 3701 1726 3757; x_wconf 89' lang='lat' dir='ltr'><strong>oculis</strong></span> 
     </span>
    </p>
   </div>
   <div class='ocr_carea' id='block_1_70' title="bbox 119 3795 1727 3867">
    <p class='ocr_par' dir='ltr' id='par_1_70' title="bbox 119 3795 1727 3867">
     <span class='ocr_line' id='line_1_70' title="bbox 119 3795 1727 3867; baseline -0.001 -15"><span class='ocrx_word' id='word_1_507' title='bbox 119 3797 229 3852; x_wconf 91' lang='lat' dir='ltr'><strong>iter</strong></span> <span class='ocrx_word' id='word_1_508' title='bbox 276 3805 489 3866; x_wconf 87' lang='lat' dir='ltr'><strong>carpat,</strong></span> <span class='ocrx_word' id='word_1_509' title='bbox 520 3795 719 3852; x_wconf 88' lang='lat' dir='ltr'><strong>vinctis</strong></span> <span class='ocrx_word' id='word_1_510' title='bbox 764 3796 993 3867; x_wconf 89' lang='lat' dir='ltr'><strong>pedibus</strong></span> <span class='ocrx_word' id='word_1_511' title='bbox 1036 3795 1263 3867; x_wconf 82' lang='lat' dir='ltr'><strong>gradum</strong></span> <span class='ocrx_word' id='word_1_512' title='bbox 1308 3796 1527 3867; x_wconf 77' lang='lat' dir='ltr'><strong>dirigat,</strong></span> <span class='ocrx_word' id='word_1_513' title='bbox 1581 3797 1727 3851; x_wconf 88' lang='lat' dir='ltr'><strong>inse-</strong></span> 
     </span>
    </p>
   </div>
   <div class='ocr_carea' id='block_1_71' title="bbox 118 3887 1724 3960">
    <p class='ocr_par' dir='ltr' id='par_1_71' title="bbox 118 3887 1724 3960">
     <span class='ocr_line' id='line_1_71' title="bbox 118 3887 1724 3960; baseline -0.001 -17"><span class='ocrx_word' id='word_1_514' title='bbox 118 3887 354 3959; x_wconf 87' lang='lat' dir='ltr'><strong>parabili</strong></span> <span class='ocrx_word' id='word_1_515' title='bbox 380 3902 596 3960; x_wconf 79' lang='lat' dir='ltr'><strong>gressu,</strong></span> <span class='ocrx_word' id='word_1_516' title='bbox 623 3899 647 3936; x_wconf 74' lang='grc' dir='ltr'><strong><em>ε</em></strong></span> <span class='ocrx_word' id='word_1_517' title='bbox 671 3888 1073 3960; x_wconf 88' lang='lat' dir='ltr'><strong>separabilique</strong></span> <span class='ocrx_word' id='word_1_518' title='bbox 1095 3904 1405 3960; x_wconf 84' lang='lat' dir='ltr'><strong>progressu.</strong></span> <span class='ocrx_word' id='word_1_519' title='bbox 1433 3889 1724 3945; x_wconf 78' lang='lat' dir='ltr'><strong>Manebant</strong></span> 
     </span>
    </p>
   </div>
   <div class='ocr_carea' id='block_1_72' title="bbox 115 3980 1725 4052">
    <p class='ocr_par' dir='ltr' id='par_1_72' title="bbox 115 3980 1725 4052">
     <span class='ocr_line' id='line_1_72' title="bbox 115 3980 1725 4052; baseline 0.001 -17"><span class='ocrx_word' id='word_1_520' title='bbox 115 3980 362 4046; x_wconf 88' lang='lat' dir='ltr'><strong>vincula,</strong></span> <span class='ocrx_word' id='word_1_521' title='bbox 408 3996 510 4038; x_wconf 89' lang='lat' dir='ltr'><strong>nec</strong></span> <span class='ocrx_word' id='word_1_522' title='bbox 539 3981 800 4037; x_wconf 91' lang='lat' dir='ltr'><strong>tenebant</strong></span> <span class='ocrx_word' id='word_1_523' title='bbox 839 3999 854 4034; x_wconf 89' lang='lat'><strong><em>:</em></strong></span> <span class='ocrx_word' id='word_1_524' title='bbox 899 3981 1223 4052; x_wconf 76' lang='lat' dir='ltr'><strong>tegebantur</strong></span> <span class='ocrx_word' id='word_1_525' title='bbox 1254 3982 1420 4050; x_wconf 91' lang='lat' dir='ltr'><strong>oculi,</strong></span> <span class='ocrx_word' id='word_1_526' title='bbox 1449 3983 1545 4039; x_wconf 90' lang='lat' dir='ltr'><strong>sed</strong></span> <span class='ocrx_word' id='word_1_527' title='bbox 1574 3981 1725 4038; x_wconf 90' lang='lat' dir='ltr'><strong>vide-</strong></span> 
     </span>
    </p>
   </div>
   <div class='ocr_carea' id='block_1_73' title="bbox 114 4072 1718 4146">
    <p class='ocr_par' dir='ltr' id='par_1_73' title="bbox 114 4072 1718 4146">
     <span class='ocr_line' id='line_1_73' title="bbox 114 4072 1718 4146; baseline -0.002 -16"><span class='ocrx_word' id='word_1_528' title='bbox 114 4074 274 4130; x_wconf 86' lang='lat' dir='ltr'><strong>bant.</strong></span> <span class='ocrx_word' id='word_1_529' title='bbox 295 4072 529 4131; x_wconf 80' lang='lat' dir='ltr'><strong>Videbat</strong></span> <span class='ocrx_word' id='word_1_530' title='bbox 545 4072 780 4144; x_wconf 90' lang='lat' dir='ltr'><strong>denique</strong></span> <span class='ocrx_word' id='word_1_531' title='bbox 801 4075 892 4144; x_wconf 90' lang='lat' dir='ltr'><strong>qui</strong></span> <span class='ocrx_word' id='word_1_532' title='bbox 916 4073 1255 4146; x_wconf 74' lang='lat' dir='ltr'><strong>resurgebat,</strong></span> <span class='ocrx_word' id='word_1_533' title='bbox 1273 4074 1366 4146; x_wconf 92' lang='lat' dir='ltr'><strong>qui</strong></span> <span class='ocrx_word' id='word_1_534' title='bbox 1385 4074 1718 4141; x_wconf 88' lang='lat' dir='ltr'><strong>ambulabat,</strong></span> 
     </span>
    </p>
   </div>
   <div class='ocr_carea' id='block_1_74' title="bbox 111 4165 1724 4241">
    <p class='ocr_par' dir='ltr' id='par_1_74' title="bbox 111 4165 1724 4241">
     <span class='ocr_line' id='line_1_74' title="bbox 111 4165 1724 4241; baseline 0.001 -18"><span class='ocrx_word' id='word_1_535' title='bbox 111 4169 211 4241; x_wconf 93' lang='lat' dir='ltr'><strong>qui</strong></span> <span class='ocrx_word' id='word_1_536' title='bbox 233 4165 535 4226; x_wconf 84' lang='lat' dir='ltr'><strong>deserebat</strong></span> <span class='ocrx_word' id='word_1_537' title='bbox 559 4168 894 4239; x_wconf 89' lang='lat' dir='ltr'><strong>sepulcrum.</strong></span> <span class='ocrx_word' id='word_1_538' title='bbox 932 4168 1143 4224; x_wconf 84' lang='lat' dir='ltr'><strong>Virtute</strong></span> <span class='ocrx_word' id='word_1_539' title='bbox 1189 4168 1336 4224; x_wconf 89' lang='lat' dir='ltr'><strong>enim</strong></span> <span class='ocrx_word' id='word_1_540' title='bbox 1363 4168 1561 4224; x_wconf 72' lang='lat' dir='ltr'><strong>divina:</strong></span> <span class='ocrx_word' id='word_1_541' title='bbox 1585 4185 1724 4240; x_wconf 67' lang='lat' dir='ltr'><strong>prae-</strong></span> 
     </span>
    </p>
   </div>
   <div class='ocr_carea' id='block_1_75' title="bbox 110 4262 1720 4334">
    <p class='ocr_par' dir='ltr' id='par_1_75' title="bbox 110 4262 1720 4334">
     <span class='ocr_line' id='line_1_75' title="bbox 110 4262 1720 4334; baseline -0.001 -15"><span class='ocrx_word' id='word_1_542' title='bbox 110 4262 394 4334; x_wconf 87' lang='lat' dir='ltr'><strong>ceptionis</strong></span> <span class='ocrx_word' id='word_1_543' title='bbox 415 4271 702 4334; x_wconf 88' lang='lat' dir='ltr'><strong>operante,</strong></span> <span class='ocrx_word' id='word_1_544' title='bbox 745 4271 939 4318; x_wconf 90' lang='lat' dir='ltr'><strong>natura</strong></span> <span class='ocrx_word' id='word_1_545' title='bbox 966 4276 1123 4318; x_wconf 90' lang='lat' dir='ltr'><strong>suum</strong></span> <span class='ocrx_word' id='word_1_546' title='bbox 1157 4276 1262 4317; x_wconf 90' lang='lat' dir='ltr'><strong>non</strong></span> <span class='ocrx_word' id='word_1_547' title='bbox 1296 4262 1612 4334; x_wconf 86' lang='lat' dir='ltr'><strong>requirebat</strong></span> <span class='ocrx_word' id='word_1_548' title='bbox 1638 4264 1720 4318; x_wconf 87' lang='lat' dir='ltr'><strong>of-</strong></span> 
     </span>
    </p>
   </div>
   <div class='ocr_carea' id='block_1_76' title="bbox 112 4355 1722 4427">
    <p class='ocr_par' dir='ltr' id='par_1_76' title="bbox 112 4355 1722 4427">
     <span class='ocr_line' id='line_1_76' title="bbox 112 4355 1722 4427; baseline 0.001 -17"><span class='ocrx_word' id='word_1_549' title='bbox 112 4355 340 4422; x_wconf 85' lang='lat' dir='ltr'><strong>ficium;</strong></span> <span class='ocrx_word' id='word_1_550' title='bbox 364 4365 418 4412; x_wconf 92' lang='lat' dir='ltr'><strong>et</strong></span> <span class='ocrx_word' id='word_1_551' title='bbox 441 4366 710 4427; x_wconf 91' lang='lat' dir='ltr'><strong>tamquam</strong></span> <span class='ocrx_word' id='word_1_552' title='bbox 745 4355 800 4410; x_wconf 89' lang='lat' dir='ltr'><strong>iu</strong></span> <span class='ocrx_word' id='word_1_553' title='bbox 829 4371 1063 4412; x_wconf 79' lang='lat' dir='ltr'><strong>excessu</strong></span> <span class='ocrx_word' id='word_1_554' title='bbox 1105 4358 1306 4425; x_wconf 86' lang='lat' dir='ltr'><strong>posita,</strong></span> <span class='ocrx_word' id='word_1_555' title='bbox 1340 4372 1450 4412; x_wconf 90' lang='lat' dir='ltr'><strong>non</strong></span> <span class='ocrx_word' id='word_1_556' title='bbox 1475 4356 1589 4427; x_wconf 89' lang='lat' dir='ltr'><strong>jam</strong></span> <span class='ocrx_word' id='word_1_557' title='bbox 1620 4371 1722 4412; x_wconf 91' lang='lat' dir='ltr'><strong>suo</strong></span> 
     </span>
    </p>
   </div>
   <div class='ocr_carea' id='block_1_77' title="bbox 110 4446 1723 4518">
    <p class='ocr_par' dir='ltr' id='par_1_77' title="bbox 110 4446 1723 4518">
     <span class='ocr_line' id='line_1_77' title="bbox 110 4446 1723 4518; baseline 0.001 -16"><span class='ocrx_word' id='word_1_558' title='bbox 110 4447 331 4515; x_wconf 91' lang='lat' dir='ltr'><strong>ordini,</strong></span> <span class='ocrx_word' id='word_1_559' title='bbox 377 4447 473 4503; x_wconf 91' lang='lat' dir='ltr'><strong>sed</strong></span> <span class='ocrx_word' id='word_1_560' title='bbox 515 4446 702 4503; x_wconf 91' lang='lat' dir='ltr'><strong>divino</strong></span> <span class='ocrx_word' id='word_1_561' title='bbox 745 4446 902 4502; x_wconf 91' lang='lat' dir='ltr'><strong>nutui</strong></span> <span class='ocrx_word' id='word_1_562' title='bbox 963 4448 1256 4504; x_wconf 86' lang='lat' dir='ltr'><strong>serviebat.</strong></span> <span class='ocrx_word' id='word_1_563' title='bbox 1307 4447 1723 4518; x_wconf 80' lang='lat' dir='ltr'><strong>Rumpebantur</strong></span> 
     </span>
    </p>
   </div>
   <div class='ocr_carea' id='block_1_78' title="bbox 115 4541 1721 4615">
    <p class='ocr_par' dir='ltr' id='par_1_78' title="bbox 115 4541 1721 4615">
     <span class='ocr_line' id='line_1_78' title="bbox 115 4541 1721 4615; baseline 0.002 -20"><span class='ocrx_word' id='word_1_564' title='bbox 115 4541 279 4610; x_wconf 88' lang='lat' dir='ltr'><strong>prius</strong></span> <span class='ocrx_word' id='word_1_565' title='bbox 330 4541 526 4597; x_wconf 90' lang='lat' dir='ltr'><strong>mortis</strong></span> <span class='ocrx_word' id='word_1_566' title='bbox 573 4556 734 4612; x_wconf 90' lang='lat' dir='ltr'><strong>quam</strong></span> <span class='ocrx_word' id='word_1_567' title='bbox 785 4543 1081 4613; x_wconf 74' lang='lat' dir='ltr'><strong>sepultura:</strong></span> <span class='ocrx_word' id='word_1_568' title='bbox 1125 4542 1339 4598; x_wconf 92' lang='lat' dir='ltr'><strong>vincula</strong></span> <span class='ocrx_word' id='word_1_569' title='bbox 1396 4561 1410 4599; x_wconf 91' lang='lat'><strong>:</strong></span> <span class='ocrx_word' id='word_1_570' title='bbox 1460 4545 1721 4615; x_wconf 78' lang='lat' dir='ltr'><strong>agebatur</strong></span> 
     </span>
    </p>
   </div>
   <div class='ocr_carea' id='block_1_79' title="bbox 111 4633 1066 4706">
    <p class='ocr_par' dir='ltr' id='par_1_79' title="bbox 111 4633 1066 4706">
     <span class='ocr_line' id='line_1_79' title="bbox 111 4633 1066 4706; baseline -0.002 -17"><span class='ocrx_word' id='word_1_571' title='bbox 111 4633 444 4705; x_wconf 85' lang='lat' dir='ltr'><strong>priusquam</strong></span> <span class='ocrx_word' id='word_1_572' title='bbox 471 4634 764 4706; x_wconf 87' lang='lat' dir='ltr'><strong>parabatur</strong></span> <span class='ocrx_word' id='word_1_573' title='bbox 793 4634 1066 4691; x_wconf 90' lang='lat' dir='ltr'><strong>incessus.</strong></span> 
     </span>
    </p>
   </div>
   <div class='ocr_carea' id='block_1_80' title="bbox 190 4747 1734 4821">
    <p class='ocr_par' dir='ltr' id='par_1_80' title="bbox 190 4747 1734 4821">
     <span class='ocr_line' id='line_1_80' title="bbox 190 4747 1734 4821; baseline 0.003 -18"><span class='ocrx_word' id='word_1_574' title='bbox 190 4757 220 4785; x_wconf 74' lang='grc' dir='ltr'><strong>ει</strong></span> <span class='ocrx_word' id='word_1_575' title='bbox 265 4749 400 4805; x_wconf 81' lang='lat' dir='ltr'><strong>Mss.</strong></span> <span class='ocrx_word' id='word_1_576' title='bbox 425 4747 663 4821; x_wconf 84' lang='lat' dir='ltr'><strong>quidam,</strong></span> <span class='ocrx_word' id='word_1_577' title='bbox 689 4749 869 4803; x_wconf 80' lang='lat' dir='ltr'><strong>vitales</strong></span> <span class='ocrx_word' id='word_1_578' title='bbox 905 4749 1116 4815; x_wconf 77' lang='lat' dir='ltr'><strong>spiritus</strong></span> <span class='ocrx_word' id='word_1_579' title='bbox 1137 4752 1441 4805; x_wconf 76' lang='lat' dir='ltr'><strong>conmercia</strong></span> <span class='ocrx_word' id='word_1_580' title='bbox 1461 4752 1734 4808; x_wconf 84' lang='lat' dir='ltr'><strong>rimentur.</strong></span> 
     </span>
    </p>
   </div>
   <div class='ocr_carea' id='block_1_81' title="bbox 192 4820 1738 4891">
    <p class='ocr_par' dir='ltr' id='par_1_81' title="bbox 192 4820 1738 4891">
     <span class='ocr_line' id='line_1_81' title="bbox 192 4820 1738 4891; baseline 0.003 -17"><span class='ocrx_word' id='word_1_581' title='bbox 192 4821 222 4860; x_wconf 73' lang='grc' dir='ltr'>δ</span> <span class='ocrx_word' id='word_1_582' title='bbox 267 4822 474 4877; x_wconf 82' lang='lat' dir='ltr'><strong>Omnes</strong></span> <span class='ocrx_word' id='word_1_583' title='bbox 499 4820 777 4891; x_wconf 85' lang='lat' dir='ltr'><strong>edit.,qui</strong></span> <span class='ocrx_word' id='word_1_584' title='bbox 819 4821 1096 4875; x_wconf 82' lang='lat' dir='ltr'><strong>crediderit</strong></span> <span class='ocrx_word' id='word_1_585' title='bbox 1139 4822 1328 4891; x_wconf 84' lang='lat' dir='ltr'><strong>quia...</strong></span> <span class='ocrx_word' id='word_1_586' title='bbox 1357 4825 1413 4876; x_wconf 86' lang='lat' dir='ltr'><strong>in</strong></span> <span class='ocrx_word' id='word_1_587' title='bbox 1460 4823 1738 4891; x_wconf 78' lang='lat' dir='ltr'><strong>novissima</strong></span> 
     </span>
    </p>
   </div>
   <div class='ocr_carea' id='block_1_82' title="bbox 110 4892 1732 4964">
    <p class='ocr_par' dir='ltr' id='par_1_82' title="bbox 110 4892 1732 4964">
     <span class='ocr_line' id='line_1_82' title="bbox 110 4892 1732 4964; baseline 0.002 -17"><span class='ocrx_word' id='word_1_588' title='bbox 110 4892 249 4948; x_wconf 85' lang='lat' dir='ltr'><strong>tuba</strong></span> <span class='ocrx_word' id='word_1_589' title='bbox 297 4895 494 4948; x_wconf 85' lang='lat' dir='ltr'><strong>mortui</strong></span> <span class='ocrx_word' id='word_1_590' title='bbox 543 4902 832 4964; x_wconf 86' lang='lat' dir='ltr'><strong>resurgent,</strong></span> <span class='ocrx_word' id='word_1_591' title='bbox 873 4908 990 4964; x_wconf 86' lang='lat' dir='ltr'><strong>cum</strong></span> <span class='ocrx_word' id='word_1_592' title='bbox 1040 4893 1222 4964; x_wconf 78' lang='lat' dir='ltr'><strong>primis</strong></span> <span class='ocrx_word' id='word_1_593' title='bbox 1273 4895 1505 4962; x_wconf 85' lang='lat' dir='ltr'><strong>rapietur</strong></span> <span class='ocrx_word' id='word_1_594' title='bbox 1550 4913 1568 4949; x_wconf 82' lang='lat'><strong>.-</strong></span> <span class='ocrx_word' id='word_1_595' title='bbox 1599 4910 1732 4949; x_wconf 85' lang='lat' dir='ltr'><strong>mss.</strong></span> 
     </span>
    </p>
   </div>
   <div class='ocr_carea' id='block_1_83' title="bbox 107 4963 1736 5034">
    <p class='ocr_par' dir='ltr' id='par_1_83' title="bbox 107 4963 1736 5034">
     <span class='ocr_line' id='line_1_83' title="bbox 107 4963 1736 5034; baseline -0.001 -14"><span class='ocrx_word' id='word_1_596' title='bbox 107 4979 257 5021; x_wconf 89' lang='lat' dir='ltr'><strong>vero</strong></span> <span class='ocrx_word' id='word_1_597' title='bbox 301 4965 586 5020; x_wconf 91' lang='lat' dir='ltr'><strong>nobiscum</strong></span> <span class='ocrx_word' id='word_1_598' title='bbox 611 4963 834 5028; x_wconf 87' lang='lat' dir='ltr'><strong>faciunt,</strong></span> <span class='ocrx_word' id='word_1_599' title='bbox 856 4963 959 5018; x_wconf 92' lang='lat' dir='ltr'><strong>nisi</strong></span> <span class='ocrx_word' id='word_1_600' title='bbox 982 4963 1123 5032; x_wconf 83' lang='lat' dir='ltr'><strong>quod</strong></span> <span class='ocrx_word' id='word_1_601' title='bbox 1154 4964 1204 5017; x_wconf 93' lang='lat' dir='ltr'><strong>in</strong></span> <span class='ocrx_word' id='word_1_602' title='bbox 1224 4963 1546 5034; x_wconf 83' lang='lat' dir='ltr'><strong>quibusdam</strong></span> <span class='ocrx_word' id='word_1_603' title='bbox 1573 4965 1736 5020; x_wconf 86' lang='lat' dir='ltr'><strong>omit-</strong></span> 
     </span>
    </p>
   </div>
   <div class='ocr_carea' id='block_1_84' title="bbox 108 5034 1733 5108">
    <p class='ocr_par' dir='ltr' id='par_1_84' title="bbox 108 5034 1733 5108">
     <span class='ocr_line' id='line_1_84' title="bbox 108 5034 1733 5108; baseline -0.001 -16"><span class='ocrx_word' id='word_1_604' title='bbox 108 5038 283 5097; x_wconf 87' lang='lat' dir='ltr'><strong>titur,</strong></span> <span class='ocrx_word' id='word_1_605' title='bbox 327 5047 478 5091; x_wconf 85' lang='lat' dir='ltr'><strong>canet</strong></span> <span class='ocrx_word' id='word_1_606' title='bbox 505 5038 643 5092; x_wconf 84' lang='lat' dir='ltr'><strong>enim</strong></span> <span class='ocrx_word' id='word_1_607' title='bbox 665 5036 816 5108; x_wconf 77' lang='lat' dir='ltr'><strong>tuba,</strong></span> <span class='ocrx_word' id='word_1_608' title='bbox 849 5044 905 5108; x_wconf 80' lang='lat' dir='ltr'><strong>et</strong></span> <span class='ocrx_word' id='word_1_609' title='bbox 957 5034 1208 5108; x_wconf 81' lang='lat' dir='ltr'><strong>habetur,</strong></span> <span class='ocrx_word' id='word_1_610' title='bbox 1237 5036 1428 5108; x_wconf 78' lang='lat' dir='ltr'><strong>mortui</strong></span> <span class='ocrx_word' id='word_1_611' title='bbox 1464 5047 1733 5108; x_wconf 83' lang='lat' dir='ltr'><strong>resurgent</strong></span> 
     </span>
    </p>
   </div>
   <div class='ocr_carea' id='block_1_85' title="bbox 105 5105 1732 5179">
    <p class='ocr_par' dir='ltr' id='par_1_85' title="bbox 105 5105 1732 5179">
     <span class='ocr_line' id='line_1_85' title="bbox 105 5105 1732 5179; baseline -0.001 -15"><span class='ocrx_word' id='word_1_612' title='bbox 105 5109 306 5179; x_wconf 80' lang='lat' dir='ltr'><strong>primi,</strong></span> <span class='ocrx_word' id='word_1_613' title='bbox 339 5108 627 5179; x_wconf 85' lang='lat' dir='ltr'><strong>rapientur.</strong></span> <span class='ocrx_word' id='word_1_614' title='bbox 661 5106 776 5163; x_wconf 83' lang='lat' dir='ltr'><strong>Non</strong></span> <span class='ocrx_word' id='word_1_615' title='bbox 794 5106 934 5179; x_wconf 83' lang='lat' dir='ltr'><strong>satis</strong></span> <span class='ocrx_word' id='word_1_616' title='bbox 966 5115 1135 5162; x_wconf 90' lang='lat' dir='ltr'><strong>recte.</strong></span> <span class='ocrx_word' id='word_1_617' title='bbox 1155 5105 1226 5160; x_wconf 81' lang='lat' dir='ltr'><strong>At</strong></span> <span class='ocrx_word' id='word_1_618' title='bbox 1259 5105 1398 5161; x_wconf 86' lang='lat' dir='ltr'><strong>infra</strong></span> <span class='ocrx_word' id='word_1_619' title='bbox 1429 5107 1518 5161; x_wconf 93' lang='lat' dir='ltr'><strong>ubi</strong></span> <span class='ocrx_word' id='word_1_620' title='bbox 1570 5105 1732 5163; x_wconf 77' lang='lat' dir='ltr'><strong>Rom.</strong></span> 
     </span>
    </p>
   </div>
   <div class='ocr_carea' id='block_1_86' title="bbox 103 5178 1734 5250">
    <p class='ocr_par' dir='ltr' id='par_1_86' title="bbox 103 5178 1734 5250">
     <span class='ocr_line' id='line_1_86' title="bbox 103 5178 1734 5250; baseline 0.001 -16"><span class='ocrx_word' id='word_1_621' title='bbox 103 5178 283 5242; x_wconf 79' lang='lat' dir='ltr'><strong>edit..</strong></span> <span class='ocrx_word' id='word_1_622' title='bbox 342 5178 411 5234; x_wconf 13' lang='lat' dir='ltr'><strong>eti</strong></span> <span class='ocrx_word' id='word_1_623' title='bbox 437 5178 672 5250; x_wconf 67' lang='lat' dir='ltr'><strong>per/idne</strong></span> <span class='ocrx_word' id='word_1_624' title='bbox 720 5178 919 5240; x_wconf 81' lang='lat' dir='ltr'><strong>subdet,</strong></span> <span class='ocrx_word' id='word_1_625' title='bbox 956 5186 1066 5233; x_wconf 90' lang='lat' dir='ltr'><strong>vet.</strong></span> <span class='ocrx_word' id='word_1_626' title='bbox 1097 5193 1189 5250; x_wconf 23' lang='lat' dir='ltr'><strong>hac</strong></span> <span class='ocrx_word' id='word_1_627' title='bbox 1243 5193 1376 5233; x_wconf 91' lang='lat' dir='ltr'><strong>mss.</strong></span> <span class='ocrx_word' id='word_1_628' title='bbox 1423 5179 1654 5249; x_wconf 85' lang='lat' dir='ltr'><strong>aliquot,</strong></span> <span class='ocrx_word' id='word_1_629' title='bbox 1686 5189 1734 5235; x_wconf 89' lang='lat' dir='ltr'><strong>et</strong></span> 
     </span>
    </p>
   </div>
   <div class='ocr_carea' id='block_1_87' title="bbox 101 5248 1736 5322">
    <p class='ocr_par' dir='ltr' id='par_1_87' title="bbox 101 5248 1736 5322">
     <span class='ocr_line' id='line_1_87' title="bbox 101 5248 1736 5322; baseline 0.001 -17"><span class='ocrx_word' id='word_1_630' title='bbox 101 5253 370 5322; x_wconf 74' lang='lat' dir='ltr'><strong>perfidia:</strong></span> <span class='ocrx_word' id='word_1_631' title='bbox 398 5248 504 5306; x_wconf 72' lang='lat' dir='ltr'><strong>sure</strong></span> <span class='ocrx_word' id='word_1_632' title='bbox 541 5249 723 5305; x_wconf 87' lang='lat' dir='ltr'><strong>subdet</strong></span> <span class='ocrx_word' id='word_1_633' title='bbox 754 5267 773 5304; x_wconf 90' lang='lat'><strong><em>:</em></strong></span> <span class='ocrx_word' id='word_1_634' title='bbox 805 5251 1000 5306; x_wconf 90' lang='lat' dir='ltr'><strong>melius</strong></span> <span class='ocrx_word' id='word_1_635' title='bbox 1032 5248 1225 5322; x_wconf 88' lang='lat' dir='ltr'><strong>reliqui</strong></span> <span class='ocrx_word' id='word_1_636' title='bbox 1255 5266 1412 5318; x_wconf 86' lang='lat' dir='ltr'><strong>tuss.,</strong></span> <span class='ocrx_word' id='word_1_637' title='bbox 1439 5261 1488 5304; x_wconf 89' lang='lat' dir='ltr'><strong>et</strong></span> <span class='ocrx_word' id='word_1_638' title='bbox 1519 5248 1736 5321; x_wconf 74' lang='lat' dir='ltr'><strong>perﬁdia</strong></span> 
     </span>
    </p>
   </div>
   <div class='ocr_carea' id='block_1_88' title="bbox 103 5331 395 5389">
    <p class='ocr_par' dir='ltr' id='par_1_88' title="bbox 103 5331 395 5389">
     <span class='ocr_line' id='line_1_88' title="bbox 103 5331 395 5389; baseline 0.003 -13"><span class='ocrx_word' id='word_1_639' title='bbox 103 5339 242 5389; x_wconf 75' lang='lat' dir='ltr'><strong>sua,</strong></span> <span class='ocrx_word' id='word_1_640' title='bbox 280 5331 395 5378; x_wconf 91' lang='lat' dir='ltr'><strong>etc.</strong></span> 
     </span>
    </p>
   </div>
   <div class='ocr_carea' id='block_1_89' title="bbox 193 5394 1735 5466">
    <p class='ocr_par' dir='ltr' id='par_1_89' title="bbox 193 5394 1735 5466">
     <span class='ocr_line' id='line_1_89' title="bbox 193 5394 1735 5466; baseline 0.001 -17"><span class='ocrx_word' id='word_1_641' title='bbox 193 5406 216 5431; x_wconf 73' lang='grc' dir='ltr'><em>ε</em></span> <span class='ocrx_word' id='word_1_642' title='bbox 267 5394 499 5466; x_wconf 79' lang='lat' dir='ltr'><strong>Amerb.</strong></span> <span class='ocrx_word' id='word_1_643' title='bbox 554 5403 610 5449; x_wconf 92' lang='lat' dir='ltr'><strong>et</strong></span> <span class='ocrx_word' id='word_1_644' title='bbox 655 5408 786 5448; x_wconf 91' lang='lat' dir='ltr'><strong>mss.</strong></span> <span class='ocrx_word' id='word_1_645' title='bbox 843 5394 1072 5462; x_wconf 89' lang='lat' dir='ltr'><strong>aliquot,</strong></span> <span class='ocrx_word' id='word_1_646' title='bbox 1124 5396 1347 5466; x_wconf 87' lang='lat' dir='ltr'><strong>speciem</strong></span> <span class='ocrx_word' id='word_1_647' title='bbox 1421 5404 1735 5464; x_wconf 68' lang='lat' dir='ltr'><strong>praestaret;</strong></span> 
     </span>
    </p>
   </div>
   <div class='ocr_carea' id='block_1_90' title="bbox 103 5465 1174 5537">
    <p class='ocr_par' dir='ltr' id='par_1_90' title="bbox 103 5465 1174 5537">
     <span class='ocr_line' id='line_1_90' title="bbox 103 5465 1174 5537; baseline 0.002 -17"><span class='ocrx_word' id='word_1_648' title='bbox 103 5465 346 5537; x_wconf 81' lang='lat' dir='ltr'><strong>Remig.</strong></span> <span class='ocrx_word' id='word_1_649' title='bbox 376 5475 432 5521; x_wconf 92' lang='lat' dir='ltr'><strong>et</strong></span> <span class='ocrx_word' id='word_1_650' title='bbox 457 5465 683 5537; x_wconf 78' lang='lat' dir='ltr'><strong>Benign.</strong></span> <span class='ocrx_word' id='word_1_651' title='bbox 712 5480 855 5531; x_wconf 84' lang='lat' dir='ltr'><strong>spem</strong></span> <span class='ocrx_word' id='word_1_652' title='bbox 885 5465 1174 5536; x_wconf 56' lang='lat' dir='ltr'><strong>praestaret.</strong></span> 
     </span>
    </p>
   </div>
   <div class='ocr_carea' id='block_1_91' title="bbox 187 5536 1230 5610">
    <p class='ocr_par' dir='ltr' id='par_1_91' title="bbox 187 5536 1230 5610">
     <span class='ocr_line' id='line_1_91' title="bbox 187 5536 1230 5610; baseline 0 -18"><span class='ocrx_word' id='word_1_653' title='bbox 187 5536 222 5577; x_wconf 72' lang='grc' dir='ltr'><strong><em>ἀ</em></strong></span> <span class='ocrx_word' id='word_1_654' title='bbox 272 5536 440 5610; x_wconf 65' lang='lat' dir='ltr'><strong>Pauci</strong></span> <span class='ocrx_word' id='word_1_655' title='bbox 469 5536 626 5600; x_wconf 51' lang='lat' dir='ltr'><strong>tussi.</strong></span> <span class='ocrx_word' id='word_1_656' title='bbox 658 5552 760 5610; x_wconf 84' lang='lat' dir='ltr'><strong>non</strong></span> <span class='ocrx_word' id='word_1_657' title='bbox 783 5537 943 5591; x_wconf 85' lang='lat' dir='ltr'><strong>soleat</strong></span> <span class='ocrx_word' id='word_1_658' title='bbox 967 5539 1230 5610; x_wconf 84' lang='lat' dir='ltr'><strong>imperari.</strong></span> 
     </span>
    </p>
   </div>
   <div class='ocr_carea' id='block_1_92' title="bbox 195 5609 1736 5684">
    <p class='ocr_par' dir='ltr' id='par_1_92' title="bbox 195 5609 1736 5684">
     <span class='ocr_line' id='line_1_92' title="bbox 195 5609 1736 5684; baseline 0.003 -20"><span class='ocrx_word' id='word_1_659' title='bbox 195 5619 222 5644; x_wconf 65' lang='grc'><strong>(³</strong></span> <span class='ocrx_word' id='word_1_660' title='bbox 270 5609 407 5684; x_wconf 81' lang='lat' dir='ltr'><strong>Mss.</strong></span> <span class='ocrx_word' id='word_1_661' title='bbox 442 5609 716 5684; x_wconf 84' lang='lat' dir='ltr'><strong>nonnuiii,</strong></span> <span class='ocrx_word' id='word_1_662' title='bbox 759 5621 1026 5680; x_wconf 71' lang='lat' dir='ltr'><strong>resurgant</strong></span> <span class='ocrx_word' id='word_1_663' title='bbox 1041 5609 1105 5665; x_wconf 88' lang='lat' dir='ltr'><strong>in</strong></span> <span class='ocrx_word' id='word_1_664' title='bbox 1142 5614 1561 5684; x_wconf 83' lang='lat' dir='ltr'><strong>incorruptione;</strong></span> <span class='ocrx_word' id='word_1_665' title='bbox 1591 5614 1736 5668; x_wconf 85' lang='lat' dir='ltr'><strong>tuba-</strong></span> 
     </span>
    </p>
   </div>
   <div class='ocr_carea' id='block_1_93' title="bbox 101 5681 699 5752">
    <p class='ocr_par' dir='ltr' id='par_1_93' title="bbox 101 5681 699 5752">
     <span class='ocr_line' id='line_1_93' title="bbox 101 5681 699 5752; baseline -0.007 -16"><span class='ocrx_word' id='word_1_666' title='bbox 101 5698 237 5736; x_wconf 84' lang='lat' dir='ltr'><strong>rum</strong></span> <span class='ocrx_word' id='word_1_667' title='bbox 268 5682 412 5736; x_wconf 82' lang='lat' dir='ltr'><strong>enim</strong></span> <span class='ocrx_word' id='word_1_668' title='bbox 438 5681 699 5752; x_wconf 83' lang='lat' dir='ltr'><strong>strepitus.</strong></span> 
     </span>
    </p>
   </div>
   <div class='ocr_carea' id='block_1_94' title="bbox 155 5750 1736 5824">
    <p class='ocr_par' dir='ltr' id='par_1_94' title="bbox 155 5750 1736 5824">
     <span class='ocr_line' id='line_1_94' title="bbox 155 5750 1736 5824; baseline 0.001 -16"><span class='ocrx_word' id='word_1_669' title='bbox 155 5780 158 5783; x_wconf 87' lang='lat'><strong>-</strong></span> <span class='ocrx_word' id='word_1_670' title='bbox 197 5753 220 5790; x_wconf 70' lang='grc' dir='ltr'><em>τ</em></span> <span class='ocrx_word' id='word_1_671' title='bbox 273 5750 627 5824; x_wconf 49' lang='lat' dir='ltr'><strong>lnstitariioc</strong></span> <span class='ocrx_word' id='word_1_672' title='bbox 675 5751 800 5810; x_wconf 89' lang='lat' dir='ltr'><strong>loco</strong></span> <span class='ocrx_word' id='word_1_673' title='bbox 829 5750 1015 5806; x_wconf 67' lang='lat' dir='ltr'><strong>fasciaa</strong></span> <span class='ocrx_word' id='word_1_674' title='bbox 1043 5754 1386 5822; x_wconf 86' lang='lat' dir='ltr'><strong>sepulcrales</strong></span> <span class='ocrx_word' id='word_1_675' title='bbox 1435 5765 1580 5820; x_wconf 89' lang='lat' dir='ltr'><strong>sunt,</strong></span> <span class='ocrx_word' id='word_1_676' title='bbox 1614 5770 1736 5824; x_wconf 60' lang='lat' dir='ltr'><strong>quae</strong></span> 
     </span>
    </p>
   </div>
   <div class='ocr_carea' id='block_1_95' title="bbox 101 5821 1736 5904">
    <p class='ocr_par' dir='ltr' id='par_1_95' title="bbox 101 5821 1736 5904">
     <span class='ocr_line' id='line_1_95' title="bbox 101 5821 1736 5904; baseline 0.001 -24"><span class='ocrx_word' id='word_1_677' title='bbox 101 5824 394 5904; x_wconf 65' lang='lat' dir='ltr'><strong>dipuntur</strong></span> <span class='ocrx_word' id='word_1_678' title='bbox 424 5821 922 5904; x_wconf 56' lang='lat' dir='ltr'><strong>aJoannexsipiai.</strong></span> <span class='ocrx_word' id='word_1_679' title='bbox 967 5829 1074 5904; x_wconf 75' lang='lat' dir='ltr'><strong>aut_</strong></span> <span class='ocrx_word' id='word_1_680' title='bbox 1097 5821 1310 5904; x_wconf 47' lang='lat' dir='ltr'><strong>melius</strong></span> <span class='ocrx_word' id='word_1_681' title='bbox 1340 5829 1516 5904; x_wconf 55' lang='grc' dir='ltr'><strong>κηρίαι</strong></span> <span class='ocrx_word' id='word_1_682' title='bbox 1541 5842 1590 5904; x_wconf 70' lang='grc' dir='ltr'><strong>Δξι</strong></span> <span class='ocrx_word' id='word_1_683' title='bbox 1633 5821 1736 5880; x_wconf 67' lang='grc' dir='ltr'>ιιο-</span> 
     </span>
    </p>
   </div>
   <div class='ocr_carea' id='block_1_96' title="bbox 103 5893 1734 5962">
    <p class='ocr_par' dir='ltr' id='par_1_96' title="bbox 103 5893 1734 5962">
     <span class='ocr_line' id='line_1_96' title="bbox 103 5893 1734 5962; baseline 0 -12"><span class='ocrx_word' id='word_1_684' title='bbox 103 5897 280 5953; x_wconf 80' lang='lat' dir='ltr'><strong>mine</strong></span> <span class='ocrx_word' id='word_1_685' title='bbox 314 5895 433 5962; x_wconf 51' lang='lat' dir='ltr'><strong>xeo,</strong></span> <span class='ocrx_word' id='word_1_686' title='bbox 465 5905 612 5951; x_wconf 80' lang='lat' dir='ltr'><strong>mors</strong></span> <span class='ocrx_word' id='word_1_687' title='bbox 634 5894 751 5948; x_wconf 87' lang='lat' dir='ltr'><strong>sive</strong></span> <span class='ocrx_word' id='word_1_688' title='bbox 775 5893 964 5946; x_wconf 83' lang='lat' dir='ltr'><strong>fatum.</strong></span> <span class='ocrx_word' id='word_1_689' title='bbox 995 5893 1075 5947; x_wconf 86' lang='lat' dir='ltr'><strong>Ad</strong></span> <span class='ocrx_word' id='word_1_690' title='bbox 1098 5906 1192 5947; x_wconf 85' lang='lat' dir='ltr'><strong>eas</strong></span> <span class='ocrx_word' id='word_1_691' title='bbox 1221 5908 1251 5948; x_wconf 90' lang='lat' dir='ltr'><strong>a</strong></span> <span class='ocrx_word' id='word_1_692' title='bbox 1278 5893 1478 5949; x_wconf 84' lang='lat' dir='ltr'><strong>Davi&#39;de</strong></span> <span class='ocrx_word' id='word_1_693' title='bbox 1507 5897 1734 5950; x_wconf 82' lang='lat' dir='ltr'><strong>allusum</strong></span> 
     </span>
    </p>
   </div>
   <div class='ocr_carea' id='block_1_97' title="bbox 1826 3325 3433 3400">
    <p class='ocr_par' dir='ltr' id='par_1_97' title="bbox 1826 3325 3433 3400">
     <span class='ocr_line' id='line_1_97' title="bbox 1826 3325 3433 3400; baseline -0.011 -9"><span class='ocrx_word' id='word_1_694' title='bbox 1826 3335 2156 3399; x_wconf 77' lang='lat' dir='ltr'><strong>Adolescens,</strong></span> <span class='ocrx_word' id='word_1_695' title='bbox 2187 3332 2279 3386; x_wconf 88' lang='lat' dir='ltr'><strong>tibi</strong></span> <span class='ocrx_word' id='word_1_696' title='bbox 2304 3331 2421 3385; x_wconf 84' lang='lat' dir='ltr'><strong>dico</strong></span> <span class='ocrx_word' id='word_1_697' title='bbox 2451 3345 2601 3400; x_wconf 82' lang='lat' dir='ltr'><strong>surge</strong></span> <span class='ocrx_word' id='word_1_698' title='bbox 2626 3337 2706 3384; x_wconf 85' lang='lat' dir='ltr'><strong>:et</strong></span> <span class='ocrx_word' id='word_1_699' title='bbox 2728 3326 2911 3382; x_wconf 82' lang='lat' dir='ltr'><strong>resedit</strong></span> <span class='ocrx_word' id='word_1_700' title='bbox 2937 3325 3023 3394; x_wconf 88' lang='lat' dir='ltr'><strong>qui</strong></span> <span class='ocrx_word' id='word_1_701' title='bbox 3045 3334 3154 3378; x_wconf 87' lang='lat' dir='ltr'><strong>erat</strong></span> <span class='ocrx_word' id='word_1_702' title='bbox 3177 3331 3433 3386; x_wconf 83' lang='lat' dir='ltr'><strong>mortuus,</strong></span> 
     </span>
    </p>
   </div>
   <div class='ocr_carea' id='block_1_98' title="bbox 1824 3417 3434 3499">
    <p class='ocr_par' dir='ltr' id='par_1_98' title="bbox 1824 3417 3434 3499">
     <span class='ocr_line' id='line_1_98' title="bbox 1824 3417 3434 3499; baseline -0.011 -14"><span class='ocrx_word' id='word_1_703' title='bbox 1824 3441 1872 3485; x_wconf 88' lang='lat' dir='ltr'><strong>et</strong></span> <span class='ocrx_word' id='word_1_704' title='bbox 1897 3429 2048 3499; x_wconf 75' lang='lat' dir='ltr'><strong>coepit</strong></span> <span class='ocrx_word' id='word_1_705' title='bbox 2071 3427 2213 3497; x_wconf 87' lang='lat' dir='ltr'><strong>loqui</strong></span> <span class='ocrx_word' id='word_1_706' title='bbox 2243 3424 2408 3492; x_wconf 86' lang='lat' dir='ltr'><strong>(Luc.</strong></span> <span class='ocrx_word' id='word_1_707' title='bbox 2444 3438 2538 3487; x_wconf 89' lang='lat' dir='ltr'><strong>vtt,</strong></span> <span class='ocrx_word' id='word_1_708' title='bbox 2575 3419 2700 3493; x_wconf 79' lang='lat' dir='ltr'><strong>M).</strong></span> <span class='ocrx_word' id='word_1_709' title='bbox 2737 3419 2934 3476; x_wconf 88' lang='lat' dir='ltr'><strong>Statim</strong></span> <span class='ocrx_word' id='word_1_710' title='bbox 2967 3428 3026 3473; x_wconf 94' lang='lat' dir='ltr'><strong>ut</strong></span> <span class='ocrx_word' id='word_1_711' title='bbox 3056 3417 3286 3483; x_wconf 88' lang='lat' dir='ltr'><strong>audivit,</strong></span> <span class='ocrx_word' id='word_1_712' title='bbox 3320 3425 3434 3469; x_wconf 91' lang='lat' dir='ltr'><strong>sta-</strong></span> 
     </span>
    </p>
   </div>
   <div class='ocr_carea' id='block_1_99' title="bbox 1825 3507 3431 3586">
    <p class='ocr_par' dir='ltr' id='par_1_99' title="bbox 1825 3507 3431 3586">
     <span class='ocr_line' id='line_1_99' title="bbox 1825 3507 3431 3586; baseline -0.01 -10"><span class='ocrx_word' id='word_1_713' title='bbox 1825 3521 1919 3576; x_wconf 90' lang='lat' dir='ltr'><strong>tim</strong></span> <span class='ocrx_word' id='word_1_714' title='bbox 1943 3518 2166 3586; x_wconf 90' lang='lat' dir='ltr'><strong>resedit,</strong></span> <span class='ocrx_word' id='word_1_715' title='bbox 2193 3516 2373 3572; x_wconf 89' lang='lat' dir='ltr'><strong>statim</strong></span> <span class='ocrx_word' id='word_1_716' title='bbox 2397 3517 2612 3570; x_wconf 87' lang='lat' dir='ltr'><strong>locutus</strong></span> <span class='ocrx_word' id='word_1_717' title='bbox 2637 3522 2740 3570; x_wconf 84' lang='lat' dir='ltr'><strong>est.</strong></span> <span class='ocrx_word' id='word_1_718' title='bbox 2767 3512 2884 3568; x_wconf 87' lang='lat' dir='ltr'><strong>Alia</strong></span> <span class='ocrx_word' id='word_1_719' title='bbox 2909 3526 3042 3582; x_wconf 79' lang='lat' dir='ltr'><strong>ergo</strong></span> <span class='ocrx_word' id='word_1_720' title='bbox 3066 3507 3286 3566; x_wconf 89' lang='lat' dir='ltr'><strong>virtutis</strong></span> <span class='ocrx_word' id='word_1_721' title='bbox 3307 3525 3431 3580; x_wconf 74' lang='lat' dir='ltr'><strong>gra-</strong></span> 
     </span>
    </p>
   </div>
   <div class='ocr_carea' id='block_1_100' title="bbox 1827 3611 2524 3680">
    <p class='ocr_par' dir='ltr' id='par_1_100' title="bbox 1827 3611 2524 3680">
     <span class='ocr_line' id='line_1_100' title="bbox 1827 3611 2524 3680; baseline -0.009 -11"><span class='ocrx_word' id='word_1_722' title='bbox 1827 3615 1921 3680; x_wconf 90' lang='lat' dir='ltr'><strong>tia,</strong></span> <span class='ocrx_word' id='word_1_723' title='bbox 1945 3613 2086 3668; x_wconf 89' lang='lat' dir='ltr'><strong>alius</strong></span> <span class='ocrx_word' id='word_1_724' title='bbox 2125 3611 2263 3668; x_wconf 93' lang='lat' dir='ltr'><strong>ordo</strong></span> <span class='ocrx_word' id='word_1_725' title='bbox 2296 3619 2524 3666; x_wconf 66' lang='lat' dir='ltr'><strong>naturae.</strong></span> 
     </span>
    </p>
   </div>
   <div class='ocr_carea' id='block_1_101' title="bbox 1897 3699 3418 3777">
    <p class='ocr_par' dir='ltr' id='par_1_101' title="bbox 1897 3699 3418 3777">
     <span class='ocr_line' id='line_1_101' title="bbox 1897 3699 3418 3777; baseline -0.006 -14"><span class='ocrx_word' id='word_1_726' title='bbox 1897 3708 1985 3764; x_wconf 76' lang='lat'><strong>82.</strong></span> <span class='ocrx_word' id='word_1_727' title='bbox 2027 3706 2162 3762; x_wconf 84' lang='lat' dir='ltr'><strong>Nam</strong></span> <span class='ocrx_word' id='word_1_728' title='bbox 2207 3705 2337 3777; x_wconf 88' lang='lat' dir='ltr'><strong>quid</strong></span> <span class='ocrx_word' id='word_1_729' title='bbox 2385 3704 2453 3760; x_wconf 88' lang='lat' dir='ltr'><strong>de</strong></span> <span class='ocrx_word' id='word_1_730' title='bbox 2493 3702 2912 3774; x_wconf 75' lang='lat' dir='ltr'><strong>arcltisynagogi</strong></span> <span class='ocrx_word' id='word_1_731' title='bbox 2957 3700 3064 3756; x_wconf 87' lang='lat' dir='ltr'><strong>lilia</strong></span> <span class='ocrx_word' id='word_1_732' title='bbox 3095 3700 3313 3770; x_wconf 89' lang='lat' dir='ltr'><strong>loquar,</strong></span> <span class='ocrx_word' id='word_1_733' title='bbox 3364 3699 3418 3754; x_wconf 90' lang='lat' dir='ltr'><strong>in</strong></span> 
     </span>
    </p>
   </div>
   <div class='ocr_carea' id='block_1_102' title="bbox 1824 3790 3425 3870">
    <p class='ocr_par' dir='ltr' id='par_1_102' title="bbox 1824 3790 3425 3870">
     <span class='ocr_line' id='line_1_102' title="bbox 1824 3790 3425 3870; baseline -0.007 -15"><span class='ocrx_word' id='word_1_734' title='bbox 1824 3800 1980 3870; x_wconf 88' lang='lat' dir='ltr'><strong>cujus</strong></span> <span class='ocrx_word' id='word_1_735' title='bbox 2005 3799 2159 3855; x_wconf 92' lang='lat' dir='ltr'><strong>obitu</strong></span> <span class='ocrx_word' id='word_1_736' title='bbox 2187 3797 2394 3854; x_wconf 84' lang='lat' dir='ltr'><strong>ﬂebant</strong></span> <span class='ocrx_word' id='word_1_737' title='bbox 2413 3796 2608 3859; x_wconf 42' lang='lat' dir='ltr'><strong>turbat,</strong></span> <span class='ocrx_word' id='word_1_738' title='bbox 2646 3794 2895 3849; x_wconf 88' lang='lat' dir='ltr'><strong>tibicines</strong></span> <span class='ocrx_word' id='word_1_739' title='bbox 2918 3790 3309 3862; x_wconf 85' lang='lat' dir='ltr'><strong>personabant?</strong></span> <span class='ocrx_word' id='word_1_740' title='bbox 3333 3791 3425 3844; x_wconf 76' lang='lat' dir='ltr'><strong>Et-</strong></span> 
     </span>
    </p>
   </div>
   <div class='ocr_carea' id='block_1_103' title="bbox 1825 3882 3428 3958">
    <p class='ocr_par' dir='ltr' id='par_1_103' title="bbox 1825 3882 3428 3958">
     <span class='ocr_line' id='line_1_103' title="bbox 1825 3882 3428 3958; baseline -0.006 -10"><span class='ocrx_word' id='word_1_741' title='bbox 1825 3893 1971 3948; x_wconf 89' lang='lat' dir='ltr'><strong>enim</strong></span> <span class='ocrx_word' id='word_1_742' title='bbox 2014 3891 2084 3947; x_wconf 91' lang='lat' dir='ltr'><strong>ad</strong></span> <span class='ocrx_word' id='word_1_743' title='bbox 2138 3891 2299 3947; x_wconf 88' lang='lat' dir='ltr'><strong>fidem</strong></span> <span class='ocrx_word' id='word_1_744' title='bbox 2352 3890 2547 3945; x_wconf 90' lang='lat' dir='ltr'><strong>mortis</strong></span> <span class='ocrx_word' id='word_1_745' title='bbox 2604 3902 2797 3958; x_wconf 85' lang='lat' dir='ltr'><strong>pompa</strong></span> <span class='ocrx_word' id='word_1_746' title='bbox 2853 3884 3061 3940; x_wconf 86' lang='lat' dir='ltr'><strong>funeris</strong></span> <span class='ocrx_word' id='word_1_747' title='bbox 3110 3882 3428 3938; x_wconf 80' lang='lat' dir='ltr'><strong>exhibetur.</strong></span> 
     </span>
    </p>
   </div>
   <div class='ocr_carea' id='block_1_104' title="bbox 1825 3975 3427 4054">
    <p class='ocr_par' dir='ltr' id='par_1_104' title="bbox 1825 3975 3427 4054">
     <span class='ocr_line' id='line_1_104' title="bbox 1825 3975 3427 4054; baseline -0.008 -14"><span class='ocrx_word' id='word_1_748' title='bbox 1825 3988 1995 4054; x_wconf 81' lang='lat' dir='ltr'><strong>Quam</strong></span> <span class='ocrx_word' id='word_1_749' title='bbox 2027 3985 2138 4039; x_wconf 91' lang='lat' dir='ltr'><strong>cito</strong></span> <span class='ocrx_word' id='word_1_750' title='bbox 2184 3984 2251 4038; x_wconf 90' lang='lat' dir='ltr'><strong>ad</strong></span> <span class='ocrx_word' id='word_1_751' title='bbox 2297 3997 2487 4039; x_wconf 82' lang='lat' dir='ltr'><strong>vocem</strong></span> <span class='ocrx_word' id='word_1_752' title='bbox 2542 3981 2756 4036; x_wconf 89' lang='lat' dir='ltr'><strong>Domini</strong></span> <span class='ocrx_word' id='word_1_753' title='bbox 2789 3977 3128 4033; x_wconf 89' lang='lat' dir='ltr'><strong>convertitur</strong></span> <span class='ocrx_word' id='word_1_754' title='bbox 3176 3975 3427 4046; x_wconf 90' lang='lat' dir='ltr'><strong>spiritus,</strong></span> 
     </span>
    </p>
   </div>
   <div class='ocr_carea' id='block_1_105' title="bbox 1826 4067 3429 4148">
    <p class='ocr_par' dir='ltr' id='par_1_105' title="bbox 1826 4067 3429 4148">
     <span class='ocr_line' id='line_1_105' title="bbox 1826 4067 3429 4148; baseline -0.01 -12"><span class='ocrx_word' id='word_1_755' title='bbox 1826 4079 2129 4136; x_wconf 89' lang='lat' dir='ltr'><strong>redivivum</strong></span> <span class='ocrx_word' id='word_1_756' title='bbox 2173 4092 2373 4148; x_wconf 89' lang='lat' dir='ltr'><strong>corpus</strong></span> <span class='ocrx_word' id='word_1_757' title='bbox 2412 4076 2664 4143; x_wconf 82' lang='lat' dir='ltr'><strong>erigitur,</strong></span> <span class='ocrx_word' id='word_1_758' title='bbox 2697 4073 2855 4128; x_wconf 87' lang='lat' dir='ltr'><strong>cibus</strong></span> <span class='ocrx_word' id='word_1_759' title='bbox 2896 4071 3160 4134; x_wconf 91' lang='lat' dir='ltr'><strong>sumitur;</strong></span> <span class='ocrx_word' id='word_1_760' title='bbox 3197 4079 3253 4124; x_wconf 89' lang='lat' dir='ltr'><strong>ut</strong></span> <span class='ocrx_word' id='word_1_761' title='bbox 3298 4067 3429 4123; x_wconf 74' lang='lat' dir='ltr'><strong>vita:</strong></span> 
     </span>
    </p>
   </div>
   <div class='ocr_carea' id='block_1_106' title="bbox 1825 4171 2570 4230">
    <p class='ocr_par' dir='ltr' id='par_1_106' title="bbox 1825 4171 2570 4230">
     <span class='ocr_line' id='line_1_106' title="bbox 1825 4171 2570 4230; baseline -0.007 -2"><span class='ocrx_word' id='word_1_762' title='bbox 1825 4175 2199 4230; x_wconf 89' lang='lat' dir='ltr'><strong>testimonium</strong></span> <span class='ocrx_word' id='word_1_763' title='bbox 2227 4171 2570 4227; x_wconf 89' lang='lat' dir='ltr'><strong>crederetur.</strong></span> 
     </span>
    </p>
   </div>
   <div class='ocr_carea' id='block_1_107' title="bbox 1893 4255 3431 4336">
    <p class='ocr_par' dir='ltr' id='par_1_107' title="bbox 1893 4255 3431 4336">
     <span class='ocr_line' id='line_1_107' title="bbox 1893 4255 3431 4336; baseline -0.007 -15"><span class='ocrx_word' id='word_1_764' title='bbox 1893 4267 1983 4322; x_wconf 81' lang='grc'><strong>85.</strong></span> <span class='ocrx_word' id='word_1_765' title='bbox 2029 4267 2095 4320; x_wconf 85' lang='lat' dir='ltr'><strong>Et</strong></span> <span class='ocrx_word' id='word_1_766' title='bbox 2120 4263 2252 4336; x_wconf 90' lang='lat' dir='ltr'><strong>quid</strong></span> <span class='ocrx_word' id='word_1_767' title='bbox 2285 4264 2548 4318; x_wconf 84' lang='lat' dir='ltr'><strong>miremur</strong></span> <span class='ocrx_word' id='word_1_768' title='bbox 2572 4261 2640 4316; x_wconf 90' lang='lat' dir='ltr'><strong>ad</strong></span> <span class='ocrx_word' id='word_1_769' title='bbox 2681 4275 2872 4315; x_wconf 80' lang='lat' dir='ltr'><strong>vocem</strong></span> <span class='ocrx_word' id='word_1_770' title='bbox 2908 4259 3003 4315; x_wconf 82' lang='lat' dir='ltr'><strong>Dei</strong></span> <span class='ocrx_word' id='word_1_771' title='bbox 3050 4257 3264 4314; x_wconf 88' lang='lat' dir='ltr'><strong>refundi</strong></span> <span class='ocrx_word' id='word_1_772' title='bbox 3312 4255 3431 4311; x_wconf 89' lang='lat' dir='ltr'><strong>ani-</strong></span> 
     </span>
    </p>
   </div>
   <div class='ocr_carea' id='block_1_108' title="bbox 1827 4352 3435 4427">
    <p class='ocr_par' dir='ltr' id='par_1_108' title="bbox 1827 4352 3435 4427">
     <span class='ocr_line' id='line_1_108' title="bbox 1827 4352 3435 4427; baseline -0.005 -13"><span class='ocrx_word' id='word_1_773' title='bbox 1827 4374 1991 4427; x_wconf 91' lang='lat' dir='ltr'><strong>mam,</strong></span> <span class='ocrx_word' id='word_1_774' title='bbox 2047 4357 2228 4415; x_wconf 90' lang='lat' dir='ltr'><strong>redire</strong></span> <span class='ocrx_word' id='word_1_775' title='bbox 2271 4357 2487 4413; x_wconf 91' lang='lat' dir='ltr'><strong>ossibus</strong></span> <span class='ocrx_word' id='word_1_776' title='bbox 2536 4357 2780 4419; x_wconf 86' lang='lat' dir='ltr'><strong>viscera;</strong></span> <span class='ocrx_word' id='word_1_777' title='bbox 2836 4369 2962 4409; x_wconf 89' lang='lat' dir='ltr'><strong>cum</strong></span> <span class='ocrx_word' id='word_1_778' title='bbox 3015 4352 3435 4408; x_wconf 90' lang='lat' dir='ltr'><strong>meminerimus</strong></span> 
     </span>
    </p>
   </div>
   <div class='ocr_carea' id='block_1_109' title="bbox 1827 4445 3427 4524">
    <p class='ocr_par' dir='ltr' id='par_1_109' title="bbox 1827 4445 3427 4524">
     <span class='ocr_line' id='line_1_109' title="bbox 1827 4445 3427 4524; baseline -0.005 -16"><span class='ocrx_word' id='word_1_779' title='bbox 1827 4453 2124 4524; x_wconf 86' lang='lat' dir='ltr'><strong>pr0pltetici</strong></span> <span class='ocrx_word' id='word_1_780' title='bbox 2177 4461 2317 4506; x_wconf 86' lang='lat' dir='ltr'><strong>tactu</strong></span> <span class='ocrx_word' id='word_1_781' title='bbox 2370 4449 2616 4521; x_wconf 82' lang='lat' dir='ltr'><strong>corporis</strong></span> <span class='ocrx_word' id='word_1_782' title='bbox 2669 4457 2940 4504; x_wconf 88' lang='lat' dir='ltr'><strong>mortuum</strong></span> <span class='ocrx_word' id='word_1_783' title='bbox 2969 4445 3427 4516; x_wconf 81' lang='lat' dir='ltr'><strong>suscitatum(|V</strong></span> 
     </span>
    </p>
   </div>
   <div class='ocr_carea' id='block_1_110' title="bbox 1826 4538 3430 4618">
    <p class='ocr_par' dir='ltr' id='par_1_110' title="bbox 1826 4538 3430 4618">
     <span class='ocr_line' id='line_1_110' title="bbox 1826 4538 3430 4618; baseline -0.006 -17"><span class='ocrx_word' id='word_1_784' title='bbox 1826 4545 1958 4618; x_wconf 85' lang='lat' dir='ltr'><strong>Reg.</strong></span> <span class='ocrx_word' id='word_1_785' title='bbox 2017 4547 2105 4610; x_wconf 75' lang='lat' dir='ltr'><strong>l5,</strong></span> <span class='ocrx_word' id='word_1_786' title='bbox 2150 4543 2282 4615; x_wconf 68' lang='lat'><strong>2|)?</strong></span> <span class='ocrx_word' id='word_1_787' title='bbox 2335 4544 2482 4599; x_wconf 84' lang='lat' dir='ltr'><strong>Elias</strong></span> <span class='ocrx_word' id='word_1_788' title='bbox 2529 4543 2748 4606; x_wconf 86' lang='lat' dir='ltr'><strong>oravit,</strong></span> <span class='ocrx_word' id='word_1_789' title='bbox 2796 4552 2852 4596; x_wconf 93' lang='lat' dir='ltr'><strong>et</strong></span> <span class='ocrx_word' id='word_1_790' title='bbox 2905 4538 3430 4594; x_wconf 86' lang='lat' dir='ltr'><strong>defunctum-susci-</strong></span> 
     </span>
    </p>
   </div>
   <div class='ocr_carea' id='block_1_111' title="bbox 1754 4623 3434 4709">
    <p class='ocr_par' dir='ltr' id='par_1_111' title="bbox 1754 4623 3434 4709">
     <span class='ocr_line' id='line_1_111' title="bbox 1754 4623 3434 4709; baseline -0.006 -15"><span class='ocrx_word' id='word_1_791' title='bbox 1754 4623 1808 4683; x_wconf 75' lang='grc' dir='ltr'><strong>Ι)</strong></span> <span class='ocrx_word' id='word_1_792' title='bbox 1836 4640 1971 4695; x_wconf 90' lang='lat' dir='ltr'><strong>tavit</strong></span> <span class='ocrx_word' id='word_1_793' title='bbox 2000 4637 2260 4694; x_wconf 79' lang='lat' dir='ltr'><strong>infantem</strong></span> <span class='ocrx_word' id='word_1_794' title='bbox 2286 4635 2387 4708; x_wconf 89' lang='grc'><strong>(111</strong></span> <span class='ocrx_word' id='word_1_795' title='bbox 2422 4636 2553 4709; x_wconf 82' lang='lat' dir='ltr'><strong>Reg.</strong></span> <span class='ocrx_word' id='word_1_796' title='bbox 2582 4651 2712 4702; x_wconf 77' lang='lat' dir='ltr'><strong>xvtt,</strong></span> <span class='ocrx_word' id='word_1_797' title='bbox 2739 4633 2873 4704; x_wconf 47' lang='grc' dir='ltr'><strong>εῖν</strong></span> <span class='ocrx_word' id='word_1_798' title='bbox 2905 4632 3104 4689; x_wconf 83' lang='lat' dir='ltr'><strong>Petrus</strong></span> <span class='ocrx_word' id='word_1_799' title='bbox 3135 4633 3186 4686; x_wconf 91' lang='lat' dir='ltr'><strong>in</strong></span> <span class='ocrx_word' id='word_1_800' title='bbox 3211 4630 3434 4686; x_wconf 90' lang='lat' dir='ltr'><strong>nomine</strong></span> 
     </span>
    </p>
   </div>
   <div class='ocr_carea' id='block_1_112' title="bbox 1843 4745 3436 4822">
    <p class='ocr_par' dir='ltr' id='par_1_112' title="bbox 1843 4745 3436 4822">
     <span class='ocr_line' id='line_1_112' title="bbox 1843 4745 3436 4822; baseline -0.008 -14"><span class='ocrx_word' id='word_1_801' title='bbox 1843 4753 2086 4808; x_wconf 83' lang='lat' dir='ltr'><strong>Nannius</strong></span> <span class='ocrx_word' id='word_1_802' title='bbox 2116 4761 2287 4822; x_wconf 89' lang='lat' dir='ltr'><strong>putat,</strong></span> <span class='ocrx_word' id='word_1_803' title='bbox 2313 4752 2406 4807; x_wconf 83' lang='lat' dir='ltr'><strong>tibi</strong></span> <span class='ocrx_word' id='word_1_804' title='bbox 2443 4752 2672 4822; x_wconf 79' lang='lat' dir='ltr'><strong>legimus</strong></span> <span class='ocrx_word' id='word_1_805' title='bbox 2697 4749 3112 4822; x_wconf 74' lang='lat' dir='ltr'><strong>:Prterenerunt</strong></span> <span class='ocrx_word' id='word_1_806' title='bbox 3155 4745 3436 4822; x_wconf 83' lang='lat' dir='ltr'><strong>me_laquei</strong></span> 
     </span>
    </p>
   </div>
   <div class='ocr_carea' id='block_1_113' title="bbox 1842 4816 3435 4892">
    <p class='ocr_par' dir='ltr' id='par_1_113' title="bbox 1842 4816 3435 4892">
     <span class='ocr_line' id='line_1_113' title="bbox 1842 4816 3435 4892; baseline -0.006 -15"><span class='ocrx_word' id='word_1_807' title='bbox 1842 4825 2017 4878; x_wconf 88' lang='lat' dir='ltr'><strong>mortis</strong></span> <span class='ocrx_word' id='word_1_808' title='bbox 2045 4840 2063 4878; x_wconf 91' lang='lat'><strong><em>:</em></strong></span> <span class='ocrx_word' id='word_1_809' title='bbox 2085 4816 2235 4892; x_wconf 75' lang='lat' dir='ltr'><strong>funes</strong></span> <span class='ocrx_word' id='word_1_810' title='bbox 2261 4816 2416 4891; x_wconf 77' lang='lat' dir='ltr'><strong>inferi</strong></span> <span class='ocrx_word' id='word_1_811' title='bbox 2437 4816 2888 4878; x_wconf 58' lang='lat' dir='ltr'><strong>circumdederunt</strong></span> <span class='ocrx_word' id='word_1_812' title='bbox 2915 4836 3025 4892; x_wconf 79' lang='lat' dir='ltr'><strong>me;</strong></span> <span class='ocrx_word' id='word_1_813' title='bbox 3051 4819 3137 4873; x_wconf 90' lang='lat' dir='ltr'><strong>his</strong></span> <span class='ocrx_word' id='word_1_814' title='bbox 3165 4816 3310 4892; x_wconf 81' lang='lat' dir='ltr'><strong>enim</strong></span> <span class='ocrx_word' id='word_1_815' title='bbox 3342 4828 3435 4868; x_wconf 87' lang='lat' dir='ltr'><strong>ca-</strong></span> 
     </span>
    </p>
   </div>
   <div class='ocr_carea' id='block_1_114' title="bbox 1841 4887 3431 4964">
    <p class='ocr_par' dir='ltr' id='par_1_114' title="bbox 1841 4887 3431 4964">
     <span class='ocr_line' id='line_1_114' title="bbox 1841 4887 3431 4964; baseline -0.007 -14"><span class='ocrx_word' id='word_1_816' title='bbox 1841 4895 2044 4950; x_wconf 87' lang='lat' dir='ltr'><strong>davera</strong></span> <span class='ocrx_word' id='word_1_817' title='bbox 2068 4887 2356 4964; x_wconf 72' lang='lat' dir='ltr'><strong>unguentis</strong></span> <span class='ocrx_word' id='word_1_818' title='bbox 2380 4895 2645 4958; x_wconf 88' lang='lat' dir='ltr'><strong>delibuta,</strong></span> <span class='ocrx_word' id='word_1_819' title='bbox 2671 4909 2738 4948; x_wconf 91' lang='lat' dir='ltr'><strong>ne</strong></span> <span class='ocrx_word' id='word_1_820' title='bbox 2759 4887 3431 4964; x_wconf 74' lang='lat' dir='ltr'><strong>corruptionesolveren-</strong></span> 
     </span>
    </p>
   </div>
   <div class='ocr_carea' id='block_1_115' title="bbox 1841 4957 3431 5046">
    <p class='ocr_par' dir='ltr' id='par_1_115' title="bbox 1841 4957 3431 5046">
     <span class='ocr_line' id='line_1_115' title="bbox 1841 4957 3431 5046; baseline -0.005 -26"><span class='ocrx_word' id='word_1_821' title='bbox 1841 4976 1948 5032; x_wconf 87' lang='lat' dir='ltr'><strong>tur,</strong></span> <span class='ocrx_word' id='word_1_822' title='bbox 1985 4957 2170 5021; x_wconf 75' lang='lat' dir='ltr'><strong>Judaei</strong></span> <span class='ocrx_word' id='word_1_823' title='bbox 2191 4957 2963 5046; x_wconf 33' lang='grc' dir='ltr'><strong>ρὺιίξςειιιςιιιιτηΑιιειιιιθη1νεὶ</strong></span> <span class='ocrx_word' id='word_1_824' title='bbox 3010 4959 3220 5046; x_wconf 78' lang='lat' dir='ltr'><strong>institas</strong></span> <span class='ocrx_word' id='word_1_825' title='bbox 3266 4957 3431 5012; x_wconf 88' lang='lat' dir='ltr'><strong>etiam</strong></span> 
     </span>
    </p>
   </div>
   <div class='ocr_carea' id='block_1_116' title="bbox 1839 5036 3436 5106">
    <p class='ocr_par' dir='ltr' id='par_1_116' title="bbox 1839 5036 3436 5106">
     <span class='ocr_line' id='line_1_116' title="bbox 1839 5036 3436 5106; baseline -0.006 -14"><span class='ocrx_word' id='word_1_826' title='bbox 1839 5051 2162 5092; x_wconf 80' lang='lat' dir='ltr'><strong>Communes</strong></span> <span class='ocrx_word' id='word_1_827' title='bbox 2193 5036 2372 5091; x_wconf 70' lang='lat' dir='ltr'><strong>fascim</strong></span> <span class='ocrx_word' id='word_1_828' title='bbox 2406 5038 2804 5106; x_wconf 83' lang='lat' dir='ltr'><strong>intelliguntur;</strong></span> <span class='ocrx_word' id='word_1_829' title='bbox 2840 5036 3006 5088; x_wconf 90' lang='lat' dir='ltr'><strong>immo</strong></span> <span class='ocrx_word' id='word_1_830' title='bbox 3024 5039 3084 5106; x_wconf 90' lang='lat' dir='ltr'><strong>_et</strong></span> <span class='ocrx_word' id='word_1_831' title='bbox 3105 5042 3436 5106; x_wconf 73' lang='lat' dir='ltr'><strong>genusque-</strong></span> 
     </span>
    </p>
   </div>
   <div class='ocr_carea' id='block_1_117' title="bbox 1839 5100 3433 5178">
    <p class='ocr_par' dir='ltr' id='par_1_117' title="bbox 1839 5100 3433 5178">
     <span class='ocr_line' id='line_1_117' title="bbox 1839 5100 3433 5178; baseline -0.006 -18"><span class='ocrx_word' id='word_1_832' title='bbox 1839 5125 1945 5178; x_wconf 89' lang='lat' dir='ltr'><strong>que</strong></span> <span class='ocrx_word' id='word_1_833' title='bbox 2005 5108 2172 5163; x_wconf 88' lang='lat' dir='ltr'><strong>vestis</strong></span> <span class='ocrx_word' id='word_1_834' title='bbox 2217 5107 2498 5163; x_wconf 88' lang='lat' dir='ltr'><strong>muliebris</strong></span> <span class='ocrx_word' id='word_1_835' title='bbox 2550 5100 2856 5178; x_wconf 62' lang='lat' dir='ltr'><strong>h&#39;ujusmodi</strong></span> <span class='ocrx_word' id='word_1_836' title='bbox 2906 5103 3070 5178; x_wconf 81' lang='lat' dir='ltr'><strong>fascia</strong></span> <span class='ocrx_word' id='word_1_837' title='bbox 3118 5115 3212 5154; x_wconf 81' lang='lat' dir='ltr'><strong>scit</strong></span> <span class='ocrx_word' id='word_1_838' title='bbox 3266 5100 3433 5152; x_wconf 88' lang='lat' dir='ltr'><strong>limbo</strong></span> 
     </span>
    </p>
   </div>
   <div class='ocr_carea' id='block_1_118' title="bbox 1877 5175 3430 5246">
    <p class='ocr_par' dir='ltr' id='par_1_118' title="bbox 1877 5175 3430 5246">
     <span class='ocr_line' id='line_1_118' title="bbox 1877 5175 3430 5246; baseline -0.006 -11"><span class='ocrx_word' id='word_1_839' title='bbox 1877 5188 2183 5246; x_wconf 73' lang='lat' dir='ltr'><strong>rmtextnm,</strong></span> <span class='ocrx_word' id='word_1_840' title='bbox 2213 5179 2372 5234; x_wconf 83' lang='lat' dir='ltr'><strong>sicuti</strong></span> <span class='ocrx_word' id='word_1_841' title='bbox 2417 5175 2676 5234; x_wconf 74' lang='lat' dir='ltr'><strong>observat</strong></span> <span class='ocrx_word' id='word_1_842' title='bbox 2722 5179 2862 5233; x_wconf 88' lang='lat' dir='ltr'><strong>idem</strong></span> <span class='ocrx_word' id='word_1_843' title='bbox 2901 5175 3162 5239; x_wconf 79' lang='lat' dir='ltr'><strong>Nannius,</strong></span> <span class='ocrx_word' id='word_1_844' title='bbox 3200 5186 3430 5226; x_wconf 87' lang='lat' dir='ltr'><strong>necnon</strong></span> 
     </span>
    </p>
   </div>
   <div class='ocr_carea' id='block_1_119' title="bbox 1890 5251 2685 5307">
    <p class='ocr_par' dir='ltr' id='par_1_119' title="bbox 1890 5251 2685 5307">
     <span class='ocr_line' id='line_1_119' title="bbox 1890 5251 2685 5307; baseline -0.004 -1"><span class='ocrx_word' id='word_1_845' title='bbox 1890 5253 2070 5306; x_wconf 88' lang='lat' dir='ltr'><strong>assius</strong></span> <span class='ocrx_word' id='word_1_846' title='bbox 2095 5251 2162 5306; x_wconf 90' lang='lat' dir='ltr'><strong>ad</strong></span> <span class='ocrx_word' id='word_1_847' title='bbox 2194 5251 2440 5307; x_wconf 84' lang='lat' dir='ltr'><strong>eamdem</strong></span> <span class='ocrx_word' id='word_1_848' title='bbox 2473 5266 2685 5306; x_wconf 82' lang='lat' dir='ltr'><strong>vocent.</strong></span> 
     </span>
    </p>
   </div>
   <div class='ocr_carea' id='block_1_120' title="bbox 1911 5315 3431 5396">
    <p class='ocr_par' dir='ltr' id='par_1_120' title="bbox 1911 5315 3431 5396">
     <span class='ocr_line' id='line_1_120' title="bbox 1911 5315 3431 5396; baseline -0.009 -16"><span class='ocrx_word' id='word_1_849' title='bbox 1911 5333 1936 5372; x_wconf 77' lang='grc' dir='ltr'><em>ε</em></span> <span class='ocrx_word' id='word_1_850' title='bbox 1979 5322 2141 5379; x_wconf 87' lang='lat' dir='ltr'><strong>Pauci</strong></span> <span class='ocrx_word' id='word_1_851' title='bbox 2170 5334 2534 5396; x_wconf 75' lang='lat' dir='ltr'><strong>mss._separet</strong></span> <span class='ocrx_word' id='word_1_852' title='bbox 2577 5317 3086 5396; x_wconf 22' lang='lat' dir='ltr'><strong>gressumaverunt</strong></span> <span class='ocrx_word' id='word_1_853' title='bbox 3133 5315 3183 5369; x_wconf 93' lang='lat' dir='ltr'><strong>in</strong></span> <span class='ocrx_word' id='word_1_854' title='bbox 3217 5322 3431 5396; x_wconf 73' lang='lat' dir='ltr'><strong>recepta</strong></span> 
     </span>
    </p>
   </div>
   <div class='ocr_carea' id='block_1_121' title="bbox 1841 5385 3433 5468">
    <p class='ocr_par' dir='ltr' id='par_1_121' title="bbox 1841 5385 3433 5468">
     <span class='ocr_line' id='line_1_121' title="bbox 1841 5385 3433 5468; baseline -0.009 -18"><span class='ocrx_word' id='word_1_855' title='bbox 1841 5393 2075 5452; x_wconf 88' lang='lat' dir='ltr'><strong>lectione</strong></span> <span class='ocrx_word' id='word_1_856' title='bbox 2095 5409 2202 5450; x_wconf 92' lang='lat' dir='ltr'><strong>non</strong></span> <span class='ocrx_word' id='word_1_857' title='bbox 2228 5395 2341 5450; x_wconf 91' lang='lat' dir='ltr'><strong>vitii</strong></span> <span class='ocrx_word' id='word_1_858' title='bbox 2367 5385 2686 5468; x_wconf 70' lang='lat' dir='ltr'><strong>quidquam,</strong></span> <span class='ocrx_word' id='word_1_859' title='bbox 2712 5391 2887 5460; x_wconf 90' lang='lat' dir='ltr'><strong>inquit</strong></span> <span class='ocrx_word' id='word_1_860' title='bbox 2918 5389 3179 5468; x_wconf 63' lang='lat' dir='ltr'><strong>Nannius,</strong></span> <span class='ocrx_word' id='word_1_861' title='bbox 3202 5385 3298 5468; x_wconf 75' lang='lat' dir='ltr'><strong>sed</strong></span> <span class='ocrx_word' id='word_1_862' title='bbox 3317 5385 3433 5468; x_wconf 40' lang='grc'><strong>,01)-</strong></span> 
     </span>
    </p>
   </div>
   <div class='ocr_carea' id='block_1_122' title="bbox 1840 5458 3429 5539">
    <p class='ocr_par' dir='ltr' id='par_1_122' title="bbox 1840 5458 3429 5539">
     <span class='ocr_line' id='line_1_122' title="bbox 1840 5458 3429 5539; baseline -0.009 -16"><span class='ocrx_word' id='word_1_863' title='bbox 1840 5469 2072 5523; x_wconf 80' lang='lat' dir='ltr'><strong>scuritas</strong></span> <span class='ocrx_word' id='word_1_864' title='bbox 2099 5482 2312 5536; x_wconf 78' lang='lat' dir='ltr'><strong>magna.</strong></span> <span class='ocrx_word' id='word_1_865' title='bbox 2361 5458 2459 5522; x_wconf 79' lang='lat' dir='ltr'><strong>Est</strong></span> <span class='ocrx_word' id='word_1_866' title='bbox 2485 5458 2663 5521; x_wconf 77' lang='lat' dir='ltr'><strong>autem</strong></span> <span class='ocrx_word' id='word_1_867' title='bbox 2708 5458 2902 5539; x_wconf 77' lang='lat' dir='ltr'><strong>sensus</strong></span> <span class='ocrx_word' id='word_1_868' title='bbox 2929 5479 2940 5513; x_wconf 91' lang='lat'><strong>:</strong></span> <span class='ocrx_word' id='word_1_869' title='bbox 2970 5458 3260 5539; x_wconf 75' lang='lat' dir='ltr'><strong>Quomodo</strong></span> <span class='ocrx_word' id='word_1_870' title='bbox 3279 5458 3429 5539; x_wconf 67' lang='lat' dir='ltr'><strong>vinc-</strong></span> 
     </span>
    </p>
   </div>
   <div class='ocr_carea' id='block_1_123' title="bbox 1843 5530 3431 5611">
    <p class='ocr_par' dir='ltr' id='par_1_123' title="bbox 1843 5530 3431 5611">
     <span class='ocr_line' id='line_1_123' title="bbox 1843 5530 3431 5611; baseline -0.008 -17"><span class='ocrx_word' id='word_1_871' title='bbox 1843 5539 1912 5596; x_wconf 87' lang='lat' dir='ltr'><strong>tis</strong></span> <span class='ocrx_word' id='word_1_872' title='bbox 1939 5540 2172 5611; x_wconf 86' lang='lat' dir='ltr'><strong>pedibus</strong></span> <span class='ocrx_word' id='word_1_873' title='bbox 2190 5530 2316 5593; x_wconf 44' lang='lat' dir='ltr'><strong>viter</strong></span> <span class='ocrx_word' id='word_1_874' title='bbox 2343 5539 2560 5611; x_wconf 78' lang='lat' dir='ltr'><strong>dirigat,</strong></span> <span class='ocrx_word' id='word_1_875' title='bbox 2589 5535 2840 5611; x_wconf 85' lang='lat' dir='ltr'><strong>cruribus</strong></span> <span class='ocrx_word' id='word_1_876' title='bbox 2890 5533 3030 5587; x_wconf 87' lang='lat' dir='ltr'><strong>inter</strong></span> <span class='ocrx_word' id='word_1_877' title='bbox 3060 5545 3118 5584; x_wconf 87' lang='lat' dir='ltr'><strong>se</strong></span> <span class='ocrx_word' id='word_1_878' title='bbox 3143 5530 3431 5611; x_wconf 69' lang='lat' dir='ltr'><strong>revinctis,</strong></span> 
     </span>
    </p>
   </div>
   <div class='ocr_carea' id='block_1_124' title="bbox 1841 5600 3430 5682">
    <p class='ocr_par' dir='ltr' id='par_1_124' title="bbox 1841 5600 3430 5682">
     <span class='ocr_line' id='line_1_124' title="bbox 1841 5600 3430 5682; baseline -0.009 -15"><span class='ocrx_word' id='word_1_879' title='bbox 1841 5600 2020 5668; x_wconf 74' lang='lat' dir='ltr'><strong>tamen</strong></span> <span class='ocrx_word' id='word_1_880' title='bbox 2052 5611 2205 5682; x_wconf 91' lang='lat' dir='ltr'><strong>quasi</strong></span> <span class='ocrx_word' id='word_1_881' title='bbox 2254 5600 2588 5674; x_wconf 69' lang='lat' dir='ltr'><strong>divaricatis,</strong></span> <span class='ocrx_word' id='word_1_882' title='bbox 2624 5608 2835 5662; x_wconf 89' lang='lat' dir='ltr'><strong>alterno</strong></span> <span class='ocrx_word' id='word_1_883' title='bbox 2878 5613 3027 5660; x_wconf 88' lang='lat' dir='ltr'><strong>motu</strong></span> <span class='ocrx_word' id='word_1_884' title='bbox 3056 5601 3251 5673; x_wconf 89' lang='lat' dir='ltr'><strong>pedum</strong></span> <span class='ocrx_word' id='word_1_885' title='bbox 3282 5600 3430 5655; x_wconf 86' lang='lat' dir='ltr'><strong>ince-</strong></span> 
     </span>
    </p>
   </div>
   <div class='ocr_carea' id='block_1_125' title="bbox 1837 5682 3430 5750">
    <p class='ocr_par' dir='ltr' id='par_1_125' title="bbox 1837 5682 3430 5750">
     <span class='ocr_line' id='line_1_125' title="bbox 1837 5682 3430 5750; baseline 0 -10"><span class='ocrx_word' id='word_1_886' title='bbox 1837 5684 1994 5740; x_wconf 89' lang='lat' dir='ltr'><strong>dens.</strong></span> <span class='ocrx_word' id='word_1_887' title='bbox 2027 5684 2103 5737; x_wconf 82' lang='lat' dir='ltr'><strong>lta</strong></span> <span class='ocrx_word' id='word_1_888' title='bbox 2137 5682 2252 5735; x_wconf 90' lang='lat' dir='ltr'><strong>ille.</strong></span> <span class='ocrx_word' id='word_1_889' title='bbox 3079 5742 3085 5750; x_wconf 70' lang='grc'>,</span> <span class='ocrx_word' id='word_1_890' title='bbox 3267 5744 3278 5750; x_wconf 92' lang='lat'><strong>_</strong></span> <span class='ocrx_word' id='word_1_891' title='bbox 3403 5733 3430 5742; x_wconf 74' lang='lat'><strong>..</strong></span> 
     </span>
    </p>
   </div>
   <div class='ocr_carea' id='block_1_126' title="bbox 1913 5744 3431 5823">
    <p class='ocr_par' dir='ltr' id='par_1_126' title="bbox 1913 5744 3431 5823">
     <span class='ocr_line' id='line_1_126' title="bbox 1913 5744 3431 5823; baseline -0.006 -15"><span class='ocrx_word' id='word_1_892' title='bbox 1913 5755 1937 5792; x_wconf 73' lang='grc' dir='ltr'>ιι</span> <span class='ocrx_word' id='word_1_893' title='bbox 1974 5753 2054 5809; x_wconf 89' lang='lat' dir='ltr'><strong>lta</strong></span> <span class='ocrx_word' id='word_1_894' title='bbox 2076 5767 2269 5807; x_wconf 89' lang='lat' dir='ltr'><strong>omnes</strong></span> <span class='ocrx_word' id='word_1_895' title='bbox 2290 5753 2422 5807; x_wconf 89' lang='lat' dir='ltr'><strong>edit.</strong></span> <span class='ocrx_word' id='word_1_896' title='bbox 2452 5760 2509 5806; x_wconf 92' lang='lat' dir='ltr'><strong>et</strong></span> <span class='ocrx_word' id='word_1_897' title='bbox 2529 5764 2663 5806; x_wconf 91' lang='lat' dir='ltr'><strong>mss.</strong></span> <span class='ocrx_word' id='word_1_898' title='bbox 2687 5750 2892 5823; x_wconf 84' lang='lat' dir='ltr'><strong>aliquot</strong></span> <span class='ocrx_word' id='word_1_899' title='bbox 2918 5746 3043 5804; x_wconf 89' lang='lat' dir='ltr'><strong>:alii</strong></span> <span class='ocrx_word' id='word_1_900' title='bbox 3066 5744 3199 5802; x_wconf 86' lang='lat' dir='ltr'><strong>vero</strong></span> <span class='ocrx_word' id='word_1_901' title='bbox 3228 5744 3431 5817; x_wconf 87' lang='lat' dir='ltr'><strong>plures,</strong></span> 
     </span>
    </p>
   </div>
   <div class='ocr_carea' id='block_1_127' title="bbox 1839 5821 2771 5893">
    <p class='ocr_par' dir='ltr' id='par_1_127' title="bbox 1839 5821 2771 5893">
     <span class='ocr_line' id='line_1_127' title="bbox 1839 5821 2771 5893; baseline -0.003 -16"><span class='ocrx_word' id='word_1_902' title='bbox 1839 5827 1939 5891; x_wconf 85' lang='lat' dir='ltr'><strong>ria,</strong></span> <span class='ocrx_word' id='word_1_903' title='bbox 1971 5826 2182 5880; x_wconf 54' lang='lat' dir='ltr'><strong>lux”...</strong></span> <span class='ocrx_word' id='word_1_904' title='bbox 2209 5824 2289 5877; x_wconf 81' lang='lat' dir='ltr'><strong>ria</strong></span> <span class='ocrx_word' id='word_1_905' title='bbox 2309 5826 2541 5893; x_wconf 80' lang='lat' dir='ltr'><strong>gressum</strong></span> <span class='ocrx_word' id='word_1_906' title='bbox 2570 5821 2771 5876; x_wconf 64' lang='lat' dir='ltr'><strong>extulit.</strong></span> 
     </span>
    </p>
   </div>
  </div>
