3932 6296
97 329 218 389 i3“

985 320 1072 377 DE
1113 318 1430 379 EXCESSU
1475 316 1774 378 FBATBIS
1810 316 1922 376 SUI
1961 316 2212 376 SATYRI
2251 316 2380 374 LIB.
2422 316 2487 374 ll.

3236 320 3376 380 15ιί

95 453 233 509 crat;
263 442 564 498 assumitur
589 454 739 508 caro,
761 453 881 511 qum
907 437 1042 496 mori
1067 445 1284 512 posset;
1312 444 1370 492 ns
1397 435 1528 496 dum
1549 451 1666 496 mo,
1694 441 1748 501 Α
1778 437 1946 494 tavit:
1979 453 2106 496 num
2135 437 2327 496 fefellit
2353 453 2484 511 ergo
2512 439 2603 510 qui
2642 453 2704 500 se
2745 438 3021 500 viventem
3068 443 3287 512 scripsit
3317 445 3372 502 in

96 539 240 605 ritur,
271 535 412 610 quod
444 535 606 602 solet,
638 532 781 608 quod
800 539 1071 589 mortuum
1097 530 1298 600 fuerat,
1343 530 1445 586 hoc
1475 545 1664 590 resur—

93 639 248 702 geret.
275 626 464 701 Neque
495 627 639 682 enim
688 635 899 698 poterat
943 638 1064 682 esse
1096 623 1199 678 nisi
1253 637 1348 696 per
1388 621 1667 680 hominem

91 721 435 787 resurrectio;
461 720 714 793 quoniam
745 719 880 774 sicut
910 735 1000 789 per
1028 717 1286 772 hominem
1316 733 1476 783 mors,
1520 718 1595 778 ita
1621 727 1670 774 es

89 834 172 891 per
201 817 451 872 hominem
475 814 786 871 resurrectio
815 823 1142 870 mortuorum
1167 812 1364 884 (lCor.
1395 829 1486 880 xv,
1510 812 1576 870 2i
1601 816 1643 885 ).

156 909 238 965 9|.
281 908 424 980 Ergo
465 909 763 965 resurrexit
807 907 992 976 homo,
1025 907 1279 980 quoniam
1333 908 1495 964 homo
1525 922 1672 965 mor-

91 1011 207 1058 tuus
227 1012 306 1059 est
342 1020 354 1055 :
382 1002 739 1059 resuscitatus
767 1001 955 1069 homo,
1003 1002 1099 1059 sed
1131 1002 1468 1060 resuscitans
1503 1002 1666 1062 Deus.

87 1096 230 1156 Tunc
247 1095 540 1152 secundum
560 1110 779 1154 carnem
801 1096 988 1162 homo,
1015 1109 1159 1151 nunc
1181 1110 1278 1166 per
1295 1095 1477 1152 omnia
1503 1095 1668 1152 Deus:

88 1202 223 1245 nunc
238 1189 378 1244 enim
397 1188 696 1246 secundum
717 1203 938 1246 carnem
958 1186 1068 1260 jam
1086 1204 1197 1246 non
1223 1187 1471 1246 novimus
1485 1187 1674 1246 Chrisr

89 1293 220 1352 tum,
241 1283 334 1340 sed
350 1285 542 1364 carnis
564 1283 790 1356 gratiam
817 1292 1096 1350 tenemus;
1125 1291 1183 1340 ut
1208 1283 1384 1355 ipsum
1406 1282 1675 1356 primitias

87 1377 495 1446 qniescentium,
527 1376 702 1447 ipsum
734 1375 1155 1450 primogenitum
1199 1390 1267 1431 ex
1299 1374 1531 1430 mortuis
1578 1388 1677 1430 no-

87 1468 335 1525 verimus.
362 1468 621 1525 Primitiae
644 1468 831 1539 utique
853 1466 1099 1539 ejusdem
1123 1475 1252 1523 sunt
1274 1467 1493 1539 generis
1513 1475 1676 1539 atque

87 1571 307 1628 natum,
354 1560 508 1633 cujus
537 1571 594 1617 et
626 1561 818 1633 reliqui
872 1559 1080 1616 fructus
1105 1569 1129 1597 ⁸
1159 1573 1388 1632 quorum
1443 1575 1541 1631 pro
1584 1560 1676 1616 ιω-

88 1658 218 1713 tiore
272 1663 538 1729 proventu
581 1656 852 1728 primitiva
895 1656 1009 1712 Deo
1043 1671 1268 1712 munera
1319 1654 1677 1728 deferuntur,

85 1765 293 1806 sacrum
320 1765 519 1806 munus
553 1764 652 1822 pro
668 1748 943 1816 omnibus,
973 1759 1027 1805 et
1048 1749 1203 1822 quasi
1246 1756 1510 1820 reparata:
1533 1764 1677 1821 qum-

1773 531 2006 588 nubibus
2036 531 2253 588 obviam
2285 529 2504 588 Christo
2528 545 2650 590 esse
2685 533 3046 605 rapiendum?
3077 534 3190 592 Hoc
3225 537 3372 596 etan

1772 624 1842 681 de
1866 624 2050 680 Enoch
2082 623 2315 696 legimus
2345 622 2497 698 (Cm.
2532 640 2589 692 v,
2616 623 2735 698 24),
2762 636 2854 682 aut
2878 626 2996 685 Elia
3025 626 3115 698 (IV
3152 627 3278 698 Reg.
3311 646 3371 698 ιι,

1777 720 1865 794 tl)
1899 739 1913 780 :
1941 720 2038 778 sed
2060 729 2114 778 et
2145 730 2198 776 tu
2226 719 2460 790 rapieris
2488 719 2541 774 in
2571 719 2787 792 spiritu.
2821 720 2964 776 Ecce
2988 735 3188 778 currus
3215 722 3372 786 ﬁliae,

1774 829 1904 874 ecce
1931 815 2108 887 ignes,
2152 814 2254 872 etsi
2287 829 2393 870 non
2442 813 2722 882 videntur,
2771 823 3060 886 parantur;
3102 822 3161 870 ut
3198 813 3377 884 justus

1773 911 2054 978 ascendat,
2105 909 2372 968 innocens
2411 909 2796 976 transferatur,
2847 918 2904 968 et
2949 917 3040 967 tua
3083 908 3191 965 vita
3237 911 3377 966 mori

1775 1007 2003 1063 nesciat.
2035 1005 2276 1078 Denique
2300 1004 2535 1078 apostoli
2566 1004 2706 1062 mori
2739 1004 3094 1072 nescierunt;
3139 1003 3281 1061 unde
3319 1015 3375 1061 et

1773 1101 1976 1158 dictum
2008 1109 2092 1157 est
2117 1117 2129 1154 :
2159 1099 2344 1169 Amen,
2388 1115 2535 1156 auten
2565 1099 2682 1154 dico
2708 1099 2874 1166 vobis,
2899 1099 3049 1157 ntutti
3082 1114 3148 1154 es
3172 1098 3254 1154 his
3289 1117 3374 1154 as-

1776 1191 2000 1250 tantibus
2021 1209 2124 1249 uon
2151 1190 2426 1265 gustabunt
2455 1202 2674 1248 mortem
2692 1234 2706 1257 ,
2738 1192 2904 1247 donec
2934 1192 3140 1247 rideant
3176 1189 3374 1246 Filium

1776 1285 1998 1344 hominis
2022 1287 2300 1346 venientem
2329 1287 2384 1341 in
2412 1303 2572 1359 regno
2591 1303 2684 1343 suo
2705 1285 2921 1359 (Matth.
2948 1291 3036 1341 xvi
3054 1326 3068 1347 .
3097 1283 3214 1358 28).
3235 1284 3378 1342 Vixit

1776 1380 1922 1438 enim
1963 1380 2056 1454 qui
2083 1395 2192 1436 non
2237 1379 2419 1446 habet,
2448 1377 2592 1451 quod
2624 1379 2890 1436 moriatur
2923 1380 2977 1434 in
3023 1393 3112 1446 eo,
3145 1379 3232 1450 qui
3265 1393 3376 1436 non

1779 1474 1942 1532 habet
1971 1490 2040 1531 cx
2067 1473 2302 1547 JEgypto
2332 1474 2764 1532 calceamentum
2811 1471 3030 1544 aliquod
3064 1485 3161 1528 aut
3184 1472 3379 1530 vineuv

1780 1569 1925 1626 lum:
1959 1567 2055 1628 sed
2084 1569 2236 1626 exuit
2273 1567 2406 1626 illud
2449 1568 2762 1640 priusquam
2794 1567 3047 1638 corporis
3091 1566 3255 1636 hujus
3283 1565 3379 1622 de-

1779 1670 1947 1740 ponat
1981 1660 2241 1719 ofticium.
2289 1659 2408 1718 Non
2438 1660 2590 1718 solus
2633 1660 2812 1730 itaque
2843 1658 3032 1716 Enoch
3062 1659 3218 1725 vivit,
3251 1659 3378 1730 quia

1780 1771 1889 1814 non
1929 1755 2079 1814 solus
2123 1763 2208 1814 est
2249 1763 2437 1826 raptus
2497 1770 2510 1808 :
2567 1753 2775 1825 rapitur
2823 1761 2882 1810 et
2935 1751 3133 1809 Paulus
3160 1752 3378 1810 obviam

84 1845 205 1901 dam
246 1845 501 1902 libamina
550 1854 778 1900 naturas.
812 1843 1074 1900 Primitias
1117 1858 1250 1918 ergo
1279 1842 1675 1916 quiescentium
1707 1846 1756 1908 Β
1780 1852 2018 1910 ctu-isto,

82 1938 346 1996 Christus.
377 1937 486 1996 Sed
516 1946 695 1994 utrum
719 1953 941 1996 suorum
965 1937 1385 2010 quiescentium,
1413 1937 1501 2008 qui
1525 1935 1680 2009 quasi

86 2035 274 2091 mortis
303 2042 550 2090 exsortes
579 2032 724 2089 dulci
756 2031 990 2105 quodam
1017 2046 1222 2105 sopore
1267 2039 1578 2098 teneantur,
1611 2047 1680 2086 an

86 2127 322 2182 omnium
356 2127 726 2182 mortuorum?
755 2124 865 2182 Sed
896 2126 1029 2180 sicut
1064 2126 1118 2182 in
1150 2124 1316 2179 Adam
1365 2141 1540 2184 omnes
1573 2143 1680 2182 mo-

94 2217 321 2287 riuntur,
348 2218 422 2272 ita
453 2227 502 2272 et
531 2217 584 2272 in
617 2216 822 2272 Christo
853 2233 1028 2270 omnes
1057 2216 1456 2288 viviﬁcabuntur
1487 2216 1538 2289 (I
1559 2217 1679 2272 Cor.

81 2324 175 2374 xv,
199 2308 323 2380 ἓξ).
357 2309 540 2380 Itaque
589 2309 729 2364 sicut
777 2309 1032 2379 primitia:
1061 2309 1256 2364 mortis
1283 2309 1334 2364 in
1377 2308 1574 2378 Adam,
1608 2310 1678 2366 ita

81 2400 240 2456 etiam
272 2399 523 2471 primitiae
549 2399 971 2456 resurrectionis
999 2399 1052 2454 in
1083 2398 1321 2455 Christo.

153 2492 242 2549 ΘΞ.
285 2492 486 2548 Omnes
511 2499 828 2564 resurgunt,
867 2490 963 2547 sed
993 2505 1152 2546 nemo
1181 2490 1460 2562 desperet,
1505 2507 1681 2564 neque

77 2591 254 2661 justus
283 2587 466 2643 doleat
491 2602 780 2646 commune
801 2587 1138 2642 consortium
1173 2586 1526 2659 resurgendi;
1557 2603 1678 2644 cum

83 2679 420 2752 praecipuum
460 2679 696 2735 fructum
734 2676 951 2734 virtutis
993 2686 1296 2749 exspectet.
1349 2677 1539 2736 Omnes
1565 2681 1682 2752 qui-

83 2772 198 2828 dem
225 2782 520 2845 resurgent,
553 2773 646 2828 sed
680 2772 1047 2844 unusquisque,
1080 2781 1137 2827 ut
1166 2771 1242 2827 ait
1281 2773 1596 2844 Apostolus,
1626 2773 1679 2829 in

81 2883 176 2922 suo
197 2867 375 2923 ordine
407 2871 427 2938 (
445 2865 610 2934 fbid.,
639 2865 768 2936 25).
797 2864 1118 2922 Communis
1139 2875 1222 2922 est
1248 2867 1446 2922 divinae
1475 2867 1682 2925 fructus

80 2961 406 3027 clementiae,
446 2960 544 3018 sed
572 2960 859 3017 distinctus
887 2961 1024 3016 ordo
1049 2961 1390 3018 meritorum.
1423 2964 1546 3020 Dies
1562 2980 1680 3020 om-

85 3057 246 3112 nibus
265 3056 436 3123 lucet,
469 3055 552 3112 sol
577 3071 770 3112 omnes
801 3055 1031 3127 populos
1059 3052 1231 3125 fovet,
1260 3056 1438 3128 pluvia
1464 3074 1678 3132 posses-

87 3152 280 3206 siones
309 3149 552 3205 omuium
580 3150 834 3206 uberiore
863 3147 1036 3204 imbre
1086 3145 1360 3204 fecundat.

1856 1947 1947 2004 95.
1989 1947 2189 2008 Vivont
2223 1944 2386 2004 etiam
2417 1943 2776 2016 patriarcbzn;
2827 1957 3005 2014 neque
3033 1942 3182 1999 enim
3219 1941 3381 2002 aliter

1784 2042 1930 2099 Deus
1943 2039 2241 2108 Abraham,
2263 2039 2406 2096 Deus
2431 2039 2602 2106 Isaac,
2633 2048 2688 2094 et
2707 2038 2853 2094 Deus
2879 2037 3074 2104 .Iaeob,
3095 2035 3201 2090 nisi
3233 2051 3378 2092 mor-

1786 2137 1862 2196 tui
1892 2137 2154 2202 viverent,
2192 2134 2499 2201 diceretur;
2534 2133 2677 2190 Deus
2718 2134 2867 2188 enim
2898 2141 3241 2189 mortuorum
3270 2145 3378 2187 non

1784 2240 1890 2296 est,
1911 2229 2006 2290 sed
2039 2229 2334 2288 viventium
2375 2227 2530 2302 (Luc.
2562 2241 2664 2294 xx,
2702 2226 2816 2297 38).
2868 2225 3122 2282 Vivemns
3169 2231 3229 2279 et
3257 2237 3378 2290 nos,

1783 2325 1828 2382 si
1852 2333 2002 2398 gesta
2030 2336 2319 2396 moresque
2356 2322 2626 2393 maiorum
2653 2318 2989 2378 voluerimus
3029 2315 3256 2372 imitari.
3284 2313 3384 2370 Mi-

1785 2435 1968 2476 ramur
1992 2417 2420 2488 patriarcharum
2460 2414 2686 2486 praemia
2705 2455 2720 2480 ,
2765 2412 3044 2467 imitemur
3075 2409 3336 2480 obsequia
3366 2427 3378 2464 :

1783 2510 2141 2584 praedicamus
2157 2509 2411 2581 gratiam,
2434 2521 2728 2574 sequamur
2747 2503 3142 2569 obedientiam,
3161 2516 3270 2558 non
3293 2515 3384 2558 es-

1781 2604 1863 2660 cis
1877 2601 2103 2667 inducti,
2121 2600 2310 2662 smculi
2324 2599 2554 2673 laqueos
2573 2596 2898 2656 incidamus.
2921 2595 3266 2666 Arripismus
3285 2609 3385 2666 op-

1782 2696 2174 2769 portunitatem
2208 2692 2490 2764 temporis,
2515 2691 2893 2762 praescriptum
2929 2687 3110 2759 Legis,
3143 2686 3386 2744 clemen-

1783 2784 1913 2840 tiam
1941 2782 2262 2845 vocationis,
2308 2777 2643 2834 desiderium
2675 2775 2964 2848 passionis.
3008 2773 3269 2830 Exierunt
3313 2771 3386 2828 de

1785 2885 1929 2932 terra
1969 2889 2066 2932 sna
2095 2871 2438 2944 patriarchaz,
2467 2880 2523 2926 et
2570 2885 2668 2924 nos
2709 2883 2971 2924 exeamus
3003 2866 3285 2939 pr0posito
3316 2865 3382 2921 de

1784 2968 2028 3039 corporis
2068 2974 2368 3037 potestate;
2399 2977 2497 3020 nos
2519 2976 2777 3020 exeamus
2807 2961 3111 3032 proposito,
3133 2957 3214 3013 illi
3240 2957 3384 3014 exsi-

1785 3059 1856 3114 lio
1891 3075 1904 3111 :
1933 3057 2027 3113 sed
2051 3056 2302 3113 exsilium
2331 3069 2435 3110 non
2462 3063 2743 3126 putarunt,
2770 3051 2914 3124 quod
2935 3049 3155 3106 devOtio
3181 3049 3383 3114 obiret,

1788 3169 1896 3210 non
1924 3152 2226 3208 necessitas
2248 3149 2562 3222 imperaret.
2595 3147 2673 3202 Illi
2708 3155 2908 3206 terram
2935 3147 3052 3202 solo
3085 3152 3384 3210 mutarunt,

157 3244 246 3300 95.
289 3242 490 3299 Omnes
523 3245 820 3313 nascimur,
851 3259 1043 3304 omnes
1065 3258 1412 3316 resurgemus
1447 3262 1459 3299 :
1502 3244 1596 3304 sed
1626 3243 1680 3300 in
1709 3246 1754 3314 ο
1789 3260 1886 3302 nos
1913 3254 2110 3300 terram
2139 3243 2280 3300 etnlo
2305 3251 2578 3298 mutemus
2609 3259 2621 3294 :
2653 3239 2728 3296 illi
2755 3239 3112 3303 habitatione,
3143 3251 3242 3294 nos
3271 3238 3382 3306 spi~

85 3348 316 3410 utroque
343 3338 423 3394 vel
478 3337 712 3405 vivendi,
749 3339 833 3398 vel
874 3338 1234 3406 revivisceudi
1261 3338 1438 3410 gratia
1471 3337 1680 3409 dispar,

81 3431 303 3486 diversa
323 3429 586 3486 conditio.
619 3431 686 3488 In
723 3443 978 3488 momento
1009 3434 1179 3499 enim,
1205 3432 1258 3486 in
1287 3431 1396 3488 ictu
1435 3432 1595 3500 oculi,
1631 3433 1685 3488 in

85 3525 370 3580 novissima
417 3523 539 3578 tuba
590 3526 781 3584 mortui
830 3535 1099 3598 resurgent
1141 3525 1452 3596 incorrupti,
1500 3533 1544 3579 et
1593 3541 1685 3579 nos

81 3620 474 3675 immutabimur
507 3618 711 3693 (Ibid.,
734 3620 854 3693 52).
890 3622 1199 3692 Quinetiam
1258 3621 1310 3678 in
1363 3621 1478 3693 ipsa
1511 3633 1684 3678 morte

84 3716 110 3754 ι’
141 3717 430 3787 quiescunt
473 3715 590 3781 alii,
639 3717 830 3772 vivunt
867 3717 986 3774 alii.
1035 3715 1184 3772 Bona
1215 3717 1394 3792 quies,
1431 3716 1526 3772 sed
1576 3717 1684 3774 vita

84 3807 302 3864 melior.
356 3808 598 3882 Denique
637 3808 838 3866 Paulus
866 3809 934 3866 ad
980 3809 1147 3866 vitam
1177 3813 1375 3866 excitat
1402 3811 1688 3881 quiescen-

83 3913 219 3970 tem,
248 3901 472 3959 dicens:
502 3903 690 3975 Surge,
718 3905 802 3976 qui
827 3905 1042 3971 dormis,
1073 3916 1119 3960 et
1148 3922 1365 3978 exsurge
1392 3922 1424 3960 a
1444 3909 1685 3973 mortuis,

81 4006 131 4050 et
178 3996 496 4052 illuminabit
536 3996 625 4053 tibi
678 3996 915 4056 Christus
959 3998 1192 4073 (Ephes.
1251 4015 1318 4071 v,
1370 4001 1492 4071 ﬂ).
1547 4000 1688 4073 Ergo

83 4090 174 4144 hic
201 4089 490 4158 excitatur,
523 4099 582 4146 ut
624 4089 790 4158 vivat,
819 4101 876 4147 ut
902 4092 1097 4149 similis
1127 4093 1277 4148 Pauli
1298 4091 1390 4160 sit,
1425 4101 1486 4147 ut
1517 4093 1688 4165 possit

81 4185 273 4240 dicere
305 4202 318 4239 :
359 4185 494 4252 Quia
518 4201 612 4241 nos
649 4185 738 4257 qui
777 4186 1012 4255 vivimus,
1046 4204 1150 4244 non
1177 4188 1547 4260 prwveniemus
1600 4204 1686 4244 eos

81 4279 175 4351 qui
206 4278 527 4334 dormierunt
549 4276 605 4353 (l
631 4277 815 4336 Thess.
835 4295 907 4349 tv,
945 4277 1068 4353 14).
1100 4279 1218 4337 Non
1264 4281 1412 4336 enim
1440 4295 1686 4342 commu-

81 4386 213 4426 nem
245 4369 390 4426 hunc
412 4371 630 4427 vivendi
661 4370 897 4446 loquitur
919 4387 1102 4441 usum,
1140 4372 1494 4447 spirandique,
1537 4390 1687 4440 com.

81 4463 380 4531 mercium,
402 4463 498 4520 sed
528 4465 782 4521 meritum
816 4466 1156 4540 resurgendi.
1189 4467 1324 4524 Nam
1355 4483 1477 4526 cum
1511 4468 1683 4526 dixis-

80 4569 192 4614 set.
241 4556 311 4612 Et
335 4559 522 4612 mortui
541 4559 630 4630 qui
657 4561 708 4614 in
741 4559 952 4638 1159
981 4560 1188 4617 Christo
1241 4573 1381 4631 sunt,
1414 4575 1685 4636 resurgant

1789 3341 1921 3396 ritu.
1957 3338 2069 3393 lllis
2117 3337 2479 3392 illuminatum
2532 3334 2708 3390 stellis
2757 3333 2956 3389 caelum
3007 3344 3026 3369 ε
3080 3328 3386 3387 ostenderit

1787 3431 2074 3505 sapientia,
2109 3429 2281 3485 nostri
2323 3427 2505 3485 cordis
2551 3427 2742 3484 oculos
2779 3424 3074 3484 illuminel.
3104 3423 3196 3480 Sic
3227 3433 3386 3495 typus

1791 3523 2027 3593 veritati,
2053 3531 2108 3578 et
2135 3521 2338 3577 veritas
2367 3520 2645 3578 concurrit
2674 3532 2827 3593 typo.

1860 3617 1952 3674 96.
2025 3615 2300 3670 Abraham
2373 3621 2596 3684 paratus
2665 3609 3002 3684 excipiendis
3074 3609 3387 3682 hospitibus

1791 3710 1946 3785 (Cen.
1976 3727 2101 3766 xvm
2120 3753 2135 3778 ,
2163 3708 2243 3781 2),
2269 3707 2446 3764 fidelis
2466 3709 2600 3775 Dein,
2625 3708 2857 3779 impiger
2879 3705 3190 3762 ministerio
3213 3721 3391 3776 prout.

1791 3817 1915 3879 ptus
1938 3806 2145 3875 ofﬁcio,
2168 3806 2487 3864 Trinitatem
2516 3805 2569 3860 in
2601 3813 2729 3876 typo
2760 3802 2928 3868 vidit,
2955 3801 3388 3872 hospitalitatem

1789 3903 2053 3976 religione
2079 3901 2396 3967 cumulavit,
2431 3908 2542 3955 tres
2571 3897 2900 3969 suspiciens,
2930 3911 3098 3952 unum
3128 3896 3385 3960 adorans;

1788 4009 1840 4056 et
1871 4012 2230 4072 personarum
2285 3994 2638 4051 distinctione
2694 4003 2926 4057 servata,
2983 4006 3148 4047 unum
3207 4000 3389 4046 tamen

1791 4093 2076 4149 Dominum
2107 4089 2443 4156 nominabat,
2475 4089 2648 4148 tribus
2689 4085 3159 4154 honorificentiam
3202 4100 3392 4140 mune-

1790 4187 1866 4243 ris
1895 4185 2169 4251 deferens,
2192 4194 2245 4241 et
2275 4199 2435 4239 unam
2462 4182 2776 4254 significans
2797 4189 3145 4250 potestatem.
3177 4178 3393 4251 Loque-

1790 4281 1948 4338 hatur
1979 4282 2122 4338 enim
2155 4279 2208 4334 in
2237 4293 2304 4335 eo
2345 4292 2451 4334 non
2483 4276 2762 4340 doctrina,
2809 4274 2901 4331 sed
2931 4273 3104 4346 gratia
3137 4291 3148 4326 :
3180 4282 3235 4329 et
3280 4288 3395 4329 me-

1790 4377 1894 4433 lius
1921 4375 2185 4432 credebat
2213 4373 2333 4450 ille,
2357 4372 2502 4446 quod
2533 4387 2641 4427 non
2666 4369 2951 4435 didicerat,
2984 4383 3144 4438 quam
3175 4382 3275 4424 nos
3303 4367 3396 4436 qui

1790 4469 2097 4527 didicimus.
2129 4468 2300 4524 Nemo
2321 4469 2464 4524 enim
2499 4475 2686 4539 typum
2725 4463 3013 4520 falsaverat
3040 4461 3312 4524 veritatis,
3339 4469 3396 4515 et

1789 4565 1915 4626 ideo
1955 4575 2067 4622 tres
2097 4564 2266 4634 videt,
2295 4563 2394 4620 sed
2427 4562 2689 4618 unitatem
2731 4569 3041 4616 veneratur.
3071 4557 3214 4616 Tres
3244 4571 3398 4611 men-

81 4652 248 4724 primi
279 4650 482 4726 (Ibid.,
517 4653 661 4725 15);
693 4655 930 4727 subjecit
955 4653 1193 4722 deinde:
1225 4655 1290 4710 Et
1313 4673 1404 4712 nos
1433 4658 1522 4728 qui
1561 4658 1688 4716 viri-
1718 4653 1772 4716 D
1797 4675 1954 4718 suras
2003 4658 2324 4730 similaginis
2377 4657 2598 4732 promit,
2645 4669 2810 4712 unum
2852 4651 3096 4710 immolat
3127 4649 3396 4714 vitulum;

77 4765 228 4816 mus,
279 4747 436 4802 simul
479 4764 597 4803 cum
649 4748 756 4803 iiiis
801 4749 1067 4822 rapientur
1121 4751 1176 4805 in
1225 4751 1444 4807 nubibus
1491 4750 1688 4806 obviam

80 4843 300 4899 Christo
331 4845 382 4900 in
403 4861 545 4900 aera.

157 4939 255 4998 94.
281 4937 481 5014 Utique
507 4947 754 4996 mortuus
784 4948 868 4996 est
897 4937 1120 5005 Paulus,
1162 4949 1216 4996 et
1245 4940 1500 5012 passione
1527 4955 1692 4998 vene—

77 5034 248 5091 rabili
277 5034 444 5090 vitam
473 5033 720 5108 corporis
759 5048 881 5090 cum
915 5032 1210 5092 immortali
1238 5032 1409 5104 gloria
1450 5048 1694 5093 commu-

161 5207 187 5268 Ρ
235 5195 366 5268 Mss.
393 5195 618 5266 aliquot,
651 5211 870 5268 quorum
905 5193 1190 5268 prolixiora
1213 5211 1308 5265 pro
1336 5206 1509 5251 ventu.

159 5267 188 5307 ι)
235 5267 399 5340 Quies
425 5277 476 5322 et
505 5268 647 5340 vita,
676 5284 942 5340 plenarum
975 5267 1275 5340 immunitas
1301 5277 1354 5322 et
1394 5268 1614 5324 thronus
1638 5269 1696 5324 in

74 5355 252 5413 regno
282 5339 483 5407 ubique
511 5339 652 5408 apud
679 5339 1034 5413 Ambrosium
1064 5339 1258 5398 eodem
1281 5355 1446 5398 sensu
1490 5341 1692 5398 intelli-

75 5411 268 5484 genda
312 5419 461 5484 sunt,
487 5427 596 5484 quo
644 5412 811 5484 accipi
842 5411 1127 5484 deberegin
1157 5413 1321 5483 epist.
1360 5414 1451 5479 7t,
1483 5413 1549 5467 ad
1583 5413 1693 5468 Ho-

78 5481 270 5546 ront.,
320 5481 724 5554 admonuimus.
762 5483 826 5538 Et
864 5491 1014 5554 certe
1048 5481 1247 5538 frustra
1295 5495 1446 5552 sunt,
1477 5484 1568 5554 qui
1616 5499 1690 5540 οι

78 5553 410 5623 huiusmodi
450 5553 814 5614 locationibus
851 5553 1168 5623 opinionem
1214 5555 1288 5613 de
1317 5553 1504 5612 medio;
1548 5556 1691 5611 inter

78 5628 331 5698 gloriam
358 5640 423 5698 ac
457 5639 645 5698 prunas
670 5633 815 5698 statu
846 5625 1116 5698 attingunt
1149 5636 1350 5698 sancto
1397 5627 1642 5684 Antisttti
1673 5645 1690 5688 ι

81 5695 339 5769 namque
406 5697 638 5772 infinitis
690 5695 824 5772 locis
890 5695 1360 5772 inmortalitatem
1403 5698 1704 5772 διψριὶεὲὴ

1119 5879 1131 5893 ι
1178 5860 1332 5900 υιιοα
1384 5860 1600 5900 (1111118111
1649 5860 1696 5900 δι

93 5861 184 5900 nat
230 5861 462 5902 causam
499 5861 870 5899 ωηιωωυωι
914 5861 1131 5894 una".
1178 5861 1332 5909 quoa
1384 5861 1600 5912 qurum].
1649 5861 1696 5900 δι

93 5913 277 5974 Joan.
315 5911 553 5974 Dallteus
591 5909 856 5970 attentius.
899 5908 1325 5981 considerasset,
1373 5914 1591 5972 easdem
1620 5916 1702 5974 to-

1800 4755 1934 4810 satis
1959 4753 2191 4808 credens
2217 4764 2386 4806 unum
2435 4763 2558 4804 esse
2586 4746 2942 4812 sacrificium,
2991 4741 3017 4780 ἀ
3069 4744 3231 4798 trium
3278 4756 3399 4795 tuu-

1798 4860 1946 4903 nus:
1979 4860 2141 4900 unam
2189 4842 2448 4907 hostiam,
2507 4841 2667 4896 trium
2716 4839 2966 4910 gratiam.
3001 4835 3133 4892 Nam
3165 4835 3215 4888 in
3263 4847 3399 4901 qua-

1801 4948 1924 4994 tuor
1952 4935 2172 5006 regibus
2205 4934 2356 5009 (Gen.
2391 4949 2502 5001 xiv,
2549 4934 2573 4988 1
2605 4942 2653 4988 et
2685 4929 2818 5003 seq.)
2851 4931 2970 5002 quis
2998 4943 3102 4984 non
3134 4925 3401 4994 intelligat

1801 5029 1946 5104 quod
1975 5029 2271 5087 materialis
2300 5027 2567 5086 elementa
2613 5035 2844 5094 naturae,
2892 5022 3249 5095 praefigurata:
3293 5018 3402 5073 Do-

1833 5194 1996 5251 ueudi
2041 5191 2300 5248 formulas
2331 5191 2544 5246 minore
2594 5187 2798 5244 invidia
2849 5183 3191 5241 traduxisset
3240 5183 3333 5240 lib.
3366 5186 3403 5240 2

1895 5266 2004 5324 Usu
2035 5265 2254 5318 Datum
2287 5279 2409 5334 cap.
2439 5262 2494 5318 4.

1869 5351 1891 5378 ο
1933 5336 2188 5394 Nonnulli
2232 5328 2405 5400 russi,
2437 5334 2659 5389 ostendit
2687 5329 2979 5400 sapientia,
3023 5329 3188 5382 nostri
3226 5328 3406 5383 cordis

1793 5410 1976 5466 oculos
2001 5409 2256 5463 illuminet
2280 5406 2512 5480 ejusdem
2541 5405 2812 5480 sapientia:
2838 5417 2955 5454 vera
2983 5400 3230 5480 cognitio.

1863 5481 1890 5522 ει
1932 5482 2006 5537 Ita
2039 5494 2233 5536 esuries
2280 5472 2416 5535 ean.
2450 5491 2515 5531 sc
2562 5475 2748 5544 plures
2789 5489 2924 5527 mss.
2965 5472 3058 5524 alii
3088 5486 3219 5525 vero
3247 5472 3407 5528 exhi-

1795 5555 1950 5620 bens,
1977 5555 2178 5608 trinum
2201 5567 2391 5605 munus
2424 5566 2438 5602 :
2465 5563 2626 5601 unam
2642 5545 2877 5620 hostium
2905 5545 3402 5620 trutinhgratiarum.

1797 5627 1875 5682 At
1898 5615 2024 5696 post
2067 5637 2270 5692 paucos
2325 5633 2535 5696 versus,
2578 5617 3020 5696 _ubi_uos_curu-
3061 5615 3218 5685 Bonr.
3269 5615 3400 5672 edit.

1799 5688 2118 5766 cunctisque
2166 5708 2334 5758 mss.,
2377 5691 2654 5746 abstemius
2699 5691 2752 5744 in
2804 5688 3086 5766 triumpho,
3121 5701 3291 5766 unum
3321 5699 3411 5766 ιφ..

1801 5759 2260 5838 mancipium
2299 5769 2357 5821 in
2382 5779 2509 5836 ipso,
2543 5779 2605 5838 ac
2633 5772 2892 5838 strenuus
2914 5764 2968 5816 in
3003 5759 3302 5838 triompho;
3352 5761 3404 5816 in

1801 5855 1920 5900 at.
1943 5832 2093 5900 edis:
2116 5832 2434 5908 habebatur,
2459 5836 2725 5892 abstinens
2750 5837 2803 5890 in
2830 5832 3110 5907 triumpho.
