3932 6296
501 317 649 380 1543

1834 321 2081 381 S.\NCTI
2120 320 2445 380 AMBROSII

3652 321 3767 377 ’1311

504 438 719 496 ωἰιιίοω
747 439 1017 511 passionis
1066 439 1291 509 indicio,
1328 450 1384 499 et
1435 442 1616 498 omnia
1673 442 1775 499 sibi
1826 439 2096 497 mundana
2125 438 2180 501 Α
2201 437 2270 494 de
2294 439 2437 496 cmlo
2466 438 2617 511 (Gen.
2652 454 2858 507 xxvttt,
2890 438 3009 510 l2),
3044 436 3198 511 quod
3228 452 3330 507 per
3369 450 3585 493 crucem
3617 436 3775 494 Christi

505 530 843 603 subiecerit?
872 530 1075 590 Fidelis
1113 533 1169 589 in
1198 533 1364 599 bello,
1397 534 1693 592 abstemius
1721 535 1776 591 in
1801 534 2096 608 triumpho,

505 622 598 695 qui
636 622 798 679 donis
829 638 935 680 non
965 623 1246 681 hominum
1276 625 1569 695 ditescere,
1618 627 1715 684 sed
1760 627 1853 683 Dei
1887 628 2097 685 mallet.

584 718 798 792 1160
832 718 924 776 97.
964 719 1243 777 Generare
1262 736 1324 778 se
1349 736 1512 794 posse
1541 723 1707 779 ﬁlium
1732 738 1899 780 senex
1924 723 2104 781 credi-

508 810 611 879 dit,
644 812 925 869 immolare
959 828 1119 885 posse
1160 828 1221 871 se
1251 814 1422 871 ﬁlium
1454 825 1607 888 pater
1631 816 1895 888 judicavit
1938 816 2096 889 (Gen.

511 920 655 974 xxtt,
683 904 773 978 11)
800 925 812 960 :
844 920 947 963 nec
973 907 1181 978 patrius
1209 908 1501 979 trepidavit
1525 909 1775 977 allectus,
1799 925 1923 967 cum
1954 911 2102 968 scnis

512 999 794 1057 dexteram
827 1000 1001 1070 pietas
1040 1000 1355 1072 adiuvaret;
1395 1002 1604 1060 sciebat
1644 1004 1790 1060 enim
1830 1004 2104 1076 acceptio-

512 1111 628 1152 rem
657 1094 769 1152 Deo
800 1094 973 1151 ﬁlium
1004 1097 1342 1153 immolatum
1371 1111 1514 1167 esse,
1546 1112 1709 1170 quam
1737 1114 1950 1155 sanum.
1999 1099 2102 1155 Er-

513 1201 587 1258 go
628 1187 848 1244 adducit
874 1187 942 1244 ad
989 1189 1314 1246 sacriﬁcium
1358 1190 1526 1247 ﬁlium
1561 1190 2006 1259 dilectissimum;
2050 1202 2106 1250 et

512 1296 673 1353 quem
703 1295 828 1338 sero
853 1292 1193 1356 susceperat,
1222 1285 1330 1341 cito
1359 1284 1558 1341 obtulit
1585 1303 1599 1339 :
1629 1301 1732 1343 nec
1753 1288 1960 1357 paterni
2002 1304 2103 1345 no-

513 1375 677 1432 minis
705 1377 1073 1447 appellatione
1101 1387 1409 1447 revocatur,
1443 1394 1565 1434 cnm
1593 1378 1687 1436 ille
1711 1391 1917 1452 patrem
1944 1397 2106 1437 voca-

515 1479 643 1535 ret,
675 1468 763 1525 hic
792 1468 985 1526 ﬁlium.
1028 1470 1205 1528 Chara
1249 1472 1467 1544 quidem
1517 1473 1796 1530 nominum
1841 1475 2062 1547 pignora
2088 1518 2105 1544 ,

518 1562 654 1620 “sed
671 1565 987 1622 amabiliora
1018 1566 1110 1622 Dei
1132 1575 1424 1639 praecepta.
1459 1567 1647 1642 Itaque
1678 1570 1807 1627 licet
1834 1580 2110 1642 compate-

513 1665 705 1714 rentur
726 1658 913 1726 corda,
957 1669 1085 1716 vota
1116 1659 1411 1719 durabant.
1438 1662 1723 1720 Distrinxit
1750 1680 1915 1736 super
1942 1665 2108 1721 lilium

512 1750 754 1823 gladium
786 1761 1013 1823 paterna
1042 1769 1228 1821 manu,
1255 1753 1285 1793 δ
1316 1765 1369 1812 et
1392 1756 1568 1828 patrio
1596 1758 1863 1828 percussit
1885 1757 2102 1825 affectu,

2205 531 2521 604 angelorum
2561 543 2722 604 atque
2774 530 3065 588 hominum
3122 530 3310 586 futura
3351 530 3626 585 consortia
3664 530 3776 588 vide-

2206 637 2418 685 rentur.
2466 626 2563 684 Cui
2592 626 3034 699 obstupefactutn
3079 636 3168 683 est
3208 625 3399 682 femur
3441 623 3594 698 (Gen.
3640 641 3772 693 sna,

2205 719 2322 793 29),
2356 729 2416 777 ut
2441 720 2494 776 in
2525 717 2732 777 femore
2758 734 2860 775 suo
2889 726 3225 792 agnosceret
3252 718 3628 790 generationis
3651 718 3778 774 lucre-

2207 814 2353 881 detn,
2392 824 2447 870 et
2475 814 2867 886 obstupefactio
2911 812 3142 870 femoris
3182 813 3511 885 passionem
3542 810 3779 882 propheta-

2207 916 2291 964 rct
2314 905 2564 963 ltzeredis.

2286 1003 2495 1077 1161
2527 1002 2648 1059 101.
2677 1001 2936 1059 Videmus
2963 1003 3132 1074 igitur
3154 1001 3369 1058 cmlum
3398 1010 3591 1072 patere
3619 1000 3782 1059 virtuti.

2214 1113 2315 1153 nec
2373 1098 2476 1154 hoc
2511 1113 2632 1155 csse
2695 1113 3037 1169 paucorum:
3107 1096 3276 1152 Multi
3330 1097 3477 1150 enim
3526 1095 3708 1149 veniat
3742 1098 3783 1147 ab

2216 1191 2448 1257 Oriente,
2469 1202 2516 1248 et
2546 1194 2609 1247 ab
2634 1191 2918 1249 Occidente
2943 1234 2959 1260 ,
2989 1202 3036 1247 et
3058 1191 3330 1263 Aquilone
3359 1202 3411 1246 et
3442 1190 3653 1256 Austro,
3672 1199 3711 1244 ά
3731 1208 3786 1245 re-

2211 1286 2445 1341 cumbent
2462 1288 2518 1341 in
2537 1303 2691 1358 regno
2721 1286 2815 1342 Dei
2846 1285 3065 1359 (Matth.
3096 1301 3191 1340 vni
3211 1328 3228 1352 ,
3262 1284 3389 1356 11),
3413 1284 3785 1340 delectatim

2214 1389 2490 1454 perpetua:
2520 1381 2717 1452 quietis
2744 1381 2974 1452 sepultis
3012 1380 3337 1435 animorum
3383 1377 3630 1433 motibus
3653 1378 3788 1447 capri

2215 1484 2446 1530 mentes.
2495 1473 2798 1545 Sequamur
2838 1471 3116 1528 Abraham
3157 1472 3446 1535 moribus,
3477 1481 3541 1527 ut
3568 1487 3661 1525 nos
3686 1474 3785 1526 rari

2216 1567 2331 1637 piat
2358 1567 2409 1621 itt
2439 1565 2705 1637 gremium
2748 1581 2929 1632 suum,
2971 1575 3027 1621 et
3080 1575 3372 1636 tamquam
3405 1563 3672 1618 Lazarum
3708 1580 3787 1618 sua

2216 1657 2538 1714 humilitatis
2566 1657 2836 1714 haeredem
2862 1656 3021 1728 (Luc.
3050 1671 3147 1712 xvt
3166 1697 3181 1721 ,
3211 1655 3313 1727 23)
3340 1653 3586 1725 propriis
3608 1655 3789 1708 clm

2220 1753 2393 1810 fusum
2426 1753 2716 1809 virtutibus
2762 1752 2851 1823 pio
2899 1750 3078 1806 foveat
3112 1749 3403 1821 amplexu.
3465 1746 3495 1783 ει
3546 1746 3660 1803 Non
3688 1747 3787 1802 enim

516 1859 586 1900 ne
612 1844 815 1915 periret
845 1860 1006 1916 pmna
1036 1862 1053 1901 :
1087 1846 1395 1919 trepidavit,
1441 1864 1512 1905 ne
1547 1849 1689 1906 ictus
1712 1860 1946 1917 erraret,
1977 1852 2110 1908 dex-
2139 1845 2187 1906 B
2214 1863 2313 1906 nos
2347 1850 2399 1905 in
2444 1848 2650 1921 gremio
2693 1847 2986 1918 corporali,
3042 1844 3140 1902 sed
3173 1846 3230 1901 in
3269 1844 3528 1917 quodam
3576 1844 3788 1899 bonum

519 1947 632 1995 tera
652 1937 930 1997 deﬁceret.
957 1940 1140 1998 Sensit
1168 1943 1387 2014 pietatis
1408 1943 1685 2011 allectum,
1715 1945 1811 2003 sed
1839 1962 1948 2002 non
1975 1947 2112 2003 omi-

516 2033 589 2089 sit
622 2031 933 2090 devotionis
963 2037 1240 2107 negotium
1274 2054 1288 2092 :
1325 2045 1381 2094 et
1407 2038 1736 2110 properabat
1763 2039 2108 2112 obsequium,

514 2125 682 2182 etiam
734 2141 859 2183 cum
907 2128 1121 2186 audiret
1174 2131 1476 2187 oraculum.
1529 2131 1687 2190 Unde
1743 2149 1844 2191 nos
1898 2149 2113 2207 quoque

518 2217 689 2275 Deum
729 2221 1005 2291 omnibus,
1036 2239 1174 2295 quos
1202 2224 1502 2296 diligimus,
1538 2227 1913 2298 praeferamus,
1943 2231 2107 2302 patri,

517 2309 796 2380 fratribus,
839 2319 1034 2383 matri;
1088 2327 1110 2356 α
1135 2327 1193 2373 ιιι
1221 2319 1395 2389 possit
1422 2320 1581 2376 nobis
1609 2335 1827 2378 servare
1857 2322 2110 2389 dilectos,

518 2407 659 2463 sicut
684 2407 737 2463 in
764 2408 1039 2466 Abraham
1084 2411 1395 2469 uberiorem
1426 2425 1918 2483 remuneratorem,
1949 2432 2110 2488 quam

518 2498 831 2556 ministrum
858 2501 1123 2560 videmus.

587 2591 678 2647 98.
721 2592 929 2650 Obtulit
974 2595 1195 2666 quidem
1236 2597 1406 2653 ﬁlium
1450 2610 1624 2671 pater,
1671 2602 1768 2658 sed
1814 2603 1954 2660 Dens
2003 2620 2110 2661 non

519 2687 808 2758 sanguine,
849 2689 945 2745 sed
991 2690 1195 2762 pietate
1226 2693 1490 2765 placatur.
1546 2695 1715 2755 Ovem
1757 2715 1855 2771 pro
1895 2700 2114 2760 homine

519 2779 913 2839 demonstravit
948 2782 1004 2840 in
1038 2785 1215 2857 ligno;
1251 2796 1310 2843 ut
1352 2799 1408 2845 et
1452 2789 1618 2846 ﬁlium
1652 2793 1791 2864 patri
1835 2794 2109 2863 redderet,

519 2888 619 2929 nec
650 2876 855 2944 periret
898 2876 1080 2933 hostia
1117 2881 1410 2937 sacerdoti.
1464 2883 1651 2956 Itaque
1699 2901 1799 2943 nec
1836 2887 2111 2944 Abraham

518 2965 811 3036 parricidio
829 2979 1146 3027 cruentatus
1176 2983 1280 3039 est,
1313 2989 1416 3032 nec
1439 2976 1579 3033 Deus
1606 2978 1873 3036 sacriﬁcio
1900 2982 2114 3038 defrano

519 3057 698 3114 datus.
732 3059 877 3116 Vidit
904 3064 1191 3134 propheta,
1222 3081 1322 3123 nec
1348 3065 1620 3125 alfectavit
1640 3070 1980 3141 iactantiam,
2014 3092 2113 3132 nec

2213 1942 2476 2006 factorum
2503 1942 2705 1998 amictu
2733 1941 2904 1997 sancti
2946 1939 3274 2011 patriarcha:
3310 1937 3553 2009 probata
3586 1938 3787 1994 Deos-1:.

2212 2044 2388 2100 cessio
2420 2044 2582 2098 fovet.
2630 2040 2845 2109 Nolite,
2877 2039 3081 2111 inquit,
3131 2037 3360 2105 seduci,
3408 2034 3565 2091 Dm
3601 2053 3693 2091 non
3726 2038 3789 2089 de-

2212 2138 2411 2192 ridetur
2440 2135 2638 2210 (Galat.
2668 2150 2742 2202 v1,
2773 2135 2855 2207 Ἰ).

2290 2230 2412 2287 192.
2454 2229 2804 2286 Advenimus
2840 2242 3000 2300 quam
3032 2241 3199 2298 grave
3243 2224 3323 2279 sit
3352 2221 3703 2301 sacrilegium
3731 2237 3788 2275 ra-

2212 2330 2610 2388 surrectionem
2640 2343 2746 2383 non
2769 2325 3027 2391 credere;
3060 2323 3106 2379 si
3136 2322 3288 2379 enim
3330 2335 3448 2377 non
3481 2317 3787 2388 resurgimus,

2212 2437 2341 2494 ergo
2366 2421 2620 2478 Christus
2640 2420 2811 2492 gratis
2837 2427 3083 2473 mortuus
3123 2425 3231 2483 est,
3265 2430 3409 2485 ergo
3439 2412 3688 2468 Christus
3712 2423 3788 2462 sca

2213 2515 2452 2571 surrexit
2480 2511 2536 2585 (Ι
2572 2511 2696 2568 Cor.
2738 2527 2832 2578 xv,
2872 2508 2982 2582 13).
3015 2508 3071 2566 Si
3101 2508 3251 2565 enim
3306 2505 3483 2562 nobis
3513 2520 3621 2560 non
3648 2518 3789 2559 resur-

2214 2607 2378 2673 rexit,
2406 2608 2594 2678 utique
2624 2620 2730 2662 non
2759 2604 3084 2671 resurrexit,
3115 2602 3211 2674 qui
3232 2601 3345 2657 sibi
3372 2616 3485 2657 cur
3506 2608 3786 2669 resurgeret,

2215 2716 2321 2757 non
2355 2701 2605 2757 habebat.
2635 2698 3018 2756 Resurrexitiu
3046 2712 3113 2754 eo
3143 2696 3419 2759 mundus,
3454 2693 3732 2751 resurrexit
3752 2692 3787 2746 in

2215 2811 2283 2852 eo
2305 2796 2529 2864 cmlum,
2559 2793 2856 2851 resurrexit
2883 2793 2934 2848 in
2961 2806 3030 2847 eo
3059 2800 3244 2857 terra;
3294 2791 3412 2846 erit
3458 2790 3613 2845 enim
3636 2787 3789 2844 etclam

2217 2904 2415 2946 novum
2442 2899 2499 2944 et
2530 2898 2673 2944 terra
2703 2902 2844 2943 nova
2869 2886 3056 2960 (Apoc.
3088 2900 3180 2940 xxt
3199 2926 3216 2952 ,
3245 2882 3333 2955 1).
3370 2884 3500 2940 Sibi
3530 2894 3695 2939 autem
3725 2882 3790 2937 ubi

2216 2992 2335 3039 erat
2352 2982 2659 3037 necessaria
2686 2981 3043 3045 resurrectio,
3066 2993 3232 3050 quem
3258 2978 3472 3033 mortis
3490 2978 3691 3034 vincula
3711 2991 3788 3030 seu

2217 3077 2512 3134 tenebant?
2555 3075 2690 3132 Nam
2716 3070 2839 3131 “etsi
2870 3074 3172 3130 secundum
3222 3072 3523 3130 hominem
3572 3083 3785 3135 mortuus,

516 3152 1067 3224 tenuitpertinaciam
1105 3174 1118 3212 :
1145 3172 1303 3215 ovem
1338 3176 1435 3231 pro
1460 3160 1684 3219 homine
1710 3167 1963 3224 mutavit.
1995 3167 2114 3238 Quo
2160 3237 2187 3242 _
2219 3173 2272 3229 in
2302 3172 2432 3242 ipsis
2461 3182 2643 3228 tamen
2668 3158 2789 3227 erat
2824 3168 2964 3223 liber
2989 3165 3245 3222 infernis.

521 3247 695 3316 magis
741 3249 1065 3320 ostenditur,
1118 3269 1279 3324 quam
1328 3256 1582 3327 religiose
1622 3260 1906 3327 obtulerit.
1952 3281 2112 3336 quem
2143 3237 2189 3300 (ἶ
2291 3237 2415 3320 195.
2460 3262 2553 3318 Vis
2583 3262 2723 3318 scire
2762 3275 2924 3333 quam
2948 3258 3123 3314 liber?
3154 3255 3368 3313 Factus
3392 3276 3515 3313 sunt
3544 3257 3789 3315 sit-albam

518 3348 627 3395 tam
656 3340 893 3399 libenter
920 3348 1145 3417 recepit.
1178 3348 1241 3405 Et
1270 3357 1325 3404 tu
1352 3351 1398 3406 si
1429 3351 1540 3407 Deo
1570 3368 1769 3411 munus
1800 3366 1947 3412 tuum
1979 3358 2115 3414 olfe-

519 3448 629 3503 ras,
663 3450 769 3491 non
792 3437 1015 3493 amittis.
1047 3440 1158 3496 Sed
1187 3442 1342 3499 avari
1370 3459 1579 3500 sumus.
1614 3445 1757 3503 Deus
1783 3450 2001 3505 unicum
2026 3450 2117 3506 Fi-

519 3526 653 3586 lium
686 3531 846 3586 morti
874 3547 974 3604 pro
1001 3534 1160 3591 nobis
1204 3536 1401 3594 obtulit
1445 3538 1627 3612 (Rom.
1677 3557 1803 3609 vnt,
1854 3543 1971 3616 52),
2017 3562 2115 3601 nos

520 3633 740 3682 nostros
770 3640 1050 3699 negamus.
1101 3630 1247 3687 Vidit
1298 3631 1404 3689 hoc
1452 3633 1748 3705 Abraham,
1798 3648 1853 3693 et
1896 3641 2116 3711 agnovit

519 3721 861 3790 mysterium,
893 3724 1127 3781 salutem
1158 3726 1316 3783 nobis
1344 3727 1397 3783 in
1420 3728 1567 3801 ligno
1588 3729 1828 3787 futuram
1860 3751 1872 3786 :
1902 3749 2007 3790 nec
2037 3734 2117 3789 la-

521 3814 623 3869 tuit
662 3813 713 3870 in
744 3830 853 3871 uno
882 3817 1188 3890 eodemque
1214 3822 1486 3878 sacriﬁcio
1516 3823 1662 3879 aliud
1708 3841 1830 3882 esse
1856 3827 2002 3898 quod
2037 3830 2115 3883 vi-

516 3908 741 3965 deretur
769 3908 975 3979 oﬁ‘erri,
1003 3912 1148 3969 aliud
1176 3915 1324 3984 quod
1355 3926 1539 3989 posset
1568 3918 1763 3975 occidi.

589 4003 681 4060 99.
724 4005 1001 4064 Imitemur
1030 4025 1160 4082 ergo
1180 4010 1413 4067 Abrahae
1434 4012 1804 4080 devotionem,
1839 4015 2113 4073 imitemur

516 4096 666 4152 Isaac
695 4096 1015 4165 bonitatem,
1048 4102 1324 4159 imitemur
1349 4106 1748 4164 castimoniam.
1785 4108 1968 4165 Bonus
1997 4111 2113 4182 pla-

521 4207 588 4249 ne
620 4201 678 4250 et
708 4195 939 4265 pudicus
965 4198 1064 4265 vir,
1092 4199 1327 4257 devotus
1375 4200 1509 4268 Deo,
1553 4214 1738 4260 castus
1785 4205 1942 4261 uxori
1974 4223 1987 4261 :
2021 4208 2113 4277 qui

516 4286 771 4357 iniuriam
798 4305 905 4346 non
943 4292 1198 4358 reddidit.
1247 4296 1665 4364 excludentibus
1700 4299 1883 4367 cessit,
1934 4301 2110 4372 paeni-

518 4386 696 4435 tentes
724 4383 946 4440 eosdem
973 4386 1211 4456 recepit,
1255 4404 1356 4445 nec
1386 4399 1675 4459 protervus
1721 4393 2108 4459 contumacite,

527 4484 628 4526 nec
656 4470 826 4528 durus
853 4477 1061 4546 gratim.
1090 4478 1287 4535 Litium
1329 4480 1587 4552 fugitans,
1633 4498 1757 4538 cum
1786 4483 2071 4540 recederet
2096 4502 2107 4538 :

517 4561 691 4619 facilis
737 4566 929 4633 venite,
979 4584 1105 4625 cum
1157 4574 1470 4644 reciperet:
1520 4574 1798 4646 profusior
1840 4556 2107 4644 bonitate,

2218 3358 2329 3412 sine
2349 3354 2636 3429 adjutorio,
2678 3354 2812 3407 inter
2832 3362 3062 3405 mortuos
3091 3350 3223 3405 liber
3251 3347 3446 3421 (Psal.
3481 3365 3715 3415 Lxxxm,
3733 3346 3787 3415 5i.

2219 3450 2286 3506 Et
2310 3453 2448 3506 bene
2476 3449 2635 3515 liber,
2664 3448 2756 3518 qui
2786 3460 2845 3502 se
2888 3454 3101 3516 poterat
3139 3443 3453 3511 suscitare,
3502 3443 3648 3515 juxta
3686 3442 3791 3512 quso

2216 3547 2478 3617 scriptum
2506 3553 2592 3600 est
2619 3562 2631 3597 :
2664 3543 2861 3599 Soluite
2890 3542 2985 3595 hoc
3030 3537 3307 3611 templum,
3361 3549 3415 3593 et
3463 3540 3524 3592 in
3552 3538 3705 3593 triduo
3736 3553 3788 3589 re

2216 3638 2472 3693 suscitabo
2497 3635 2630 3692 illud
2655 3633 2835 3707 (Joan.
2868 3649 2929 3698 tt,
2955 3631 3066 3705 19).
3100 3630 3171 3686 Ει
3203 3630 3358 3687 bene
3388 3632 3561 3696 liber,
3593 3633 3675 3703 qui
3694 3630 3793 3683 alios

2218 3730 2579 3788 descenderat
2606 3728 3009 3800 redempturus.
3030 3723 3232 3780 Factus
3254 3735 3343 3780 est
3376 3734 3574 3781 autem
3591 3724 3793 3781 sientsc-

2220 3842 2331 3892 tno,
2352 3839 2457 3880 non
2490 3823 2671 3895 specie
2703 3818 3026 3893 utique,sed
3040 3816 3579 3875 veritateforutatus
3599 3836 3615 3884 ;
3639 3820 3794 3889 quisa

2219 3917 2381 3972 homo
2410 3926 2516 3983 est,
2546 3924 2603 3970 et
2633 3914 2755 3985 quis
2779 3917 3075 3983 cognoscet
3102 3924 3229 3965 eum
3248 3909 3274 3963 ‘l
3306 3909 3540 3965 Etenim
3584 3913 3635 3965 in
3660 3909 3795 3963 ante

2216 4009 2446 4064 tudinem
2495 4008 2760 4062 hominum
2790 4008 2980 4079 factus,
3007 4013 3056 4057 et
3082 4003 3258 4069 specie
3287 4003 3545 4057 inventus
3572 4015 3625 4058 ut
3663 4004 3793 4062 lim,

2216 4101 2511 4156 humiliavit
2555 4101 2910 4169 semetipsum,
2939 4100 3112 4169 factus
3133 4096 3391 4151 obcdiens
3417 4115 3587 4168 usque
3613 4099 3676 4150 ed
3699 4112 3796 4149 βαι

2217 4204 2316 4251 lem
2342 4194 2512 4269 (Phil.
2548 4210 2615 4259 Il,
2643 4194 2697 4260 7,
2722 4192 2815 4264 8);
2845 4201 2904 4247 ut
2926 4205 3019 4260 per
3051 4190 3199 4244 illam
3224 4189 3451 4246 scilicet
3475 4190 3793 4247 obedientiam

2214 4290 2333 4361 eius
2377 4289 2606 4361 gloriam
2654 4287 2987 4351 videremus,
3037 4283 3262 4356 gloriam
3302 4285 3467 4354 quasi
3516 4284 3744 4357 unigesia‘
3772 4296 3795 4331 ς

2216 4387 2378 4443 Patre
2415 4390 2440 4419 θ
2471 4385 2773 4443 secundum
2814 4384 3078 4441 Joannem
3111 4391 3373 4439 sanctum
3409 4381 3603 4456 (lacn.
3641 4399 3687 4445 ι,
3714 4378 3794 4445 ll}.

2215 4482 2289 4538 Ita
2311 4482 2457 4539 enim
2472 4483 2768 4552 Scriptura:
2790 4480 2960 4551 ﬁgura
2980 4487 3259 4543 servatur,
3274 4486 3333 4533 ut
3360 4487 3423 4534 et
3444 4478 3701 4551 unigeniti
3717 4476 3796 4546 glo-

2219 4577 2326 4644 ria,
2352 4585 2410 4632 et
2438 4575 2667 4648 perfecti
2700 4575 2937 4631 hominis
2976 4583 3171 4630 natura
3211 4582 3486 4629 servetur
3515 4574 3575 4629 in
3604 4571 3793 4629 Christo.

518 4670 641 4713 cum
670 4658 997 4728 ignosceret.
1022 4630 1314 4722 Petebatur
1335 4630 1612 4724 societatis
1631 4670 1991 4736 consortium,
2021 4630 2115 4726 ad:
2142 4630 2195 4690 Β
2292 4630 2417 4727 101.
2439 4630 2461 4648 τ
2486 4670 2672 4739 Itaque
2725 4668 2971 4741 adiutore
3026 4683 3134 4723 non
3189 4666 3347 4739 eguit
3378 4685 3393 4720 :
3460 4683 3644 4739 neque
3685 4663 3792 4718 mira

511 4752 697 4822 jnnxit
727 4754 1033 4812 convivium
1063 4760 1377 4830 voluptatis.

592 4844 715 4901 I00.
754 4844 1042 4906 Imitemur
1068 4852 1233 4908 etiam
1283 4854 1337 4909 in
1379 4852 1543 4911 Iacob
1578 4865 1764 4928 typum
1788 4855 2011 4925 Christi,
2044 4857 2115 4912 sit

518 4937 637 5008 ejns
686 4938 740 4994 in
790 4940 948 4997 nobis
1000 4942 1179 5015 aliqua
1225 4945 1531 5003 similitudo
1574 4946 1863 5004 factorum.
1898 4949 2115 5005 Erimus

517 5042 820 5102 consortes,
876 5035 921 5090 si
977 5034 1236 5093 fuerimus
1279 5040 1607 5098 imitatores.
1651 5040 1802 5097 Matri
1849 5042 2110 5108 obedivit,

516 5120 668 5179 fratri
698 5126 887 5193 cessit,
929 5142 1122 5184 socero
1157 5130 1399 5199 servivit,
1447 5132 1753 5189 mercedem
1802 5134 1870 5189 de
1919 5134 2106 5198 lucris,

519 5231 624 5270 non
655 5213 724 5269 de
750 5218 927 5288 gregis
954 5219 1223 5278 divisione
1250 5222 1519 5293 quaesivit.
1545 5224 1661 5280 Non
1694 5239 1854 5280 avara
1880 5224 2106 5292 divisio,

516 5303 604 5362 ubi
631 5305 895 5364 Incrativa
919 5313 1115 5380 portio.
1144 5313 1255 5370 Nec
1276 5315 1363 5368 illa
1391 5314 1565 5371 otiosa
1590 5315 1934 5387 signiﬁcatio,
1957 5319 2103 5374 scala

591 5455 618 5484 ι
658 5445 817 5527 Rom_.
846 5448 1031 5527 edit)“,
1045 5453 1135 5507 sed
1172 5454 1428 5526 ampliora
1452 5464 1709 5527 gracepta
1722 5472 1749 5527 ξ
1780 5456 2022 5527 reliquae,
2048 5473 2113 5514 ac

520 5518 806 5600 ms‘s._,.sed
819 5520 1127 5600 amabiliora
1149 5518 1401 5600 pracepta
1421 5518 1650 5598 {Benigl
1674 5569 1689 5593 ,
1710 5518 1813 5600 Dei
1830 5518 2110 5600 praecepta.

591 5585 620 5627 δ
641 5588 1074 5714 ,ἓὲῃέιυιῖἓιηει
1098 5635 1114 5660 .
1144 5585 1192 5651 et
1222 5585 1391 5665 patrio
1421 5585 1703 5665 'percusvsus
1730 5585 1949 5668 oﬂ'ectu,
1984 5585 2112 5671 pene

591 5677 652 5714 ms
727 5678 773 5714 ot
809 5702 824 5714 .
849 5678 880 5714 e
944 5700 959 5714 .

522 5667 825 5728 trepidauit,
849 5671 959 5716 etc.

532 5757 558 5811 ἱ»
595 5740 618 5767 ε
647 5729 864 5806 Eadem
897 5731 1058 5790 Rom.
1086 5735 1221 5791 edit.
1241 5778 1256 5802 ,
1285 5746 1341 5793 ut
1368 5741 1528 5811 possit
1555 5742 1698 5797 nobis
1723 5745 1917 5798 servari
1949 5744 2113 5800 dilec-l

525 5804 605 5882 [ιιι
624 5804 780 5882 avet.
810 5810 1106 5882 antem,;ac
1150 5822 1281 5865 mss.
1320 5804 1563 5875 ;itivicem
1589 5815 1987 5880 consentiunt;
2006 5816 2111 5871 nisi

524 5865 662 5933 quod
691 5869 799 5924 illm
827 5865 1140 5940 praeferunt,
1170 5882 1262 5932 n‘o‘s
1294 5865 1641 5946 servariipt‘th'i—
1661 5865 2108 5945 aliialii};th

2217 4766 2388 4838 eguit,
2420 4780 2546 4822 cum
2590 4761 2794 4820 faceret
2828 4761 3089 4818 mundum
3118 4777 3135 4828 ;
3181 4772 3243 4815 ut
3284 4769 3510 4831 egeret,
3540 4775 3659 4815 cum
3685 4756 3793 4812 redi-

2218 4867 2410 4913 meret.
2445 4855 2560 4911 Non
2595 4854 2820 4926 legatus,
2856 4868 2963 4909 non
2994 4852 3245 4919 nuntius,
3279 4851 3382 4907 sed
3421 4852 3552 4923 ipse
3586 4849 3792 4907 Domine:

2216 4949 2424 5005 salvum
2465 4946 2597 5003 fecit
2628 4963 2750 5003 eum
2784 4964 2797 5000 :
2828 4945 2952 5016 Ipse
2986 4945 3117 5000 dixit
3141 4985 3156 5010 ,
3199 4954 3246 4999 et
3293 4943 3444 5013 facta
3483 4955 3608 4999 sunt
3640 4940 3789 5017 (PssL

2218 5058 2397 5107 χχχιι,
2427 5041 2511 5108 9).
2538 5039 2661 5112 Ipse
2688 5038 2952 5095 Dominus
3000 5037 3212 5092 salvum
3245 5035 3382 5091 fecit
3428 5052 3561 5091 eum
3595 5056 3608 5090 :
3640 5034 3789 5102 ubique

2218 5134 2357 5206 ipse,
2388 5133 2515 5204 quia
2551 5147 2652 5205 per
2680 5132 2860 5202 ipsum
2902 5130 3088 5186 omnia
3137 5126 3370 5198 (Coloss.
3418 5145 3472 5196 ι,
3536 5132 3647 5201 l7).
3691 5127 3792 5195 Quis

2214 5236 2397 5284 autem
2426 5226 2709 5297 adiuvaret
2735 5240 2889 5290 eum,
2920 5225 2972 5279 itt
3005 5238 3115 5295 quo
3152 5232 3345 5279 creata
3379 5233 3519 5278 sunt
3545 5225 3729 5283 omnia,
3754 5230 3789 5271 et

2213 5318 2477 5375 omniain
2516 5319 2636 5390 ipso
2682 5317 2972 5373 constant?
3020 5315 3155 5384 Quis
3204 5315 3501 5385 adiuvaret
3550 5331 3687 5379 eum,
3725 5309 3791 5382 qui

2220 5458 2367 5514 nobis
2390 5460 2607 5514 servari.

2288 5528 2315 5567 ἀ
2355 5529 2506 5585 Haud
2555 5529 2790 5585 absimili
2845 5531 3007 5586 modo
3055 5531 3185 5599 quid
3232 5547 3330 5601 per
3371 5531 3615 5586 Abrahae
3640 5532 3783 5584 sinum

2220 5602 2527 5672 intelligere
2558 5616 2661 5656 nos
2688 5609 2956 5670 oporteat,
2992 5602 3241 5673 Exposit.
3289 5606 3340 5657 in
3390 5604 3535 5673 psal.
3571 5615 3783 5658 xxxvtn.

2218 5690 2371 5731 num.
2404 5675 2494 5739 11,
2522 5673 2855 5746 explicatum
2878 5673 3145 5746 reperies,
3172 5677 3217 5729 si
3238 5675 3421 5730 locum
3450 5675 3604 5731 adire
3627 5689 3723 5730 non
3750 5683 3785 5724 te

2216 5754 2513 5894 “fatisia.
2547 5816 2681 5897 edit.
2710 5816 3365 5897 remeaverat-secundum
3394 5816 3781 5897 loquacium-

2218 5888 2356 5955 tom,
2383 5890 2517 5959 quas
2548 5894 2709 5945 voces
2736 5901 2803 5943 ex
2830 5888 2951 5944 aliis
2976 5888 3111 5944 editt
3140 5888 3207 5945 ac
3229 5888 3362 5945 mss.
3396 5890 3737 5945 restituimust
