3932 6296
109 279 235 336 13ιὸ

996 276 1088 335 DE
1123 269 1432 335 EXCESSU
1477 268 1771 334 FRATRIS
1807 266 1919 332 SUI
1957 269 2211 333 SATYRI
2249 273 2380 334 LIB.
2423 274 2487 334 ll.

3247 284 3386 347 1346

105 397 266 451 omnia
311 397 361 451 in
394 404 668 452 momento
697 395 848 460 facit,
881 405 935 452 et
966 397 1017 452 in
1049 396 1348 450 novissima
1383 395 1506 450 tuba
1537 411 1682 451 mor-
1717 401 1761 460 Α
1791 394 2135 462 snperiorum
2167 409 2292 451 esse
2324 395 2571 450 umbram
2597 395 3004 467 celebritatem,
3046 403 3384 460 etelestiutu-

103 488 500 559 tuossuseitat(l
520 488 641 544 Cor.
674 504 761 553 xv,
787 486 920 562 52)?
949 488 1064 544 Non
1088 489 1218 560 quia
1243 498 1336 542 aut
1369 487 1561 559 prima,
1591 499 1680 544 aut

102 582 325 638 secunda
365 597 470 636 non
506 583 698 652 possit,
737 590 830 637 aut
869 583 1030 637 tertia
1065 600 1078 634 :
1109 581 1202 637 sed
1233 581 1370 637 ordo
1408 591 1678 650 servatur,

33 669 46 678 ’
102 690 201 730 non
245 690 351 745 quo
408 674 700 730 difficultas
753 689 880 730 sero
922 673 1222 738 vincenda,
1274 674 1368 730 sed
1409 673 1683 745 legitimus

105 778 124 803 η
152 781 403 823 numerus
434 767 789 838 explicandus
834 768 926 822 sit.

174 861 282 918 t05.
327 861 564 932 Tempus
585 870 789 928 autem,
815 861 1075 928 arbitror,
1104 861 1170 917 de
1198 861 1447 917 tubarum
1471 861 1682 934 1162

97 957 270 1027 Specie
300 955 506 1022 dicere,
537 957 794 1028 quoniam
821 971 1002 1012 sermo
1032 956 1358 1027 propinquat
1385 955 1451 1011 ad
1484 957 1680 1023 tinem;

99 1060 153 1104 ut
179 1049 341 1105 nostri
387 1064 605 1120 quoque
646 1049 1060 1104 consummandi
1106 1047 1307 1120 eloquii
1350 1049 1476 1104 tuba
1507 1049 1580 1104 sit
1604 1051 1680 1104 si-

95 1159 273 1212 gnum.
307 1142 527 1214 Septem
563 1143 718 1197 tubas
749 1143 974 1214 legimus
1004 1143 1058 1196 in
1077 1141 1403 1213 Apocalypsi
1430 1141 1680 1209 Joannis,

95 1253 222 1307 quas
247 1247 454 1307 septem
490 1252 773 1308 sumpsere
817 1237 996 1308 angeli
1045 1236 1230 1309 (Apoc.
1265 1251 1397 1302 vm,
1445 1236 1529 1306 2).
1582 1235 1681 1293 Ubi

96 1329 254 1385 Ittbes
290 1331 546 1400 quoniam
591 1331 856 1400 septimus
907 1328 1137 1401 angelus
1187 1329 1311 1385 tuba
1363 1329 1584 1394 cecinit,
1627 1339 1683 1386 et

91 1421 224 1477 facta
253 1432 334 1478 est
364 1439 464 1479 vox
496 1438 686 1494 magna
717 1423 785 1478 de
811 1424 952 1479 coelo
990 1423 1178 1478 dicens
1203 1443 1216 1479 :
1251 1421 1473 1477 Factum
1501 1432 1574 1477 est
1596 1439 1681 1477 re-

89 1533 243 1586 gnum
272 1518 424 1589 hujus
443 1518 622 1572 mandi
644 1515 742 1571 Dei
757 1517 943 1582 nostri,
969 1527 1016 1571 et
1039 1516 1235 1572 Christi
1255 1518 1390 1587 ejus,
1421 1525 1469 1570 et
1497 1531 1683 1587 regna-

91 1608 162 1663 bit
199 1611 249 1663 in
287 1611 479 1666 stecala
523 1612 829 1666 sa'calorum
873 1610 1060 1683 (Apoc.
1093 1625 1178 1676 XI,
1218 1609 1330 1678 l5).
1382 1609 1532 1664 Tuba
1564 1611 1682 1680 qui-

87 1701 210 1758 dem
243 1714 296 1757 et
343 1719 438 1773 pro
486 1718 620 1759 voce
660 1703 944 1772 accipitur,
989 1703 1114 1772 quia
1160 1701 1373 1758 habes:
1426 1701 1684 1766 Quoniam

1787 505 1891 558 que
1922 489 2200 544 textorum.
2231 490 2327 546 llic
2352 494 2498 546 enim
2528 491 2736 559 umbra,
2767 492 2875 549 illic
2898 495 3124 553 veritas.
3153 498 3384 554 l‘crutu-

1786 579 2030 635 bram‘ad
2062 583 2344 638 veritatem
2387 583 2672 653 pervenire
2715 585 2970 643 nitamur.
3005 587 3170 659 Cujus
3215 591 3384 661 figura

1785 675 1949 731 etiam
1975 675 2102 731 alibi
2135 692 2394 746 exuressa
2422 686 2506 734 est
2537 678 2640 733 hoc
2669 679 2859 745 modo;
2890 680 3056 737 babes
3084 684 3226 737 cnim
3257 683 3383 754 quia

1787 767 2002 823 locutus
2029 778 2114 824 est
2141 769 2417 834 Dominus
2469 771 2536 826 ad
2564 770 2785 844 Moysen
2819 791 2832 828 :
2867 774 3099 845 Loquere
3140 778 3265 846 ﬁliis
3300 777 3386 832 ls-

1785 861 1930 927 rael,
1965 861 2142 916 dicens
2168 879 2188 916 :
2231 861 2409 918 Mense
2435 866 2675 934 septimo,
2720 883 2823 922 una
2866 870 3076 937 mensis,
3123 871 3218 924 crit
3247 869 3388 926 vobis

1787 954 1988 1023 requies
2015 963 2038 991 ε
2067 955 2120 1009 in
2144 957 2444 1012 memoriale
2473 958 2734 1027 tubarum,
2763 970 2944 1015 vocata
2975 972 3154 1017 sancta
3177 965 3271 1018 erit
3302 980 3386 1018 vo-

1787 1044 1884 1100 bis.
1913 1044 2078 1102 Omne
2097 1062 2227 1120 Opus
2243 1049 2427 1104 servile
2455 1065 2558 1104 non
2581 1053 2784 1122 facietis
2801 1095 2816 1121 ,
2841 1064 2889 1108 et
2916 1056 3207 1111 accendetis
3232 1055 3382 1112 Italo-

1787 1148 2019 1194 caustum
2049 1140 2274 1199 Domino
2305 1141 2496 1217 (Levit.
2525 1160 2692 1214 nm,
2732 1147 2852 1220 24).
2903 1150 2962 1205 ltt
3008 1150 3261 1209 Numeris
3288 1168 3384 1210 au-

1788 1241 1896 1289 tem
1933 1251 1945 1287 :
1984 1234 2216 1290 Locutus
2238 1247 2312 1292 est
2341 1234 2596 1293 Dominus
2635 1240 2704 1293 ad
2731 1239 2971 1314 Moysen,
3005 1243 3185 1302 dicens
3213 1262 3232 1301 :
3273 1245 3385 1302 Fac

1787 1327 1877 1380 tibi
1902 1328 2033 1383 duas
2059 1328 2204 1383 tubas
2231 1331 2470 1398 dactiles,
2494 1343 2763 1406 argenteas
2803 1335 2962 1405 facies
2989 1355 3076 1391 eas
3095 1379 3111 1404 ,
3149 1349 3197 1394 et
3235 1350 3386 1396 erant

1787 1417 1878 1473 tibi
1903 1420 1972 1473 ad
2002 1424 2316 1477 evocandum
2337 1441 2678 1498 synagogam,
2710 1435 2756 1481 et
2785 1431 3134 1498 promovenda
3163 1443 3336 1489 castra
3363 1451 3384 1490 :

1787 1521 1835 1565 et
1877 1512 1997 1566 tuba
2023 1529 2174 1568 canes
2201 1516 2255 1568 in
2283 1515 2417 1582 illis,
2453 1528 2500 1571 et
2531 1519 2801 1591 colligetur
2828 1522 2993 1578 omnis
3018 1524 3169 1580 turba
3205 1526 3277 1580 ad
3302 1544 3384 1584 os-

1789 1603 1914 1657 tium
1943 1604 2261 1662 tabernaculi
2289 1610 2586 1666 testimonii.
2618 1612 2678 1668 Si
2707 1623 2876 1669 autent
2904 1616 2956 1670 in
2985 1633 3092 1672 una
3118 1619 3239 1674 tuba
3254 1623 3384 1676 ceci-

1789 1698 1943 1763 neris,
1981 1701 2052 1754 ad
2077 1711 2125 1755 te
2145 1703 2344 1757 venient
2369 1720 2542 1760 omnes
2576 1707 2838 1779 principes
2871 1719 2918 1764 et
2945 1712 3098 1767 duces
3123 1712 3312 1783 Israel,
3337 1725 3385 1770 et

87 1811 198 1848 cccc
228 1797 413 1849 ostium
447 1806 683 1867 apertam
710 1796 763 1848 in
792 1795 940 1859 caelo,
971 1804 1019 1849 et
1049 1809 1147 1848 vos:
1175 1794 1364 1865 prima,
1395 1809 1548 1863 quam
1581 1809 1681 1847 au-
1714 1813 1762 1874 Β
1788 1793 1907 1848 tuba
1937 1796 2128 1851 canetis
2161 1797 2595 1868 signiﬁcationem
2644 1801 2887 1870 primam,
2930 1814 2978 1858 et
3020 1810 3388 1874 promovebant

84 1887 213 1951 diri,
236 1891 364 1943 sicut
399 1891 572 1944 tubam
615 1891 902 1960 loquentem
932 1905 1131 1944 mecum
1159 1897 1207 1942 et
1255 1887 1544 1942 dicentem:
1588 1888 1678 1943 As-

85 1983 242 2034 ccnde
285 1983 407 2047 hac,
453 1994 498 2038 et
531 1983 797 2037 ostendam
845 1983 938 2037 tibi
980 1997 1099 2054 quae
1128 1991 1322 2052 Oportet
1350 1981 1461 2051 ﬁeri
1496 1980 1680 2054 (Apoc.

83 2087 165 2141 IV,
229 2075 294 2147 l).
355 2077 604 2147 Legimus
652 2078 851 2133 etiam:
905 2076 1086 2132 Canite
1132 2077 1279 2131 initio
1326 2078 1514 2130 mensis
1563 2077 1682 2132 tuba

78 2171 260 2242 (Psal.
293 2187 469 2236 Lxxx,
503 2169 594 2241 4);
651 2170 744 2226 sed
773 2171 936 2227 etiam
974 2171 1102 2226 alibi
1140 2187 1153 2224 :
1201 2168 1440 2226 Laudate
1467 2183 1583 2224 eam
1630 2172 1684 2225 in

86 2284 218 2321 sono
246 2265 379 2320 tuba:
405 2263 578 2335 (Psal.
611 2280 676 2319 CL
696 2306 709 2331 ,
743 2265 820 2333 3).

154 2361 274 2417 106.
321 2361 462 2430 Ergo
491 2359 616 2430 qttid
666 2358 765 2414 sibi
819 2358 946 2412 velit
975 2357 1003 2395 ι)
1038 2358 1290 2412 tubarum
1323 2359 1679 2429 significatio,

75 2454 226 2511 omni
258 2452 456 2508 virtute
496 2451 758 2507 debemus
784 2450 1106 2514 advertere;
1153 2465 1220 2504 nc
1260 2452 1413 2517 quasi
1446 2450 1678 2507 fabulam

77 2547 298 2602 aniliter
329 2544 659 2615 accipientes
690 2542 1088 2613 periclitemur,
1112 2541 1155 2596 si
1182 2540 1403 2612 indigna
1428 2541 1681 2613 dogmate

76 2638 334 2710 spiritali,
371 2652 474 2693 nec
515 2637 897 2692 convenientia
931 2635 1334 2707 Scripturarum
1367 2635 1680 2691 eminentia:

73 2731 400 2786 sentiamus.
431 2729 564 2784 Nam
611 2743 734 2785 cum
776 2729 1070 2799 legerimus
1119 2728 1318 2784 bellum
1362 2728 1518 2784 nobis
1558 2743 1680 2786 esse

75 2838 191 2879 nou
225 2825 488 2878 adversus
514 2835 734 2876 carnem
786 2829 841 2876 et
889 2819 1225 2890 sanguinem,
1275 2817 1370 2874 sed
1417 2818 1680 2876 adversus

73 2917 347 2988 spiritalia
377 2915 660 2987 nequitia),
693 2930 814 2986 qua:
860 2922 986 2970 sunt
1017 2913 1068 2968 in
1112 2913 1428 2969 coelestibus
1461 2913 1677 2985 (Ep/tes.

72 3028 166 3079 vt,
208 3012 331 3079 12);
366 3027 473 3067 non
501 3011 742 3067 carnalia
790 3011 980 3082 utique
1011 3024 1182 3074 arma,
1217 3009 1312 3066 sed
1356 3010 1518 3066 fortia
1571 3011 1681 3065 Deo

70 3105 358 3162 :estimare
379 3104 641 3161 debemus
670 3103 734 3177 (ll
765 3102 887 3159 Cor.
918 3119 976 3169 χ,
1011 3103 1087 3174 4).
1120 3101 1234 3157 Non
1263 3102 1408 3158 enim
1439 3102 1569 3156 satis
1597 3110 1682 3158 est

1786 1898 1982 1956 castra,
2022 1901 2070 1946 et
2106 1893 2479 1948 constituentur
2499 1895 2566 1948 ad
2600 1893 2880 1951 Orientem.
2923 1897 2989 1952 Et
3039 1901 3160 1955 tuba
3189 1903 3386 1956 canetis

1784 1982 2218 2055 significationem
2263 1988 2563 2055 secundam,
2603 1999 2652 2043 et
2698 1991 3066 2060 promovebant
3111 2004 3304 2062 castra,
3336 2004 3386 2050 et

1785 2075 2212 2130 constituenturf
2261 2080 2330 2133 ad
2377 2079 2654 2135 Libanum.
2699 2083 2908 2156 1163
2953 2084 3016 2140 Et
3046 2086 3169 2142 tuba
3196 2089 3390 2146 canetis

1784 2168 2214 2241 signiﬁcaionem
2255 2174 2495 2240 tertiam,
2544 2183 2592 2229 et
2636 2179 3001 2246 promovebant
3031 2190 3220 2250 castra,
3269 2198 3386 2252 qua:

1783 2262 2161 2317 constituentur
2179 2265 2250 2317 ad
2275 2264 2520 2321 Boream.
2551 2265 2623 2322 Et
2649 2267 2770 2321 tuba
2809 2271 3002 2326 eunetis
3039 2272 3386 2343 signiﬁcatio-

1785 2369 1899 2406 nem
1925 2367 2184 2423 quartam,
2218 2367 2266 2412 et
2293 2360 2661 2426 promovebant
2689 2372 2883 2428 castra,
2915 2380 3033 2433 qua!
3072 2367 3388 2423 constituen-

1784 2454 1867 2498 tur
1894 2447 1964 2500 ad
1993 2448 2318 2518 Aquilonem.
2369 2450 2819 2522 Signiﬁcationem
2875 2466 2898 2503 Β
2949 2457 3068 2510 tuba
3110 2470 3291 2514 canent
3332 2461 3389 2514 in

1785 2551 2021 2607 promota
2060 2557 2257 2596 eorum.
2290 2541 2358 2597 Et
2385 2559 2502 2597 cum
2529 2547 2907 2618 congregabitis
2932 2564 3272 2622 synagogam,
3305 2561 3389 2605 tu-

1785 2630 1847 2684 ba
1877 2633 2066 2699 canite,
2111 2643 2160 2688 et
2191 2650 2293 2689 non
2323 2635 2753 2709 signiﬁcationen.
2788 2635 2857 2693 Et
2880 2640 2980 2709 ﬁlii
3008 2640 3182 2696 Aaron
3211 2659 3386 2698 sacer-

1783 2724 1926 2780 dotes
1952 2725 2086 2781 tabis
2111 2739 2317 2794 canent,
2345 2737 2395 2783 et
2427 2729 2524 2783 erit
2569 2729 2711 2785 vobis
2742 2731 3028 2804 legitimum
3057 2743 3308 2789 (sternam
3331 2736 3387 2790 in

1785 2820 2054 2890 progenies
2090 2831 2304 2876 vestras.
2349 2821 2412 2877 Si
2439 2832 2610 2876 autem
2657 2823 2884 2878 exieritis
2909 2824 2964 2878 in
2989 2826 3176 2880 bellum
3205 2829 3257 2881 in
3287 2837 3389 2882 ter-

1786 2929 1896 2968 rant
1925 2924 2146 2967 vestram
2169 2913 2238 2967 ad
2267 2913 2610 2981 adversarios,
2644 2917 2732 2987 qui
2761 2917 3003 2972 resistunt
3029 2919 3190 2986 vobis,
3221 2921 3389 2992 signi-

1786 3006 2006 3073 ﬁcabitis
2031 3007 2186 3070 tubis,
2214 3015 2263 3060 et
2283 3007 2682 3062 reminiscemini
2709 3025 2883 3063 coram
2911 3009 3157 3078 Domino,
3190 3023 3238 3066 et
3267 3011 3292 3050 ¹¹
3328 3015 3392 3069 li-

1787 3098 2096 3153 berationem
2119 3097 2369 3153 habebitis
2390 3117 2422 3153 a
2452 3101 2665 3154 mortuis
2689 3102 2890 3157 vestris.
2923 3102 2990 3158 Et
3012 3105 3068 3160 in
3095 3105 3275 3161 diebus
3298 3109 3390 3163 ιω-

70 3200 270 3255 tubam
292 3208 342 3252 te
364 3197 566 3262 videre,
594 3211 693 3252 nec
709 3211 904 3253 sonum
933 3195 1050 3267 ejus
1074 3195 1286 3260 audire,
1311 3194 1413 3249 nisi
1438 3195 1687 3265 pr0prie-
1714 3200 1758 3262 (ζ
1793 3192 1916 3246 tilia:
1943 3201 2141 3258 vestrm,
2174 3202 2221 3246 et
2262 3194 2313 3246 in
2354 3192 2532 3248 diebus
2557 3194 2702 3264 festis
2728 3195 2926 3263 vestris,
2952 3207 3001 3252 et
3031 3199 3084 3252 in
3109 3203 3391 3259 neomeniis

69 3302 251 3349 tatem
281 3292 489 3348 sonitus
517 3291 809 3362 intelligas.
853 3290 1064 3346 Etenim
1106 3289 1151 3344 si
1199 3288 1465 3344 incertam
1495 3302 1681 3343 vocem

66 3387 173 3442 det
208 3387 351 3452 tuba,
388 3385 660 3456 quomodo
687 3384 809 3454 quis
838 3384 1051 3454 parabit
1078 3396 1137 3437 se
1165 3382 1231 3436 ad
1261 3381 1504 3437 bellum?
1531 3380 1686 3438 Unde

64 3486 303 3549 oportet
330 3479 476 3534 vocis
519 3478 662 3532 tubae
708 3491 810 3531 nos
853 3475 996 3532 seire
1027 3475 1306 3541 virtutem,
1342 3486 1364 3513 ο
1410 3489 1476 3530 ue
1501 3474 1686 3530 videa-

64 3588 211 3629 mur
241 3570 474 3637 barbari,
502 3585 624 3626 cum
653 3568 808 3625 tubas
839 3567 1145 3638 ltujusmodi
1171 3575 1266 3622 aut
1287 3566 1562 3633 audimus,
1595 3577 1688 3623 aut

62 3666 380 3739 loquimur.
417 3665 487 3720 Et
513 3664 635 3720 ideo
665 3679 786 3719 eum
814 3663 1104 3732 loquimur.
1136 3676 1356 3717 oremus
1383 3670 1440 3716 ut
1468 3675 1562 3717 eas
1590 3676 1687 3716 no-

61 3759 163 3816 bis
195 3758 432 3827 Spiritus
455 3769 675 3812 sanctus
701 3755 1114 3826 interpretetur.

159 3848 289 3904 107.
350 3847 713 3919 Requiramus
761 3846 921 3918 igitur
963 3848 1017 3900 in
1067 3846 1365 3916 Seripturis
1413 3847 1688 3902 veteribus

61 3943 218 4018 quid
246 3944 314 3999 de
361 3943 608 3998 tubarum
646 3947 848 4014 genere
875 3940 1190 4011 legerimus,
1219 3939 1246 3976 ἀ
1279 3941 1688 3996 consentientes

60 4055 178 4098 eas
212 4037 606 4104 soletnnitates,
635 4051 755 4107 qua:
786 4033 990 4090 Iudaeis
1018 4033 1158 4104 Lege
1185 4033 1515 4104 praescripta:
1539 4042 1684 4096 sunt,

151 4191 186 4218 ει
233 4180 308 4236 Ita
337 4187 443 4234 vet.
487 4177 617 4232 edit.
642 4190 707 4231 ac
734 4188 867 4230 mss.
903 4189 1072 4244 prope
1102 4172 1168 4227 ad
1202 4187 1368 4226 unum
1397 4191 1410 4227 :
1444 4180 1500 4226 at
1526 4170 1686 4226 Rom.

59 4255 224 4311 edit.
255 4268 378 4308 eum
428 4265 536 4305 uno
583 4249 667 4304 vel
697 4248 870 4302 altero
919 4261 1084 4313 mss.,
1137 4260 1380 4298 numerus
1425 4245 1692 4298 vindican-

60 4327 186 4436 da:
211 4332 491 4465 s(illiigenes
521 4392 707 4448 'l‘ract.
733 4389 804 4447 50
827 4390 881 4446 in
909 4390 1100 4446 Matth.
1122 4388 1193 4465 _de
1221 4387 1519 4465 Scriptura:
1547 4387 1692 4465 tubis

55 4459 348 4530 disserit:
371 4465 466 4520 sed
509 4465 872 4525 contractius;
922 4462 1136 4516 tametsi
1179 4462 1355 4516 locum
1382 4475 1412 4515 e
1438 4459 1690 4516 Numeris

56 4543 147 4598 ab
186 4537 481 4593 Ambrosio
512 4537 648 4590 infra
680 4533 985 4604 subjectum
1017 4535 1283 4604 integrum
1329 4531 1553 4587 referat.
1587 4532 1690 4586 Po-

58 4587 152 4668 ἶιῖἰ
167 4587 354 4679 (Bigis
372 4587 579 4663 Doctor
594 4587 1066 4679 itosterlvquzeltie
1081 4587 1341 4675 disputat,
1366 4619 1435 4659 ex
1457 4620 1524 4660 eo
1544 4605 1689 4660 fonte
1714 4587 1768 4648 Ῐ)

54 4677 336 4740 derivata
361 4694 513 4734 more
540 4693 641 4733 suo
670 4677 1059 4742 amplilicasse.

155 4768 183 4793 ο
230 4752 382 4808 Tuba
413 4750 642 4804 Romani
667 4748 959 4804 utebantur
1000 4748 1051 4802 in
1096 4747 1308 4809 militia.
1340 4746 1692 4817 quemadmo-

53 4829 218 4884 dum
254 4819 802 4896 tympanis_ac__tibii§
837 4817 1050 4896 barbari
1081 4835 1095 4872 :
1124 4833 1242 4896 qua
1270 4817 1338 4896 de
1362 4834 1433 4896 _re
1471 4819 1694 4873 consule

52 4901 231 4957 Just.
258 4887 498 4965 [lipsium
523 4892 594 4965 de
624 4891 738 4965 Mil.
765 4887 924 4944 Rom.
958 4888 1051 4944 lib.
1085 4887 1156 4955 tt,
1191 4889 1320 4943 dial.
1354 4890 1441 4965 10.

150 4967 186 5007 ἀ
229 4961 438 5023 Omnes
467 4964 598 5021 edit.
621 5005 637 5031 ,
665 4963 880 5017 scientes
908 4976 1026 5025 eas;
1069 4974 1200 5033 mss.
1236 4975 1366 5033 vero
1397 4961 1488 5015 alii
1528 4961 1694 5033 conji-

54 5045 284 5097 cientes
323 5055 442 5104 eas,
484 5036 575 5092 alii
602 5035 889 5090 concientes
914 5048 1034 5098 eas,
1081 5031 1179 5104 alii
1218 5031 1436 5104 demum
1481 5031 1694 5087 consen-

54 5117 278 5169 tientes
301 5127 387 5164 eas
409 5102 438 5173 ;‘
457 5125 578 5180 quae
610 5108 772 5163 lectio
797 5103 1014 5180 videtur
1047 5102 1404 5180 praeferenda.

159 5194 188 5220 ο
215 5181 380 5237 Rom.
415 5175 545 5236 edit.
565 5219 581 5244 ,
612 5179 667 5233 in
689 5177 986 5233 ntemoriale
1008 5175 1266 5241 tubarum,
1297 5183 1477 5228 vocata
1515 5183 1693 5227 sancta

57 5255 321 5310 Domino
355 5269 371 5306 :
401 5263 510 5307 vel.
544 5260 726 5306 autem
757 5249 887 5305 edit.
919 5263 1027 5303 non
1057 5247 1369 5316 discrepant
1406 5261 1436 5301 a
1469 5260 1598 5300 mss.
1633 5259 1695 5300 ac

53 5345 93 5384 a
138 5325 328 5380 sacris
376 5325 501 5379 cod.
535 5322 642 5377 uisi
683 5320 827 5392 quod
858 5319 1122 5390 virgulam
1167 5327 1530 5388 transponuut
1576 5325 1697 5386 post

56 5412 290 5453 vocem
323 5408 538 5458 vocata.
562 5393 656 5448 sed
687 5393 1002 5462 incongrue.

163 5467 187 5506 ί
228 5468 386 5524 Eras.
421 5477 476 5522 et
501 5465 632 5522 Gill.
655 5464 791 5520 edit.
811 5503 826 5526 ,
859 5461 926 5516 ad
957 5464 1091 5528 liba;
1120 5463 1278 5517 Rom.
1299 5503 1314 5529 ,
1339 5461 1408 5516 ad
1425 5461 1694 5515 Austrum.

51 5541 159 5599 Et
204 5542 427 5608 utrique
455 5536 828 5608 suﬂ‘ragantur
853 5537 991 5608 sacri
1033 5535 1272 5608 codices,
1323 5549 1559 5608 quorum
1587 5531 1699 5608 _alii

51 5617 290 5682 legunt
327 5603 790 5689 irat‘osftfa’o'tp'ouoat‘
821 5606 961 5689 λίϐοε,
1009 5606 1101 5689 alii
1133 5608 1294 5689 νότογ.
1327 5603 1694 5689 Nondubium

56 5676 285 5741 tafuen
314 5676 555 5751 est'quin
584 5681 744 5751 lectio
763 5676 986 5751 Anterb.
1015 5686 1072 5731 et
1092 5678 1395 5751 tttss._bona_
1415 5678 1512 5742 sit,
1530 5690 1696 5751 _nem-

107 5771 158 5811 e
188 5756 261 5808 ad
291 5746 578 5816 Libanum;
609 5747 744 5804 infra
775 5746 941 5802 enim.
975 5763 1120 5801 num.
1156 5749 1258 5804 115
1299 5749 1488 5804 eadem
1530 5746 1693 5802 lectio

117 5824 364 5892 abetur,
395 5835 448 5878 et
482 5838 631 5877 nutu.
681 5817 806 5875 H9.
840 5817 1082 5888 Sponsus
1125 5834 1151 5872 a
1185 5818 1390 5876 Libano
1432 5834 1686 5892 Sponsam

1789 3283 1968 3338 vestris
1989 3284 2242 3338 concinite
2268 3283 2421 3347 tubis,
2452 3295 2499 3339 et
2520 3285 2574 3338 in
2599 3285 2913 3342 holocaustis
2934 3298 2980 3343 ct
3001 3292 3272 3362 sacriﬁciis
3299 3310 3388 3350 sa-

1791 3377 2043 3431 lutaribus
2057 3377 2258 3445 vestris,
2290 3387 2337 3432 et
2358 3378 2455 3433 erit
2477 3378 2617 3434 vobis
2639 3380 2692 3434 in
2721 3386 3200 3442 commemoratione
3222 3397 3391 3444 vestra

1789 3487 1961 3526 coram
1984 3469 2228 3539 Domino,
2259 3472 2332 3526 ait
2363 3471 2615 3528 Dominus
2647 3473 2837 3546 (Nunt.
2864 3492 2896 3531 Χ
2915 3518 2931 3544 ,
2965 3477 2991 3533 l
3020 3488 3068 3533 et
3090 3482 3242 3552 seq.).

1866 3563 1988 3620 £08.
2029 3563 2168 3632 Quid
2208 3563 2388 3635 igitur,
2420 3565 2538 3621 dies
2593 3567 2760 3622 lestos
2789 3567 2842 3622 in
2875 3579 3004 3639 potu
3044 3580 3100 3627 et
3131 3571 3183 3627 in
3213 3574 3392 3643 epulis

1795 3656 2225 3713 :estimabimus?
2253 3657 2360 3713 Sed
2386 3673 2547 3714 nemo
2583 3675 2683 3716 nos
2704 3659 2756 3716 in
2789 3661 3164 3723 manducando
3192 3666 3392 3740 dijudi-

1794 3758 1881 3804 cct
1907 3765 1921 3816 ;
1954 3750 2201 3804 novimus
2223 3750 2365 3806 enim
2395 3751 2517 3822 quia
2549 3751 2661 3808 Lex
2688 3753 2948 3824 spiritalis
2971 3765 3056 3813 est
3083 3756 3262 3830 (Rom.
3291 3776 3389 3828 vtt,

1798 3844 1884 3914 Η)
1914 3862 1926 3896 :
1959 3843 2127 3900 Nemo
2158 3861 2278 3919 ergo
2305 3862 2398 3900 nos
2429 3845 2635 3920 jadicet
2670 3847 2723 3902 in
2749 3850 2879 3904 escis
2917 3850 3178 3921 aliquibus
3208 3863 3295 3907 aut
3334 3856 3390 3910 in

1795 3948 1941 4006 pota,
1961 3947 2050 3992 aut
2076 3938 2128 3992 in
2161 3946 2304 4003 parte
2320 3938 2424 3994 diei
2441 3939 2580 4007 festi,
2599 3947 2690 3994 aut
2717 3943 3018 4009 neomeniis,
3039 3954 3128 3998 aut
3153 3945 3388 4014 sabbato;

1791 4046 1904 4101 qua:
1932 4040 2050 4084 sunt
2080 4029 2262 4084 umbra
2311 4028 2323 4066 ί
2363 4033 2656 4101 futurorum
2683 4073 2698 4098 ,
2749 4048 2936 4106 corpus
2987 4046 3156 4090 autent
3196 4035 3391 4096 Christi

1800 4171 2012 4226 invitat.
2046 4171 2252 4228 Rursus
2273 4187 2404 4229 vero
2422 4173 2512 4229 ubi
2542 4188 2641 4230 nos
2658 4190 2780 4231 cum
2804 4185 2913 4232 vet.
2940 4179 3073 4234 edit.
3105 4188 3160 4238 et
3181 4185 3392 4241 cunctis

1799 4259 1927 4298 mss.
1961 4244 2028 4298 ad
2073 4242 2325 4310 Boream;
2365 4256 2709 4314 reposuerat,
2740 4248 2872 4304 edit.
2903 4250 2973 4303 ad
2999 4267 3159 4308 mare.
3191 4254 3248 4310 ln
3289 4255 3396 4314 ltoc

1795 4325 1972 4396 autem
1998 4331 2104 4396 non
2132 4315 3012 4396 tantuml.XX_ei_patrocinantur,
3043 4324 3139 4396 sed
3166 4326 3397 4396 ipsemet

1796 4386 2116 4469 Ambrosius
2138 4387 2278 4469 infra
2303 4405 2452 4444 num.
2487 4389 2615 4469 “_5,
2646 4391 2736 4469 ubi
2769 4392 2982 4448 tertiam
2999 4386 3154 4451 tuba:
3180 4386 3392 4469 signifi-

1795 4458 2064 4515 cationem
2094 4465 2228 4513 mari
2258 4461 2656 4518 accommodat.
2685 4461 2884 4519 Verum
2914 4475 3092 4522 tamen
3124 4469 3194 4524 ab
3214 4458 3395 4529 timui-

1795 4529 1896 4586 bus
1925 4547 2058 4612 mss.
2081 4540 2135 4612 et
2154 4539 2266 4612 ant.
2293 4531 2425 4588 edit.
2457 4533 2926 4612 pigetdiseedere.
2958 4537 3198 4612 Adverte
3224 4556 3393 4612 porro

1798 4617 1919 4682 nec_
1947 4605 2039 4682 _i_u_
2077 4601 2336 4682 _Hebraao,
2380 4601 2488 4682 _n‘ec
2515 4601 2536 4605 ⁷
2555 4606 2610 4660 in
2639 4606 2799 4682 ‘ullis
2832 4610 3196 4682 _versiouibus
3225 4601 3389 4682 'prte-

1799 4684 1880 4729 ter
1905 4675 2044 4752 LXX
2076 4673 2263 4730 haberi
2303 4675 2596 4752 quidquam
2621 4677 2692 4733 de
2720 4679 2882 4752 tertio
2927 4689 2983 4736 et
3011 4691 3206 4752 quarto
3233 4673 3390 4741 titba-

1797 4760 1916 4828 rum
1945 4749 2122 4817 signo,
2151 4755 2206 4800 et
2232 4761 2332 4815 pro
2352 4748 2591 4828 conquod
2619 4757 2708 4805 est
2733 4750 2935 4828 ubique
2962 4748 3213 4828 iusseris
3247 4755 3393 4828 litte-

1798 4819 1903 4898 ris,
1937 4827 2105 4872 castra
2134 4833 2248 4886 qua:
2277 4819 2550 4898 constituta
2575 4830 2729 4888 sunt;
2776 4819 3123 4880 Ambrosium
3153 4826 3388 4898 legisse,

1796 4897 1964 4941 castra
1986 4903 2104 4958 quce
2125 4889 2517 4943 constituentur.

1871 4970 1895 5007 ε
1936 4959 2061 5014 Mss.
2101 4959 2526 5036 nonnulli,_tuba
2555 4974 2796 5032 canente,
2830 4983 2922 5036 pro
2944 4977 3082 5022 motu
3111 4984 3386 5036 eorum...,

1798 5031 1975 5086 Aaron
2002 5030 2287 5084 sacerdotis
2315 5031 2434 5087 tuba
2455 5045 2659 5089 canent.

1871 5101 1898 5140 ιι
1937 5101 2096 5155 Ront.
2126 5101 2260 5157 edit.
2283 5101 2426 5169 sola,
2458 5112 2506 5157 et
2529 5104 2880 5165 liberationem
2917 5110 3164 5166 habebitis
3193 5111 3257 5166 ab
3286 5113 3388 5168 ini-

1799 5175 1944 5229 micis
1968 5175 2188 5254 vestris:
2235 5173 2402 5254 quod
2425 5175 2670 5254 quidem
2697 5194 2768 5234 ex
2800 5179 3118 5254 _Scripturis
3171 5185 3392 5254 putavit

1799 5245 2197 5303 emendandum
2217 5285 2231 5307 ,
2256 5245 2354 5318 sed
2382 5245 2494 5316 jam
2539 5249 2742 5318 saepius
2761 5245 3390 5312 oltservavimus'exent-

1799 5318 1950 5396 plar,
1994 5332 2102 5386 quo
2156 5315 2421 5396 utebatur
2453 5315 2678 5396 sanctus
2707 5320 2931 5390 Doctor,
2954 5322 3022 5378 ab
3048 5324 3112 5379 iis
3133 5340 3257 5396 qua:
3283 5327 3390 5384 cir-

1799 5387 2200 5460 eumferuntur,
2232 5387 2285 5443 in
2315 5389 2498 5445 multis
2519 5387 2885 5460 discrepasse.

1883 5460 1897 5498 ί
1922 5459 2291 5532 Μεε.υιί‹ιιιρί,
2325 5465 2642 5532 futurorum,
2673 5459 2862 5532 corpus
2889 5474 3058 5518 autem
3085 5465 3276 5523 Christi
3306 5487 3386 5526 re-

1801 5533 2082 5610 quiramus.
2132 5529 2278 5610 infra
2307 5529 2438 5587 vero
2471 5532 2568 5610 ubi
2589 5540 2702 5610 vet.
2745 5529 2882 5610 edit.
2912 5549 2977 5592 ae
3005 5536 3192 5606 plures
3228 5557 3387 5610 mss.,

1799 5604 2094 5681 factumest
2134 5605 2213 5658 illi
2241 5620 2260 5658 .'
2288 5619 2474 5681 corpus
2505 5601 2719 5671 Christi,
2748 5605 2968 5681 quidam
3007 5601 3164 5681 mss.,
3198 5601 3390 5681 factum

1799 5685 1892 5730 est.
1927 5676 2047 5731 lllic
2067 5717 2082 5740 ,
2117 5689 2254 5730 unus
2273 5716 2288 5736 .
2332 5674 2497 5739 illud,
2540 5690 2730 5742 corpus
2759 5673 2984 5745 Christi;
3015 5673 3173 5735 Romi.
3198 5673 3334 5739 edit.
3359 5700 3392 5742 e

1797 5763 1929 5828 mss.
1965 5746 2286 5828 quibusdam
2331 5745 2702 5828 itareposuit,
2753 5751 2952 5828 factum
2995 5760 3072 5806 est
3095 5752 3240 5820 illis,
3265 5757 3387 5828 quia

1795 5817 2074 5875 tonio-nimi
2098 5822 2289 5892 factum
2312 5827 2384 5872 est
2405 5817 2508 5874 illis
2533 5834 2719 5890 corpus
2745 5819 2955 5878 Christi.
