3932 6296
151 308 290 380 ista

1059 321 1146 379 DE
1188 317 1498 384 EXCESSU
1539 324 1836 386 FRATRYS
1874 327 1983 388 SUI
2023 327 2271 388 SATYRI
2313 328 2442 387 LIB.
2485 329 2551 390 ll.

3311 333 3452 398 1550

144 440 323 495 dinem
376 439 664 510 potestatis
718 440 968 498 humanis
1020 443 1228 499 viribus
1289 444 1616 511 metiamur;
1684 453 1740 499 ιιι
1768 455 1821 515 Α
1844 449 1939 504 sed
1971 448 2264 505 emendare
2290 448 2404 504 vult
2439 465 2452 502 :
2487 462 2588 504 nec
2618 447 2909 506 excludere
2941 449 3138 506 durum
3172 452 3411 508 Ecclesia
3440 497 3457 523 ,

143 547 450 603 quzcramus
489 534 764 605 quomodo
788 536 910 604 quis
938 546 1203 612 resurgat,
1227 547 1322 592 aut
1343 537 1486 610 quali
1511 553 1742 610 corpore

142 625 346 692 veniat,
372 635 464 680 aut
486 626 948 696 quemadmodum
984 629 1162 686 soluta
1197 639 1424 699 coeant,
1472 629 1622 702 lapsa
1651 645 1740 687 re-

141 728 430 789 parentur;
457 719 577 776 htee
606 722 756 777 enim
779 722 1006 779 arbitrio
1026 723 1120 779 Dei
1143 723 1306 780 simul
1331 731 1388 780 ut
1408 730 1738 790 statuuntur,

139 811 450 880 implentur.
484 812 594 869 Nec
620 813 895 871 sensibilis
924 816 1174 872 tubarum
1201 824 1552 888 exspectatur
1582 815 1738 872 audi-

140 915 225 962 tus
248 949 261 972 ,
319 908 415 964 sed
446 908 732 966 invisibilis
777 911 1023 983 potentia
1055 911 1473 984 magnificentiae
1503 911 1742 968 caelestis

137 1012 426 1072 cperatur;
463 1003 574 1060 Deo
600 1005 743 1061 cnim
784 1007 925 1063 velle
972 1022 1072 1078 pro
1097 1006 1243 1063 facto
1271 1018 1354 1064 est
1386 1027 1397 1062 :
1433 1023 1533 1064 nec
1555 1023 1742 1064 resur-

136 1094 399 1152 rectionis
449 1097 811 1168 requirendus
842 1099 1024 1167 nisus,
1078 1100 1173 1156 scd
1205 1099 1416 1158 fructus
1443 1101 1603 1158 nobis
1656 1110 1744 1158 est

136 1191 497 1261 expetendus.
522 1193 653 1261 Quae
679 1195 977 1265 proclivius
1000 1195 1388 1266 celebrabitur,
1420 1195 1466 1252 si
1483 1195 1741 1252 cxinaniti

135 1288 283 1344 vitiis
308 1289 705 1361 plenitudinem
736 1292 998 1365 spiritalis
1027 1294 1277 1366 mysterii
1306 1307 1737 1365 consequamur,

132 1384 477 1456 gratiamque
506 1395 763 1443 renovata
795 1403 926 1444 caro
951 1396 1135 1444 sumat
1163 1404 1194 1444 a
1222 1387 1440 1460 spiritu,
1483 1399 1537 1443 et
1568 1386 1740 1459 fulgo-

135 1492 254 1533 rem
286 1478 424 1535 lncis
456 1489 677 1537 aeternae
705 1491 729 1517 τι
756 1483 934 1537 anima
957 1491 1243 1538 mutuetur
1267 1497 1297 1537 a
1323 1482 1558 1539 Christo.

217 1569 344 1628 115.
388 1572 495 1628 Sed
547 1588 656 1628 non
706 1573 884 1630 solum
934 1574 1300 1647 singulorum,
1349 1588 1540 1629 verum
1578 1572 1740 1629 etiam

135 1665 511 1724 universitatis
544 1676 670 1724 sunt
693 1669 794 1725 ista
826 1669 1108 1742 mysteria.
1144 1668 1386 1726 Adverte
1416 1667 1559 1725 enim
1583 1667 1738 1738 juxta

136 1769 328 1832 typum
352 1762 534 1833 chis,
564 1762 812 1820 ordinem
832 1764 1044 1834 gratim.
1075 1763 1212 1820 Cum
1241 1763 1366 1819 tuba
1400 1763 1572 1834 prima
1600 1760 1743 1818 ceci-

1842 541 1938 597 sed
1969 543 2178 598 mollire
2201 542 2496 598 desiderat.
2529 550 2554 580 α
2589 541 2656 596 Et
2687 542 2808 598 ideo
2839 543 2893 596 in
2932 543 3172 600 Canticis
3213 547 3453 601 cantico-

1844 649 1963 688 rum
1992 649 2086 691 eos
2121 635 2386 702 Ecclesia,
2419 635 2474 690 in
2505 635 2800 707 Evangelio
2829 635 3081 692 Christus
3128 637 3323 692 invitat
3370 638 3452 694 di-

1841 743 2010 785 cens:
2054 727 2232 785 Venite
2257 730 2326 784 ad
2358 748 2436 786 me
2475 747 2650 786 omnes
2680 732 2766 800 qui
2813 728 3092 798 laboratis,
3146 742 3196 786 et
3254 733 3454 787 onerati

1843 825 1968 881 estis
1991 842 2011 880 :
2042 834 2088 881 et
2117 841 2208 897 ego
2237 825 2467 896 reﬁciam
2495 842 2605 881 vos.
2653 824 2846 880 Tollite
2885 829 3076 899 jugum
3107 843 3273 882 meum
3299 843 3450 898 super

1842 934 1952 986 vos,
1996 927 2043 973 et
2083 918 2262 973 discite
2306 935 2338 973 a
2375 935 2455 974 me
2494 919 2616 989 quia
2659 918 2800 972 mitis
2821 933 2933 973 sum
2978 928 3024 971 et
3051 919 3263 975 Immitis
3297 920 3451 975 corde

1841 1011 1998 1084 (Mat.
2035 1027 2107 1074 Si,
2131 1012 2221 1080 es,
2245 1011 2363 1085 29).

1917 1107 2044 1164 118.
2087 1107 2348 1165 Ecclesiae
2391 1123 2606 1181 quoque
2642 1124 2838 1168 vocem
2866 1110 3147 1165 invitantis
3178 1124 3450 1182 agnosce;

1840 1197 1972 1256 dicit
2000 1201 2146 1257 enim
2182 1218 2195 1256 :
2230 1199 2489 1276 Exsurge,
2532 1202 2706 1273 aquilo
2729 1243 2743 1268 ,
2790 1212 2836 1257 et
2867 1204 3001 1269 veni,
3028 1213 3233 1267 auster;
3282 1203 3449 1273 per-[la

1843 1295 2052 1352 hortum
2096 1313 2301 1364 meum,
2334 1305 2378 1351 et
2402 1296 2636 1368 defluant
2667 1306 2926 1368 unguenta
2968 1313 3099 1352 mea.
3158 1295 3451 1350 Descendat

1841 1389 2006 1459 frater
2031 1406 2172 1448 meus
2202 1390 2256 1444 in
2280 1389 2486 1444 hortum
2513 1407 2686 1457 suum,
2730 1400 2753 1428 °
2791 1399 2838 1445 et
2880 1393 2998 1445 edat
3021 1393 3252 1462 fructum
3285 1389 3449 1459 pomi-

1845 1485 2074 1553 ferarum
2098 1499 2314 1537 suarurn
2337 1481 2509 1557 (Cant.
2538 1498 2611 1547 tv,
2647 1482 2742 1549 i6;
2768 1499 2819 1549 v,
2852 1484 2927 1554 1).
2959 1481 3152 1538 Sciens
3175 1483 3317 1537 enim
3339 1482 3450 1552 jam

1846 1582 1978 1632 tunc
2008 1575 2171 1635 etiam
2199 1574 2394 1633 horum
2420 1575 2514 1631 tibi
2547 1573 2665 1632 fore
2693 1590 2857 1647 opera
2895 1573 3170 1631 fructuosa
3191 1617 3205 1641 ,
3236 1573 3459 1630 Christo

1848 1677 1940 1728 tuo
1985 1666 2223 1724 fructum
2265 1667 2334 1724 de
2365 1669 2562 1724 talibus
2594 1668 2921 1740 pollicebare
2953 1687 2963 1721 :
2998 1678 3052 1724 et
3101 1683 3221 1739 qua:
3267 1667 3453 1738 primo.

1851 1770 1905 1817 te
1960 1760 2016 1817 in
2064 1759 2375 1817 cubiculum
2427 1760 2610 1816 dixisti
2669 1759 2832 1834 Regis
2885 1760 3186 1827 inductam,
3217 1761 3456 1830 diligens

135 1855 307 1922 nerit,
334 1857 629 1913 orientales
654 1868 970 1930 congregat,
996 1859 1150 1930 quasi
1181 1859 1489 1930 praecipuos
1519 1866 1574 1913 et
1599 1857 1744 1912 elec-
1777 1851 1826 1912 Β
1854 1856 2017 1912 ubera
2056 1871 2219 1926 super
2241 1856 2448 1922 vinum,
2481 1871 2603 1910 cum
2633 1855 2952 1927 diligentem
2981 1869 3217 1920 amares,
3250 1855 3457 1909 lactan-

135 1960 222 2006 tos
249 1969 262 2004 :
291 1967 412 2007 cum
442 1952 702 2017 secunda,
733 1968 996 2024 suppares
1021 1953 1252 2021 meritis,
1281 1953 1373 2025 qui
1392 1951 1418 1990 ι)
1443 1951 1743 2008 secundum

136 2044 383 2101 libanum
411 2045 497 2100 siti
525 2088 538 2112 ,
569 2045 970 2118 dereliquerint
1001 2045 1234 2103 ludibria
1261 2045 1547 2102 nationum
1579 2062 1591 2098 :
1621 2059 1745 2100 cum

136 2137 324 2205 tertia,
357 2153 454 2194 eos
480 2139 569 2210 qui
595 2148 866 2212 tamquam
899 2141 953 2196 in
971 2140 1105 2196 mari
1134 2140 1390 2212 exagitati
1424 2139 1584 2195 istius
1607 2139 1748 2196 freto

135 2228 328 2284 mundi
355 2271 372 2298 ,
412 2231 600 2287 saeculi
632 2233 794 2304 hujus
838 2232 1095 2289 ﬂuctibus
1140 2233 1562 2289 vacillaverint:
1621 2248 1744 2288 cum

133 2330 353 2392 quarta,
383 2324 504 2379 illos
527 2327 618 2396 qui
649 2324 908 2380 duritiam
940 2325 1207 2382 mentium
1236 2339 1580 2397 nequaquam
1612 2323 1746 2379 satis

134 2415 420 2485 potuerim
440 2415 640 2488 eloquii
667 2417 935 2488 spiritalis
963 2418 1175 2473 mollire
1199 2426 1506 2490 praecepto;
1537 2427 1592 2473 et
1621 2415 1745 2472 ideo

133 2507 438 2566 secundum
472 2509 693 2566 boream
727 2509 905 2567 vocati
947 2520 1097 2578 sunt,
1120 2511 1319 2568 boreas
1346 2512 1492 2568 enim
1545 2524 1747 2566 secun-

135 2601 272 2658 dum
290 2601 640 2658 Salomoncm
673 2603 840 2660 durus
870 2612 956 2660 est
981 2615 1175 2662 ventus
1204 2603 1388 2678 (Prov.
1421 2619 1588 2671 xxm,
1620 2602 1742 2676 16).

209 2695 339 2751 116.
383 2695 572 2769 Itaque
614 2698 742 2754 licet
783 2708 1062 2756 momento
1110 2699 1510 2756 resuscitentur
1530 2713 1743 2767 omnes,

135 2805 334 2847 omnes
365 2799 545 2847 tamen
567 2793 888 2850 meritorum
920 2793 1114 2851 ordine
1141 2795 1499 2851 suscitantur.
1533 2793 1600 2849 Et
1625 2793 1747 2850 ideo

135 2882 299 2954 primi
328 2892 624 2955 resurgunt
644 2927 658 2950 ,
702 2885 794 2957 qui
826 2895 1038 2943 maturo
1057 2887 1370 2944 devotionis
1397 2901 1631 2945 occursu
1651 2931 1665 2953 ,
1693 2896 1748 2944 et

136 2976 381 3048 quodam
413 2979 739 3036 antelucano
788 2981 913 3037 ﬁdei
961 2992 1154 3040 exortu
1205 2983 1572 3055 prodeuntes,
1615 2982 1750 3037 solis

135 3071 334 3126 aeterni
386 3070 568 3128 radios
599 3083 942 3145 receperunt.
995 3073 1150 3144 Quod
1198 3076 1280 3131 vel
1331 3075 1398 3131 de
1425 3073 1751 3150 patriarcliis

129 3163 298 3234 juxta
356 3166 556 3221 veteris
583 3167 780 3223 seriem
813 3168 1185 3236 Testamenti,
1242 3169 1326 3226 vel
1374 3169 1440 3225 de
1489 3167 1752 3240 apostolis

1854 1961 1960 2010 tem
1988 1965 2285 2024 qua-reres,
2314 1950 2551 2020 pericula
2583 1964 2680 2022 pro
2704 1948 2966 2020 religione
2993 1956 3398 2006 contemneres.

1928 2043 2052 2102 119.
2094 2043 2306 2106 Deinde
2333 2059 2363 2098 a
2388 2043 2613 2110 Libano,
2648 2057 2870 2116 sponsa,
2907 2043 3118 2115 rogaris
3148 2049 3207 2095 ut
3231 2039 3417 2095 venias
3443 2081 3456 2105 ,

1848 2138 2059 2210 judicio
2079 2138 2296 2194 Domini
2325 2135 2507 2192 adhuc
2539 2145 2648 2190 tota
2679 2135 2939 2202 formosa,
2969 2133 3151 2190 adhuc
3181 2142 3290 2188 tota
3323 2134 3460 2188 irre-

1852 2231 2257 2304 prehensibilis.
2293 2229 2385 2286 Sic
2423 2231 2567 2286 enim
2612 2229 2872 2299 scriptum
2909 2238 2992 2284 est
3035 2246 3047 2281 :
3087 2226 3221 2282 Tota
3253 2244 3305 2282 es
3351 2231 3462 2299 {or-

1851 2344 2016 2395 mosa,
2041 2327 2281 2398 proxima
2308 2343 2444 2393 mea,
2477 2334 2526 2380 et
2561 2323 2894 2394 reprehensio
2917 2339 3017 2378 non
3043 2333 3113 2377 est
3140 2323 3192 2375 in
3223 2331 3290 2376 te.
3327 2319 3464 2376 Ades

1850 2418 1950 2474 huc
1992 2437 2024 2473 a
2070 2419 2307 2486 Libano,
2351 2435 2582 2491 sponsa,
2619 2416 2745 2473 ades
2788 2416 2888 2471 huc
2933 2435 2965 2470 a
3006 2415 3203 2471 Libano
3258 2415 3459 2487 (Cant.

1850 2526 1922 2576 Iv,
1959 2513 2012 2579 7,
2044 2512 2125 2582 8).

1925 2603 2049 2662 120.
2092 2603 2289 2662 Postea
2316 2602 2432 2676 ipsa
2453 2604 2566 2677 jam
2590 2603 2949 2675 nullosaqum
2972 2602 3178 2674 lapsus,
3199 2602 3311 2674 jam
3342 2603 3458 2658 nul-

1851 2697 1934 2758 los
1976 2697 2208 2770 impetus
2250 2696 2650 2753 descendentes
2697 2712 2728 2752 a
2775 2695 2984 2754 Libano
3024 2695 3457 2767 pertimescens,

1852 2789 2165 2862 aquilonem
2191 2799 2244 2845 et
2267 2797 2515 2846 austrum
2547 2789 2809 2854 advocas,
2840 2787 3057 2860 perﬂari
3091 2789 3319 2860 cupiens
3340 2788 3465 2842 hor-

1856 2891 1967 2938 tum
2000 2891 2187 2949 tuum;
2217 2893 2276 2938 ut
2299 2883 2351 2938 in
2372 2883 2494 2938 aliis
2522 2891 2792 2955 unguenta
2841 2889 2930 2936 tua
2962 2880 3226 2949 deﬂuant,
3255 2880 3308 2934 in
3341 2881 3463 2937 aliis

1855 2975 2184 3044 multiplices
2242 2974 2592 3032 fecunditatis
2625 2984 2728 3030 tum
2760 2973 2967 3030 fruetus
3005 2971 3200 3028 oﬂeras
3217 2972 3460 3028 Christo.

1929 3069 2053 3124 121.
2097 3068 2165 3124 Ει
2211 3067 2335 3126 ideo
2391 3069 2567 3124 beatus
2597 3067 2687 3139 qui
2727 3066 2951 3122 custodit
2978 3065 3130 3120 verba
3179 3065 3465 3136 prophetia:

1858 3165 2013 3239 hujus
2040 3163 2241 3237 (Apoc.
2268 3180 2436 3229 xxiii,
2471 3163 2582 3236 7),
2627 3178 2750 3236 qua:
2795 3159 2956 3217 nobis
2998 3161 3463 3217 resurrectionem

128 3259 291 3329 juxta
330 3257 687 3330 Evangelium
737 3261 860 3332 jure
898 3263 1338 3318 memoraverim.
1389 3260 1623 3318 Secundi
1656 3277 1752 3315 au-
1781 3253 1827 3316 C
1859 3257 2288 3314 evidentioribus
2319 3257 2646 3314 testimoniis
2679 3255 2942 3312 revelavit
2971 3253 3162 3310 dicens
3199 3272 3210 3307 :
3262 3253 3330 3308 Et
3357 3255 3463 3308 vidi

133 3362 276 3419 tem,
303 3353 404 3424 qui
449 3355 610 3410 ritum
653 3357 894 3426 gentium
927 3357 1322 3429 relinquentes,
1355 3357 1424 3411 ab
1449 3373 1635 3414 errore
1665 3371 1753 3412 sa-

128 3447 354 3519 crilego
379 3448 720 3505 transierunt
756 3449 809 3505 in
851 3449 1112 3506 Ecclesiae
1143 3450 1505 3521 disciplinam.
1538 3450 1603 3506 Et
1629 3450 1754 3507 ideo

128 3542 206 3597 illi
263 3543 437 3614 primi
479 3559 544 3600 ex
576 3545 856 3614 patribus,
898 3545 988 3601 isti
1015 3546 1245 3602 secundi
1273 3561 1336 3601 ex
1369 3545 1653 3619 gentibus;
1685 3547 1754 3604 ab

124 3633 240 3690 illis
267 3635 431 3692 enim
461 3636 558 3692 lux
611 3637 736 3695 ﬁdei
765 3640 952 3711 erepit,
1003 3639 1057 3695 in
1111 3640 1229 3694 istis
1258 3654 1427 3710 usque
1449 3639 1535 3695 'ad
1567 3640 1758 3698 mundi

124 3747 402 3790 occasum
452 3746 703 3807 suscepta
755 3735 987 3791 duravit.
1044 3747 1064 3773 ο
1099 3735 1269 3792 'l'ertii
1313 3735 1665 3802 suscitantur,
1701 3744 1762 3790 et

123 3826 310 3897 quarti
335 3865 361 3892 ,
391 3825 482 3895 qui
533 3826 601 3882 ab
629 3836 835 3893 austro,
866 3835 924 3883 et
951 3829 1044 3899 qui
1091 3827 1160 3882 ab
1205 3826 1462 3898 aquilone
1488 3834 1633 3882 sunt.
1663 3825 1759 3883 His

123 3928 390 3990 quatuor
411 3927 563 3974 terra
584 3918 963 3991 distinguitur,
1011 3921 1096 3976 his
1122 3930 1357 3991 quatuor
1383 3937 1555 3978 annus
1584 3921 1758 3977 inclu-

125 4013 307 4079 ditur,
352 4010 436 4067 his
459 4021 690 4084 quatuor
713 4014 947 4070 mundus
972 4013 1187 4088 1166
1211 4015 1488 4087 impletur,
1518 4014 1603 4070 bis
1626 4031 1760 4086 qua-

131 4115 264 4162 tuor
290 4105 551 4162 Ecclesia
601 4117 994 4180 congregatur.
1046 4109 1247 4166 Omnes
1278 4111 1420 4167 enim
1452 4112 1541 4183 qui
1573 4125 1758 4166 sacro-

134 4209 357 4256 sancta:
378 4198 644 4256 Ecclesia:
666 4201 927 4271 copulati,
946 4201 1113 4259 divini
1138 4205 1371 4260 nominis
1393 4205 1762 4278 appellatione

137 4305 482 4362 censentur,
529 4295 945 4368 praerogativam
997 4299 1416 4360 resurrectionis
1441 4281 1494 4356 et
1522 4298 1760 4358 delecta-

138 4392 314 4448 tionis
345 4399 570 4447 acterna:
592 4392 818 4462 gratiam
838 4402 1262 4466 consequentur;
1279 4394 1535 4468 quoniam
1559 4395 1762 4450 venient

139 4487 204 4541 ab
232 4486 456 4543 Oriente
491 4493 540 4540 et
568 4484 867 4554 Occidente,
899 4489 961 4542 ab
1006 4489 1261 4558 Aquilone
1288 4499 1340 4546 et
1369 4489 1577 4558 Austro,
1609 4497 1658 4546 et
1681 4505 1764 4545 re-

139 4578 394 4635 cumbent
426 4577 481 4630 in
504 4593 664 4649 regno
694 4577 792 4634 Dei
814 4580 836 4650 (
855 4579 983 4634 Luc.
1011 4597 1133 4650 xm,
1165 4583 1294 4654 29-).

1858 3363 2090 3411 mortuos
2112 3369 2325 3426 magnos
2346 3363 2392 3408 et
2409 3352 2630 3425 pusillos
2654 3360 2852 3407 stantes
2867 3359 2986 3404 ante
3007 3349 3200 3414 sedem,
3229 3359 3274 3402 et
3304 3347 3462 3402 libros

1859 3456 2173 3520 aperuerunt
2197 3462 2217 3501 :
2246 3457 2293 3502 et
2309 3447 2448 3502 alius
2475 3445 2602 3501 liber
2626 3455 2838 3516 apertus
2860 3454 2953 3510 est,
2983 3443 3068 3514 qui
3121 3452 3192 3498 est
3233 3442 3390 3496 vilic:
3418 3451 3464 3496 et

1851 3543 2080 3617 judicati
2126 3552 2244 3598 sunt
2277 3539 2298 3578 ί
2329 3542 2522 3599 mortui
2539 3541 2817 3610 descriptis
2859 3539 2912 3593 in
2959 3538 3138 3604 libris,
3182 3538 3464 3593 secundum

1863 3647 2001 3714 facta
2047 3659 2159 3698 sua.
2197 3641 2260 3696 Et
2291 3642 2430 3699 dedit
2458 3658 2596 3696 mare
2627 3650 2854 3696 mortuos
2873 3681 2888 3706 ,
2919 3642 3006 3709 qui
3035 3641 3096 3695 in
3137 3641 3251 3708 ipso
3275 3648 3418 3694 erant
3447 3654 3463 3692 :

1863 3746 1912 3791 et
1942 3738 2096 3809 inferi
2109 3736 2361 3792 dederunt
2389 3745 2639 3802 mortuos,
2660 3737 2746 3806 qui
2765 3752 2916 3808 penes
2938 3752 2990 3792 se
3013 3744 3153 3792 erant
3177 3735 3466 3805 (Apacax,

1866 3829 1981 3902 12).
2015 3830 2091 3886 Nc
2113 3846 2244 3902 ergo
2264 3830 2485 3887 dubites
2512 3829 2974 3902 quemadmodum
3004 3838 3314 3900 resurgam,
3331 3843 3468 3898 quos

1866 3925 2027 3981 inferi
2058 3932 2370 3993 revomunt,
2405 3939 2558 3986 mare
2588 3923 2847 3982 reddidit.

1943 4019 2066 4075 122.
2111 4020 2312 4092 Accipe
2341 4019 2504 4076 etiam
2536 4017 2756 4090 quando
2798 4016 3148 4088 promittatur
3167 4015 3344 4087 gratia
3386 4013 3470 4070 iu-

1869 4122 1992 4170 tura
2016 4111 2291 4184 justorum
2319 4130 2332 4168 :
2364 4111 2432 4168 Et
2461 4112 2656 4179 audivi,
2701 4110 2898 4182 inquit,
2929 4126 3101 4192 vocent
3127 4124 3368 4180 magnam
3407 4107 3472 4162 de

1869 4206 2059 4264 throno
2089 4207 2342 4263 dicentem
2375 4222 2393 4260 :
2424 4203 2558 4260 Ecce
2584 4203 2967 4260 tabernaculum
2996 4203 3090 4260 Dei
3140 4219 3256 4257 cum
3303 4203 3469 4260 helui-

1868 4299 2042 4367 nibus,
2074 4310 2120 4355 et
2142 4299 2391 4355 habitabit
2415 4299 2690 4371 cumlillis;
2720 4309 2766 4356 et
2791 4299 2889 4370 ipsi
2911 4299 3137 4372 populus
3158 4303 3276 4373 ejus
3299 4309 3472 4364 erunt,

1870 4403 1918 4448 et
1947 4394 2056 4465 ipse
2077 4392 2228 4448 'Deus
2268 4409 2384 4447 cum
2439 4392 2548 4447 illis
2594 4391 2690 4447 erit
2720 4392 2933 4446 illorum
2982 4391 3144 4446 Deus.
3195 4390 3258 4445 Et
3289 4391 3476 4446 delebit

1870 4502 2074 4542 omnem
2123 4485 2404 4558 laci-gntum
2451 4484 2516 4541 de
2541 4484 2702 4539 oculis
2733 4499 2936 4548 eorum,
2977 4492 3023 4537 et
3054 4499 3192 4538 mors
3247 4499 3347 4538 non
3380 4483 3478 4537 erit

1871 4580 2120 4651 anle
2151 4595 2312 4651 neque
2332 4579 2524 4644 luctus,
2549 4593 2712 4648 neque
2736 4578 2952 4641 clamor,
2975 4593 3138 4649 neque
3162 4577 3312 4632 dolor
3342 4578 3480 4633 ultra

219 4672 354 4727 117.
401 4669 520 4724 Non
568 4671 712 4726 enim
765 4672 957 4746 exigua
1012 4675 1273 4731 mundum
1314 4690 1472 4734 suum
1513 4677 1765 4734 Christus
1793 4659 2183 4746 DeritMpoc.
2211 4671 2402 4739 “1,3,
2433 4669 2515 4740 4?).

141 4765 270 4822 luce
325 4762 747 4834 complectitur;
801 4766 1240 4839 quandoquidem
1309 4787 1350 4824 a-
1385 4787 1585 4827 summa
1638 4779 1766 4827 curto

143 4861 392 4933 egressio
422 4859 556 4929 duo,
585 4868 638 4914 et
661 4863 1041 4932 occursus-ejus
1068 4877 1226 4932 usque
1253 4863 1322 4916 ad
1351 4879 1608 4919 summum
1629 4868 1770 4936 ejus:

146 4971 247 5012 nec
269 4963 360 5010 est
393 4951 558 5023 quise
577 4952 859 5008 abscondat
877 4970 910 5008 a
939 4954 1116 5010 calore
1143 4957 1262 5026 ejus
1290 4955 1467 5029 ('Psal'.
1496 4973 1650 5026 xvnr,
1678 4959 1710 5013 7
1728 4958 1773 5030 ).

146 5046 368 5103 Omnes
399 5044 546 5103 enim
571 5045 840 5119 benignus
870 5045 1130 5117 illustrat,
1156 5063 1257 5110 nec
1288 5048 1530 5108 refutare
1557 5051 1732 5108 levem
1755 5093 1774 5118 ,

228 5260 257 5288 ει
301 5247 570 5324 Ruﬁoni.
600 5251 728 5306 edit.
749 5260 805 5306 et
831 5251 1085 5324 plerique
1113 5265 1271 5321 mss;
1292 5262 1405 5312 vet.
1427 5262 1612 5311 autem
1638 5254 1772 5314 edit.

151 5336 288 5380 cum
318 5319 447 5376 aliis
477 5337 634 5386 tnss.,
661 5319 1111 5380 anima'mereatur
1131 5319 1415 5382 aChristo.

227 5394 257 5432 ι)
306 5393 474 5448 Rom.
508 5393 640 5449 edit.
667 5394 806 5461 sola,
836 5396 1118 5452 secundant
1150 5409 1387 5454 austrum
1412 5399 1519 5454 siti.
1547 5400 1615 5455 At
1636 5400 1779 5456 infra

149 5465 361 5542 eadem
412 5465 545 5542 edit.
589 5479 710 5520 cum
744 5475 855 5542 vet.
891 5481 955 5524 ac
984 5483 1121 5542 mss.
1149 5473 1398 5542 aliquot,
1453 5472 1604 5526 istius
1648 5473 1782 5542 ﬂatu

151 5535 389 5615 mundi;
448 5537 537 5592 ubi
584 5552 718 5594 mss.
779 5539 964 5610 plures
1013 5535 1394 5615 potioresque,
1435 5543 1586 5600 istius
1639 5535 1777 5615 freto

151 5609 373 5664 mundi.

231 5690 257 5754 ρ
284 5677 504 5754 anes
533 5680 666 5738 edit;
701 5695 764 5737 ac
791 5681 1040 5754 plerique
1065 5699 1224 5753 mss.,
1253 5684 1417 5744 Tertii
1447 5689 1783 5752 suscitantur,

145 5753 242 5830 qui
269 5749 340 5830 ab
373 5761 560 5830 austro
582 5767 599 5806 :
625 5749 808 5826 magis
831 5749 1122 5813 concinne.
1149 5749 1364 5830 Reniig.
1393 5759 1517 5815 cod'.
1537 5757 1701 5814 Corb.
1729 5749 1787 5816 et

145 5823 411 5890 Benigu-
443 5833 503 5878 ut
524 5824 576 5877 in
610 5823 888 5881 coniextu.

221 5889 250 5929 ἀ
295 5889 482 5951 Ro-tn.
507 5893 663 5965 edit.,
703 5895 763 5950 Et
789 5899 902 5954 ideo
933 5914 1016 5954 eos
1048 5900 1100 5954 in
1125 5897 1406 5972 Evangelia
1436 5900 1674 5957 Christus
1701 5902 1782 5955 inc

1957 4765 2170 4840 116⁸1
2201 4766 2324 4823 ηὸ-
2365 4765 2637 4836 Compara
2668 4781 2834 4834 nunc,
2859 4766 2906 4822 si
2939 4767 3139 4837 phoet,
3163 4777 3325 4836 δκιιιε
3353 4781 3485 4822 eo“-

1882 4860 2048 4917 tende
2083 4860 2250 4912 vitam
2294 4857 2440 4912 hanc
2464 4871 2594 4912 cum
2620 4857 2713 4912 illa
2744 4858 2850 4913 vita
2876 4896 2892 4924 ,
2925 4859 3166 4927 tat-elige,
3199 4857 3242 4910 si
3286 4866 3440 4926 partes
3466 4901 3479 4924 ,

1880 4961 2204 5026 perpetuam
2252 4949 2497 5022 corporis
2557 4949 2723 5006 vitam
2785 4951 2838 5007 in
2901 4949 3099 5005 labore
3136 4963 3488 5020 :crumnaque

1886 5045 2185 5104 miserabili
2233 5051 2504 5102 tantarum
2551 5045 3038 5103 commutationum
3066 5085 3080 5111 ,
3130 5054 3492 5116 vomitumque

1888 5254 2034 5312 uitat.
2060 5251 2130 5308 Et
2156 5250 2317 5320 infra,
2341 5267 2515 5311 uocem
2537 5251 2808 5308 inuitantis
2837 5251 2893 5306 in
2921 5250 3152 5307 Canticis
3173 5256 3495 5314 comicorum

1890 5341 2134 5398 agnosce.
2183 5325 2304 5382 Vel.
2333 5334 2516 5398 autem
2564 5325 2697 5381 edit.
2730 5333 2786 5379 et
2813 5323 3172 5398 cuncti__mss.
3210 5327 3493 5386 uobiscum

1889 5393 2118 5525 facgunt,
2147 5397 2252 5456 nisi
2283 5397 2432 5470 quod
2458 5411 2559 5466 pro
2581 5409 2821 5468 agnosce,
2851 5393 2905 5449 in
2927 5395 3250 5465 quibusdam
3279 5399 3496 5471 legitun,

1890 5486 1959 5525 au
1998 5487 2037 5523 ι.

1890 5486 2037 5526 auat.

1968 5551 1992 5612 ς
2035 5541 2163 5612 Mss.
2197 5541 2420 5612 aliquot,
2453 5549 2500 5594 et
2521 5539 2590 5596 ad
2615 5537 2877 5612 fructum;
2905 5536 3096 5595 minus
3116 5543 3420 5602 commodo.

1976 5611 1995 5650 τ
2027 5609 2302 5683 Plerique
2321 5626 2492 5678 mss,
2534 5610 2733 5684 mortui
2779 5609 3023 5684 descripti
3073 5614 3127 5668 in
3169 5615 3354 5679 libris;
3405 5619 3500 5678 alii

1900 5685 2154 5759 nonnulli
2174 5681 2206 5750 ,“
2231 5698 2295 5740 ac
2325 5693 2443 5739 vet.
2485 5681 2652 5759 edit_.,,
2677 5682 2868 5759 mortui
2998 5687 3202 5759 scriptis
3225 5689 3278 5743 in
3320 5689 3498 5758 lilmis;

1898 5771 2077 5830 grmcc
2094 5798 2110 5824 ,
2218 5755 2702 5832 τῶιςγιξχραμμὲῃῳν
2731 5753 2782 5808 ἐν
2805 5762 2914 5832 Eoi;
2941 5753 3180 5826 βιϐλίόιςι,
3213 5761 3357 5830 ωδ
3390 5753 3502 5818 etc;

1900 5823 2249 5901 Eallleliildll.
2302 5823 2460 5901 Βὸιὶί.
2611 5826 2766 5882 Vera.
2805 5823 2965 5896 Vulgi.
2997 5823 3269 5896 reddidit,
3321 5848 3386 5887 ex
3423 5835 3500 5889 his

1901 5898 2015 5968 quin
2038 5900 2229 5968 scripta
2251 5909 2394 5954 erant
2411 5899 2462 5954 in
2489 5898 2654 5955 libris.
