3932 6296
452 273 585 334 I35!

1779 263 2021 323 SANCTI
2065 260 2386 322 AMBROS"

3621 257 3728 315 {5'2

453 391 640 456 tzedio,
675 386 895 445 fastidio
921 385 1284 458 voluptatum.
1332 383 1523 440 Nonne
1551 383 1596 438 si
1626 383 1769 438 Dcus
1796 383 1898 438 ista
1925 396 2052 452 per-
2082 387 2128 443 Α
2161 380 2419 436 tefertur!
2453 393 2576 435 cum
2603 375 2875 450 expetitur
2901 374 3197 434 morientis
3221 374 3425 440 exitus,
3455 382 3510 432 et
3532 375 3726 432 evitata:

456 497 681 555 petuare
710 481 861 546 velit,
888 480 978 536 illa
1012 478 1322 552 deligeres?
1349 477 1482 535 Nam
1508 477 1555 533 si
1585 492 1681 548 per
1712 492 1771 532 se
1797 476 1911 546 ipsa
1945 476 2056 530 vita

455 576 710 649 fugienda
737 583 842 642 est,
868 583 925 630 ut
945 579 1017 630 sit
1041 573 1414 630 molestiarum
1439 570 1588 643 fuga,
1612 571 1830 642 requies
1857 583 2054 624 :erum-

460 684 688 734 narum;
721 679 926 740 quanto
956 667 1128 738 magis
1155 680 1219 722 ea
1248 664 1468 737 requies
1495 673 1578 720 est
1611 661 1915 733 expetenda
1933 702 1947 725 ,
1971 660 2057 718 cui

460 762 656 818 futura:
699 760 1117 818 resurrectionis
1156 759 1412 829 voluptas
1457 766 1717 829 perpetua
1758 753 2054 820 succedet;

461 856 551 910 ubi
584 857 729 911 nulla
775 854 1063 912 criminum
1113 853 1286 909 series
1311 893 1326 917 ,
1360 851 1509 907 nulla
1540 849 1796 907 illecebra
1826 848 2056 906 delicto-

422 945 428 948 ’
462 949 621 1004 rum?
1760 933 1764 940 ’

539 1043 662 1099 194.
703 1042 835 1112 Quis
866 1043 918 1098 in
951 1041 1142 1098 dolore
1170 1050 1279 1096 tam
1310 1041 1541 1112 patiens,
1569 1039 1661 1110 qui
1691 1053 1795 1094 non
1827 1045 2055 1092 mortem

461 1136 624 1194 oret?
655 1139 778 1208 quis
805 1138 857 1192 in
888 1135 1208 1192 inﬁrmitate
1241 1143 1347 1190 tam
1379 1141 1659 1197 constans,
1685 1141 1741 1185 ut
1769 1145 1876 1185 non
1909 1135 2062 1199 Optet

467 1231 606 1288 mori
637 1247 697 1288 se
732 1232 913 1302 potius
935 1273 951 1298 ,
981 1245 1144 1302 quam
1171 1228 1406 1285 debilem
1439 1228 1654 1284 vivere?
1683 1225 1804 1298 quis
1835 1226 1888 1281 in
1920 1239 2056 1280 mae-

465 1344 588 1385 rorc
619 1337 727 1383 tam
758 1327 934 1394 fortis,
962 1337 1022 1382 ut
1047 1341 1156 1383 non
1183 1325 1461 1382 desideret
1485 1340 1552 1380 eo
1572 1338 1633 1379 se
1662 1322 1747 1378 vel
1775 1319 2061 1377 moriendo

465 1420 723 1494 defungi?
753 1420 909 1487 Quod
941 1420 987 1475 si
1021 1419 1126 1492 ipsi
1158 1420 1317 1476 nobis
1345 1419 1476 1474 dum
1507 1418 1776 1481 vivimus,
1800 1413 2058 1486 displice-

468 1532 610 1585 mus,
635 1531 759 1573 cum
784 1515 1018 1572 vivendo
1042 1515 1204 1572 ﬁnem
1228 1514 1532 1585 przestiturn
1557 1528 1680 1569 esse
1705 1511 2059 1574 noverimus;

464 1617 670 1680 quanto
698 1607 932 1680 amplius
963 1609 1090 1663 vitae
1129 1621 1233 1663 nos
1265 1606 1494 1663 taederet
1520 1604 1700 1671 istius,
1732 1604 1777 1659 si
1807 1602 1924 1659 sine
1957 1601 2062 1657 ﬁne

466 1699 685 1758 futuros
725 1701 882 1758 nobis
927 1701 1145 1758 labores
1183 1699 1344 1771 hujus
1381 1699 1631 1770 corporis
1669 1693 2063 1753 cerneremus?

465 1795 600 1862 Quis
642 1803 730 1850 est
768 1793 934 1866 igitur
970 1794 1061 1865 qui
1106 1808 1167 1850 se
1204 1792 1336 1848 velit
1374 1790 1568 1847 mortis
1617 1789 1928 1846 exsortem?
1961 1789 2067 1842 Aut
2097 1791 2144 1852 B
2173 1805 2277 1852 ιιιιι,

466 1889 592 1962 quid
620 1891 842 1962 gravius
865 1888 1277 1966 immortalitate
1299 1886 1630 1944 miserabili?
1660 1886 1724 1942 Si
1741 1886 1794 1940 in
1814 1885 1911 1939 hac
1939 1883 2064 1948 vita,

467 1983 665 2054 inquit,
692 1982 747 2037 in
777 1981 985 2037 Christo
1014 1991 1215 2036 tantum
1259 1990 1525 2054 sperantes
1553 1996 1731 2036 sumus
1750 2021 1766 2046 ,
1795 1976 2034 2033 miserabi
2052 2005 2064 2016 -

466 2075 621 2131 tiores
646 2091 826 2130 sumus
851 2074 1089 2130 omnibus
1119 2073 1414 2130 hominibus
1443 2073 1486 2145 (Ι
1525 2074 1645 2130 Cor.
1676 2089 1766 2141 xv,
1798 2071 1926 2144 i9);
1960 2085 2065 2126 non

464 2167 609 2239 quod
639 2167 693 2224 in
720 2166 946 2224 Christo
973 2183 1197 2240 sperare
1221 2168 1293 2223 sit
1315 2170 1597 2234 miserum,
1620 2167 1717 2226 sed
1748 2168 1872 2239 quia
1903 2164 2066 2224 Chri-

467 2270 589 2318 stus
617 2261 968 2334 sperantibus
996 2261 1051 2318 in
1080 2277 1140 2318 se
1171 2263 1338 2317 vitam
1388 2263 1620 2319 alteram
1652 2263 2066 2334 praeparaverit.

467 2353 597 2412 Haec
623 2356 766 2412 enim
800 2364 1025 2427 peccato
1070 2355 1308 2412 obnoxia
1347 2365 1466 2422 est,
1501 2355 1592 2411 illa
1624 2357 1851 2428 prsemio
1882 2372 2065 2414 reser-

468 2457 613 2505 vata.

543 2525 850 2612 liljpsos
871 2556 1066 2597 cursus
1088 2541 1288 2598 breves
1311 2551 1626 2598 nostrarum
1649 2551 1874 2600 aetatum
1896 2560 2070 2615 quan-

470 2643 585 2690 tum
615 2633 864 2690 videmus
899 2634 1057 2690 nobis
1102 2633 1300 2690 aﬂ'erre
1338 2633 1660 2690 fastidium?
1692 2635 1832 2692 Puer
1859 2635 2072 2692 adoles-

467 2727 708 2783 centiam
742 2725 1059 2792 desiderat,
1101 2725 1422 2782 adolescens
1469 2741 1644 2783 annos
1689 2726 1795 2783 sibi
1843 2727 2072 2799 majoris

473 2817 697 2876 metitur
719 2818 920 2885 anatis,
946 2817 1169 2889 juvenis
1193 2817 1462 2874 beneﬁcio
1489 2818 1588 2874 aevi
1618 2818 1868 2875 ﬂorentis
1891 2819 2072 2892 ingra-

472 2922 580 2976 tus,
615 2912 844 2968 senilem
874 2910 1346 2968 honoriﬁcentiam
1381 2913 1742 2983 concupiscit.
1786 2911 1864 2968 lta
1896 2914 2074 2969 omni-

472 3007 574 3063 bus
603 3023 669 3062 ex
709 3014 901 3061 natura
934 3005 1088 3061 venit
1117 3014 1141 3043 κ
1180 3005 1320 3062 velle
1369 3007 1606 3073 mutari;
1638 3008 1764 3078 quia
1812 3007 1928 3078 ejus
1972 3024 2072 3064 nos

473 3100 616 3173 quod
639 3115 852 3167 sumus,
877 3100 1126 3172 pmnitet.
1157 3100 1399 3173 Denique
1425 3101 1590 3159 etiam
1619 3103 1734 3174 ipsa
1760 3111 1884 3174 post
1910 3117 2069 3158 usum

2161 473 2398 530 formido
2423 473 2674 530 viventis.

2233 571 2356 628 ηδ.
2400 568 2510 628 Sed
2542 578 2661 627 esto
2686 610 2701 637 ,
2731 568 2860 624 huic
2885 568 3015 625 vita:
3040 567 3377 624 resurrectio
3422 565 3728 638 praferatu.

2167 665 2382 739 ιιω
2409 663 2581 734 Quid,
2627 661 2936 734 philosophi
2987 661 3092 733 ipsi
3136 677 3312 734 genus
3358 671 3486 734 post
3531 671 3727 717 mortem

2160 754 2381 828 aliquod
2411 764 2755 826 repererunt,
2784 769 2896 827 quo
2922 768 3026 810 nos
3056 755 3134 810 uti
3165 755 3366 826 magis,
3395 769 3561 825 quam
3583 768 3731 810 resur-

2159 867 2288 923 gere
2335 849 2666 908 delectabit?
2694 849 2764 906 Et
2804 849 2884 905 illi
2931 848 3154 920 quidem
3199 850 3294 920 qui
3325 848 3522 905 dicunt
3558 849 3733 904 animas

2161 944 2501 1002 immortales
2547 959 2706 1012 esse,
2738 958 2848 1000 non
2895 942 3033 999 satis
3081 943 3333 1000 mulcere
3376 957 3470 998 me
3516 951 3731 1012 possunt,

2161 1055 2284 1097 cum
2315 1054 2414 1112 pro
2444 1048 2595 1112 parte
2628 1053 2714 1094 me
2745 1036 3042 1094 redimunt.
3090 1035 3226 1091 Nam
3256 1051 3384 1106 qua:
3428 1043 3609 1105 potest
3643 1049 3737 1090 esse

2160 1136 2358 1208 gratia,
2389 1135 2482 1191 ubi
2511 1149 2619 1190 non
2653 1142 2798 1191 totus
2824 1133 3017 1189 evasi?
3040 1147 3164 1203 qua:
3191 1132 3323 1196 vita,
3356 1131 3405 1186 si
3436 1130 3492 1185 in
3517 1144 3606 1186 me
3630 1144 3737 1202 opus

2166 1229 2261 1284 Dei
2282 1227 2536 1285 occidat?
2564 1243 2686 1300 qua:
2711 1226 2949 1298 justitia,
2980 1237 3002 1264 ε
3036 1225 3082 1281 si
3107 1234 3318 1281 natura:
3345 1223 3478 1278 ﬁnis
3501 1237 3645 1278 mors
3667 1225 3735 1286 sit,

2161 1323 2371 1380 erranti
2397 1323 2618 1394 justove
2661 1321 3005 1379 communis?
3036 1334 3158 1392 quae
3199 1320 3408 1375 veritas
3431 1360 3447 1384 ,
3495 1328 3555 1374 ut
3583 1315 3609 1353 ἀ
3641 1317 3737 1388 quia

2164 1418 2279 1486 ipsa
2307 1433 2367 1474 se
2397 1425 2636 1484 moveat,
2665 1426 2722 1472 et
2743 1430 2962 1486 semper
2993 1423 3282 1470 moveatur
3304 1413 3520 1478 anima,
3547 1411 3740 1467 immor-

2163 1513 2288 1569 talis
2313 1527 2436 1569 esse
2461 1510 2753 1568 credatur?
2778 1509 2932 1580 Quod
2954 1509 3113 1564 nobis
3133 1509 3187 1564 in
3210 1522 3455 1579 corpore
3482 1522 3740 1564 comm-ac

2167 1617 2288 1665 tum
2342 1607 2563 1674 bestiis,
2594 1615 2720 1662 ante
2765 1619 2964 1676 corpus
3012 1602 3142 1675 quid
3188 1612 3419 1672 geratur
3467 1601 3744 1660 incertum;

2164 1714 2267 1757 nec
2315 1715 2383 1756 ex
2428 1699 2719 1756 contrariis
2763 1696 3054 1769 colligatur
3102 1695 3327 1760 veritas,
3377 1692 3486 1752 sed
3527 1693 3746 1750 destru~

2243 1888 2368 1944 127.
2411 1889 2493 1944 An
2517 1902 2645 1945 vero
2668 1887 2882 1943 illorum
2913 1885 3184 1944 sententia
3213 1885 3424 1957 placet,
3436 1888 3536 1957 qui
3564 1894 3745 1940 nostras

2168 1980 2402 2048 animas,
2436 1979 2528 2036 ubi
2566 1995 2630 2036 ex
2661 1979 2765 2035 hoc
2799 1993 3034 2049 corpore
3061 1978 3485 2049 emigraverint,
3520 1987 3543 2015 ε
3577 1977 3747 2033 incor-

2168 2091 2300 2150 pora
2347 2078 2582 2132 ferarum
2610 2116 2625 2140 ,
2676 2073 3061 2144 variorumque
3118 2072 3489 2127 animantium
3548 2071 3749 2126 transire

2169 2168 2646 2227 commemorant?
2686 2166 2757 2223 At
2798 2177 2948 2224 certe
2975 2166 3093 2223 haec
3119 2165 3321 2223 circeis
3349 2164 3748 2222 medicamenta

2171 2281 2290 2321 rum
2321 2263 2599 2321 illecebris
2621 2262 2923 2334 composita
2947 2274 3070 2317 esse
3095 2258 3335 2316 ludibria
3362 2267 3652 2330 poetarum
3675 2259 3750 2328 ipsi

2172 2356 2482 2429 philosophi
2513 2355 2787 2413 disserere
2833 2355 3011 2412 solent
3037 2372 3050 2407 :
3075 2368 3174 2410 nec
3219 2363 3336 2409 tam
3377 2353 3515 2409 illos
3541 2353 3632 2424 qui
3660 2366 3750 2421 per-

2174 2450 2318 2521 pessi
2362 2449 2464 2505 ista
2507 2449 2852 2516 simulentur,
2885 2463 3046 2520 quam
3091 2461 3288 2503 sensus
3324 2461 3526 2503 eorum
3556 2446 3643 2518 qui
3675 2446 3751 2500 ista

2173 2544 2580 2610 conﬁnxerint,
2615 2541 2634 2580 τ
2669 2543 2818 2600 velut
2862 2541 3044 2599 circeo
3070 2541 3266 2612 poculo
3314 2541 3513 2598 ferunt
3555 2541 3608 2596 in
3635 2540 3752 2594 varia

2175 2639 2475 2695 bestiarum
2528 2645 2773 2694 monstra
2823 2649 3140 2692 conversos.
3194 2635 3341 2704 Quid
3380 2637 3537 2692 enim
3571 2644 3670 2690 tan
3700 2635 3752 2688 si~

2175 2732 2301 2788 mile
2345 2730 2602 2803 prodigii,
2647 2746 2809 2803 quam
2859 2729 3112 2786 homines
3153 2730 3391 2786 credere
3438 2731 3496 2785 in
3543 2729 3752 2784 habitu!

2175 2826 2415 2884 ferarum
2446 2825 2689 2896 potuisse
2719 2823 2959 2880 mutari?
3002 2823 3216 2893 Quanto
3261 2823 3502 2893 majoris
3541 2831 3627 2879 est
3657 2836 3751 2893 pro-

2176 2917 2305 2990 digii
2347 2917 2791 2990 gubernatricem
2855 2915 3094 2972 hominis
3153 2915 3397 2972 animam
3426 2957 3445 2984 ,
3495 2915 3750 2972 adversa

2176 3011 2418 3068 humano
2445 3011 2633 3083 generi
2667 3011 2967 3068 bestiarum
2998 3010 3281 3082 suscipere
3310 3019 3593 3078 naturam,
3618 3025 3746 3079 capa-

2174 3121 2401 3178 cemque
2431 3105 2660 3162 rationis
2682 3104 2751 3160 ad
2776 3103 3148 3160 irrationabile
3173 3103 3382 3159 animal
3416 3117 3585 3174 posse
3611 3112 3750 3157 trans-

472 3202 596 3249 vota
643 3191 862 3249 fastidio
891 3202 1019 3249 sunt
1048 3211 1062 3248 :
1087 3201 1143 3250 et
1181 3209 1301 3265 quae
1337 3196 1535 3262 mereri
1583 3195 1916 3266 optavimus,
1941 3210 2066 3252 cum
2095 3194 2142 3257 C
2175 3199 2251 3254 ire
2279 3240 2294 3265 ,
2325 3213 2486 3269 quam
2513 3198 2764 3269 corporis
2793 3196 3006 3268 efﬁgies
3050 3211 3174 3252 esse
3225 3194 3514 3252 mutatas?
3546 3195 3647 3251 Vos
3672 3196 3745 3264 ipsi

473 3286 865 3354 meruerimus,
893 3287 1229 3344 abdicamus.

548 3379 675 3436 125.
716 3379 878 3437 Unde
926 3396 1034 3436 non
1086 3380 1361 3438 immerito
1403 3382 1570 3439 etiam
1602 3383 1773 3438 sancti
1806 3383 1908 3440 viri
1942 3398 2069 3454 pro-

472 3475 748 3547 longatum
797 3473 1095 3530 incolatum
1141 3487 1297 3528 suum
1348 3489 1495 3546 saepe
1543 3473 1834 3532 doluerunt
1885 3475 2069 3551 (Psal.

477 3582 627 3635 cxtx,
660 3564 715 3636 5)
755 3582 768 3620 :
799 3564 971 3620 doluit
995 3564 1200 3631 David,
1229 3563 1403 3620 doluit
1427 3565 1694 3622 .leremias
1725 3566 1942 3640 (Jerem.
1979 3587 2071 3633 xx,

480 3661 602 3730 Π),
638 3659 812 3716 doluit
842 3658 992 3716 Elias
1037 3659 1126 3731 (Ill
1159 3659 1288 3732 Reg.
1322 3675 1449 3729 xix,
1479 3660 1557 3731 4).
1589 3659 1617 3699 δ
1643 3660 1702 3718 Si
1729 3663 2074 3732 sapientibus

473 3751 719 3808 creditur
739 3793 755 3819 ,
793 3761 848 3808 et
879 3751 935 3807 hi
965 3753 1020 3807 in
1048 3752 1244 3824 quibus
1281 3752 1500 3810 divinus
1540 3753 1778 3826 Spiritus
1809 3755 2072 3826 loqueba-

476 3855 586 3915 tur,
619 3845 686 3903 ad
715 3846 940 3904 meliora
969 3847 1339 3920 properabant
1376 3866 1388 3902 :
1428 3848 1474 3904 si
1514 3847 1846 3920 reliquorum
1871 3849 2073 3920 judicia

476 3940 825 3997 sciscitamur
848 3981 863 4006 ,
894 3947 955 3996 ut
983 3955 1380 4013 cognoscamus
1429 3956 1621 3999 omnes
1649 3942 1701 3998 in
1734 3958 1896 3999 unam
1943 3959 2076 4000 con—

477 4035 665 4091 vcnire
691 4035 1053 4101 sententiam;
1087 4035 1272 4105 quanti
1326 4047 1559 4092 mortem
1608 4038 1852 4103 maerori,
1888 4037 2076 4108 quanti

476 4137 711 4184 mortem
739 4126 1018 4184 formidini
1067 4129 1464 4199 praetulerunt?
1487 4129 1798 4200 judicantes
1827 4132 2075 4190 videlicet

475 4221 782 4291 graviorem
811 4231 1018 4278 metum
1049 4222 1244 4278 mortis
1273 4237 1418 4290 esse,
1440 4239 1601 4295 quam
1635 4235 1890 4283 mortem.
1922 4227 2076 4285 Adeo

478 4313 592 4369 suis
619 4313 783 4372 malis
821 4332 970 4373 mors
1010 4332 1118 4372 non
1147 4318 1405 4386 timetur,
1435 4320 1530 4376 sed
1563 4321 1684 4378 vitae
1717 4323 1955 4380 miseriis
1981 4340 2076 4380 an-

2176 3290 2294 3348 hzec
2323 3291 2604 3348 destruitis
2629 3332 2645 3360 ,
2677 3291 2768 3362 qui
2799 3290 3033 3348 docetis.
3066 3289 3202 3346 Nam
3237 3289 3474 3362 magicis
3517 3290 3746 3345 incantata

2177 3383 2508 3442 carminibus
2560 3392 2894 3456 portentosae
2947 3383 3108 3455 hujus
3159 3382 3551 3441 conversionis
3588 3397 3747 3455 genm

2182 3477 2505 3534 tradidistis.

2254 3573 2375 3630 £28.
2413 3573 2631 3630 Ludunt
2679 3573 2796 3630 hmc
2843 3583 3020 3645 poeta:
3044 3614 3060 3642 ,
3090 3573 3522 3644 reprehendunt
3550 3573 3750 3645 philoso-

2179 3666 2271 3738 phi
2317 3686 2330 3722 :
2373 3677 2428 3723 et
2464 3683 2589 3740 qua:
2628 3677 2823 3738 putant
2851 3669 2974 3724 ﬁcta
3004 3667 3072 3724 de
3103 3667 3462 3736 viventibus,
3492 3668 3606 3726 hac
3635 3667 3747 3723 arhi‘

2182 3770 2396 3818 trantur
2416 3778 2540 3818 vera
2562 3761 2632 3819 de
2653 3763 2905 3819 mortuis.
2930 3762 3013 3818 llli
3034 3773 3220 3820 autem
3242 3764 3336 3834 qui
3361 3765 3470 3821 ista
3495 3764 3748 3824 ﬁnxerunt.

2183 3872 2289 3912 non
2320 3861 2471 3912 suam
2501 3858 2733 3926 probare
2776 3855 3012 3914 fabulam
3041 3900 3056 3925 ,
3086 3857 3183 3914 sed
3214 3858 3666 3930 philosophorum
3689 3873 3745 3912 es.

2185 3966 2338 4006 rores
2368 3949 2599 4006 irridere
2626 3950 2955 4006 voluerunt:
2980 3951 3072 4021 qui
3104 3959 3299 4022 putant
3323 3952 3477 4023 quod
3501 3952 3590 4008 illa
3607 3951 3748 4006 animi

2179 4063 2303 4119 qua:
2334 4046 2451 4102 miti
2499 4044 2801 4118 humilique
2844 4045 3132 4118 proposito
3156 4045 3508 4103 iracundiam
3539 4048 3747 4108 vincere,

2184 4139 2502 4211 patientiam
2529 4154 2834 4207 assumere,
2863 4153 3062 4195 cruore
3091 4138 3378 4195 abstinere
3407 4147 3751 4195 consueverat.

2183 4234 2375 4291 eadem
2409 4231 2667 4290 frementi
2697 4240 2847 4288 motu
2876 4230 3056 4288 leonis
3079 4231 3327 4298 incensa,
3361 4231 3456 4287 ira:
3485 4229 3750 4303 impatiens

2183 4327 2390 4384 eﬁ'rena
2438 4326 2627 4394 rabie,
2657 4325 2811 4384 sitire
2856 4323 3212 4396 sanguinem,
3255 4324 3579 4395 caedemque
3621 4322 3755 4393 possit

553 4488 580 4553 ἒ
619 4479 1002 4553 lrrepserat‘in
1025 4494 1166 4553 mss.
1216 4479 1530 4546 nonnullos,
1560 4491 1614 4537 et
1645 4482 1772 4538 inde
1802 4483 1854 4537 in
1885 4495 2078 4537 omnes
2103 4484 2156 4545 D
2182 4481 2345 4536 videri
2384 4481 2538 4546 dicis,
2571 4495 2688 4553 qua
2711 4489 2803 4534 aut
2823 4477 2997 4534 beatos
3024 4493 3118 4532 nos
3138 4477 3339 4553 efﬁciet
3361 4480 3554 4534 animis
3583 4492 3755 4531 mesen-

478 4551 612 4625 edit.
658 4565 894 4625 sequens
936 4550 1173 4625 lacinia:
1203 4558 1386 4625 contra
1425 4560 1589 4625 sectus
1626 4553 2077 4625 philosOphorum,

477 4623 566 4694 qui
612 4622 691 4677 vet
739 4621 965 4696 animum
1009 4622 1177 4696 solam
1221 4622 1434 4696 durare!
1469 4621 1643 4696 dicant
1673 4634 1806 4696 ipost
1833 4621 2081 4694 corporis

480 4691 716 4768 mortem,
758 4693 836 4748 vel
870 4691 1284 4768 psrsptjlﬁxoia'tv
1315 4694 1548 4750 credant.
1575 4691 2080 4768 Scd'przeterq'uam

477 4764 624 4838 quod
652 4765 706 4821 in
734 4764 1070 4838 mssimulto
1115 4764 1362 4838 pluribus
1405 4780 1469 4838 ac
1512 4764 1816 4834 potioribus
1856 4782 1968 4823 non
2007 4767 2082 4822 in-

481 4834 742 4903 venitur,
789 4837 905 4908 ipsa
949 4834 1126 4908 series
1184 4835 1448 4893 orationis
1495 4838 1600 4893 hoc
1648 4847 2079 4894 assutamentum

478 4917 669 4980 aperte
715 4907 941 4983 respuit.
990 4907 1404 4983 Consequenter
1433 4920 1615 4964 autem
1657 4925 1791 4983 pro,
1819 4910 1943 4981 quia
1967 4912 2084 4983 ejus

480 4977 576 5035 nos
605 4980 757 5054 quod
795 4977 1002 5054 sanius,
1047 4977 1223 5054 codex
1271 4979 1484 5035 Thuan.
1533 4977 1928 5052 prmfert,quia
1973 4977 2084 5054 ejus

479 5050 848 5120 quietissimus.
874 5050 993 5107 Non
1017 5051 1152 5106 satis
1182 5059 1350 5106 recte.

554 5121 581 5161 ι’
621 5121 751 5179 Mss.
784 5123 993 5193 aliquot
1021 5139 1034 5176 :
1067 5121 1128 5178 Si
1172 5122 1435 5189 sapientes
1473 5124 1758 5178 creduntur
1791 5133 1841 5178 et
1882 5123 2005 5178 hi...
2040 5125 2084 5178 si

482 5193 1384 5266 reliquorumjudiciosuscitnmur;
1416 5210 1574 5260 unus,
1603 5195 1940 5251 suscitentur.

557 5264 729 5320 c'Per
754 5264 963 5320 natura:
1008 5264 1170 5320 ﬁnem
1204 5265 1446 5334 intellige
1481 5266 1770 5334 compositi
1819 5267 2087 5322 naturalis

480 5334 922 5402 dissolutionem,
955 5351 1061 5390 non
1089 5349 1273 5391 autem
1301 5337 1586 5391 ambarum
1618 5337 1819 5406 quibus
1844 5346 2080 5402 constat,

482 5407 721 5478 partium
769 5408 1083 5472 interitum;
1118 5407 1563 5478 quandoquidem
1604 5409 1656 5462 in
1703 5423 1801 5464 eos
1839 5408 2087 5478 philoso-

483 5479 625 5546 phos
653 5477 927 5549 disputat,
969 5492 1000 5532 a
1029 5477 1226 5549 quibus
1253 5477 1452 5533 animm
1479 5477 1865 5534 immortalitas
1891 5481 2089 5534 admit-

485 5547 754 5619 tebatur,
790 5547 895 5603 hoc
939 5547 1064 5614 est,
1110 5549 1163 5603 in
1207 5550 1535 5619 platonicos.
1584 5551 1692 5606 Sed
1738 5551 1975 5606 maxime
2021 5552 2086 5606 ad

485 5616 806 5693 Ciceronem
846 5619 1063 5674 videtur
1089 5616 1394 5693 respicere
1420 5663 1433 5687 ,
1484 5622 1577 5693 qui
1621 5621 1784 5677 Tusc.
1835 5622 2090 5691 Quaest.t

497 5688 738 5767 Explosis
765 5697 1042 5767 poetarum
1070 5689 1139 5767 de
1166 5691 1448 5761 suppliciis
1477 5688 1776 5767 inferorum
1796 5688 2091 5767 columen-

501 5758 854 5836 “8,..ntDrlgm
901 5760 1194 5836 timendam
1238 5758 1359 5818 esse
1391 5765 1592 5820 nemini
1635 5765 1738 5821 hoc
1779 5765 2092 5836 dilemmate

501 5824 708 5896 colligit
733 5842 746 5878 :
773 5828 1040 5893 Quomodo
1067 5831 1229 5901 igitur
1249 5873 1265 5900 ,
1296 5843 1388 5888 aut
1415 5850 1510 5890 cur
1535 5845 1752 5892 mortem
1779 5835 1976 5891 malum
2005 5835 2096 5891 tibi

2189 4553 2346 4634 tibus,
2373 4561 2465 4607 aut
2495 4551 2600 4607 non
2629 4553 2851 4634 miseros
2875 4565 3037 4634 sensu
3063 4558 3299 4604 carentes
3317 4551 3345 4602 .9
3363 4620 3378 4634 _
3492 4621 3507 4634 _
3655 4623 3666 4630 _

2256 4623 2284 4662 ἀ
2318 4627 2710 4696 Argumentum
2760 4621 2892 4677 illud
2930 4631 3208 4692 tamquam
3256 4620 3560 4692 probanda
3587 4623 3758 4677 anima-

2185 4712 2305 4776 rum
2337 4694 2752 4776 immortalitati
2797 4691 3252 4776 efﬁcacissimum
3276 4691 3436 4749 Plato
3461 4695 3693 4776 venditat

2185 4767 2482 4833 thdone,
2507 4767 2649 4822 unde
2675 4765 2779 4822 hoc
2808 4765 2986 4836 ipsum
3014 4763 3208 4820 Cicero
3236 4764 3292 4819 in
3325 4779 3385 4820 v1
3412 4780 3572 4820 suum
3599 4765 3688 4836 libi.
3708 4762 3758 4815 de

2188 4839 2420 4908 Repuhl.
2475 4837 2798 4908 translatum
2834 4835 2879 4892 ’a
2936 4851 3000 4892 se
3042 4845 3447 4908 commemorat
3480 4835 3700 4908 i'l‘uscul.
3730 4849 3756 4887 r.

2186 4905 2419 4966 Sanctus
2444 4923 2663 4980 quoque
2687 4907 3019 4980 Athanasius
3040 4905 3184 4964 idem
3210 4907 3348 4962 illud
3375 4907 3435 4963 in
3460 4907 3613 4964 Orat.
3641 4913 3757 4963 cost.

2188 4980 2333 5037 ldola
2367 4978 2626 5052 pro—ponit
2651 4988 2813 5050 atque
2842 4978 3102 5052 explicat.

2263 5049 2798 5136 "Alrenzi-usOIib.’n
2841 5049 3204 5136 a.dv;‘_H:_nres.
3257 5050 3760 5136 c‘ap:‘59_,_printum

2187 5134 2466 5180 auctorem
2510 5123 2674 5206 hujus
2705 5121 2911 5178 erroris
2935 5120 3234 5204 .Platonem
3274 5121 3428 5204 facit.
3476 5123 3545 5177 Et
3561 5120 3759 5199 quidem

2191 5197 2379 5266 negari
2427 5192 3241 5266 nequttghuncplnjosorihum
3297 5210 3349 5248 In
3403 5193 3760 5266 thdone,|s

2189 5263 2438 5332 Tinneo,
2490 5263 2548 5321 εἰ
2593 5265 2692 5323 lib.
2738 5280 2769 5320 x
2820 5264 2889 5320 de
2933 5263 3171 5334 Republ.
3197 5273 3448 5320 secutum
3489 5279 3611 5321 esse
3650 5264 3759 5316 hanc

2189 5338 2536 5408 Opinionem,
2564 5337 2660 5394 sed
2687 5336 2756 5408 ab
2785 5335 2908 5407 ipso
2932 5351 3053 5408 eam
3085 5346 3269 5391 ortum
3296 5336 3530 5408 duxisse
3547 5350 3660 5408 qua:
3685 5348 3758 5388 stt-

2192 5405 2284 5478 pra
2317 5409 2386 5464 ad
2417 5424 2566 5463 num.
2599 5409 2670 5466 55
2697 5405 3162 5468 observabamus,
3187 5421 3416 5478 prorsus
3442 5405 3705 5478 refellunt.

2267 5479 2286 5518 τ
2333 5480 2454 5535 Vet.
2501 5480 2661 5548 edit.,
2693 5478 2830 5533 velut
2873 5479 3078 5534 Circeas
3123 5475 3378 5550 populos;
3407 5477 3598 5533 melius
3614 5475 3753 5550 ﬁeri).

2193 5560 2248 5608 et
2276 5566 2454 5633 mss“,-
2492 5543 3364 5633 satagens?_poculo.AC§Iebris
3405 5563 3569 5633 porro

2193 5634 2277 5679 est
2301 5623 2371 5680 de
2395 5621 2586 5680 Circes
2614 5621 2744 5677 ﬁliae
2775 5618 2921 5692 Solis
2946 5619 3265 5692 veneﬁciis,
3295 5618 3495 5692 dequa
3516 5619 3754 5692 gnoman

2195 5693 2392 5780 Odyss.
2425 5691 3021 5780 M_.u0vidius_lib'..xt‘v
3043 5687 3644 5780 “MetamorphlAia-hét,
3672 5687 3751 5741 Au-

2193 5761 2445 5838 gustinus
2479 5765 2574 5822 lib.
2603 5779 2734 5820 xvnt
2762 5762 2832 5820 de
2851 5762 3014 5820 Civit.
3043 5762 3136 5820 Dei
3157 5777 3278 5834 cap.
3311 5761 3399 5829 Π,
3426 5770 3481 5817 et
3498 5761 3603 5816 alii.

3859 5715 3863 5822 l

3857 5825 3863 5876 I
