  <div class='ocr_page' id='page_1' title='image "/cluster/home/n/w/nwhite01/storage/ocr_20150623/16/hvd.32044015471998/679.png"; bbox 0 0 3932 6296; ppageno 0'>
   <div class='ocr_carea' id='block_1_1' title="bbox 553 268 2106 342">
    <p class='ocr_par' dir='ltr' id='par_1_1' title="bbox 553 272 2106 342">
     <span class='ocr_line' id='line_1_1' title="bbox 553 272 2106 342; baseline -0.003 -4"><span class='ocrx_word' id='word_1_1' title='bbox 553 275 696 342; x_wconf 67' lang='grc'><strong>1558</strong></span> <span class='ocrx_word' id='word_1_2' title='bbox 1910 272 2106 334; x_wconf 73' lang='grc' dir='ltr'><strong>8ΔΝΟΊ</strong></span> 
     </span>
    </p>
   </div>
   <div class='ocr_carea' id='block_1_2' title="bbox 2238 268 3791 342">
    <p class='ocr_par' dir='ltr' id='par_1_2' title="bbox 2238 268 3791 339">
     <span class='ocr_line' id='line_1_2' title="bbox 2238 268 3791 339; baseline -0.005 -1"><span class='ocrx_word' id='word_1_3' title='bbox 2238 271 2522 338; x_wconf 70' lang='lat' dir='ltr'><strong>usuusu</strong></span> <span class='ocrx_word' id='word_1_4' title='bbox 3636 277 3716 339; x_wconf 74' lang='lat' dir='ltr'><strong>liii</strong></span> <span class='ocrx_word' id='word_1_5' title='bbox 3785 268 3791 331; x_wconf 69' lang='grc' dir='ltr'><strong>ἲ</strong></span> 
     </span>
    </p>
   </div>
   <div class='ocr_carea' id='block_1_3' title="bbox 547 437 3626 478">
    <p class='ocr_par' dir='ltr' id='par_1_3' title="bbox 547 437 3626 478">
     <span class='ocr_line' id='line_1_3' title="bbox 547 437 3626 478; baseline -0.005 7"><span class='ocrx_word' id='word_1_6' title='bbox 547 437 3626 478; x_wconf 50' lang='lat' dir='ltr'><strong>—u————a——-——-—-————-———_—-—————</strong></span> 
     </span>
    </p>
   </div>
   <div class='ocr_carea' id='block_1_4' title="bbox 3629 455 3711 473">
    <p class='ocr_par' dir='ltr' id='par_1_4' title="bbox 3629 455 3711 473">
     <span class='ocr_line' id='line_1_4' title="bbox 3629 455 3711 473; baseline 0 0"><span class='ocrx_word' id='word_1_7' title='bbox 3629 455 3711 473; x_wconf 65' lang='grc'><strong>-</strong></span> 
     </span>
    </p>
   </div>
   <div class='ocr_carea' id='block_1_5' title="bbox 582 622 3704 738">
    <p class='ocr_par' dir='ltr' id='par_1_5' title="bbox 582 622 3704 738">
     <span class='ocr_line' id='line_1_5' title="bbox 582 622 3704 738; baseline -0.007 0"><span class='ocrx_word' id='word_1_8' title='bbox 582 646 704 738; x_wconf 83' lang='grc' dir='ltr'><strong>ΙΝ</strong></span> <span class='ocrx_word' id='word_1_9' title='bbox 783 635 1438 738; x_wconf 78' lang='lat' dir='ltr'><strong>CONSOLAT.</strong></span> <span class='ocrx_word' id='word_1_10' title='bbox 1515 635 1678 728; x_wconf 91' lang='lat' dir='ltr'><strong>DE</strong></span> <span class='ocrx_word' id='word_1_11' title='bbox 1751 633 2116 728; x_wconf 88' lang='lat' dir='ltr'><strong>OBITU</strong></span> <span class='ocrx_word' id='word_1_12' title='bbox 2190 629 3040 724; x_wconf 81' lang='lat' dir='ltr'><strong>VALENTINIANI</strong></span> <span class='ocrx_word' id='word_1_13' title='bbox 3114 622 3704 721; x_wconf 81' lang='lat' dir='ltr'><strong>ADMONITIO.</strong></span> 
     </span>
    </p>
   </div>
   <div class='ocr_carea' id='block_1_6' title="bbox 621 1066 3729 1159">
    <p class='ocr_par' dir='ltr' id='par_1_6' title="bbox 621 1066 3729 1159">
     <span class='ocr_line' id='line_1_6' title="bbox 621 1066 3729 1159; baseline -0.007 -14"><span class='ocrx_word' id='word_1_14' title='bbox 621 1088 681 1145; x_wconf 83' lang='lat' dir='ltr'><strong>In</strong></span> <span class='ocrx_word' id='word_1_15' title='bbox 711 1083 994 1159; x_wconf 74' lang='lat' dir='ltr'><strong>procinctu</strong></span> <span class='ocrx_word' id='word_1_16' title='bbox 1020 1087 1141 1139; x_wconf 86' lang='lat' dir='ltr'><strong>erat</strong></span> <span class='ocrx_word' id='word_1_17' title='bbox 1167 1077 1582 1138; x_wconf 76' lang='lat' dir='ltr'><strong>Valentinianus</strong></span> <span class='ocrx_word' id='word_1_18' title='bbox 1603 1073 1808 1148; x_wconf 80' lang='lat' dir='ltr'><strong>junior,</strong></span> <span class='ocrx_word' id='word_1_19' title='bbox 1841 1080 1901 1130; x_wconf 89' lang='lat' dir='ltr'><strong>ut</strong></span> <span class='ocrx_word' id='word_1_20' title='bbox 1920 1087 1953 1130; x_wconf 86' lang='lat' dir='ltr'><strong>e</strong></span> <span class='ocrx_word' id='word_1_21' title='bbox 1976 1070 2170 1130; x_wconf 80' lang='lat' dir='ltr'><strong>Galliis</strong></span> <span class='ocrx_word' id='word_1_22' title='bbox 2196 1070 2250 1127; x_wconf 90' lang='lat' dir='ltr'><strong>in</strong></span> <span class='ocrx_word' id='word_1_23' title='bbox 2277 1068 2488 1126; x_wconf 79' lang='lat' dir='ltr'><strong>italiam</strong></span> <span class='ocrx_word' id='word_1_24' title='bbox 2505 1111 2520 1137; x_wconf 87' lang='lat'><strong>,</strong></span> <span class='ocrx_word' id='word_1_25' title='bbox 2551 1082 2662 1141; x_wconf 88' lang='lat' dir='ltr'><strong>quo</strong></span> <span class='ocrx_word' id='word_1_26' title='bbox 2685 1082 2810 1126; x_wconf 82' lang='lat' dir='ltr'><strong>eum</strong></span> <span class='ocrx_word' id='word_1_27' title='bbox 2840 1067 3204 1128; x_wconf 63' lang='lat' dir='ltr'><strong>barbarorum</strong></span> <span class='ocrx_word' id='word_1_28' title='bbox 3231 1066 3552 1139; x_wconf 73' lang='lat' dir='ltr'><strong>implicuere</strong></span> <span class='ocrx_word' id='word_1_29' title='bbox 3571 1067 3729 1126; x_wconf 66' lang='lat' dir='ltr'><strong>ninia.</strong></span> 
     </span>
    </p>
   </div>
   <div class='ocr_carea' id='block_1_7' title="bbox 545 1162 3729 1243">
    <p class='ocr_par' dir='ltr' id='par_1_7' title="bbox 545 1162 3729 1243">
     <span class='ocr_line' id='line_1_7' title="bbox 545 1162 3729 1243; baseline -0.006 -6"><span class='ocrx_word' id='word_1_30' title='bbox 545 1181 682 1237; x_wconf 86' lang='lat' dir='ltr'><strong>tium</strong></span> <span class='ocrx_word' id='word_1_31' title='bbox 714 1190 890 1235; x_wconf 90' lang='lat' dir='ltr'><strong>metus</strong></span> <span class='ocrx_word' id='word_1_32' title='bbox 919 1176 1170 1243; x_wconf 87' lang='lat' dir='ltr'><strong>vocabat,</strong></span> <span class='ocrx_word' id='word_1_33' title='bbox 1201 1181 1594 1240; x_wconf 73' lang='lat' dir='ltr'><strong>reverteretur,</strong></span> <span class='ocrx_word' id='word_1_34' title='bbox 1625 1185 1749 1227; x_wconf 93' lang='lat' dir='ltr'><strong>cum</strong></span> <span class='ocrx_word' id='word_1_35' title='bbox 1781 1184 1813 1226; x_wconf 92' lang='lat' dir='ltr'><strong>e</strong></span> <span class='ocrx_word' id='word_1_36' title='bbox 1842 1168 1981 1225; x_wconf 91' lang='lat' dir='ltr'><strong>vivis</strong></span> <span class='ocrx_word' id='word_1_37' title='bbox 2003 1164 2324 1239; x_wconf 85' lang='lat' dir='ltr'><strong>Arbogastis</strong></span> <span class='ocrx_word' id='word_1_38' title='bbox 2343 1164 2562 1222; x_wconf 90' lang='lat' dir='ltr'><strong>comitis</strong></span> <span class='ocrx_word' id='word_1_39' title='bbox 2589 1163 2781 1220; x_wconf 84' lang='lat' dir='ltr'><strong>frauda</strong></span> <span class='ocrx_word' id='word_1_40' title='bbox 2809 1163 3060 1221; x_wconf 79' lang='lat' dir='ltr'><strong>sublatus</strong></span> <span class='ocrx_word' id='word_1_41' title='bbox 3087 1163 3190 1220; x_wconf 77' lang='lat' dir='ltr'><strong>fuit</strong></span> <span class='ocrx_word' id='word_1_42' title='bbox 3223 1162 3396 1220; x_wconf 84' lang='lat' dir='ltr'><strong>idibus</strong></span> <span class='ocrx_word' id='word_1_43' title='bbox 3420 1163 3729 1220; x_wconf 71' lang='lat' dir='ltr'><strong>maiisalaiiii</strong></span> 
     </span>
    </p>
   </div>
   <div class='ocr_carea' id='block_1_8' title="bbox 544 1259 3728 1346">
    <p class='ocr_par' dir='ltr' id='par_1_8' title="bbox 544 1259 3728 1346">
     <span class='ocr_line' id='line_1_8' title="bbox 544 1259 3728 1346; baseline -0.004 -14"><span class='ocrx_word' id='word_1_44' title='bbox 544 1275 599 1332; x_wconf 91' lang='lat' dir='ltr'><strong>in</strong></span> <span class='ocrx_word' id='word_1_45' title='bbox 629 1274 813 1346; x_wconf 75' lang='lat' dir='ltr'><strong>vigilia</strong></span> <span class='ocrx_word' id='word_1_46' title='bbox 837 1272 978 1329; x_wconf 86' lang='lat' dir='ltr'><strong>sacri</strong></span> <span class='ocrx_word' id='word_1_47' title='bbox 1002 1272 1372 1328; x_wconf 85' lang='lat' dir='ltr'><strong>Pentecostes.</strong></span> <span class='ocrx_word' id='word_1_48' title='bbox 1396 1266 1552 1326; x_wconf 84' lang='lat' dir='ltr'><strong>Illius</strong></span> <span class='ocrx_word' id='word_1_49' title='bbox 1586 1281 1786 1339; x_wconf 87' lang='lat' dir='ltr'><strong>corpus</strong></span> <span class='ocrx_word' id='word_1_50' title='bbox 1805 1281 1913 1321; x_wconf 93' lang='lat' dir='ltr'><strong>non</strong></span> <span class='ocrx_word' id='word_1_51' title='bbox 1942 1263 2014 1318; x_wconf 88' lang='lat' dir='ltr'><strong>ita</strong></span> <span class='ocrx_word' id='word_1_52' title='bbox 2039 1261 2213 1317; x_wconf 92' lang='lat' dir='ltr'><strong>multo</strong></span> <span class='ocrx_word' id='word_1_53' title='bbox 2234 1271 2362 1334; x_wconf 85' lang='lat' dir='ltr'><strong>post</strong></span> <span class='ocrx_word' id='word_1_54' title='bbox 2378 1260 2610 1318; x_wconf 89' lang='lat' dir='ltr'><strong>relatum</strong></span> <span class='ocrx_word' id='word_1_55' title='bbox 2637 1269 2722 1317; x_wconf 88' lang='lat' dir='ltr'><strong>est</strong></span> <span class='ocrx_word' id='word_1_56' title='bbox 2746 1259 3142 1327; x_wconf 73' lang='lat' dir='ltr'><strong>Mediolanum,</strong></span> <span class='ocrx_word' id='word_1_57' title='bbox 3171 1260 3355 1333; x_wconf 81' lang='lat' dir='ltr'><strong>ibique</strong></span> <span class='ocrx_word' id='word_1_58' title='bbox 3382 1260 3728 1332; x_wconf 72' lang='lat' dir='ltr'><strong>tantisper,qwi</strong></span> 
     </span>
    </p>
   </div>
   <div class='ocr_carea' id='block_1_9' title="bbox 540 1353 3729 1436">
    <p class='ocr_par' dir='ltr' id='par_1_9' title="bbox 540 1353 3729 1436">
     <span class='ocr_line' id='line_1_9' title="bbox 540 1353 3729 1436; baseline -0.006 -10"><span class='ocrx_word' id='word_1_59' title='bbox 540 1366 838 1426; x_wconf 80' lang='lat' dir='ltr'><strong>Theodosii</strong></span> <span class='ocrx_word' id='word_1_60' title='bbox 869 1365 1124 1424; x_wconf 84' lang='lat' dir='ltr'><strong>mandata</strong></span> <span class='ocrx_word' id='word_1_61' title='bbox 1152 1365 1222 1421; x_wconf 90' lang='lat' dir='ltr'><strong>de</strong></span> <span class='ocrx_word' id='word_1_62' title='bbox 1252 1363 1532 1436; x_wconf 70' lang='lat' dir='ltr'><strong>sepultura</strong></span> <span class='ocrx_word' id='word_1_63' title='bbox 1563 1361 1684 1434; x_wconf 84' lang='lat' dir='ltr'><strong>ejus</strong></span> <span class='ocrx_word' id='word_1_64' title='bbox 1721 1358 2126 1430; x_wconf 81' lang='lat' dir='ltr'><strong>acciperentur,</strong></span> <span class='ocrx_word' id='word_1_65' title='bbox 2157 1354 2213 1412; x_wconf 91' lang='lat' dir='ltr'><strong>in</strong></span> <span class='ocrx_word' id='word_1_66' title='bbox 2251 1353 2454 1426; x_wconf 87' lang='lat' dir='ltr'><strong>palatio</strong></span> <span class='ocrx_word' id='word_1_67' title='bbox 2481 1367 2583 1410; x_wconf 81' lang='lat' dir='ltr'><strong>suo</strong></span> <span class='ocrx_word' id='word_1_68' title='bbox 2611 1363 2906 1413; x_wconf 84' lang='lat' dir='ltr'><strong>servatum.</strong></span> <span class='ocrx_word' id='word_1_69' title='bbox 2944 1353 3152 1410; x_wconf 78' lang='lat' dir='ltr'><strong>Allatis</strong></span> <span class='ocrx_word' id='word_1_70' title='bbox 3180 1353 3394 1412; x_wconf 81' lang='lat' dir='ltr'><strong>demum</strong></span> <span class='ocrx_word' id='word_1_71' title='bbox 3427 1354 3488 1410; x_wconf 88' lang='lat' dir='ltr'><strong>ab</strong></span> <span class='ocrx_word' id='word_1_72' title='bbox 3515 1353 3729 1425; x_wconf 72' lang='lat' dir='ltr'><strong>imperatore</strong></span> 
     </span>
    </p>
   </div>
   <div class='ocr_carea' id='block_1_10' title="bbox 537 1447 3730 1534">
    <p class='ocr_par' dir='ltr' id='par_1_10' title="bbox 537 1447 3730 1534">
     <span class='ocr_line' id='line_1_10' title="bbox 537 1447 3730 1534; baseline -0.006 -10"><span class='ocrx_word' id='word_1_73' title='bbox 537 1466 610 1524; x_wconf 89' lang='lat' dir='ltr'><strong>de</strong></span> <span class='ocrx_word' id='word_1_74' title='bbox 633 1465 737 1523; x_wconf 90' lang='lat' dir='ltr'><strong>boc</strong></span> <span class='ocrx_word' id='word_1_75' title='bbox 763 1465 984 1533; x_wconf 82' lang='lat' dir='ltr'><strong>litteris,</strong></span> <span class='ocrx_word' id='word_1_76' title='bbox 1017 1462 1388 1522; x_wconf 77' lang='lat' dir='ltr'><strong>Valentiniani</strong></span> <span class='ocrx_word' id='word_1_77' title='bbox 1412 1459 1714 1534; x_wconf 86' lang='lat' dir='ltr'><strong>parentalia</strong></span> <span class='ocrx_word' id='word_1_78' title='bbox 1742 1455 2023 1514; x_wconf 87' lang='lat' dir='ltr'><strong>celebrata</strong></span> <span class='ocrx_word' id='word_1_79' title='bbox 2053 1463 2200 1520; x_wconf 90' lang='lat' dir='ltr'><strong>sunt,</strong></span> <span class='ocrx_word' id='word_1_80' title='bbox 2230 1453 2283 1509; x_wconf 89' lang='lat' dir='ltr'><strong>in</strong></span> <span class='ocrx_word' id='word_1_81' title='bbox 2315 1453 2512 1523; x_wconf 85' lang='lat' dir='ltr'><strong>quibus</strong></span> <span class='ocrx_word' id='word_1_82' title='bbox 2541 1450 2864 1509; x_wconf 80' lang='lat' dir='ltr'><strong>Ambrosius</strong></span> <span class='ocrx_word' id='word_1_83' title='bbox 2891 1447 3204 1520; x_wconf 81' lang='lat' dir='ltr'><strong>principem</strong></span> <span class='ocrx_word' id='word_1_84' title='bbox 3233 1447 3384 1504; x_wconf 76' lang='lat' dir='ltr'><strong>illum</strong></span> <span class='ocrx_word' id='word_1_85' title='bbox 3407 1462 3533 1504; x_wconf 77' lang='lat' dir='ltr'><strong>sntio</strong></span> <span class='ocrx_word' id='word_1_86' title='bbox 3554 1449 3730 1504; x_wconf 70' lang='lat' dir='ltr'><strong>aututi-</strong></span> 
     </span>
    </p>
   </div>
   <div class='ocr_carea' id='block_1_11' title="bbox 536 1549 2592 1634">
    <p class='ocr_par' dir='ltr' id='par_1_11' title="bbox 536 1549 2592 1634">
     <span class='ocr_line' id='line_1_11' title="bbox 536 1549 2592 1634; baseline -0.009 -16"><span class='ocrx_word' id='word_1_87' title='bbox 536 1559 750 1634; x_wconf 87' lang='lat' dir='ltr'><strong>gesimo</strong></span> <span class='ocrx_word' id='word_1_88' title='bbox 773 1575 844 1616; x_wconf 79' lang='lat' dir='ltr'><strong>ex</strong></span> <span class='ocrx_word' id='word_1_89' title='bbox 866 1560 1098 1632; x_wconf 92' lang='lat' dir='ltr'><strong>imperio</strong></span> <span class='ocrx_word' id='word_1_90' title='bbox 1123 1567 1178 1616; x_wconf 90' lang='lat' dir='ltr'><strong>et</strong></span> <span class='ocrx_word' id='word_1_91' title='bbox 1205 1558 1316 1614; x_wconf 88' lang='lat' dir='ltr'><strong>vita</strong></span> <span class='ocrx_word' id='word_1_92' title='bbox 1341 1565 1556 1628; x_wconf 88' lang='lat' dir='ltr'><strong>raptum</strong></span> <span class='ocrx_word' id='word_1_93' title='bbox 1579 1551 1833 1625; x_wconf 80' lang='lat' dir='ltr'><strong>sequenti</strong></span> <span class='ocrx_word' id='word_1_94' title='bbox 1858 1549 2109 1606; x_wconf 91' lang='lat' dir='ltr'><strong>oratione</strong></span> <span class='ocrx_word' id='word_1_95' title='bbox 2139 1552 2463 1620; x_wconf 87' lang='lat' dir='ltr'><strong>prosecutus</strong></span> <span class='ocrx_word' id='word_1_96' title='bbox 2489 1553 2592 1603; x_wconf 90' lang='lat' dir='ltr'><strong>est.</strong></span> 
     </span>
    </p>
   </div>
   <div class='ocr_carea' id='block_1_12' title="bbox 610 1636 3731 1730">
    <p class='ocr_par' dir='ltr' id='par_1_12' title="bbox 610 1636 3731 1730">
     <span class='ocr_line' id='line_1_12' title="bbox 610 1636 3731 1730; baseline -0.006 -17"><span class='ocrx_word' id='word_1_97' title='bbox 610 1656 672 1713; x_wconf 83' lang='lat' dir='ltr'><strong>in</strong></span> <span class='ocrx_word' id='word_1_98' title='bbox 699 1671 784 1724; x_wconf 87' lang='lat' dir='ltr'><strong>ea,</strong></span> <span class='ocrx_word' id='word_1_99' title='bbox 819 1657 1016 1730; x_wconf 89' lang='lat' dir='ltr'><strong>quibus</strong></span> <span class='ocrx_word' id='word_1_100' title='bbox 1046 1653 1226 1712; x_wconf 87' lang='lat' dir='ltr'><strong>causis</strong></span> <span class='ocrx_word' id='word_1_101' title='bbox 1248 1651 1316 1708; x_wconf 85' lang='lat' dir='ltr'><strong>ad</strong></span> <span class='ocrx_word' id='word_1_102' title='bbox 1346 1650 1641 1708; x_wconf 85' lang='lat' dir='ltr'><strong>dicendum</strong></span> <span class='ocrx_word' id='word_1_103' title='bbox 1667 1647 2056 1711; x_wconf 84' lang='lat' dir='ltr'><strong>adduceretur,</strong></span> <span class='ocrx_word' id='word_1_104' title='bbox 2091 1643 2320 1700; x_wconf 84' lang='lat' dir='ltr'><strong>strictim</strong></span> <span class='ocrx_word' id='word_1_105' title='bbox 2353 1641 2604 1714; x_wconf 77' lang='lat' dir='ltr'><strong>exposito</strong></span> <span class='ocrx_word' id='word_1_106' title='bbox 2646 1639 2667 1715; x_wconf 93' lang='lat'><strong>(</strong></span> <span class='ocrx_word' id='word_1_107' title='bbox 2692 1639 2855 1696; x_wconf 74' lang='lat' dir='ltr'><strong>Nam.</strong></span> <span class='ocrx_word' id='word_1_108' title='bbox 2891 1640 2914 1695; x_wconf 80' lang='lat' dir='ltr'><strong>i</strong></span> <span class='ocrx_word' id='word_1_109' title='bbox 2941 1637 2964 1711; x_wconf 92' lang='lat'><strong>)</strong></span> <span class='ocrx_word' id='word_1_110' title='bbox 2989 1683 3005 1709; x_wconf 90' lang='lat'><strong>,</strong></span> <span class='ocrx_word' id='word_1_111' title='bbox 3048 1636 3484 1696; x_wconf 76' lang='lat' dir='ltr'><strong>Valentinianum</strong></span> <span class='ocrx_word' id='word_1_112' title='bbox 3515 1637 3669 1694; x_wconf 77' lang='lat' dir='ltr'><strong>venisse</strong></span> <span class='ocrx_word' id='word_1_113' title='bbox 3691 1637 3731 1694; x_wconf 76' lang='lat' dir='ltr'><strong>ait</strong></span> 
     </span>
    </p>
   </div>
   <div class='ocr_carea' id='block_1_13' title="bbox 533 1732 3726 1822">
    <p class='ocr_par' dir='ltr' id='par_1_13' title="bbox 533 1732 3726 1822">
     <span class='ocr_line' id='line_1_13' title="bbox 533 1732 3726 1822; baseline -0.006 -18"><span class='ocrx_word' id='word_1_114' title='bbox 533 1747 560 1822; x_wconf 82' lang='lat'><strong>(</strong></span> <span class='ocrx_word' id='word_1_115' title='bbox 587 1748 746 1806; x_wconf 85' lang='lat' dir='ltr'><strong>Num.</strong></span> <span class='ocrx_word' id='word_1_116' title='bbox 767 1748 804 1804; x_wconf 77' lang='lat'><strong>2</strong></span> <span class='ocrx_word' id='word_1_117' title='bbox 825 1748 875 1820; x_wconf 88' lang='lat'><strong>),</strong></span> <span class='ocrx_word' id='word_1_118' title='bbox 921 1748 1020 1806; x_wconf 86' lang='lat' dir='ltr'><strong>sed</strong></span> <span class='ocrx_word' id='word_1_119' title='bbox 1055 1747 1300 1804; x_wconf 89' lang='lat' dir='ltr'><strong>omnium</strong></span> <span class='ocrx_word' id='word_1_120' title='bbox 1335 1746 1422 1818; x_wconf 89' lang='lat' dir='ltr'><strong>qui</strong></span> <span class='ocrx_word' id='word_1_121' title='bbox 1462 1755 1722 1814; x_wconf 83' lang='lat' dir='ltr'><strong>tamquam</strong></span> <span class='ocrx_word' id='word_1_122' title='bbox 1755 1751 2020 1812; x_wconf 83' lang='lat' dir='ltr'><strong>parentem</strong></span> <span class='ocrx_word' id='word_1_123' title='bbox 2051 1738 2315 1810; x_wconf 75' lang='lat' dir='ltr'><strong>publicum</strong></span> <span class='ocrx_word' id='word_1_124' title='bbox 2345 1735 2556 1811; x_wconf 83' lang='lat' dir='ltr'><strong>(Nunt.</strong></span> <span class='ocrx_word' id='word_1_125' title='bbox 2585 1734 2660 1808; x_wconf 84' lang='lat'><strong>&#39;5)</strong></span> <span class='ocrx_word' id='word_1_126' title='bbox 2693 1751 2816 1793; x_wconf 89' lang='lat' dir='ltr'><strong>eum</strong></span> <span class='ocrx_word' id='word_1_127' title='bbox 2843 1736 3126 1809; x_wconf 82' lang='lat' dir='ltr'><strong>lugebant,</strong></span> <span class='ocrx_word' id='word_1_128' title='bbox 3163 1735 3420 1808; x_wconf 82' lang='lat' dir='ltr'><strong>lacrymis</strong></span> <span class='ocrx_word' id='word_1_129' title='bbox 3445 1732 3726 1790; x_wconf 64' lang='lat' dir='ltr'><strong>circumitum</strong></span> 
     </span>
    </p>
   </div>
   <div class='ocr_carea' id='block_1_14' title="bbox 535 1827 3729 1915">
    <p class='ocr_par' dir='ltr' id='par_1_14' title="bbox 535 1827 3729 1915">
     <span class='ocr_line' id='line_1_14' title="bbox 535 1827 3729 1915; baseline -0.005 -17"><span class='ocrx_word' id='word_1_130' title='bbox 535 1839 748 1898; x_wconf 79' lang='lat' dir='ltr'><strong>Deinde</strong></span> <span class='ocrx_word' id='word_1_131' title='bbox 777 1839 971 1915; x_wconf 79' lang='lat' dir='ltr'><strong>(Num.</strong></span> <span class='ocrx_word' id='word_1_132' title='bbox 1001 1841 1035 1897; x_wconf 76' lang='grc'><strong>5</strong></span> <span class='ocrx_word' id='word_1_133' title='bbox 1059 1849 1108 1895; x_wconf 81' lang='lat' dir='ltr'><strong>et</strong></span> <span class='ocrx_word' id='word_1_134' title='bbox 1133 1839 1268 1912; x_wconf 77' lang='lat' dir='ltr'><strong>seq.)</strong></span> <span class='ocrx_word' id='word_1_135' title='bbox 1299 1837 1367 1893; x_wconf 88' lang='lat' dir='ltr'><strong>ab</strong></span> <span class='ocrx_word' id='word_1_136' title='bbox 1385 1834 1624 1894; x_wconf 84' lang='lat' dir='ltr'><strong>.leremia</strong></span> <span class='ocrx_word' id='word_1_137' title='bbox 1651 1834 1876 1890; x_wconf 90' lang='lat' dir='ltr'><strong>threnos</strong></span> <span class='ocrx_word' id='word_1_138' title='bbox 1907 1839 2205 1901; x_wconf 89' lang='lat' dir='ltr'><strong>mutuatus,</strong></span> <span class='ocrx_word' id='word_1_139' title='bbox 2234 1844 2292 1884; x_wconf 91' lang='lat' dir='ltr'><strong>ut</strong></span> <span class='ocrx_word' id='word_1_140' title='bbox 2316 1831 2618 1901; x_wconf 83' lang='lat' dir='ltr'><strong>principem</strong></span> <span class='ocrx_word' id='word_1_141' title='bbox 2644 1828 2864 1897; x_wconf 76' lang='lat' dir='ltr'><strong>deﬂeat,</strong></span> <span class='ocrx_word' id='word_1_142' title='bbox 2894 1831 2987 1900; x_wconf 91' lang='lat' dir='ltr'><strong>qui</strong></span> <span class='ocrx_word' id='word_1_143' title='bbox 3017 1829 3378 1885; x_wconf 84' lang='lat' dir='ltr'><strong>consiliorum</strong></span> <span class='ocrx_word' id='word_1_144' title='bbox 3401 1827 3729 1884; x_wconf 76' lang='lat' dir='ltr'><strong>maturitatem</strong></span> 
     </span>
    </p>
   </div>
   <div class='ocr_carea' id='block_1_15' title="bbox 530 1920 3729 2003">
    <p class='ocr_par' dir='ltr' id='par_1_15' title="bbox 530 1920 3729 2003">
     <span class='ocr_line' id='line_1_15' title="bbox 530 1920 3729 2003; baseline -0.006 -9"><span class='ocrx_word' id='word_1_145' title='bbox 530 1934 920 1994; x_wconf 61' lang='lat' dir='ltr'><strong>adolescentia:</strong></span> <span class='ocrx_word' id='word_1_146' title='bbox 945 1935 1082 1992; x_wconf 84' lang='lat' dir='ltr'><strong>ﬂore</strong></span> <span class='ocrx_word' id='word_1_147' title='bbox 1109 1935 1162 1990; x_wconf 92' lang='lat' dir='ltr'><strong>in</strong></span> <span class='ocrx_word' id='word_1_148' title='bbox 1191 1949 1252 1991; x_wconf 91' lang='lat' dir='ltr'><strong>se</strong></span> <span class='ocrx_word' id='word_1_149' title='bbox 1292 1933 1578 2003; x_wconf 87' lang='lat' dir='ltr'><strong>conjuncta</strong></span> <span class='ocrx_word' id='word_1_150' title='bbox 1601 1972 1616 1998; x_wconf 92' lang='lat'><strong>,</strong></span> <span class='ocrx_word' id='word_1_151' title='bbox 1649 1931 1815 1986; x_wconf 86' lang='lat' dir='ltr'><strong>etiam</strong></span> <span class='ocrx_word' id='word_1_152' title='bbox 1853 1929 2115 1984; x_wconf 87' lang='lat' dir='ltr'><strong>barbaros</strong></span> <span class='ocrx_word' id='word_1_153' title='bbox 2146 1927 2199 1983; x_wconf 93' lang='lat' dir='ltr'><strong>in</strong></span> <span class='ocrx_word' id='word_1_154' title='bbox 2230 1927 2314 1983; x_wconf 91' lang='lat' dir='ltr'><strong>sui</strong></span> <span class='ocrx_word' id='word_1_155' title='bbox 2348 1925 2757 1982; x_wconf 85' lang='lat' dir='ltr'><strong>venerationem</strong></span> <span class='ocrx_word' id='word_1_156' title='bbox 2789 1933 3134 1996; x_wconf 82' lang='lat' dir='ltr'><strong>pertraxerat</strong></span> <span class='ocrx_word' id='word_1_157' title='bbox 3160 1967 3176 1991; x_wconf 94' lang='lat'><strong>,</strong></span> <span class='ocrx_word' id='word_1_158' title='bbox 3219 1925 3416 1980; x_wconf 84' lang='lat' dir='ltr'><strong>asserit</strong></span> <span class='ocrx_word' id='word_1_159' title='bbox 3442 1922 3579 1978; x_wconf 86' lang='lat' dir='ltr'><strong>totius</strong></span> <span class='ocrx_word' id='word_1_160' title='bbox 3600 1920 3729 1992; x_wconf 68' lang='lat' dir='ltr'><strong>quiia</strong></span> 
     </span>
    </p>
   </div>
   <div class='ocr_carea' id='block_1_16' title="bbox 530 2013 3730 2096">
    <p class='ocr_par' dir='ltr' id='par_1_16' title="bbox 530 2013 3730 2096">
     <span class='ocr_line' id='line_1_16' title="bbox 530 2013 3730 2096; baseline -0.006 -9"><span class='ocrx_word' id='word_1_161' title='bbox 530 2028 702 2088; x_wconf 71' lang='lat' dir='ltr'><strong>italia:</strong></span> <span class='ocrx_word' id='word_1_162' title='bbox 723 2031 929 2087; x_wconf 89' lang='lat' dir='ltr'><strong>luctum</strong></span> <span class='ocrx_word' id='word_1_163' title='bbox 952 2045 1074 2087; x_wconf 88' lang='lat' dir='ltr'><strong>esse</strong></span> <span class='ocrx_word' id='word_1_164' title='bbox 1094 2043 1475 2096; x_wconf 87' lang='lat' dir='ltr'><strong>communem;</strong></span> <span class='ocrx_word' id='word_1_165' title='bbox 1509 2025 1577 2082; x_wconf 89' lang='lat' dir='ltr'><strong>ad</strong></span> <span class='ocrx_word' id='word_1_166' title='bbox 1605 2024 1907 2081; x_wconf 75' lang='lat' dir='ltr'><strong>Ecclesium</strong></span> <span class='ocrx_word' id='word_1_167' title='bbox 1937 2031 2118 2079; x_wconf 90' lang='lat' dir='ltr'><strong>tamen</strong></span> <span class='ocrx_word' id='word_1_168' title='bbox 2147 2021 2492 2094; x_wconf 90' lang='lat' dir='ltr'><strong>potissimum</strong></span> <span class='ocrx_word' id='word_1_169' title='bbox 2511 2029 2763 2092; x_wconf 88' lang='lat' dir='ltr'><strong>spectare</strong></span> <span class='ocrx_word' id='word_1_170' title='bbox 2789 2018 2978 2092; x_wconf 82' lang='lat' dir='ltr'><strong>(Num.</strong></span> <span class='ocrx_word' id='word_1_171' title='bbox 3012 2020 3044 2076; x_wconf 87' lang='lat'><strong>5</strong></span> <span class='ocrx_word' id='word_1_172' title='bbox 3064 2029 3118 2075; x_wconf 87' lang='lat' dir='ltr'><strong>et</strong></span> <span class='ocrx_word' id='word_1_173' title='bbox 3146 2017 3231 2090; x_wconf 88' lang='lat'><strong>6),</strong></span> <span class='ocrx_word' id='word_1_174' title='bbox 3253 2016 3448 2090; x_wconf 86' lang='lat' dir='ltr'><strong>quippe</strong></span> <span class='ocrx_word' id='word_1_175' title='bbox 3465 2031 3565 2088; x_wconf 75' lang='lat' dir='ltr'><strong>qua:</strong></span> <span class='ocrx_word' id='word_1_176' title='bbox 3583 2013 3730 2071; x_wconf 75' lang='lat' dir='ltr'><strong>Cratini</strong></span> 
     </span>
    </p>
   </div>
   <div class='ocr_carea' id='block_1_17' title="bbox 530 2109 3731 2192">
    <p class='ocr_par' dir='ltr' id='par_1_17' title="bbox 530 2109 3731 2192">
     <span class='ocr_line' id='line_1_17' title="bbox 530 2109 3731 2192; baseline -0.006 -12"><span class='ocrx_word' id='word_1_177' title='bbox 530 2139 596 2180; x_wconf 79' lang='lat' dir='ltr'><strong>ac</strong></span> <span class='ocrx_word' id='word_1_178' title='bbox 631 2123 994 2182; x_wconf 82' lang='lat' dir='ltr'><strong>Valentiniani</strong></span> <span class='ocrx_word' id='word_1_179' title='bbox 1024 2124 1176 2180; x_wconf 90' lang='lat' dir='ltr'><strong>obitu</strong></span> <span class='ocrx_word' id='word_1_180' title='bbox 1205 2123 1259 2179; x_wconf 91' lang='lat' dir='ltr'><strong>in</strong></span> <span class='ocrx_word' id='word_1_181' title='bbox 1290 2130 1581 2192; x_wconf 88' lang='lat' dir='ltr'><strong>utramque</strong></span> <span class='ocrx_word' id='word_1_182' title='bbox 1606 2117 1882 2176; x_wconf 81' lang='lat' dir='ltr'><strong>maxillam</strong></span> <span class='ocrx_word' id='word_1_183' title='bbox 1914 2131 2174 2189; x_wconf 90' lang='lat' dir='ltr'><strong>percussa</strong></span> <span class='ocrx_word' id='word_1_184' title='bbox 2205 2125 2371 2173; x_wconf 82' lang='lat' dir='ltr'><strong>esset.</strong></span> <span class='ocrx_word' id='word_1_185' title='bbox 2405 2115 2537 2172; x_wconf 89' lang='lat' dir='ltr'><strong>Post</strong></span> <span class='ocrx_word' id='word_1_186' title='bbox 2567 2114 2655 2171; x_wconf 88' lang='lat' dir='ltr'><strong>illa</strong></span> <span class='ocrx_word' id='word_1_187' title='bbox 2681 2157 2696 2184; x_wconf 95' lang='lat'><strong>,</strong></span> <span class='ocrx_word' id='word_1_188' title='bbox 2729 2115 2818 2171; x_wconf 91' lang='lat' dir='ltr'><strong>ubi</strong></span> <span class='ocrx_word' id='word_1_189' title='bbox 2845 2114 3184 2186; x_wconf 79' lang='lat' dir='ltr'><strong>patefactum</strong></span> <span class='ocrx_word' id='word_1_190' title='bbox 3216 2122 3304 2170; x_wconf 89' lang='lat' dir='ltr'><strong>est</strong></span> <span class='ocrx_word' id='word_1_191' title='bbox 3331 2128 3480 2186; x_wconf 87' lang='lat' dir='ltr'><strong>quam</strong></span> <span class='ocrx_word' id='word_1_192' title='bbox 3505 2113 3591 2168; x_wconf 86' lang='lat' dir='ltr'><strong>rari</strong></span> <span class='ocrx_word' id='word_1_193' title='bbox 3608 2115 3644 2164; x_wconf 84' lang='lat' dir='ltr'><strong>in</strong></span> <span class='ocrx_word' id='word_1_194' title='bbox 3661 2109 3731 2163; x_wconf 68' lang='grc' dir='ltr'><strong>θόο-</strong></span> 
     </span>
    </p>
   </div>
   <div class='ocr_carea' id='block_1_18' title="bbox 524 2203 3730 2290">
    <p class='ocr_par' dir='ltr' id='par_1_18' title="bbox 524 2203 3730 2290">
     <span class='ocr_line' id='line_1_18' title="bbox 524 2203 3730 2290; baseline -0.004 -17"><span class='ocrx_word' id='word_1_195' title='bbox 524 2216 793 2275; x_wconf 81' lang='lat' dir='ltr'><strong>lesceulia</strong></span> <span class='ocrx_word' id='word_1_196' title='bbox 823 2219 908 2276; x_wconf 92' lang='lat' dir='ltr'><strong>vel</strong></span> <span class='ocrx_word' id='word_1_197' title='bbox 939 2233 1160 2290; x_wconf 77' lang='lat' dir='ltr'><strong>prorsus</strong></span> <span class='ocrx_word' id='word_1_198' title='bbox 1190 2234 1221 2274; x_wconf 88' lang='lat' dir='ltr'><strong>a</strong></span> <span class='ocrx_word' id='word_1_199' title='bbox 1246 2217 1393 2273; x_wconf 80' lang='lat' dir='ltr'><strong>vitiis</strong></span> <span class='ocrx_word' id='word_1_200' title='bbox 1414 2230 1473 2272; x_wconf 89' lang='lat' dir='ltr'><strong>se</strong></span> <span class='ocrx_word' id='word_1_201' title='bbox 1496 2214 1837 2280; x_wconf 80' lang='lat' dir='ltr'><strong>contineant,</strong></span> <span class='ocrx_word' id='word_1_202' title='bbox 1863 2214 1950 2268; x_wconf 89' lang='lat' dir='ltr'><strong>vel</strong></span> <span class='ocrx_word' id='word_1_203' title='bbox 1984 2212 2253 2268; x_wconf 86' lang='lat' dir='ltr'><strong>maturius</strong></span> <span class='ocrx_word' id='word_1_204' title='bbox 2278 2210 2504 2267; x_wconf 89' lang='lat' dir='ltr'><strong>redeant</strong></span> <span class='ocrx_word' id='word_1_205' title='bbox 2529 2210 2597 2267; x_wconf 87' lang='lat' dir='ltr'><strong>ad</strong></span> <span class='ocrx_word' id='word_1_206' title='bbox 2623 2210 2825 2268; x_wconf 89' lang='lat' dir='ltr'><strong>bonam</strong></span> <span class='ocrx_word' id='word_1_207' title='bbox 2853 2211 3090 2283; x_wconf 88' lang='lat' dir='ltr'><strong>frugem,</strong></span> <span class='ocrx_word' id='word_1_208' title='bbox 3123 2210 3369 2268; x_wconf 86' lang='lat' dir='ltr'><strong>ostendit</strong></span> <span class='ocrx_word' id='word_1_209' title='bbox 3397 2207 3558 2282; x_wconf 75' lang='lat' dir='ltr'><strong>(Nam.</strong></span> <span class='ocrx_word' id='word_1_210' title='bbox 3576 2203 3730 2273; x_wconf 61' lang='lat' dir='ltr'><strong>9am.)</strong></span> 
     </span>
    </p>
   </div>
   <div class='ocr_carea' id='block_1_19' title="bbox 529 2299 3728 2384">
    <p class='ocr_par' dir='ltr' id='par_1_19' title="bbox 529 2299 3728 2384">
     <span class='ocr_line' id='line_1_19' title="bbox 529 2299 3728 2384; baseline -0.006 -14"><span class='ocrx_word' id='word_1_211' title='bbox 529 2314 785 2372; x_wconf 90' lang='lat' dir='ltr'><strong>eumdem</strong></span> <span class='ocrx_word' id='word_1_212' title='bbox 819 2314 1258 2371; x_wconf 84' lang='lat' dir='ltr'><strong>Valentinianum</strong></span> <span class='ocrx_word' id='word_1_213' title='bbox 1284 2313 1414 2384; x_wconf 86' lang='lat' dir='ltr'><strong>jugo</strong></span> <span class='ocrx_word' id='word_1_214' title='bbox 1447 2311 1660 2367; x_wconf 86' lang='lat' dir='ltr'><strong>Domini</strong></span> <span class='ocrx_word' id='word_1_215' title='bbox 1688 2309 1890 2365; x_wconf 81' lang='lat' dir='ltr'><strong>collum</strong></span> <span class='ocrx_word' id='word_1_216' title='bbox 1919 2307 2231 2364; x_wconf 85' lang='lat' dir='ltr'><strong>subdidisse</strong></span> <span class='ocrx_word' id='word_1_217' title='bbox 2261 2307 2443 2363; x_wconf 90' lang='lat' dir='ltr'><strong>adhuc</strong></span> <span class='ocrx_word' id='word_1_218' title='bbox 2465 2306 2756 2379; x_wconf 86' lang='lat' dir='ltr'><strong>juvenem;</strong></span> <span class='ocrx_word' id='word_1_219' title='bbox 2786 2314 2842 2362; x_wconf 91' lang='lat' dir='ltr'><strong>et</strong></span> <span class='ocrx_word' id='word_1_220' title='bbox 2872 2306 2916 2362; x_wconf 90' lang='lat' dir='ltr'><strong>si</strong></span> <span class='ocrx_word' id='word_1_221' title='bbox 2951 2305 3152 2362; x_wconf 81' lang='lat' dir='ltr'><strong>fuisset</strong></span> <span class='ocrx_word' id='word_1_222' title='bbox 3177 2305 3234 2362; x_wconf 90' lang='lat' dir='ltr'><strong>in</strong></span> <span class='ocrx_word' id='word_1_223' title='bbox 3267 2305 3382 2376; x_wconf 86' lang='lat' dir='ltr'><strong>ejus</strong></span> <span class='ocrx_word' id='word_1_224' title='bbox 3416 2304 3633 2367; x_wconf 87' lang='lat' dir='ltr'><strong>moribus,</strong></span> <span class='ocrx_word' id='word_1_225' title='bbox 3653 2299 3728 2370; x_wconf 76' lang='lat' dir='ltr'><strong>quoi</strong></span> 
     </span>
    </p>
   </div>
   <div class='ocr_carea' id='block_1_20' title="bbox 526 2393 3730 2481">
    <p class='ocr_par' dir='ltr' id='par_1_20' title="bbox 526 2393 3730 2481">
     <span class='ocr_line' id='line_1_20' title="bbox 526 2393 3730 2481; baseline -0.005 -15"><span class='ocrx_word' id='word_1_226' title='bbox 526 2411 872 2467; x_wconf 86' lang='lat' dir='ltr'><strong>obtrectandi</strong></span> <span class='ocrx_word' id='word_1_227' title='bbox 904 2410 1083 2466; x_wconf 92' lang='lat' dir='ltr'><strong>locum</strong></span> <span class='ocrx_word' id='word_1_228' title='bbox 1111 2410 1408 2481; x_wconf 64' lang='lat' dir='ltr'><strong>praeberet,</strong></span> <span class='ocrx_word' id='word_1_229' title='bbox 1441 2407 1546 2464; x_wconf 91' lang='lat' dir='ltr'><strong>hoc</strong></span> <span class='ocrx_word' id='word_1_230' title='bbox 1571 2415 1678 2462; x_wconf 90' lang='lat' dir='ltr'><strong>tam</strong></span> <span class='ocrx_word' id='word_1_231' title='bbox 1705 2404 1876 2462; x_wconf 89' lang='lat' dir='ltr'><strong>celeri</strong></span> <span class='ocrx_word' id='word_1_232' title='bbox 1905 2403 2290 2461; x_wconf 78' lang='lat' dir='ltr'><strong>emendatione</strong></span> <span class='ocrx_word' id='word_1_233' title='bbox 2320 2401 2560 2457; x_wconf 89' lang='lat' dir='ltr'><strong>deletum</strong></span> <span class='ocrx_word' id='word_1_234' title='bbox 2585 2415 2708 2458; x_wconf 91' lang='lat' dir='ltr'><strong>esse</strong></span> <span class='ocrx_word' id='word_1_235' title='bbox 2733 2398 2935 2476; x_wconf 83' lang='lat' dir='ltr'><strong>(Num.</strong></span> <span class='ocrx_word' id='word_1_236' title='bbox 2971 2399 3039 2456; x_wconf 70' lang='lat' dir='ltr'><strong>ﬂ</strong></span> <span class='ocrx_word' id='word_1_237' title='bbox 3069 2409 3120 2455; x_wconf 82' lang='lat' dir='ltr'><strong>et</strong></span> <span class='ocrx_word' id='word_1_238' title='bbox 3142 2417 3257 2478; x_wconf 83' lang='lat' dir='ltr'><strong>seq.</strong></span> <span class='ocrx_word' id='word_1_239' title='bbox 3284 2399 3336 2473; x_wconf 90' lang='lat'><strong>),</strong></span> <span class='ocrx_word' id='word_1_240' title='bbox 3375 2407 3430 2456; x_wconf 91' lang='lat' dir='ltr'><strong>ut</strong></span> <span class='ocrx_word' id='word_1_241' title='bbox 3454 2414 3532 2456; x_wconf 85' lang='lat' dir='ltr'><strong>ora</strong></span> <span class='ocrx_word' id='word_1_242' title='bbox 3560 2393 3730 2452; x_wconf 60' lang='lat' dir='ltr'><strong>maledice</strong></span> 
     </span>
    </p>
   </div>
   <div class='ocr_carea' id='block_1_21' title="bbox 529 2486 3726 2576">
    <p class='ocr_par' dir='ltr' id='par_1_21' title="bbox 529 2486 3726 2576">
     <span class='ocr_line' id='line_1_21' title="bbox 529 2486 3726 2576; baseline -0.006 -14"><span class='ocrx_word' id='word_1_243' title='bbox 529 2501 1001 2576; x_wconf 89' lang='lat' dir='ltr'><strong>opprimerentur.</strong></span> <span class='ocrx_word' id='word_1_244' title='bbox 1031 2501 1168 2558; x_wconf 89' lang='lat' dir='ltr'><strong>Tum</strong></span> <span class='ocrx_word' id='word_1_245' title='bbox 1190 2500 1258 2556; x_wconf 90' lang='lat' dir='ltr'><strong>ad</strong></span> <span class='ocrx_word' id='word_1_246' title='bbox 1290 2500 1518 2555; x_wconf 85' lang='lat' dir='ltr'><strong>virtutes</strong></span> <span class='ocrx_word' id='word_1_247' title='bbox 1543 2497 1708 2570; x_wconf 88' lang='lat' dir='ltr'><strong>hujus</strong></span> <span class='ocrx_word' id='word_1_248' title='bbox 1737 2496 1998 2568; x_wconf 90' lang='lat' dir='ltr'><strong>principis</strong></span> <span class='ocrx_word' id='word_1_249' title='bbox 2028 2495 2194 2552; x_wconf 90' lang='lat' dir='ltr'><strong>verba</strong></span> <span class='ocrx_word' id='word_1_250' title='bbox 2213 2502 2567 2560; x_wconf 85' lang='lat' dir='ltr'><strong>convertens,</strong></span> <span class='ocrx_word' id='word_1_251' title='bbox 2600 2493 2720 2566; x_wconf 84' lang='lat' dir='ltr'><strong>ejus</strong></span> <span class='ocrx_word' id='word_1_252' title='bbox 2745 2494 3027 2565; x_wconf 85' lang='lat' dir='ltr'><strong>pietatem,</strong></span> <span class='ocrx_word' id='word_1_253' title='bbox 3051 2493 3220 2566; x_wconf 86' lang='lat' dir='ltr'><strong>cujus</strong></span> <span class='ocrx_word' id='word_1_254' title='bbox 3251 2495 3462 2549; x_wconf 83' lang='lat' dir='ltr'><strong>virtutis</strong></span> <span class='ocrx_word' id='word_1_255' title='bbox 3485 2486 3726 2562; x_wconf 78' lang='lat' dir='ltr'><strong>pulcherrim</strong></span> 
     </span>
    </p>
   </div>
   <div class='ocr_carea' id='block_1_22' title="bbox 527 2579 3732 2670">
    <p class='ocr_par' dir='ltr' id='par_1_22' title="bbox 527 2579 3732 2670">
     <span class='ocr_line' id='line_1_22' title="bbox 527 2579 3732 2670; baseline -0.005 -16"><span class='ocrx_word' id='word_1_256' title='bbox 527 2599 785 2670; x_wconf 79' lang='lat' dir='ltr'><strong>exempla</strong></span> <span class='ocrx_word' id='word_1_257' title='bbox 814 2597 869 2655; x_wconf 89' lang='lat' dir='ltr'><strong>in</strong></span> <span class='ocrx_word' id='word_1_258' title='bbox 899 2597 1138 2654; x_wconf 86' lang='lat' dir='ltr'><strong>medium</strong></span> <span class='ocrx_word' id='word_1_259' title='bbox 1170 2594 1402 2668; x_wconf 78' lang='lat' dir='ltr'><strong>profert,</strong></span> <span class='ocrx_word' id='word_1_260' title='bbox 1431 2594 1648 2668; x_wconf 76' lang='lat' dir='ltr'><strong>egregie</strong></span> <span class='ocrx_word' id='word_1_261' title='bbox 1677 2592 1862 2648; x_wconf 87' lang='lat' dir='ltr'><strong>laudat</strong></span> <span class='ocrx_word' id='word_1_262' title='bbox 1890 2590 2079 2664; x_wconf 83' lang='lat' dir='ltr'><strong>(Num.</strong></span> <span class='ocrx_word' id='word_1_263' title='bbox 2113 2590 2183 2646; x_wconf 78' lang='grc'><strong>18</strong></span> <span class='ocrx_word' id='word_1_264' title='bbox 2212 2597 2262 2644; x_wconf 82' lang='lat' dir='ltr'><strong>et</strong></span> <span class='ocrx_word' id='word_1_265' title='bbox 2289 2587 2443 2662; x_wconf 87' lang='lat' dir='ltr'><strong>seq.).</strong></span> <span class='ocrx_word' id='word_1_266' title='bbox 2479 2587 2612 2644; x_wconf 92' lang='lat' dir='ltr'><strong>lluic</strong></span> <span class='ocrx_word' id='word_1_267' title='bbox 2637 2587 2875 2643; x_wconf 85' lang='lat' dir='ltr'><strong>annectit</strong></span> <span class='ocrx_word' id='word_1_268' title='bbox 2903 2585 3099 2658; x_wconf 82' lang='lat' dir='ltr'><strong>(Num.</strong></span> <span class='ocrx_word' id='word_1_269' title='bbox 3133 2587 3207 2644; x_wconf 71' lang='lat'><strong>21</strong></span> <span class='ocrx_word' id='word_1_270' title='bbox 3239 2597 3288 2644; x_wconf 83' lang='lat' dir='ltr'><strong>et</strong></span> <span class='ocrx_word' id='word_1_271' title='bbox 3311 2586 3441 2660; x_wconf 84' lang='lat' dir='ltr'><strong>aeq.)</strong></span> <span class='ocrx_word' id='word_1_272' title='bbox 3471 2597 3653 2641; x_wconf 78' lang='lat' dir='ltr'><strong>amorem</strong></span> <span class='ocrx_word' id='word_1_273' title='bbox 3667 2579 3732 2650; x_wconf 64' lang='lat' dir='ltr'><strong>tiu</strong></span> 
     </span>
    </p>
   </div>
   <div class='ocr_carea' id='block_1_23' title="bbox 526 2673 3730 2764">
    <p class='ocr_par' dir='ltr' id='par_1_23' title="bbox 526 2673 3730 2764">
     <span class='ocr_line' id='line_1_23' title="bbox 526 2673 3730 2764; baseline -0.005 -16"><span class='ocrx_word' id='word_1_274' title='bbox 526 2705 657 2764; x_wconf 86' lang='lat' dir='ltr'><strong>erga</strong></span> <span class='ocrx_word' id='word_1_275' title='bbox 688 2691 934 2764; x_wconf 91' lang='lat' dir='ltr'><strong>populos,</strong></span> <span class='ocrx_word' id='word_1_276' title='bbox 959 2704 1098 2762; x_wconf 88' lang='lat' dir='ltr'><strong>quos</strong></span> <span class='ocrx_word' id='word_1_277' title='bbox 1127 2703 1229 2745; x_wconf 90' lang='lat' dir='ltr'><strong>nec</strong></span> <span class='ocrx_word' id='word_1_278' title='bbox 1253 2702 1486 2744; x_wconf 86' lang='lat' dir='ltr'><strong>onerare</strong></span> <span class='ocrx_word' id='word_1_279' title='bbox 1512 2687 1666 2742; x_wconf 86' lang='lat' dir='ltr'><strong>novis</strong></span> <span class='ocrx_word' id='word_1_280' title='bbox 1693 2673 1912 2740; x_wconf 73' lang='lat' dir='ltr'><strong>tributis</strong></span> <span class='ocrx_word' id='word_1_281' title='bbox 1935 2682 2113 2739; x_wconf 87' lang='lat' dir='ltr'><strong>induci</strong></span> <span class='ocrx_word' id='word_1_282' title='bbox 2145 2689 2378 2752; x_wconf 77' lang='lat' dir='ltr'><strong>poterat,</strong></span> <span class='ocrx_word' id='word_1_283' title='bbox 2404 2689 2460 2739; x_wconf 94' lang='lat' dir='ltr'><strong>et</strong></span> <span class='ocrx_word' id='word_1_284' title='bbox 2489 2697 2519 2736; x_wconf 91' lang='lat' dir='ltr'><strong>a</strong></span> <span class='ocrx_word' id='word_1_285' title='bbox 2541 2681 2788 2738; x_wconf 86' lang='lat' dir='ltr'><strong>barbaris</strong></span> <span class='ocrx_word' id='word_1_286' title='bbox 2818 2680 3120 2738; x_wconf 76' lang='lat' dir='ltr'><strong>defendere</strong></span> <span class='ocrx_word' id='word_1_287' title='bbox 3149 2697 3278 2738; x_wconf 90' lang='lat' dir='ltr'><strong>cum</strong></span> <span class='ocrx_word' id='word_1_288' title='bbox 3310 2679 3528 2738; x_wconf 75' lang='lat' dir='ltr'><strong>evidenti</strong></span> <span class='ocrx_word' id='word_1_289' title='bbox 3547 2679 3637 2733; x_wconf 74' lang='lat' dir='ltr'><strong>vita</strong></span> <span class='ocrx_word' id='word_1_290' title='bbox 3655 2673 3730 2744; x_wconf 72' lang='lat' dir='ltr'><strong>tui-</strong></span> 
     </span>
    </p>
   </div>
   <div class='ocr_carea' id='block_1_24' title="bbox 528 2773 3729 2858">
    <p class='ocr_par' dir='ltr' id='par_1_24' title="bbox 528 2773 3729 2858">
     <span class='ocr_line' id='line_1_24' title="bbox 528 2773 3729 2858; baseline -0.007 -14"><span class='ocrx_word' id='word_1_291' title='bbox 528 2785 655 2845; x_wconf 90' lang='lat' dir='ltr'><strong>culo</strong></span> <span class='ocrx_word' id='word_1_292' title='bbox 695 2795 916 2858; x_wconf 87' lang='lat' dir='ltr'><strong>paratus</strong></span> <span class='ocrx_word' id='word_1_293' title='bbox 943 2793 1084 2842; x_wconf 88' lang='lat' dir='ltr'><strong>erat.</strong></span> <span class='ocrx_word' id='word_1_294' title='bbox 1119 2781 1235 2840; x_wconf 86' lang='lat' dir='ltr'><strong>Illic</strong></span> <span class='ocrx_word' id='word_1_295' title='bbox 1260 2783 1346 2838; x_wconf 91' lang='lat' dir='ltr'><strong>vir</strong></span> <span class='ocrx_word' id='word_1_296' title='bbox 1384 2791 1606 2838; x_wconf 89' lang='lat' dir='ltr'><strong>sanctus</strong></span> <span class='ocrx_word' id='word_1_297' title='bbox 1650 2779 1889 2835; x_wconf 88' lang='lat' dir='ltr'><strong>animum</strong></span> <span class='ocrx_word' id='word_1_298' title='bbox 1925 2776 2284 2834; x_wconf 87' lang='lat' dir='ltr'><strong>Valentiniani</strong></span> <span class='ocrx_word' id='word_1_299' title='bbox 2317 2776 2456 2832; x_wconf 88' lang='lat' dir='ltr'><strong>inse</strong></span> <span class='ocrx_word' id='word_1_300' title='bbox 2485 2791 2792 2832; x_wconf 86' lang='lat' dir='ltr'><strong>memorans</strong></span> <span class='ocrx_word' id='word_1_301' title='bbox 2819 2773 3010 2850; x_wconf 87' lang='lat' dir='ltr'><strong>(Num.</strong></span> <span class='ocrx_word' id='word_1_302' title='bbox 3043 2775 3119 2832; x_wconf 71' lang='grc'><strong>25</strong></span> <span class='ocrx_word' id='word_1_303' title='bbox 3150 2786 3202 2832; x_wconf 83' lang='lat' dir='ltr'><strong>et</strong></span> <span class='ocrx_word' id='word_1_304' title='bbox 3235 2777 3402 2850; x_wconf 62' lang='grc' dir='ltr'><strong>αφ),</strong></span> <span class='ocrx_word' id='word_1_305' title='bbox 3432 2782 3669 2848; x_wconf 82' lang='lat' dir='ltr'><strong>quantoque</strong></span> <span class='ocrx_word' id='word_1_306' title='bbox 3683 2784 3729 2822; x_wconf 71' lang='lat' dir='ltr'><strong>at-</strong></span> 
     </span>
    </p>
   </div>
   <div class='ocr_carea' id='block_1_25' title="bbox 522 2866 3729 2952">
    <p class='ocr_par' dir='ltr' id='par_1_25' title="bbox 522 2866 3729 2952">
     <span class='ocr_line' id='line_1_25' title="bbox 522 2866 3729 2952; baseline -0.007 -12"><span class='ocrx_word' id='word_1_307' title='bbox 522 2883 658 2940; x_wconf 89' lang='lat' dir='ltr'><strong>dore</strong></span> <span class='ocrx_word' id='word_1_308' title='bbox 687 2882 784 2939; x_wconf 88' lang='lat' dir='ltr'><strong>abs</strong></span> <span class='ocrx_word' id='word_1_309' title='bbox 812 2898 873 2938; x_wconf 91' lang='lat' dir='ltr'><strong>se</strong></span> <span class='ocrx_word' id='word_1_310' title='bbox 903 2879 1197 2952; x_wconf 88' lang='lat' dir='ltr'><strong>baptizari,</strong></span> <span class='ocrx_word' id='word_1_311' title='bbox 1231 2887 1287 2934; x_wconf 92' lang='lat' dir='ltr'><strong>et</strong></span> <span class='ocrx_word' id='word_1_312' title='bbox 1313 2877 1456 2950; x_wconf 91' lang='lat' dir='ltr'><strong>apud</strong></span> <span class='ocrx_word' id='word_1_313' title='bbox 1487 2875 1850 2947; x_wconf 84' lang='lat' dir='ltr'><strong>Arbogastem</strong></span> <span class='ocrx_word' id='word_1_314' title='bbox 1879 2889 1939 2930; x_wconf 86' lang='lat' dir='ltr'><strong>se</strong></span> <span class='ocrx_word' id='word_1_315' title='bbox 1969 2873 2108 2928; x_wconf 88' lang='lat' dir='ltr'><strong>vade</strong></span> <span class='ocrx_word' id='word_1_316' title='bbox 2132 2872 2213 2928; x_wconf 91' lang='lat' dir='ltr'><strong>uti</strong></span> <span class='ocrx_word' id='word_1_317' title='bbox 2247 2873 2588 2944; x_wconf 81' lang='lat' dir='ltr'><strong>exoptaverit</strong></span> <span class='ocrx_word' id='word_1_318' title='bbox 2610 2916 2626 2940; x_wconf 96' lang='lat'><strong>,</strong></span> <span class='ocrx_word' id='word_1_319' title='bbox 2656 2872 2938 2946; x_wconf 78' lang='lat' dir='ltr'><strong>eleganter</strong></span> <span class='ocrx_word' id='word_1_320' title='bbox 2963 2873 3277 2945; x_wconf 71' lang='lat' dir='ltr'><strong>erplicans,</strong></span> <span class='ocrx_word' id='word_1_321' title='bbox 3311 2866 3729 2931; x_wconf 71' lang='lat' dir='ltr'><strong>tenerrimosamais</strong></span> 
     </span>
    </p>
   </div>
   <div class='ocr_carea' id='block_1_26' title="bbox 522 2964 3729 3044">
    <p class='ocr_par' dir='ltr' id='par_1_26' title="bbox 522 2964 3729 3044">
     <span class='ocr_line' id='line_1_26' title="bbox 522 2964 3729 3044; baseline -0.003 -11"><span class='ocrx_word' id='word_1_322' title='bbox 522 2992 590 3033; x_wconf 91' lang='lat' dir='ltr'><strong>ac</strong></span> <span class='ocrx_word' id='word_1_323' title='bbox 617 2975 826 3033; x_wconf 89' lang='lat' dir='ltr'><strong>doloris</strong></span> <span class='ocrx_word' id='word_1_324' title='bbox 863 2974 948 3032; x_wconf 88' lang='lat' dir='ltr'><strong>sui</strong></span> <span class='ocrx_word' id='word_1_325' title='bbox 985 2983 1166 3030; x_wconf 89' lang='lat' dir='ltr'><strong>motus</strong></span> <span class='ocrx_word' id='word_1_326' title='bbox 1197 2985 1488 3044; x_wconf 90' lang='lat' dir='ltr'><strong>erumpere</strong></span> <span class='ocrx_word' id='word_1_327' title='bbox 1512 2971 1743 3041; x_wconf 87' lang='lat' dir='ltr'><strong>patitur;</strong></span> <span class='ocrx_word' id='word_1_328' title='bbox 1775 2979 1835 3024; x_wconf 93' lang='lat' dir='ltr'><strong>ut</strong></span> <span class='ocrx_word' id='word_1_329' title='bbox 1858 2983 1980 3038; x_wconf 72' lang='lat' dir='ltr'><strong>qua:</strong></span> <span class='ocrx_word' id='word_1_330' title='bbox 2011 2967 2064 3021; x_wconf 92' lang='lat' dir='ltr'><strong>in</strong></span> <span class='ocrx_word' id='word_1_331' title='bbox 2108 2967 2334 3039; x_wconf 75' lang='lat' dir='ltr'><strong>gratiam</strong></span> <span class='ocrx_word' id='word_1_332' title='bbox 2364 2965 2484 3038; x_wconf 89' lang='lat' dir='ltr'><strong>ejus</strong></span> <span class='ocrx_word' id='word_1_333' title='bbox 2514 2966 2774 3039; x_wconf 83' lang='lat' dir='ltr'><strong>principis</strong></span> <span class='ocrx_word' id='word_1_334' title='bbox 2800 3009 2816 3035; x_wconf 93' lang='lat'><strong>,</strong></span> <span class='ocrx_word' id='word_1_335' title='bbox 2846 2983 2876 3022; x_wconf 90' lang='lat' dir='ltr'><strong>a</strong></span> <span class='ocrx_word' id='word_1_336' title='bbox 2908 2983 3017 3040; x_wconf 90' lang='lat' dir='ltr'><strong>quo</strong></span> <span class='ocrx_word' id='word_1_337' title='bbox 3045 2969 3304 3040; x_wconf 88' lang='lat' dir='ltr'><strong>parentis</strong></span> <span class='ocrx_word' id='word_1_338' title='bbox 3350 2969 3464 3026; x_wconf 86' lang='lat' dir='ltr'><strong>loco</strong></span> <span class='ocrx_word' id='word_1_339' title='bbox 3502 2964 3729 3038; x_wconf 66' lang='lat' dir='ltr'><strong>diligebatur.</strong></span> 
     </span>
    </p>
   </div>
   <div class='ocr_carea' id='block_1_27' title="bbox 519 3057 3729 3134">
    <p class='ocr_par' dir='ltr' id='par_1_27' title="bbox 519 3057 3729 3134">
     <span class='ocr_line' id='line_1_27' title="bbox 519 3057 3729 3134; baseline -0.005 -8"><span class='ocrx_word' id='word_1_340' title='bbox 519 3077 648 3127; x_wconf 90' lang='lat' dir='ltr'><strong>vota</strong></span> <span class='ocrx_word' id='word_1_341' title='bbox 676 3078 733 3126; x_wconf 93' lang='lat' dir='ltr'><strong>et</strong></span> <span class='ocrx_word' id='word_1_342' title='bbox 756 3066 982 3126; x_wconf 85' lang='lat' dir='ltr'><strong>consilia</strong></span> <span class='ocrx_word' id='word_1_343' title='bbox 1012 3079 1109 3122; x_wconf 91' lang='lat' dir='ltr'><strong>sua</strong></span> <span class='ocrx_word' id='word_1_344' title='bbox 1142 3063 1378 3132; x_wconf 90' lang='lat' dir='ltr'><strong>fuerant,</strong></span> <span class='ocrx_word' id='word_1_345' title='bbox 1400 3062 1580 3134; x_wconf 84' lang='lat' dir='ltr'><strong>palam</strong></span> <span class='ocrx_word' id='word_1_346' title='bbox 1608 3061 1829 3118; x_wconf 87' lang='lat' dir='ltr'><strong>faceret.</strong></span> <span class='ocrx_word' id='word_1_347' title='bbox 1869 3059 1941 3113; x_wconf 85' lang='lat' dir='ltr'><strong>De</strong></span> <span class='ocrx_word' id='word_1_348' title='bbox 1971 3057 2098 3114; x_wconf 88' lang='lat' dir='ltr'><strong>hinc</strong></span> <span class='ocrx_word' id='word_1_349' title='bbox 2125 3067 2325 3130; x_wconf 87' lang='lat' dir='ltr'><strong>quanta</strong></span> <span class='ocrx_word' id='word_1_350' title='bbox 2353 3057 2731 3115; x_wconf 81' lang='lat' dir='ltr'><strong>benevolentia</strong></span> <span class='ocrx_word' id='word_1_351' title='bbox 2759 3061 2986 3128; x_wconf 89' lang='lat' dir='ltr'><strong>amicos,</strong></span> <span class='ocrx_word' id='word_1_352' title='bbox 3015 3072 3226 3131; x_wconf 83' lang='lat' dir='ltr'><strong>quanta</strong></span> <span class='ocrx_word' id='word_1_353' title='bbox 3276 3061 3526 3119; x_wconf 87' lang='lat' dir='ltr'><strong>cbaritate</strong></span> <span class='ocrx_word' id='word_1_354' title='bbox 3557 3066 3729 3130; x_wconf 67' lang='lat' dir='ltr'><strong>germanis</strong></span> 
     </span>
    </p>
   </div>
   <div class='ocr_carea' id='block_1_28' title="bbox 520 3149 3731 3236">
    <p class='ocr_par' dir='ltr' id='par_1_28' title="bbox 520 3149 3731 3236">
     <span class='ocr_line' id='line_1_28' title="bbox 520 3149 3731 3236; baseline -0.007 -13"><span class='ocrx_word' id='word_1_355' title='bbox 520 3180 652 3224; x_wconf 83' lang='lat' dir='ltr'><strong>suas</strong></span> <span class='ocrx_word' id='word_1_356' title='bbox 679 3165 978 3236; x_wconf 91' lang='lat' dir='ltr'><strong>imperator</strong></span> <span class='ocrx_word' id='word_1_357' title='bbox 1006 3159 1329 3231; x_wconf 81' lang='lat' dir='ltr'><strong>complexus</strong></span> <span class='ocrx_word' id='word_1_358' title='bbox 1359 3156 1546 3224; x_wconf 87' lang='lat' dir='ltr'><strong>fuerit,</strong></span> <span class='ocrx_word' id='word_1_359' title='bbox 1571 3156 1707 3211; x_wconf 87' lang='lat' dir='ltr'><strong>scite</strong></span> <span class='ocrx_word' id='word_1_360' title='bbox 1734 3152 2031 3225; x_wconf 80' lang='lat' dir='ltr'><strong>ampliﬁcat</strong></span> <span class='ocrx_word' id='word_1_361' title='bbox 2057 3149 2246 3226; x_wconf 81' lang='lat' dir='ltr'><strong>(Num.</strong></span> <span class='ocrx_word' id='word_1_362' title='bbox 2267 3153 2338 3211; x_wconf 77' lang='grc'><strong>35</strong></span> <span class='ocrx_word' id='word_1_363' title='bbox 2361 3162 2408 3209; x_wconf 85' lang='lat' dir='ltr'><strong>et</strong></span> <span class='ocrx_word' id='word_1_364' title='bbox 2427 3152 2584 3226; x_wconf 83' lang='lat' dir='ltr'><strong>seq.).</strong></span> <span class='ocrx_word' id='word_1_365' title='bbox 2619 3153 2688 3210; x_wconf 87' lang='lat' dir='ltr'><strong>Et</strong></span> <span class='ocrx_word' id='word_1_366' title='bbox 2717 3155 2965 3212; x_wconf 90' lang='lat' dir='ltr'><strong>oratione</strong></span> <span class='ocrx_word' id='word_1_367' title='bbox 2995 3157 3062 3212; x_wconf 87' lang='lat' dir='ltr'><strong>ad</strong></span> <span class='ocrx_word' id='word_1_368' title='bbox 3097 3155 3202 3212; x_wconf 88' lang='lat' dir='ltr'><strong>has</strong></span> <span class='ocrx_word' id='word_1_369' title='bbox 3226 3171 3485 3214; x_wconf 85' lang='lat' dir='ltr'><strong>conversa</strong></span> <span class='ocrx_word' id='word_1_370' title='bbox 3511 3154 3604 3226; x_wconf 90' lang='lat' dir='ltr'><strong>quis</strong></span> <span class='ocrx_word' id='word_1_371' title='bbox 3624 3164 3731 3208; x_wconf 62' lang='lat' dir='ltr'><strong>tusca-</strong></span> 
     </span>
    </p>
   </div>
   <div class='ocr_carea' id='block_1_29' title="bbox 520 3247 3728 3332">
    <p class='ocr_par' dir='ltr' id='par_1_29' title="bbox 520 3247 3728 3332">
     <span class='ocr_line' id='line_1_29' title="bbox 520 3247 3728 3332; baseline -0.006 -15"><span class='ocrx_word' id='word_1_372' title='bbox 520 3260 626 3317; x_wconf 88' lang='lat' dir='ltr'><strong>dus</strong></span> <span class='ocrx_word' id='word_1_373' title='bbox 651 3261 720 3316; x_wconf 87' lang='lat' dir='ltr'><strong>sit</strong></span> <span class='ocrx_word' id='word_1_374' title='bbox 749 3260 804 3326; x_wconf 81' lang='lat' dir='ltr'><strong>in</strong></span> <span class='ocrx_word' id='word_1_375' title='bbox 830 3256 1062 3332; x_wconf 81' lang='lat' dir='ltr'><strong>lugenda</strong></span> <span class='ocrx_word' id='word_1_376' title='bbox 1088 3254 1273 3312; x_wconf 87' lang='lat' dir='ltr'><strong>fratris</strong></span> <span class='ocrx_word' id='word_1_377' title='bbox 1304 3262 1482 3310; x_wconf 88' lang='lat' dir='ltr'><strong>morte</strong></span> <span class='ocrx_word' id='word_1_378' title='bbox 1511 3253 1580 3308; x_wconf 85' lang='lat' dir='ltr'><strong>ab</strong></span> <span class='ocrx_word' id='word_1_379' title='bbox 1615 3253 1696 3307; x_wconf 89' lang='lat' dir='ltr'><strong>eis</strong></span> <span class='ocrx_word' id='word_1_380' title='bbox 1727 3251 1919 3308; x_wconf 84' lang='lat' dir='ltr'><strong>modus</strong></span> <span class='ocrx_word' id='word_1_381' title='bbox 1942 3289 1958 3316; x_wconf 91' lang='lat'><strong>,</strong></span> <span class='ocrx_word' id='word_1_382' title='bbox 1987 3248 2190 3307; x_wconf 85' lang='lat' dir='ltr'><strong>docere</strong></span> <span class='ocrx_word' id='word_1_383' title='bbox 2231 3249 2544 3322; x_wconf 79' lang='lat' dir='ltr'><strong>aggreditur</strong></span> <span class='ocrx_word' id='word_1_384' title='bbox 2573 3249 2763 3320; x_wconf 85' lang='lat' dir='ltr'><strong>(Nam.</strong></span> <span class='ocrx_word' id='word_1_385' title='bbox 2793 3250 2860 3307; x_wconf 78' lang='lat' dir='ltr'><strong>4i</strong></span> <span class='ocrx_word' id='word_1_386' title='bbox 2890 3261 2936 3308; x_wconf 82' lang='lat' dir='ltr'><strong>et</strong></span> <span class='ocrx_word' id='word_1_387' title='bbox 2963 3249 3134 3324; x_wconf 86' lang='lat' dir='ltr'><strong>seq.);</strong></span> <span class='ocrx_word' id='word_1_388' title='bbox 3173 3253 3426 3325; x_wconf 78' lang='lat' dir='ltr'><strong>illudque</strong></span> <span class='ocrx_word' id='word_1_389' title='bbox 3461 3252 3572 3307; x_wconf 85' lang='lat' dir='ltr'><strong>lenit</strong></span> <span class='ocrx_word' id='word_1_390' title='bbox 3599 3247 3728 3316; x_wconf 62' lang='lat' dir='ltr'><strong>diligis</strong></span> 
     </span>
    </p>
   </div>
   <div class='ocr_carea' id='block_1_30' title="bbox 521 3337 3729 3427">
    <p class='ocr_par' dir='ltr' id='par_1_30' title="bbox 521 3337 3729 3427">
     <span class='ocr_line' id='line_1_30' title="bbox 521 3337 3729 3427; baseline -0.005 -14"><span class='ocrx_word' id='word_1_391' title='bbox 521 3357 630 3413; x_wconf 89' lang='lat' dir='ltr'><strong>tius</strong></span> <span class='ocrx_word' id='word_1_392' title='bbox 657 3354 851 3427; x_wconf 84' lang='lat' dir='ltr'><strong>(Num.</strong></span> <span class='ocrx_word' id='word_1_393' title='bbox 885 3353 950 3410; x_wconf 81' lang='grc'><strong>51</strong></span> <span class='ocrx_word' id='word_1_394' title='bbox 993 3362 1043 3408; x_wconf 86' lang='lat' dir='ltr'><strong>et</strong></span> <span class='ocrx_word' id='word_1_395' title='bbox 1086 3349 1246 3424; x_wconf 85' lang='lat' dir='ltr'><strong>seq.),</strong></span> <span class='ocrx_word' id='word_1_396' title='bbox 1279 3349 1424 3423; x_wconf 91' lang='lat' dir='ltr'><strong>quod</strong></span> <span class='ocrx_word' id='word_1_397' title='bbox 1468 3349 1522 3404; x_wconf 91' lang='lat' dir='ltr'><strong>in</strong></span> <span class='ocrx_word' id='word_1_398' title='bbox 1551 3363 1618 3404; x_wconf 94' lang='lat' dir='ltr'><strong>co</strong></span> <span class='ocrx_word' id='word_1_399' title='bbox 1646 3348 1821 3423; x_wconf 77' lang='lat' dir='ltr'><strong>magis</strong></span> <span class='ocrx_word' id='word_1_400' title='bbox 1853 3344 2130 3403; x_wconf 78' lang='lat' dir='ltr'><strong>deﬂebant</strong></span> <span class='ocrx_word' id='word_1_401' title='bbox 2155 3387 2172 3414; x_wconf 89' lang='lat'><strong>,</strong></span> <span class='ocrx_word' id='word_1_402' title='bbox 2201 3345 2380 3416; x_wconf 76' lang='lat' dir='ltr'><strong>ipsum</strong></span> <span class='ocrx_word' id='word_1_403' title='bbox 2430 3344 2686 3402; x_wconf 85' lang='lat' dir='ltr'><strong>videlicet</strong></span> <span class='ocrx_word' id='word_1_404' title='bbox 2728 3356 3020 3418; x_wconf 84' lang='lat' dir='ltr'><strong>antequam</strong></span> <span class='ocrx_word' id='word_1_405' title='bbox 3061 3346 3346 3419; x_wconf 89' lang='lat' dir='ltr'><strong>baptismo</strong></span> <span class='ocrx_word' id='word_1_406' title='bbox 3390 3337 3729 3412; x_wconf 67' lang='lat' dir='ltr'><strong>initiaretumiu</strong></span> 
     </span>
    </p>
   </div>
   <div class='ocr_carea' id='block_1_31' title="bbox 521 3437 3729 3520">
    <p class='ocr_par' dir='ltr' id='par_1_31' title="bbox 521 3437 3729 3520">
     <span class='ocr_line' id='line_1_31' title="bbox 521 3437 3729 3520; baseline -0.008 -12"><span class='ocrx_word' id='word_1_407' title='bbox 521 3450 860 3520; x_wconf 78' lang='lat' dir='ltr'><strong>defunctum.</strong></span> <span class='ocrx_word' id='word_1_408' title='bbox 896 3447 980 3506; x_wconf 77' lang='lat' dir='ltr'><strong>Ab</strong></span> <span class='ocrx_word' id='word_1_409' title='bbox 1021 3461 1085 3504; x_wconf 88' lang='lat' dir='ltr'><strong>ea</strong></span> <span class='ocrx_word' id='word_1_410' title='bbox 1133 3444 1511 3503; x_wconf 86' lang='lat' dir='ltr'><strong>consolatione</strong></span> <span class='ocrx_word' id='word_1_411' title='bbox 1552 3440 1619 3498; x_wconf 87' lang='lat' dir='ltr'><strong>ad</strong></span> <span class='ocrx_word' id='word_1_412' title='bbox 1658 3455 1850 3512; x_wconf 89' lang='lat' dir='ltr'><strong>preces</strong></span> <span class='ocrx_word' id='word_1_413' title='bbox 1901 3442 2046 3496; x_wconf 84' lang='lat' dir='ltr'><strong>venit</strong></span> <span class='ocrx_word' id='word_1_414' title='bbox 2076 3480 2090 3504; x_wconf 94' lang='lat'><strong>,</strong></span> <span class='ocrx_word' id='word_1_415' title='bbox 2124 3447 2289 3511; x_wconf 87' lang='lat' dir='ltr'><strong>atque</strong></span> <span class='ocrx_word' id='word_1_416' title='bbox 2335 3437 2534 3494; x_wconf 79' lang='lat' dir='ltr'><strong>obnixe</strong></span> <span class='ocrx_word' id='word_1_417' title='bbox 2564 3439 2803 3494; x_wconf 89' lang='lat' dir='ltr'><strong>divinam</strong></span> <span class='ocrx_word' id='word_1_418' title='bbox 2835 3439 3192 3496; x_wconf 87' lang='lat' dir='ltr'><strong>clementiam</strong></span> <span class='ocrx_word' id='word_1_419' title='bbox 3216 3482 3233 3509; x_wconf 94' lang='lat'><strong>,</strong></span> <span class='ocrx_word' id='word_1_420' title='bbox 3267 3456 3337 3497; x_wconf 89' lang='lat' dir='ltr'><strong>ne</strong></span> <span class='ocrx_word' id='word_1_421' title='bbox 3366 3437 3729 3496; x_wconf 63' lang='lat' dir='ltr'><strong>Valentiniani</strong></span> 
     </span>
    </p>
   </div>
   <div class='ocr_carea' id='block_1_32' title="bbox 521 3529 3731 3614">
    <p class='ocr_par' dir='ltr' id='par_1_32' title="bbox 521 3529 3731 3614">
     <span class='ocr_line' id='line_1_32' title="bbox 521 3529 3731 3614; baseline -0.007 -12"><span class='ocrx_word' id='word_1_422' title='bbox 521 3543 785 3602; x_wconf 87' lang='lat' dir='ltr'><strong>Gratiano</strong></span> <span class='ocrx_word' id='word_1_423' title='bbox 829 3541 1042 3614; x_wconf 85' lang='lat' dir='ltr'><strong>sejuugi</strong></span> <span class='ocrx_word' id='word_1_424' title='bbox 1069 3539 1272 3605; x_wconf 93' lang='lat' dir='ltr'><strong>vellet,</strong></span> <span class='ocrx_word' id='word_1_425' title='bbox 1306 3550 1470 3591; x_wconf 89' lang='lat' dir='ltr'><strong>orans</strong></span> <span class='ocrx_word' id='word_1_426' title='bbox 1495 3544 1552 3590; x_wconf 87' lang='lat' dir='ltr'><strong>et</strong></span> <span class='ocrx_word' id='word_1_427' title='bbox 1580 3533 1879 3590; x_wconf 82' lang='lat' dir='ltr'><strong>obsecrans</strong></span> <span class='ocrx_word' id='word_1_428' title='bbox 1901 3572 1917 3600; x_wconf 95' lang='lat'><strong>,</strong></span> <span class='ocrx_word' id='word_1_429' title='bbox 1946 3531 2226 3588; x_wconf 87' lang='lat' dir='ltr'><strong>auditores</strong></span> <span class='ocrx_word' id='word_1_430' title='bbox 2255 3545 2386 3586; x_wconf 85' lang='lat' dir='ltr'><strong>suos</strong></span> <span class='ocrx_word' id='word_1_431' title='bbox 2415 3540 2472 3586; x_wconf 83' lang='grc' dir='ltr'><strong>ιιι</strong></span> <span class='ocrx_word' id='word_1_432' title='bbox 2500 3530 2642 3586; x_wconf 88' lang='lat' dir='ltr'><strong>votis</strong></span> <span class='ocrx_word' id='word_1_433' title='bbox 2667 3531 3051 3588; x_wconf 89' lang='lat' dir='ltr'><strong>communibus</strong></span> <span class='ocrx_word' id='word_1_434' title='bbox 3096 3533 3328 3608; x_wconf 78' lang='lat' dir='ltr'><strong>utrique</strong></span> <span class='ocrx_word' id='word_1_435' title='bbox 3361 3532 3516 3588; x_wconf 86' lang='lat' dir='ltr'><strong>Deum</strong></span> <span class='ocrx_word' id='word_1_436' title='bbox 3546 3529 3731 3604; x_wconf 70' lang='lat' dir='ltr'><strong>placarem.</strong></span> 
     </span>
    </p>
   </div>
   <div class='ocr_carea' id='block_1_33' title="bbox 525 3618 3732 3707">
    <p class='ocr_par' dir='ltr' id='par_1_33' title="bbox 525 3618 3732 3707">
     <span class='ocr_line' id='line_1_33' title="bbox 525 3618 3732 3707; baseline -0.005 -13"><span class='ocrx_word' id='word_1_437' title='bbox 525 3637 848 3694; x_wconf 80' lang='lat' dir='ltr'><strong>exhortatur</strong></span> <span class='ocrx_word' id='word_1_438' title='bbox 875 3631 1066 3707; x_wconf 88' lang='lat' dir='ltr'><strong>(Num.</strong></span> <span class='ocrx_word' id='word_1_439' title='bbox 1097 3629 1167 3686; x_wconf 70' lang='grc' dir='ltr'>δι</span> <span class='ocrx_word' id='word_1_440' title='bbox 1199 3641 1247 3686; x_wconf 87' lang='lat' dir='ltr'><strong>et</strong></span> <span class='ocrx_word' id='word_1_441' title='bbox 1274 3627 1432 3701; x_wconf 86' lang='lat' dir='ltr'><strong>seq.).</strong></span> <span class='ocrx_word' id='word_1_442' title='bbox 1466 3627 1598 3684; x_wconf 89' lang='lat' dir='ltr'><strong>Post</strong></span> <span class='ocrx_word' id='word_1_443' title='bbox 1630 3641 1753 3698; x_wconf 76' lang='lat' dir='ltr'><strong>qua:</strong></span> <span class='ocrx_word' id='word_1_444' title='bbox 1781 3626 2067 3681; x_wconf 87' lang='lat' dir='ltr'><strong>amborum</strong></span> <span class='ocrx_word' id='word_1_445' title='bbox 2100 3625 2258 3682; x_wconf 88' lang='lat' dir='ltr'><strong>dotes</strong></span> <span class='ocrx_word' id='word_1_446' title='bbox 2290 3625 2484 3696; x_wconf 88' lang='lat' dir='ltr'><strong>majori</strong></span> <span class='ocrx_word' id='word_1_447' title='bbox 2512 3625 2809 3696; x_wconf 81' lang='lat' dir='ltr'><strong>Splendore</strong></span> <span class='ocrx_word' id='word_1_448' title='bbox 2833 3627 3248 3696; x_wconf 87' lang='lat' dir='ltr'><strong>illustratnrus,</strong></span> <span class='ocrx_word' id='word_1_449' title='bbox 3281 3630 3388 3686; x_wconf 88' lang='lat' dir='ltr'><strong>illis</strong></span> <span class='ocrx_word' id='word_1_450' title='bbox 3415 3629 3608 3701; x_wconf 81' lang='lat' dir='ltr'><strong>applicat</strong></span> <span class='ocrx_word' id='word_1_451' title='bbox 3627 3618 3732 3678; x_wconf 66' lang='lat' dir='ltr'><strong>Cani-</strong></span> 
     </span>
    </p>
   </div>
   <div class='ocr_carea' id='block_1_34' title="bbox 523 3712 3731 3797">
    <p class='ocr_par' dir='ltr' id='par_1_34' title="bbox 523 3712 3731 3797">
     <span class='ocr_line' id='line_1_34' title="bbox 523 3712 3731 3797; baseline -0.005 -11"><span class='ocrx_word' id='word_1_452' title='bbox 523 3743 714 3786; x_wconf 89' lang='lat' dir='ltr'><strong>corum</strong></span> <span class='ocrx_word' id='word_1_453' title='bbox 743 3727 898 3784; x_wconf 88' lang='lat' dir='ltr'><strong>locos</strong></span> <span class='ocrx_word' id='word_1_454' title='bbox 926 3725 1156 3797; x_wconf 89' lang='lat' dir='ltr'><strong>aliquot,</strong></span> <span class='ocrx_word' id='word_1_455' title='bbox 1187 3721 1284 3780; x_wconf 90' lang='lat' dir='ltr'><strong>sed</strong></span> <span class='ocrx_word' id='word_1_456' title='bbox 1315 3729 1521 3777; x_wconf 89' lang='lat' dir='ltr'><strong>tantam</strong></span> <span class='ocrx_word' id='word_1_457' title='bbox 1548 3720 1859 3776; x_wconf 88' lang='lat' dir='ltr'><strong>cautionem</strong></span> <span class='ocrx_word' id='word_1_458' title='bbox 1882 3718 2312 3792; x_wconf 81' lang='lat' dir='ltr'><strong>religionemque</strong></span> <span class='ocrx_word' id='word_1_459' title='bbox 2339 3717 2503 3774; x_wconf 85' lang='lat' dir='ltr'><strong>isthic</strong></span> <span class='ocrx_word' id='word_1_460' title='bbox 2533 3718 2760 3776; x_wconf 88' lang='lat' dir='ltr'><strong>adhibet</strong></span> <span class='ocrx_word' id='word_1_461' title='bbox 2791 3717 2985 3792; x_wconf 82' lang='lat' dir='ltr'><strong>(Nunt.</strong></span> <span class='ocrx_word' id='word_1_462' title='bbox 3010 3719 3080 3777; x_wconf 79' lang='lat'><strong>58</strong></span> <span class='ocrx_word' id='word_1_463' title='bbox 3101 3733 3151 3776; x_wconf 83' lang='lat' dir='ltr'><strong>et</strong></span> <span class='ocrx_word' id='word_1_464' title='bbox 3180 3727 3346 3797; x_wconf 59' lang='grc' dir='ltr'><strong>δρψ),</strong></span> <span class='ocrx_word' id='word_1_465' title='bbox 3373 3733 3426 3779; x_wconf 82' lang='grc' dir='ltr'><strong>ιιι</strong></span> <span class='ocrx_word' id='word_1_466' title='bbox 3445 3712 3731 3778; x_wconf 61' lang='lat' dir='ltr'><strong>omnemom-</strong></span> 
     </span>
    </p>
   </div>
   <div class='ocr_carea' id='block_1_35' title="bbox 521 3815 3732 3889">
    <p class='ocr_par' dir='ltr' id='par_1_35' title="bbox 521 3815 3732 3889">
     <span class='ocr_line' id='line_1_35' title="bbox 521 3815 3732 3889; baseline -0.004 -7"><span class='ocrx_word' id='word_1_467' title='bbox 521 3823 698 3882; x_wconf 88' lang='lat' dir='ltr'><strong>sionis</strong></span> <span class='ocrx_word' id='word_1_468' title='bbox 726 3832 820 3879; x_wconf 91' lang='lat' dir='ltr'><strong>aut</strong></span> <span class='ocrx_word' id='word_1_469' title='bbox 847 3821 1135 3878; x_wconf 70' lang='lat' dir='ltr'><strong>calumniae</strong></span> <span class='ocrx_word' id='word_1_470' title='bbox 1164 3833 1356 3876; x_wconf 85' lang='lat' dir='ltr'><strong>ansam</strong></span> <span class='ocrx_word' id='word_1_471' title='bbox 1383 3815 1666 3888; x_wconf 74' lang='lat' dir='ltr'><strong>prtecidat.</strong></span> <span class='ocrx_word' id='word_1_472' title='bbox 1697 3815 1780 3872; x_wconf 80' lang='lat' dir='ltr'><strong>Ad</strong></span> <span class='ocrx_word' id='word_1_473' title='bbox 1807 3825 2116 3872; x_wconf 80' lang='lat' dir='ltr'><strong>extremum</strong></span> <span class='ocrx_word' id='word_1_474' title='bbox 2165 3815 2253 3871; x_wconf 91' lang='lat' dir='ltr'><strong>ubi</strong></span> <span class='ocrx_word' id='word_1_475' title='bbox 2297 3825 2586 3887; x_wconf 86' lang='lat' dir='ltr'><strong>persancte</strong></span> <span class='ocrx_word' id='word_1_476' title='bbox 2611 3826 2956 3874; x_wconf 85' lang='lat' dir='ltr'><strong>contestatus</strong></span> <span class='ocrx_word' id='word_1_477' title='bbox 2985 3831 3073 3876; x_wconf 89' lang='lat' dir='ltr'><strong>est</strong></span> <span class='ocrx_word' id='word_1_478' title='bbox 3101 3821 3313 3878; x_wconf 85' lang='lat' dir='ltr'><strong>nullam</strong></span> <span class='ocrx_word' id='word_1_479' title='bbox 3342 3822 3442 3879; x_wconf 89' lang='lat' dir='ltr'><strong>sibi</strong></span> <span class='ocrx_word' id='word_1_480' title='bbox 3468 3831 3658 3889; x_wconf 80' lang='lat' dir='ltr'><strong>umquam</strong></span> <span class='ocrx_word' id='word_1_481' title='bbox 3682 3821 3732 3864; x_wconf 62' lang='lat' dir='ltr'><strong>ut</strong></span> 
     </span>
    </p>
   </div>
   <div class='ocr_carea' id='block_1_36' title="bbox 524 3899 3732 3988">
    <p class='ocr_par' dir='ltr' id='par_1_36' title="bbox 524 3899 3732 3988">
     <span class='ocr_line' id='line_1_36' title="bbox 524 3899 3732 3988; baseline -0 -13"><span class='ocrx_word' id='word_1_482' title='bbox 524 3927 582 3982; x_wconf 89' lang='lat' dir='ltr'><strong>in</strong></span> <span class='ocrx_word' id='word_1_483' title='bbox 629 3916 882 3988; x_wconf 87' lang='lat' dir='ltr'><strong>precibus</strong></span> <span class='ocrx_word' id='word_1_484' title='bbox 927 3929 1030 3971; x_wconf 93' lang='lat' dir='ltr'><strong>nec</strong></span> <span class='ocrx_word' id='word_1_485' title='bbox 1064 3914 1118 3970; x_wconf 92' lang='lat' dir='ltr'><strong>iu</strong></span> <span class='ocrx_word' id='word_1_486' title='bbox 1159 3910 1446 3968; x_wconf 78' lang='lat' dir='ltr'><strong>sacriﬁciis</strong></span> <span class='ocrx_word' id='word_1_487' title='bbox 1487 3911 1754 3980; x_wconf 85' lang='lat' dir='ltr'><strong>obrepere</strong></span> <span class='ocrx_word' id='word_1_488' title='bbox 1797 3923 1960 3980; x_wconf 89' lang='lat' dir='ltr'><strong>posse</strong></span> <span class='ocrx_word' id='word_1_489' title='bbox 1997 3908 2328 3964; x_wconf 86' lang='lat' dir='ltr'><strong>oblivionem</strong></span> <span class='ocrx_word' id='word_1_490' title='bbox 2361 3909 2552 3965; x_wconf 91' lang='lat' dir='ltr'><strong>borum</strong></span> <span class='ocrx_word' id='word_1_491' title='bbox 2579 3911 2924 3982; x_wconf 86' lang='lat' dir='ltr'><strong>principum,</strong></span> <span class='ocrx_word' id='word_1_492' title='bbox 2956 3927 3148 3969; x_wconf 90' lang='lat' dir='ltr'><strong>rursus</strong></span> <span class='ocrx_word' id='word_1_493' title='bbox 3187 3917 3375 3972; x_wconf 90' lang='lat' dir='ltr'><strong>dolori</strong></span> <span class='ocrx_word' id='word_1_494' title='bbox 3414 3914 3548 3972; x_wconf 86' lang='lat' dir='ltr'><strong>frena</strong></span> <span class='ocrx_word' id='word_1_495' title='bbox 3573 3899 3732 3984; x_wconf 60' lang='grc' dir='ltr'><strong>ιιετιβῖῖιίῖ</strong></span> 
     </span>
    </p>
   </div>
   <div class='ocr_carea' id='block_1_37' title="bbox 525 4001 3733 4084">
    <p class='ocr_par' dir='ltr' id='par_1_37' title="bbox 525 4001 3733 4084">
     <span class='ocr_line' id='line_1_37' title="bbox 525 4001 3733 4084; baseline -0.003 -14"><span class='ocrx_word' id='word_1_496' title='bbox 525 4009 721 4084; x_wconf 82' lang='lat' dir='ltr'><strong>(Nunt.</strong></span> <span class='ocrx_word' id='word_1_497' title='bbox 757 4013 822 4068; x_wconf 88' lang='lat'><strong>77</strong></span> <span class='ocrx_word' id='word_1_498' title='bbox 850 4021 898 4068; x_wconf 85' lang='lat' dir='ltr'><strong>et</strong></span> <span class='ocrx_word' id='word_1_499' title='bbox 927 4006 1064 4081; x_wconf 85' lang='lat' dir='ltr'><strong>seq.)</strong></span> <span class='ocrx_word' id='word_1_500' title='bbox 1089 4025 1103 4063; x_wconf 91' lang='lat'><strong>:</strong></span> <span class='ocrx_word' id='word_1_501' title='bbox 1127 4007 1225 4064; x_wconf 89' lang='lat' dir='ltr'><strong>sed</strong></span> <span class='ocrx_word' id='word_1_502' title='bbox 1251 4006 1339 4062; x_wconf 90' lang='lat' dir='ltr'><strong>hic</strong></span> <span class='ocrx_word' id='word_1_503' title='bbox 1366 4019 1584 4077; x_wconf 89' lang='lat' dir='ltr'><strong>quoque</strong></span> <span class='ocrx_word' id='word_1_504' title='bbox 1610 4003 1678 4058; x_wconf 88' lang='lat' dir='ltr'><strong>ad</strong></span> <span class='ocrx_word' id='word_1_505' title='bbox 1709 4003 1880 4060; x_wconf 90' lang='lat' dir='ltr'><strong>Deum</strong></span> <span class='ocrx_word' id='word_1_506' title='bbox 1911 4001 2236 4073; x_wconf 86' lang='lat' dir='ltr'><strong>confugiens</strong></span> <span class='ocrx_word' id='word_1_507' title='bbox 2261 4043 2276 4068; x_wconf 90' lang='lat'><strong>,</strong></span> <span class='ocrx_word' id='word_1_508' title='bbox 2309 4001 2380 4059; x_wconf 89' lang='lat' dir='ltr'><strong>ab</strong></span> <span class='ocrx_word' id='word_1_509' title='bbox 2401 4018 2469 4059; x_wconf 89' lang='lat' dir='ltr'><strong>eo</strong></span> <span class='ocrx_word' id='word_1_510' title='bbox 2493 4003 2753 4076; x_wconf 81' lang='lat' dir='ltr'><strong>efﬂagitat</strong></span> <span class='ocrx_word' id='word_1_511' title='bbox 2785 4005 2978 4080; x_wconf 76' lang='lat' dir='ltr'><strong>(Num.</strong></span> <span class='ocrx_word' id='word_1_512' title='bbox 3005 4006 3099 4080; x_wconf 88' lang='lat' dir='ltr'><strong>8i)</strong></span> <span class='ocrx_word' id='word_1_513' title='bbox 3124 4050 3139 4075; x_wconf 87' lang='lat'><strong>,</strong></span> <span class='ocrx_word' id='word_1_514' title='bbox 3182 4027 3255 4067; x_wconf 92' lang='lat' dir='ltr'><strong>ne</strong></span> <span class='ocrx_word' id='word_1_515' title='bbox 3281 4026 3342 4067; x_wconf 85' lang='lat' dir='ltr'><strong>se</strong></span> <span class='ocrx_word' id='word_1_516' title='bbox 3366 4009 3431 4066; x_wconf 87' lang='lat' dir='ltr'><strong>ab</strong></span> <span class='ocrx_word' id='word_1_517' title='bbox 3459 4009 3552 4066; x_wconf 84' lang='lat' dir='ltr'><strong>iliis</strong></span> <span class='ocrx_word' id='word_1_518' title='bbox 3575 4006 3615 4060; x_wconf 86' lang='lat' dir='ltr'><strong>in</strong></span> <span class='ocrx_word' id='word_1_519' title='bbox 3633 4003 3733 4057; x_wconf 63' lang='lat' dir='ltr'><strong>laturi</strong></span> 
     </span>
    </p>
   </div>
   <div class='ocr_carea' id='block_1_38' title="bbox 525 4095 3373 4174">
    <p class='ocr_par' dir='ltr' id='par_1_38' title="bbox 525 4095 3373 4174">
     <span class='ocr_line' id='line_1_38' title="bbox 525 4095 3373 4174; baseline -0.002 -8"><span class='ocrx_word' id='word_1_520' title='bbox 525 4123 646 4166; x_wconf 83' lang='lat' dir='ltr'><strong>aevo</strong></span> <span class='ocrx_word' id='word_1_521' title='bbox 671 4107 816 4164; x_wconf 85' lang='lat' dir='ltr'><strong>sinat</strong></span> <span class='ocrx_word' id='word_1_522' title='bbox 841 4102 1099 4172; x_wconf 75' lang='lat' dir='ltr'><strong>distrahi,</strong></span> <span class='ocrx_word' id='word_1_523' title='bbox 1128 4111 1186 4162; x_wconf 75' lang='lat' dir='ltr'><strong>at</strong></span> <span class='ocrx_word' id='word_1_524' title='bbox 1216 4101 1565 4162; x_wconf 69' lang='lat' dir='ltr'><strong>immaturam</strong></span> <span class='ocrx_word' id='word_1_525' title='bbox 1591 4097 1812 4156; x_wconf 77' lang='lat' dir='ltr'><strong>illorum</strong></span> <span class='ocrx_word' id='word_1_526' title='bbox 1838 4103 2072 4154; x_wconf 66' lang='lat' dir='ltr'><strong>nionem</strong></span> <span class='ocrx_word' id='word_1_527' title='bbox 2101 4095 2416 4158; x_wconf 77' lang='lat' dir='ltr'><strong>maturioris</strong></span> <span class='ocrx_word' id='word_1_528' title='bbox 2443 4098 2820 4160; x_wconf 70' lang='lat' dir='ltr'><strong>ausebationis</strong></span> <span class='ocrx_word' id='word_1_529' title='bbox 2847 4099 2994 4158; x_wconf 86' lang='lat' dir='ltr'><strong>dono</strong></span> <span class='ocrx_word' id='word_1_530' title='bbox 3024 4114 3373 4174; x_wconf 64' lang='lat' dir='ltr'><strong>compensat.</strong></span> 
     </span>
    </p>
   </div>
   <div class='ocr_carea' id='block_1_39' title="bbox 598 4188 3732 4274">
    <p class='ocr_par' dir='ltr' id='par_1_39' title="bbox 598 4188 3732 4274">
     <span class='ocr_line' id='line_1_39' title="bbox 598 4188 3732 4274; baseline -0.003 -19"><span class='ocrx_word' id='word_1_531' title='bbox 598 4199 684 4255; x_wconf 79' lang='lat' dir='ltr'><strong>Ex</strong></span> <span class='ocrx_word' id='word_1_532' title='bbox 711 4197 813 4254; x_wconf 88' lang='lat' dir='ltr'><strong>hac</strong></span> <span class='ocrx_word' id='word_1_533' title='bbox 840 4195 1095 4259; x_wconf 77' lang='lat' dir='ltr'><strong>oratione</strong></span> <span class='ocrx_word' id='word_1_534' title='bbox 1119 4193 1271 4250; x_wconf 71' lang='lat' dir='ltr'><strong>haud</strong></span> <span class='ocrx_word' id='word_1_535' title='bbox 1297 4206 1446 4264; x_wconf 68' lang='lat' dir='ltr'><strong>aegre</strong></span> <span class='ocrx_word' id='word_1_536' title='bbox 1468 4190 1854 4262; x_wconf 83' lang='lat' dir='ltr'><strong>cognoscimus</strong></span> <span class='ocrx_word' id='word_1_537' title='bbox 1883 4205 2006 4248; x_wconf 89' lang='lat' dir='ltr'><strong>eam</strong></span> <span class='ocrx_word' id='word_1_538' title='bbox 2037 4197 2150 4244; x_wconf 78' lang='lat' dir='ltr'><strong>tum</strong></span> <span class='ocrx_word' id='word_1_539' title='bbox 2182 4190 2446 4260; x_wconf 89' lang='lat' dir='ltr'><strong>temporis</strong></span> <span class='ocrx_word' id='word_1_540' title='bbox 2477 4189 2720 4246; x_wconf 88' lang='lat' dir='ltr'><strong>habitam</strong></span> <span class='ocrx_word' id='word_1_541' title='bbox 2751 4207 2896 4260; x_wconf 90' lang='lat' dir='ltr'><strong>esse,</strong></span> <span class='ocrx_word' id='word_1_542' title='bbox 2927 4209 3052 4249; x_wconf 90' lang='lat' dir='ltr'><strong>cum</strong></span> <span class='ocrx_word' id='word_1_543' title='bbox 3087 4195 3478 4254; x_wconf 72' lang='lat' dir='ltr'><strong>Valentiniano</strong></span> <span class='ocrx_word' id='word_1_544' title='bbox 3492 4196 3608 4274; x_wconf 77' lang='lat' dir='ltr'><strong>justa</strong></span> <span class='ocrx_word' id='word_1_545' title='bbox 3627 4188 3732 4246; x_wconf 68' lang='lat' dir='ltr'><strong>solit-</strong></span> 
     </span>
    </p>
   </div>
   <div class='ocr_carea' id='block_1_40' title="bbox 525 4283 3733 4363">
    <p class='ocr_par' dir='ltr' id='par_1_40' title="bbox 525 4283 3733 4363">
     <span class='ocr_line' id='line_1_40' title="bbox 525 4283 3733 4363; baseline -0.003 -10"><span class='ocrx_word' id='word_1_546' title='bbox 525 4304 740 4353; x_wconf 86' lang='lat' dir='ltr'><strong>reutur.</strong></span> <span class='ocrx_word' id='word_1_547' title='bbox 786 4291 944 4360; x_wconf 86' lang='lat' dir='ltr'><strong>Quod</strong></span> <span class='ocrx_word' id='word_1_548' title='bbox 987 4296 1172 4356; x_wconf 80' lang='lat' dir='ltr'><strong>autem</strong></span> <span class='ocrx_word' id='word_1_549' title='bbox 1219 4287 1287 4343; x_wconf 87' lang='lat' dir='ltr'><strong>ad</strong></span> <span class='ocrx_word' id='word_1_550' title='bbox 1327 4301 1562 4352; x_wconf 89' lang='lat' dir='ltr'><strong>annum,</strong></span> <span class='ocrx_word' id='word_1_551' title='bbox 1591 4293 1649 4342; x_wconf 90' lang='lat' dir='ltr'><strong>ct</strong></span> <span class='ocrx_word' id='word_1_552' title='bbox 1686 4285 1864 4352; x_wconf 91' lang='lat' dir='ltr'><strong>diem,</strong></span> <span class='ocrx_word' id='word_1_553' title='bbox 1891 4284 2087 4356; x_wconf 89' lang='lat' dir='ltr'><strong>quibus</strong></span> <span class='ocrx_word' id='word_1_554' title='bbox 2121 4283 2377 4341; x_wconf 86' lang='lat' dir='ltr'><strong>humatus</strong></span> <span class='ocrx_word' id='word_1_555' title='bbox 2405 4294 2516 4352; x_wconf 84' lang='lat' dir='ltr'><strong>est,</strong></span> <span class='ocrx_word' id='word_1_556' title='bbox 2543 4302 2732 4344; x_wconf 90' lang='lat' dir='ltr'><strong>eorum</strong></span> <span class='ocrx_word' id='word_1_557' title='bbox 2762 4287 3009 4346; x_wconf 80' lang='lat' dir='ltr'><strong>deﬁnitio</strong></span> <span class='ocrx_word' id='word_1_558' title='bbox 3042 4308 3108 4348; x_wconf 82' lang='lat' dir='ltr'><strong>ex</strong></span> <span class='ocrx_word' id='word_1_559' title='bbox 3141 4296 3274 4350; x_wconf 85' lang='lat' dir='ltr'><strong>anui</strong></span> <span class='ocrx_word' id='word_1_560' title='bbox 3314 4311 3375 4351; x_wconf 91' lang='lat' dir='ltr'><strong>ac</strong></span> <span class='ocrx_word' id='word_1_561' title='bbox 3414 4295 3531 4360; x_wconf 85' lang='lat' dir='ltr'><strong>dici,</strong></span> <span class='ocrx_word' id='word_1_562' title='bbox 3559 4284 3733 4363; x_wconf 67' lang='grc' dir='ltr'>(ιυοίἁῶ</span> 
     </span>
    </p>
   </div>
   <div class='ocr_carea' id='block_1_41' title="bbox 438 4379 3734 4462">
    <p class='ocr_par' dir='ltr' id='par_1_41' title="bbox 438 4379 3734 4462">
     <span class='ocr_line' id='line_1_41' title="bbox 438 4379 3734 4462; baseline -0.002 -21"><span class='ocrx_word' id='word_1_563' title='bbox 438 4445 448 4452; x_wconf 25' lang='grc' dir='ltr'><strong>κ</strong></span> <span class='ocrx_word' id='word_1_564' title='bbox 525 4386 785 4459; x_wconf 84' lang='lat' dir='ltr'><strong>princeps</strong></span> <span class='ocrx_word' id='word_1_565' title='bbox 823 4391 1046 4444; x_wconf 73' lang='lat' dir='ltr'><strong>necatus</strong></span> <span class='ocrx_word' id='word_1_566' title='bbox 1075 4381 1178 4442; x_wconf 81' lang='lat' dir='ltr'><strong>fuit</strong></span> <span class='ocrx_word' id='word_1_567' title='bbox 1205 4421 1220 4448; x_wconf 90' lang='lat'><strong>,</strong></span> <span class='ocrx_word' id='word_1_568' title='bbox 1249 4379 1563 4458; x_wconf 81' lang='lat' dir='ltr'><strong>cognitione</strong></span> <span class='ocrx_word' id='word_1_569' title='bbox 1592 4380 1816 4438; x_wconf 87' lang='lat' dir='ltr'><strong>omnino</strong></span> <span class='ocrx_word' id='word_1_570' title='bbox 1843 4379 2067 4456; x_wconf 59' lang='lat' dir='ltr'><strong>pendet.</strong></span> <span class='ocrx_word' id='word_1_571' title='bbox 2099 4381 2170 4438; x_wconf 83' lang='lat' dir='ltr'><strong>At</strong></span> <span class='ocrx_word' id='word_1_572' title='bbox 2201 4395 2332 4436; x_wconf 80' lang='lat' dir='ltr'><strong>vero</strong></span> <span class='ocrx_word' id='word_1_573' title='bbox 2365 4382 2418 4436; x_wconf 91' lang='lat' dir='ltr'><strong>in</strong></span> <span class='ocrx_word' id='word_1_574' title='bbox 2458 4381 2526 4436; x_wconf 87' lang='lat' dir='ltr'><strong>iis</strong></span> <span class='ocrx_word' id='word_1_575' title='bbox 2555 4383 2864 4444; x_wconf 85' lang='lat' dir='ltr'><strong>statuendis</strong></span> <span class='ocrx_word' id='word_1_576' title='bbox 2900 4401 3008 4442; x_wconf 90' lang='lat' dir='ltr'><strong>non</strong></span> <span class='ocrx_word' id='word_1_577' title='bbox 3055 4391 3232 4452; x_wconf 82' lang='lat' dir='ltr'><strong>semel</strong></span> <span class='ocrx_word' id='word_1_578' title='bbox 3277 4400 3462 4462; x_wconf 63' lang='lat' dir='ltr'><strong>peccat</strong></span> <span class='ocrx_word' id='word_1_579' title='bbox 3501 4383 3734 4450; x_wconf 64' lang='lat' dir='ltr'><strong>ﬂat-cellae</strong></span> 
     </span>
    </p>
   </div>
   <div class='ocr_carea' id='block_1_42' title="bbox 525 4469 3734 4549">
    <p class='ocr_par' dir='ltr' id='par_1_42' title="bbox 525 4469 3734 4549">
     <span class='ocr_line' id='line_1_42' title="bbox 525 4469 3734 4549; baseline -0.001 -14"><span class='ocrx_word' id='word_1_580' title='bbox 525 4491 746 4542; x_wconf 75' lang='lat' dir='ltr'><strong>comes;</strong></span> <span class='ocrx_word' id='word_1_581' title='bbox 779 4475 862 4534; x_wconf 86' lang='lat' dir='ltr'><strong>sic</strong></span> <span class='ocrx_word' id='word_1_582' title='bbox 885 4475 1032 4536; x_wconf 81' lang='lat' dir='ltr'><strong>enim</strong></span> <span class='ocrx_word' id='word_1_583' title='bbox 1071 4471 1264 4538; x_wconf 73' lang='lat' dir='ltr'><strong>scribit</strong></span> <span class='ocrx_word' id='word_1_584' title='bbox 1287 4470 1348 4541; x_wconf 69' lang='lat' dir='ltr'><strong>ita</strong></span> <span class='ocrx_word' id='word_1_585' title='bbox 1373 4469 1688 4531; x_wconf 66' lang='lat' dir='ltr'><strong>Chronico:</strong></span> <span class='ocrx_word' id='word_1_586' title='bbox 1713 4469 1937 4529; x_wconf 75' lang='lat' dir='ltr'><strong>Tatiauo</strong></span> <span class='ocrx_word' id='word_1_587' title='bbox 1963 4482 2011 4529; x_wconf 77' lang='lat' dir='ltr'><strong>et</strong></span> <span class='ocrx_word' id='word_1_588' title='bbox 2041 4470 2359 4544; x_wconf 69' lang='lat' dir='ltr'><strong>Symmacho</strong></span> <span class='ocrx_word' id='word_1_589' title='bbox 2393 4489 2532 4538; x_wconf 75' lang='lat' dir='ltr'><strong>coss.</strong></span> <span class='ocrx_word' id='word_1_590' title='bbox 2568 4471 2890 4536; x_wconf 79' lang='lat' dir='ltr'><strong>Theodosius</strong></span> <span class='ocrx_word' id='word_1_591' title='bbox 2921 4477 3050 4549; x_wconf 78' lang='lat' dir='ltr'><strong>imp.</strong></span> <span class='ocrx_word' id='word_1_592' title='bbox 3086 4477 3258 4545; x_wconf 69' lang='lat' dir='ltr'><strong>Italia</strong></span> <span class='ocrx_word' id='word_1_593' title='bbox 3286 4483 3557 4546; x_wconf 54' lang='lat' dir='ltr'><strong>decedens,</strong></span> <span class='ocrx_word' id='word_1_594' title='bbox 3579 4474 3734 4532; x_wconf 64' lang='lat' dir='ltr'><strong>Cossiti-</strong></span> 
     </span>
    </p>
   </div>
   <div class='ocr_carea' id='block_1_43' title="bbox 525 4559 3732 4646">
    <p class='ocr_par' dir='ltr' id='par_1_43' title="bbox 525 4559 3732 4646">
     <span class='ocr_line' id='line_1_43' title="bbox 525 4559 3732 4646; baseline -0.001 -18"><span class='ocrx_word' id='word_1_595' title='bbox 525 4570 804 4646; x_wconf 78' lang='lat' dir='ltr'><strong>tinopoiittt</strong></span> <span class='ocrx_word' id='word_1_596' title='bbox 823 4568 1092 4625; x_wconf 68' lang='lat' dir='ltr'><strong>remeavit.</strong></span> <span class='ocrx_word' id='word_1_597' title='bbox 1120 4565 1524 4622; x_wconf 73' lang='lat' dir='ltr'><strong>Valentinianus</strong></span> <span class='ocrx_word' id='word_1_598' title='bbox 1550 4564 1681 4634; x_wconf 82' lang='lat' dir='ltr'><strong>imp.</strong></span> <span class='ocrx_word' id='word_1_599' title='bbox 1713 4565 1859 4634; x_wconf 81' lang='lat' dir='ltr'><strong>apud</strong></span> <span class='ocrx_word' id='word_1_600' title='bbox 1895 4563 2154 4620; x_wconf 78' lang='lat' dir='ltr'><strong>Viennam</strong></span> <span class='ocrx_word' id='word_1_601' title='bbox 2180 4565 2304 4622; x_wconf 80' lang='lat' dir='ltr'><strong>dolo</strong></span> <span class='ocrx_word' id='word_1_602' title='bbox 2327 4567 2638 4642; x_wconf 70' lang='lat' dir='ltr'><strong>Anboyastis</strong></span> <span class='ocrx_word' id='word_1_603' title='bbox 2665 4572 3030 4642; x_wconf 71' lang='lat' dir='ltr'><strong>strategulatua</strong></span> <span class='ocrx_word' id='word_1_604' title='bbox 3053 4573 3258 4630; x_wconf 72' lang='lat' dir='ltr'><strong>interiit</strong></span> <span class='ocrx_word' id='word_1_605' title='bbox 3286 4575 3458 4635; x_wconf 68' lang='lat' dir='ltr'><strong>idibus</strong></span> <span class='ocrx_word' id='word_1_606' title='bbox 3485 4571 3658 4628; x_wconf 69' lang='lat' dir='ltr'><strong>laniis.</strong></span> <span class='ocrx_word' id='word_1_607' title='bbox 3675 4559 3732 4617; x_wconf 61' lang='lat' dir='ltr'><strong>Sd</strong></span> 
     </span>
    </p>
   </div>
   <div class='ocr_carea' id='block_1_44' title="bbox 522 4656 3733 4745">
    <p class='ocr_par' dir='ltr' id='par_1_44' title="bbox 522 4656 3733 4745">
     <span class='ocr_line' id='line_1_44' title="bbox 522 4656 3733 4745; baseline -0.003 -20"><span class='ocrx_word' id='word_1_608' title='bbox 522 4666 736 4745; x_wconf 80' lang='lat' dir='ltr'><strong>primus</strong></span> <span class='ocrx_word' id='word_1_609' title='bbox 769 4663 888 4740; x_wconf 84' lang='lat' dir='ltr'><strong>ejus</strong></span> <span class='ocrx_word' id='word_1_610' title='bbox 917 4663 970 4720; x_wconf 90' lang='lat' dir='ltr'><strong>iu</strong></span> <span class='ocrx_word' id='word_1_611' title='bbox 1001 4661 1107 4718; x_wconf 86' lang='lat' dir='ltr'><strong>hoc</strong></span> <span class='ocrx_word' id='word_1_612' title='bbox 1149 4674 1306 4717; x_wconf 88' lang='lat' dir='ltr'><strong>error</strong></span> <span class='ocrx_word' id='word_1_613' title='bbox 1336 4669 1450 4725; x_wconf 85' lang='lat' dir='ltr'><strong>est,</strong></span> <span class='ocrx_word' id='word_1_614' title='bbox 1483 4657 1631 4729; x_wconf 90' lang='lat' dir='ltr'><strong>quod</strong></span> <span class='ocrx_word' id='word_1_615' title='bbox 1663 4656 1892 4716; x_wconf 84' lang='lat' dir='ltr'><strong>Tatiauo</strong></span> <span class='ocrx_word' id='word_1_616' title='bbox 1920 4669 1975 4714; x_wconf 92' lang='lat' dir='ltr'><strong>et</strong></span> <span class='ocrx_word' id='word_1_617' title='bbox 2009 4659 2340 4732; x_wconf 74' lang='lat' dir='ltr'><strong>Symmacho</strong></span> <span class='ocrx_word' id='word_1_618' title='bbox 2368 4675 2512 4717; x_wconf 88' lang='lat' dir='ltr'><strong>coss.</strong></span> <span class='ocrx_word' id='word_1_619' title='bbox 2547 4661 2686 4719; x_wconf 82' lang='lat' dir='ltr'><strong>hanc</strong></span> <span class='ocrx_word' id='word_1_620' title='bbox 2729 4678 2917 4726; x_wconf 85' lang='lat' dir='ltr'><strong>necem</strong></span> <span class='ocrx_word' id='word_1_621' title='bbox 2945 4667 3119 4738; x_wconf 86' lang='lat' dir='ltr'><strong>ponit.</strong></span> <span class='ocrx_word' id='word_1_622' title='bbox 3152 4667 3377 4726; x_wconf 85' lang='lat' dir='ltr'><strong>Constat</strong></span> <span class='ocrx_word' id='word_1_623' title='bbox 3406 4667 3630 4741; x_wconf 76' lang='lat' dir='ltr'><strong>siquidem</strong></span> <span class='ocrx_word' id='word_1_624' title='bbox 3655 4668 3733 4714; x_wconf 59' lang='lat' dir='ltr'><strong>sunt</strong></span> 
     </span>
    </p>
   </div>
   <div class='ocr_carea' id='block_1_45' title="bbox 524 4753 3731 4836">
    <p class='ocr_par' dir='ltr' id='par_1_45' title="bbox 524 4753 3731 4836">
     <span class='ocr_line' id='line_1_45' title="bbox 524 4753 3731 4836; baseline -0.005 -10"><span class='ocrx_word' id='word_1_625' title='bbox 524 4767 664 4831; x_wconf 76' lang='grc'><strong>591,</strong></span> <span class='ocrx_word' id='word_1_626' title='bbox 693 4778 810 4836; x_wconf 68' lang='grc' dir='ltr'>(ιω</span> <span class='ocrx_word' id='word_1_627' title='bbox 833 4777 956 4824; x_wconf 75' lang='lat' dir='ltr'><strong>eam</strong></span> <span class='ocrx_word' id='word_1_628' title='bbox 985 4759 1310 4830; x_wconf 68' lang='lat' dir='ltr'><strong>dignitatem</strong></span> <span class='ocrx_word' id='word_1_629' title='bbox 1337 4757 1413 4814; x_wconf 87' lang='lat' dir='ltr'><strong>illi</strong></span> <span class='ocrx_word' id='word_1_630' title='bbox 1438 4764 1728 4827; x_wconf 75' lang='lat' dir='ltr'><strong>gesserunt</strong></span> <span class='ocrx_word' id='word_1_631' title='bbox 1754 4795 1770 4822; x_wconf 86' lang='lat'><strong>,</strong></span> <span class='ocrx_word' id='word_1_632' title='bbox 1800 4753 2168 4819; x_wconf 58' lang='lat' dir='ltr'><strong>&#39;l&#39;beudwium</strong></span> <span class='ocrx_word' id='word_1_633' title='bbox 2198 4754 2380 4818; x_wconf 65' lang='lat' dir='ltr'><strong>idibus</strong></span> <span class='ocrx_word' id='word_1_634' title='bbox 2401 4754 2608 4830; x_wconf 86' lang='lat' dir='ltr'><strong>Aprilis</strong></span> <span class='ocrx_word' id='word_1_635' title='bbox 2639 4758 2820 4818; x_wconf 85' lang='lat' dir='ltr'><strong>adhuc</strong></span> <span class='ocrx_word' id='word_1_636' title='bbox 2851 4759 3023 4821; x_wconf 70' lang='lat' dir='ltr'><strong>fuisse</strong></span> <span class='ocrx_word' id='word_1_637' title='bbox 3053 4761 3383 4832; x_wconf 73' lang='lat' dir='ltr'><strong>Mediolani,</strong></span> <span class='ocrx_word' id='word_1_638' title='bbox 3413 4759 3620 4834; x_wconf 76' lang='lat' dir='ltr'><strong>Aquileia</strong></span> <span class='ocrx_word' id='word_1_639' title='bbox 3649 4763 3731 4809; x_wconf 74' lang='lat' dir='ltr'><strong>unt</strong></span> 
     </span>
    </p>
   </div>
   <div class='ocr_carea' id='block_1_46' title="bbox 523 4851 3735 4934">
    <p class='ocr_par' dir='ltr' id='par_1_46' title="bbox 523 4851 3735 4934">
     <span class='ocr_line' id='line_1_46' title="bbox 523 4851 3735 4934; baseline -0.004 -16"><span class='ocrx_word' id='word_1_640' title='bbox 523 4877 631 4934; x_wconf 65' lang='lat' dir='ltr'><strong>ipso</strong></span> <span class='ocrx_word' id='word_1_641' title='bbox 659 4861 838 4934; x_wconf 84' lang='lat' dir='ltr'><strong>ipsum</strong></span> <span class='ocrx_word' id='word_1_642' title='bbox 866 4855 1162 4915; x_wconf 84' lang='lat' dir='ltr'><strong>comitatus</strong></span> <span class='ocrx_word' id='word_1_643' title='bbox 1201 4863 1322 4912; x_wconf 84' lang='lat' dir='ltr'><strong>erat</strong></span> <span class='ocrx_word' id='word_1_644' title='bbox 1348 4851 1768 4914; x_wconf 75' lang='lat' dir='ltr'><strong>Valentinianus</strong></span> <span class='ocrx_word' id='word_1_645' title='bbox 1789 4895 1803 4920; x_wconf 86' lang='lat'><strong>,</strong></span> <span class='ocrx_word' id='word_1_646' title='bbox 1836 4865 2024 4909; x_wconf 65' lang='lat' dir='ltr'><strong>Iliense</strong></span> <span class='ocrx_word' id='word_1_647' title='bbox 2051 4851 2196 4908; x_wconf 72' lang='lat' dir='ltr'><strong>iulio</strong></span> <span class='ocrx_word' id='word_1_648' title='bbox 2225 4853 2466 4910; x_wconf 90' lang='lat' dir='ltr'><strong>nondum</strong></span> <span class='ocrx_word' id='word_1_649' title='bbox 2499 4854 2721 4912; x_wconf 87' lang='lat' dir='ltr'><strong>abiisse.</strong></span> <span class='ocrx_word' id='word_1_650' title='bbox 2761 4855 2961 4914; x_wconf 91' lang='lat' dir='ltr'><strong>lterum</strong></span> <span class='ocrx_word' id='word_1_651' title='bbox 2993 4867 3177 4916; x_wconf 87' lang='lat' dir='ltr'><strong>autem</strong></span> <span class='ocrx_word' id='word_1_652' title='bbox 3208 4859 3542 4916; x_wconf 77' lang='lat' dir='ltr'><strong>Marcellinus</strong></span> <span class='ocrx_word' id='word_1_653' title='bbox 3562 4854 3604 4910; x_wconf 86' lang='lat' dir='ltr'><strong>ia</strong></span> <span class='ocrx_word' id='word_1_654' title='bbox 3625 4857 3735 4905; x_wconf 64' lang='lat' dir='ltr'><strong>retr</strong></span> 
     </span>
    </p>
   </div>
   <div class='ocr_carea' id='block_1_47' title="bbox 524 4939 3730 5032">
    <p class='ocr_par' dir='ltr' id='par_1_47' title="bbox 524 4939 3730 5032">
     <span class='ocr_line' id='line_1_47' title="bbox 524 4939 3730 5032; baseline -0.001 -17"><span class='ocrx_word' id='word_1_655' title='bbox 524 4966 630 5026; x_wconf 85' lang='lat' dir='ltr'><strong>rat,</strong></span> <span class='ocrx_word' id='word_1_656' title='bbox 665 4957 810 5032; x_wconf 88' lang='lat' dir='ltr'><strong>quod</strong></span> <span class='ocrx_word' id='word_1_657' title='bbox 856 4951 1173 5026; x_wconf 78' lang='lat' dir='ltr'><strong>Arbogastis</strong></span> <span class='ocrx_word' id='word_1_658' title='bbox 1211 4950 1390 5008; x_wconf 91' lang='lat' dir='ltr'><strong>scelus</strong></span> <span class='ocrx_word' id='word_1_659' title='bbox 1419 4949 1716 5022; x_wconf 85' lang='lat' dir='ltr'><strong>contigisse</strong></span> <span class='ocrx_word' id='word_1_660' title='bbox 1745 4949 1818 5005; x_wconf 88' lang='lat' dir='ltr'><strong>ait</strong></span> <span class='ocrx_word' id='word_1_661' title='bbox 1848 4947 2021 5004; x_wconf 79' lang='lat' dir='ltr'><strong>idibus</strong></span> <span class='ocrx_word' id='word_1_662' title='bbox 2052 4947 2299 5014; x_wconf 74' lang='lat' dir='ltr'><strong>Martiis;</strong></span> <span class='ocrx_word' id='word_1_663' title='bbox 2321 4949 2429 5006; x_wconf 87' lang='lat' dir='ltr'><strong>hoc</strong></span> <span class='ocrx_word' id='word_1_664' title='bbox 2457 4951 2603 5007; x_wconf 89' lang='lat' dir='ltr'><strong>enim</strong></span> <span class='ocrx_word' id='word_1_665' title='bbox 2635 4963 2848 5024; x_wconf 91' lang='lat' dir='ltr'><strong>tempus</strong></span> <span class='ocrx_word' id='word_1_666' title='bbox 2891 4969 3014 5012; x_wconf 90' lang='lat' dir='ltr'><strong>eum</strong></span> <span class='ocrx_word' id='word_1_667' title='bbox 3056 4955 3160 5021; x_wconf 88' lang='lat' dir='ltr'><strong>iis,</strong></span> <span class='ocrx_word' id='word_1_668' title='bbox 3194 4971 3317 5028; x_wconf 78' lang='lat' dir='ltr'><strong>qua:</strong></span> <span class='ocrx_word' id='word_1_669' title='bbox 3344 4950 3622 5010; x_wconf 76' lang='lat' dir='ltr'><strong>Ambrosius</strong></span> <span class='ocrx_word' id='word_1_670' title='bbox 3638 4939 3730 5011; x_wconf 55' lang='lat' dir='ltr'><strong>alii“</strong></span> 
     </span>
    </p>
   </div>
   <div class='ocr_carea' id='block_1_48' title="bbox 524 5029 3732 5125">
    <p class='ocr_par' dir='ltr' id='par_1_48' title="bbox 524 5029 3732 5125">
     <span class='ocr_line' id='line_1_48' title="bbox 524 5029 3732 5125; baseline -0.003 -15"><span class='ocrx_word' id='word_1_671' title='bbox 524 5053 596 5112; x_wconf 81' lang='grc'><strong>55</strong></span> <span class='ocrx_word' id='word_1_672' title='bbox 624 5029 818 5125; x_wconf 76' lang='lat' dir='ltr'><strong>(Nam.</strong></span> <span class='ocrx_word' id='word_1_673' title='bbox 851 5051 914 5121; x_wconf 83' lang='lat'><strong>5)</strong></span> <span class='ocrx_word' id='word_1_674' title='bbox 937 5049 1006 5109; x_wconf 82' lang='lat' dir='ltr'><strong>de</strong></span> <span class='ocrx_word' id='word_1_675' title='bbox 1033 5047 1309 5107; x_wconf 82' lang='lat' dir='ltr'><strong>caloribus</strong></span> <span class='ocrx_word' id='word_1_676' title='bbox 1351 5043 1554 5106; x_wconf 62' lang='lat' dir='ltr'><strong>aestivis</strong></span> <span class='ocrx_word' id='word_1_677' title='bbox 1587 5046 1785 5112; x_wconf 78' lang='lat' dir='ltr'><strong>habet,</strong></span> <span class='ocrx_word' id='word_1_678' title='bbox 1818 5059 2124 5119; x_wconf 79' lang='lat' dir='ltr'><strong>congruere</strong></span> <span class='ocrx_word' id='word_1_679' title='bbox 2150 5045 2488 5120; x_wconf 78' lang='lat' dir='ltr'><strong>neutiqan</strong></span> <span class='ocrx_word' id='word_1_680' title='bbox 2513 5049 2706 5118; x_wconf 74' lang='lat' dir='ltr'><strong>possit.</strong></span> <span class='ocrx_word' id='word_1_681' title='bbox 2739 5047 2870 5110; x_wconf 81' lang='lat' dir='ltr'><strong>lude</strong></span> <span class='ocrx_word' id='word_1_682' title='bbox 2901 5059 2988 5108; x_wconf 87' lang='lat' dir='ltr'><strong>est</strong></span> <span class='ocrx_word' id='word_1_683' title='bbox 3017 5051 3163 5124; x_wconf 86' lang='lat' dir='ltr'><strong>quod</strong></span> <span class='ocrx_word' id='word_1_684' title='bbox 3194 5052 3264 5108; x_wconf 87' lang='lat' dir='ltr'><strong>ab</strong></span> <span class='ocrx_word' id='word_1_685' title='bbox 3295 5050 3510 5114; x_wconf 83' lang='lat' dir='ltr'><strong>eruditis</strong></span> <span class='ocrx_word' id='word_1_686' title='bbox 3546 5029 3732 5116; x_wconf 65' lang='lat' dir='ltr'><strong>l-Zpipliiﬁii</strong></span> 
     </span>
    </p>
   </div>
   <div class='ocr_carea' id='block_1_49' title="bbox 525 5135 3732 5218">
    <p class='ocr_par' dir='ltr' id='par_1_49' title="bbox 525 5135 3732 5218">
     <span class='ocr_line' id='line_1_49' title="bbox 525 5135 3732 5218; baseline -0.004 -17"><span class='ocrx_word' id='word_1_687' title='bbox 525 5145 814 5218; x_wconf 75' lang='lat' dir='ltr'><strong>praefertur</strong></span> <span class='ocrx_word' id='word_1_688' title='bbox 845 5144 1170 5210; x_wconf 79' lang='lat' dir='ltr'><strong>auctoritas,</strong></span> <span class='ocrx_word' id='word_1_689' title='bbox 1201 5138 1452 5196; x_wconf 79' lang='lat' dir='ltr'><strong>eamdem</strong></span> <span class='ocrx_word' id='word_1_690' title='bbox 1485 5154 1678 5197; x_wconf 73' lang='lat' dir='ltr'><strong>necem</strong></span> <span class='ocrx_word' id='word_1_691' title='bbox 1705 5139 1890 5196; x_wconf 78' lang='lat' dir='ltr'><strong>idibus</strong></span> <span class='ocrx_word' id='word_1_692' title='bbox 1916 5139 2040 5195; x_wconf 68' lang='lat' dir='ltr'><strong>lxvii</strong></span> <span class='ocrx_word' id='word_1_693' title='bbox 2070 5139 2308 5196; x_wconf 74' lang='lat' dir='ltr'><strong>Arcadio</strong></span> <span class='ocrx_word' id='word_1_694' title='bbox 2332 5143 2640 5201; x_wconf 64' lang='lat' dir='ltr'><strong>secundum</strong></span> <span class='ocrx_word' id='word_1_695' title='bbox 2675 5151 2733 5202; x_wconf 87' lang='lat' dir='ltr'><strong>et</strong></span> <span class='ocrx_word' id='word_1_696' title='bbox 2761 5145 2960 5203; x_wconf 74' lang='lat' dir='ltr'><strong>Rufino</strong></span> <span class='ocrx_word' id='word_1_697' title='bbox 2993 5147 3230 5217; x_wconf 75' lang='lat' dir='ltr'><strong>primum</strong></span> <span class='ocrx_word' id='word_1_698' title='bbox 3269 5163 3414 5204; x_wconf 80' lang='lat' dir='ltr'><strong>coss.</strong></span> <span class='ocrx_word' id='word_1_699' title='bbox 3445 5141 3594 5216; x_wconf 76' lang='lat' dir='ltr'><strong>pridie</strong></span> <span class='ocrx_word' id='word_1_700' title='bbox 3613 5135 3732 5218; x_wconf 52' lang='lat' dir='ltr'><strong>Pulti-</strong></span> 
     </span>
    </p>
   </div>
   <div class='ocr_carea' id='block_1_50' title="bbox 525 5216 3728 5312">
    <p class='ocr_par' dir='ltr' id='par_1_50' title="bbox 525 5216 3728 5312">
     <span class='ocr_line' id='line_1_50' title="bbox 525 5216 3728 5312; baseline -0.005 -15"><span class='ocrx_word' id='word_1_701' title='bbox 525 5248 706 5297; x_wconf 89' lang='lat' dir='ltr'><strong>costes</strong></span> <span class='ocrx_word' id='word_1_702' title='bbox 735 5247 1002 5311; x_wconf 89' lang='lat' dir='ltr'><strong>patratam</strong></span> <span class='ocrx_word' id='word_1_703' title='bbox 1025 5251 1148 5294; x_wconf 88' lang='lat' dir='ltr'><strong>esse</strong></span> <span class='ocrx_word' id='word_1_704' title='bbox 1185 5233 1554 5292; x_wconf 83' lang='lat' dir='ltr'><strong>asseverantis</strong></span> <span class='ocrx_word' id='word_1_705' title='bbox 1580 5232 1688 5307; x_wconf 84' lang='lat' dir='ltr'><strong>(De</strong></span> <span class='ocrx_word' id='word_1_706' title='bbox 1718 5232 1954 5295; x_wconf 80' lang='lat' dir='ltr'><strong>Mensur.</strong></span> <span class='ocrx_word' id='word_1_707' title='bbox 1989 5244 2037 5290; x_wconf 82' lang='lat' dir='ltr'><strong>et</strong></span> <span class='ocrx_word' id='word_1_708' title='bbox 2081 5233 2254 5294; x_wconf 73' lang='lat' dir='ltr'><strong>Ponti.</strong></span> <span class='ocrx_word' id='word_1_709' title='bbox 2288 5253 2432 5302; x_wconf 78' lang='lat' dir='ltr'><strong>num.</strong></span> <span class='ocrx_word' id='word_1_710' title='bbox 2463 5236 2581 5308; x_wconf 72' lang='lat'><strong>20),</strong></span> <span class='ocrx_word' id='word_1_711' title='bbox 2614 5237 2719 5294; x_wconf 89' lang='lat' dir='ltr'><strong>hoc</strong></span> <span class='ocrx_word' id='word_1_712' title='bbox 2743 5249 2848 5307; x_wconf 89' lang='lat' dir='ltr'><strong>est,</strong></span> <span class='ocrx_word' id='word_1_713' title='bbox 2883 5248 2941 5295; x_wconf 86' lang='lat' dir='ltr'><strong>ut</strong></span> <span class='ocrx_word' id='word_1_714' title='bbox 2968 5216 3098 5298; x_wconf 87' lang='lat' dir='ltr'><strong>ante</strong></span> <span class='ocrx_word' id='word_1_715' title='bbox 3120 5241 3233 5312; x_wconf 89' lang='lat' dir='ltr'><strong>jam</strong></span> <span class='ocrx_word' id='word_1_716' title='bbox 3260 5241 3504 5306; x_wconf 82' lang='lat' dir='ltr'><strong>diximus,</strong></span> <span class='ocrx_word' id='word_1_717' title='bbox 3531 5216 3728 5289; x_wconf 52' lang='lat' dir='ltr'><strong>anno!!!</strong></span> 
     </span>
    </p>
   </div>
   <div class='ocr_carea' id='block_1_51' title="bbox 525 5326 3731 5406">
    <p class='ocr_par' dir='ltr' id='par_1_51' title="bbox 525 5326 3731 5406">
     <span class='ocr_line' id='line_1_51' title="bbox 525 5326 3731 5406; baseline -0.003 -18"><span class='ocrx_word' id='word_1_718' title='bbox 525 5333 615 5390; x_wconf 86' lang='lat' dir='ltr'><strong>die</strong></span> <span class='ocrx_word' id='word_1_719' title='bbox 642 5342 822 5392; x_wconf 80' lang='lat' dir='ltr'><strong>autem</strong></span> <span class='ocrx_word' id='word_1_720' title='bbox 851 5331 974 5395; x_wconf 69' lang='lat' dir='ltr'><strong>Maii</strong></span> <span class='ocrx_word' id='word_1_721' title='bbox 1005 5328 1092 5392; x_wconf 78' lang='lat' dir='ltr'><strong>i5.</strong></span> <span class='ocrx_word' id='word_1_722' title='bbox 1136 5329 1483 5406; x_wconf 80' lang='lat' dir='ltr'><strong>Quapropter</strong></span> <span class='ocrx_word' id='word_1_723' title='bbox 1510 5327 1557 5383; x_wconf 88' lang='lat' dir='ltr'><strong>si</strong></span> <span class='ocrx_word' id='word_1_724' title='bbox 1588 5327 1726 5383; x_wconf 88' lang='lat' dir='ltr'><strong>duos</strong></span> <span class='ocrx_word' id='word_1_725' title='bbox 1757 5342 1973 5388; x_wconf 80' lang='lat' dir='ltr'><strong>menses</strong></span> <span class='ocrx_word' id='word_1_726' title='bbox 1993 5369 2008 5395; x_wconf 92' lang='lat'><strong>,</strong></span> <span class='ocrx_word' id='word_1_727' title='bbox 2038 5327 2236 5400; x_wconf 83' lang='lat' dir='ltr'><strong>quibus</strong></span> <span class='ocrx_word' id='word_1_728' title='bbox 2264 5329 2472 5391; x_wconf 70' lang='lat' dir='ltr'><strong>iustam</strong></span> <span class='ocrx_word' id='word_1_729' title='bbox 2505 5340 2558 5390; x_wconf 85' lang='lat' dir='ltr'><strong>et</strong></span> <span class='ocrx_word' id='word_1_730' title='bbox 2587 5330 2809 5392; x_wconf 78' lang='lat' dir='ltr'><strong>Gratata</strong></span> <span class='ocrx_word' id='word_1_731' title='bbox 2839 5332 3144 5400; x_wconf 70' lang='lat' dir='ltr'><strong>(raterntun</strong></span> <span class='ocrx_word' id='word_1_732' title='bbox 3174 5335 3392 5395; x_wconf 79' lang='lat' dir='ltr'><strong>flevisse</strong></span> <span class='ocrx_word' id='word_1_733' title='bbox 3419 5327 3642 5390; x_wconf 78' lang='lat' dir='ltr'><strong>interitum</strong></span> <span class='ocrx_word' id='word_1_734' title='bbox 3659 5326 3731 5374; x_wconf 68' lang='grc' dir='ltr'><strong>ηπ·</strong></span> 
     </span>
    </p>
   </div>
   <div class='ocr_carea' id='block_1_52' title="bbox 526 5407 3729 5500">
    <p class='ocr_par' dir='ltr' id='par_1_52' title="bbox 526 5407 3729 5500">
     <span class='ocr_line' id='line_1_52' title="bbox 526 5407 3729 5500; baseline 0.003 -22"><span class='ocrx_word' id='word_1_735' title='bbox 526 5433 610 5478; x_wconf 84' lang='lat' dir='ltr'><strong>rat</strong></span> <span class='ocrx_word' id='word_1_736' title='bbox 647 5423 966 5479; x_wconf 87' lang='lat' dir='ltr'><strong>Ambrosius</strong></span> <span class='ocrx_word' id='word_1_737' title='bbox 1011 5421 1200 5495; x_wconf 83' lang='lat' dir='ltr'><strong>(Nunt.</strong></span> <span class='ocrx_word' id='word_1_738' title='bbox 1232 5419 1302 5477; x_wconf 73' lang='grc'><strong>49</strong></span> <span class='ocrx_word' id='word_1_739' title='bbox 1329 5429 1378 5476; x_wconf 83' lang='lat' dir='ltr'><strong>et</strong></span> <span class='ocrx_word' id='word_1_740' title='bbox 1407 5419 1534 5492; x_wconf 75' lang='lat'><strong>50),</strong></span> <span class='ocrx_word' id='word_1_741' title='bbox 1580 5420 1869 5491; x_wconf 84' lang='lat' dir='ltr'><strong>Epiphanii</strong></span> <span class='ocrx_word' id='word_1_742' title='bbox 1909 5436 2142 5490; x_wconf 63' lang='lat' dir='ltr'><strong>numera</strong></span> <span class='ocrx_word' id='word_1_743' title='bbox 2181 5423 2490 5494; x_wconf 69' lang='lat' dir='ltr'><strong>adieceris,</strong></span> <span class='ocrx_word' id='word_1_744' title='bbox 2525 5425 2656 5490; x_wconf 84' lang='lat' dir='ltr'><strong>bino</strong></span> <span class='ocrx_word' id='word_1_745' title='bbox 2697 5427 2972 5500; x_wconf 58' lang='lat' dir='ltr'><strong>antemnas</strong></span> <span class='ocrx_word' id='word_1_746' title='bbox 3009 5427 3178 5490; x_wconf 60' lang='lat' dir='ltr'><strong>huius</strong></span> <span class='ocrx_word' id='word_1_747' title='bbox 3213 5429 3452 5499; x_wconf 77' lang='lat' dir='ltr'><strong>ejusdem</strong></span> <span class='ocrx_word' id='word_1_748' title='bbox 3489 5407 3729 5490; x_wconf 50' lang='lat' dir='ltr'><strong>“Nam</strong></span> 
     </span>
    </p>
   </div>
   <div class='ocr_carea' id='block_1_53' title="bbox 523 5514 3356 5595">
    <p class='ocr_par' dir='ltr' id='par_1_53' title="bbox 523 5514 3356 5595">
     <span class='ocr_line' id='line_1_53' title="bbox 523 5514 3356 5595; baseline 0.005 -28"><span class='ocrx_word' id='word_1_749' title='bbox 523 5515 732 5570; x_wconf 88' lang='lat' dir='ltr'><strong>interea</strong></span> <span class='ocrx_word' id='word_1_750' title='bbox 760 5515 890 5570; x_wconf 89' lang='lat' dir='ltr'><strong>dum</strong></span> <span class='ocrx_word' id='word_1_751' title='bbox 914 5514 1207 5572; x_wconf 86' lang='lat' dir='ltr'><strong>Theodosii</strong></span> <span class='ocrx_word' id='word_1_752' title='bbox 1239 5514 1552 5570; x_wconf 82' lang='lat' dir='ltr'><strong>mandatum</strong></span> <span class='ocrx_word' id='word_1_753' title='bbox 1586 5523 2021 5585; x_wconf 79' lang='lat' dir='ltr'><strong>exspecmretur,</strong></span> <span class='ocrx_word' id='word_1_754' title='bbox 2054 5532 2229 5588; x_wconf 86' lang='lat' dir='ltr'><strong>usque</strong></span> <span class='ocrx_word' id='word_1_755' title='bbox 2255 5519 2323 5573; x_wconf 87' lang='lat' dir='ltr'><strong>ad</strong></span> <span class='ocrx_word' id='word_1_756' title='bbox 2354 5519 2476 5575; x_wconf 88' lang='lat' dir='ltr'><strong>idus</strong></span> <span class='ocrx_word' id='word_1_757' title='bbox 2507 5519 2636 5576; x_wconf 85' lang='lat' dir='ltr'><strong>Julii</strong></span> <span class='ocrx_word' id='word_1_758' title='bbox 2669 5523 2874 5579; x_wconf 89' lang='lat' dir='ltr'><strong>mensis</strong></span> <span class='ocrx_word' id='word_1_759' title='bbox 2903 5525 3178 5595; x_wconf 90' lang='lat' dir='ltr'><strong>prolatum</strong></span> <span class='ocrx_word' id='word_1_760' title='bbox 3209 5541 3356 5583; x_wconf 88' lang='lat' dir='ltr'><strong>esse.</strong></span> 
     </span>
    </p>
   </div>
   <div class='ocr_carea' id='block_1_54' title="bbox 600 5599 3722 5689">
    <p class='ocr_par' dir='ltr' id='par_1_54' title="bbox 600 5599 3722 5689">
     <span class='ocr_line' id='line_1_54' title="bbox 600 5599 3722 5689; baseline -0.001 -29"><span class='ocrx_word' id='word_1_761' title='bbox 600 5605 804 5662; x_wconf 88' lang='lat' dir='ltr'><strong>Verum</strong></span> <span class='ocrx_word' id='word_1_762' title='bbox 839 5621 1016 5664; x_wconf 88' lang='lat' dir='ltr'><strong>tamen</strong></span> <span class='ocrx_word' id='word_1_763' title='bbox 1041 5618 1095 5664; x_wconf 90' lang='lat' dir='ltr'><strong>et</strong></span> <span class='ocrx_word' id='word_1_764' title='bbox 1125 5609 1179 5663; x_wconf 89' lang='lat' dir='ltr'><strong>in</strong></span> <span class='ocrx_word' id='word_1_765' title='bbox 1205 5609 1309 5664; x_wconf 89' lang='lat' dir='ltr'><strong>bac</strong></span> <span class='ocrx_word' id='word_1_766' title='bbox 1333 5609 1592 5680; x_wconf 89' lang='lat' dir='ltr'><strong>opinione</strong></span> <span class='ocrx_word' id='word_1_767' title='bbox 1615 5607 1840 5664; x_wconf 86' lang='lat' dir='ltr'><strong>dubium</strong></span> <span class='ocrx_word' id='word_1_768' title='bbox 1872 5609 2090 5679; x_wconf 88' lang='lat' dir='ltr'><strong>aliquod</strong></span> <span class='ocrx_word' id='word_1_769' title='bbox 2117 5611 2243 5667; x_wconf 90' lang='lat' dir='ltr'><strong>hinc</strong></span> <span class='ocrx_word' id='word_1_770' title='bbox 2273 5613 2418 5668; x_wconf 89' lang='lat' dir='ltr'><strong>nasci</strong></span> <span class='ocrx_word' id='word_1_771' title='bbox 2444 5621 2640 5683; x_wconf 83' lang='lat' dir='ltr'><strong>potest,</strong></span> <span class='ocrx_word' id='word_1_772' title='bbox 2665 5617 2810 5686; x_wconf 88' lang='lat' dir='ltr'><strong>quod</strong></span> <span class='ocrx_word' id='word_1_773' title='bbox 2835 5616 3162 5676; x_wconf 88' lang='lat' dir='ltr'><strong>Ambrosius</strong></span> <span class='ocrx_word' id='word_1_774' title='bbox 3191 5619 3319 5676; x_wconf 89' lang='lat' dir='ltr'><strong>dum</strong></span> <span class='ocrx_word' id='word_1_775' title='bbox 3348 5616 3498 5689; x_wconf 87' lang='lat' dir='ltr'><strong>epist.</strong></span> <span class='ocrx_word' id='word_1_776' title='bbox 3517 5615 3614 5665; x_wconf 86' lang='lat' dir='ltr'><strong>ante</strong></span> <span class='ocrx_word' id='word_1_777' title='bbox 3628 5599 3722 5689; x_wconf 61' lang='lat' dir='ltr'><strong>citati</strong></span> 
     </span>
    </p>
   </div>
   <div class='ocr_carea' id='block_1_55' title="bbox 534 5687 3724 5786">
    <p class='ocr_par' dir='ltr' id='par_1_55' title="bbox 534 5687 3724 5786">
     <span class='ocr_line' id='line_1_55' title="bbox 534 5687 3724 5786; baseline 0.002 -34"><span class='ocrx_word' id='word_1_778' title='bbox 534 5697 867 5765; x_wconf 85' lang='lat' dir='ltr'><strong>sepulturam</strong></span> <span class='ocrx_word' id='word_1_779' title='bbox 894 5699 1258 5756; x_wconf 87' lang='lat' dir='ltr'><strong>Valentiniani</strong></span> <span class='ocrx_word' id='word_1_780' title='bbox 1290 5701 1668 5756; x_wconf 86' lang='lat' dir='ltr'><strong>maturandam</strong></span> <span class='ocrx_word' id='word_1_781' title='bbox 1713 5701 1899 5757; x_wconf 88' lang='lat' dir='ltr'><strong>scribit</strong></span> <span class='ocrx_word' id='word_1_782' title='bbox 1928 5699 2110 5769; x_wconf 86' lang='lat' dir='ltr'><strong>,hanc</strong></span> <span class='ocrx_word' id='word_1_783' title='bbox 2137 5703 2258 5774; x_wconf 87' lang='lat' dir='ltr'><strong>ejus</strong></span> <span class='ocrx_word' id='word_1_784' title='bbox 2300 5707 2377 5763; x_wconf 89' lang='lat' dir='ltr'><strong>rei</strong></span> <span class='ocrx_word' id='word_1_785' title='bbox 2424 5705 2613 5763; x_wconf 82' lang='lat' dir='ltr'><strong>afferat</strong></span> <span class='ocrx_word' id='word_1_786' title='bbox 2657 5723 2912 5778; x_wconf 88' lang='lat' dir='ltr'><strong>causam;</strong></span> <span class='ocrx_word' id='word_1_787' title='bbox 2947 5729 3016 5768; x_wconf 88' lang='lat' dir='ltr'><strong>ne</strong></span> <span class='ocrx_word' id='word_1_788' title='bbox 3056 5713 3300 5786; x_wconf 67' lang='lat' dir='ltr'><strong>reliquite</strong></span> <span class='ocrx_word' id='word_1_789' title='bbox 3341 5687 3520 5768; x_wconf 82' lang='lat' dir='ltr'><strong>mortui</strong></span> <span class='ocrx_word' id='word_1_790' title='bbox 3557 5687 3724 5773; x_wconf 56' lang='grc' dir='ltr'><strong>ρι’ἱηεῖβίε</strong></span> 
     </span>
    </p>
   </div>
   <div class='ocr_carea' id='block_1_56' title="bbox 531 5777 3722 5878">
    <p class='ocr_par' dir='ltr' id='par_1_56' title="bbox 531 5777 3722 5878">
     <span class='ocr_line' id='line_1_56' title="bbox 531 5777 3722 5878; baseline 0.001 -35"><span class='ocrx_word' id='word_1_791' title='bbox 531 5787 710 5843; x_wconf 61' lang='lat' dir='ltr'><strong>restire</strong></span> <span class='ocrx_word' id='word_1_792' title='bbox 736 5792 902 5848; x_wconf 83' lang='lat' dir='ltr'><strong>calore</strong></span> <span class='ocrx_word' id='word_1_793' title='bbox 931 5793 1134 5863; x_wconf 83' lang='lat' dir='ltr'><strong>penitus</strong></span> <span class='ocrx_word' id='word_1_794' title='bbox 1171 5793 1452 5862; x_wconf 71' lang='lat' dir='ltr'><strong>solvantur,</strong></span> <span class='ocrx_word' id='word_1_795' title='bbox 1485 5794 1571 5850; x_wconf 73' lang='lat' dir='ltr'><strong>vix</strong></span> <span class='ocrx_word' id='word_1_796' title='bbox 1597 5793 1735 5851; x_wconf 85' lang='lat' dir='ltr'><strong>enim</strong></span> <span class='ocrx_word' id='word_1_797' title='bbox 1765 5794 2080 5868; x_wconf 79' lang='lat' dir='ltr'><strong>superiorem</strong></span> <span class='ocrx_word' id='word_1_798' title='bbox 2107 5807 2338 5853; x_wconf 72' lang='lat' dir='ltr'><strong>restatcm</strong></span> <span class='ocrx_word' id='word_1_799' title='bbox 2365 5801 2710 5874; x_wconf 84' lang='lat' dir='ltr'><strong>transegimus</strong></span> <span class='ocrx_word' id='word_1_800' title='bbox 2735 5801 2924 5871; x_wconf 85' lang='lat' dir='ltr'><strong>(Num.</strong></span> <span class='ocrx_word' id='word_1_801' title='bbox 2958 5807 3034 5878; x_wconf 78' lang='lat'><strong>5).</strong></span> <span class='ocrx_word' id='word_1_802' title='bbox 3072 5777 3371 5864; x_wconf 78' lang='lat' dir='ltr'><strong>Fatendum</strong></span> <span class='ocrx_word' id='word_1_803' title='bbox 3397 5799 3581 5877; x_wconf 83' lang='lat' dir='ltr'><strong>quidem</strong></span> <span class='ocrx_word' id='word_1_804' title='bbox 3601 5796 3656 5846; x_wconf 76' lang='lat' dir='ltr'><strong>es!</strong></span> <span class='ocrx_word' id='word_1_805' title='bbox 3676 5777 3722 5833; x_wconf 55' lang='lat' dir='ltr'><strong>his</strong></span> 
     </span>
    </p>
   </div>
   <div class='ocr_carea' id='block_1_57' title="bbox 533 5879 3718 5990">
    <p class='ocr_par' dir='ltr' id='par_1_57' title="bbox 533 5879 3718 5990">
     <span class='ocr_line' id='line_1_57' title="bbox 533 5879 3718 5990; baseline 0.01 -55"><span class='ocrx_word' id='word_1_806' title='bbox 533 5879 734 5950; x_wconf 81' lang='lat' dir='ltr'><strong>verbis,</strong></span> <span class='ocrx_word' id='word_1_807' title='bbox 766 5899 875 5942; x_wconf 90' lang='lat' dir='ltr'><strong>non</strong></span> <span class='ocrx_word' id='word_1_808' title='bbox 904 5895 1012 5944; x_wconf 88' lang='lat' dir='ltr'><strong>tam</strong></span> <span class='ocrx_word' id='word_1_809' title='bbox 1036 5885 1166 5948; x_wconf 79' lang='lat' dir='ltr'><strong>Julii</strong></span> <span class='ocrx_word' id='word_1_810' title='bbox 1193 5886 1402 5952; x_wconf 82' lang='lat' dir='ltr'><strong>mensis</strong></span> <span class='ocrx_word' id='word_1_811' title='bbox 1428 5887 1710 5964; x_wconf 86' lang='lat' dir='ltr'><strong>medium,</strong></span> <span class='ocrx_word' id='word_1_812' title='bbox 1740 5905 1904 5965; x_wconf 88' lang='lat' dir='ltr'><strong>quam</strong></span> <span class='ocrx_word' id='word_1_813' title='bbox 1932 5895 2176 5952; x_wconf 85' lang='lat' dir='ltr'><strong>autumni</strong></span> <span class='ocrx_word' id='word_1_814' title='bbox 2209 5894 2426 5954; x_wconf 85' lang='lat' dir='ltr'><strong>initium</strong></span> <span class='ocrx_word' id='word_1_815' title='bbox 2452 5897 2748 5971; x_wconf 81' lang='lat' dir='ltr'><strong>signiﬁcari</strong></span> <span class='ocrx_word' id='word_1_816' title='bbox 2771 5941 2785 5970; x_wconf 90' lang='lat'><strong>,</strong></span> <span class='ocrx_word' id='word_1_817' title='bbox 2814 5901 2860 5958; x_wconf 88' lang='lat' dir='ltr'><strong>si</strong></span> <span class='ocrx_word' id='word_1_818' title='bbox 2887 5915 2956 5970; x_wconf 74' lang='lat' dir='ltr'><strong>ea</strong></span> <span class='ocrx_word' id='word_1_819' title='bbox 2983 5901 3283 5978; x_wconf 65' lang='lat' dir='ltr'><strong>secundum</strong></span> <span class='ocrx_word' id='word_1_820' title='bbox 3309 5903 3606 5990; x_wconf 68' lang='lat' dir='ltr'><strong>capme</strong></span> <span class='ocrx_word' id='word_1_821' title='bbox 3626 5883 3718 5938; x_wconf 67' lang='grc'><strong>³⁵⁸³</strong></span> 
     </span>
    </p>
   </div>
  </div>
