3932 6296
164 331 296 395 1357
1137 327 1224 384 oe
1263 314 1468 386 OBITU
1509 308 2007 385 VALENTINIANI
2043 316 2498 381 CONSOLATIO.
3325 312 3468 380 ηδε

157 451 533 525 interpreteris
562 467 576 505 :
608 447 815 507 certius
846 456 1027 504 tamen
1054 453 1139 505 est
1166 445 1345 503 idibus
1374 444 1530 501 Maiis
1563 440 2005 500 Valentinianum
2037 438 2187 497 elisis
2218 436 2461 495 faucibus
2505 434 2788 491 inventum
2814 444 2967 499 esse,
3001 446 3064 490 ac
3091 445 3201 491 non
3239 434 3344 494 nisi
3373 450 3473 508 per

152 544 288 602 duos
326 557 545 601 menses
590 543 933 600 inhumatum
971 539 1273 605 mansisse,
1307 554 1470 611 quam
1518 547 1574 593 ut
1616 537 1670 594 iu
1714 544 2033 594 autumnum
2078 533 2232 606 rejici
2278 531 2487 605 possint
2532 530 2679 588 illius
2726 529 2992 602 exequiae.
3044 529 3343 588 Dicendum
3376 531 3480 605 igi—

154 651 237 700 tur
280 640 380 698 has
421 638 567 696 duas‘
598 653 783 707 voces,
811 636 1132 711 superiorem
1161 644 1412 703 wstatem,
1452 632 1587 690 nihil
1640 631 1791 689 aliud
1840 631 1950 689 nisi
1999 636 2273 703 peractam
2318 626 2639 685 aestivorum
2683 625 2927 683 calorum
2971 633 3185 697 partem
3226 624 3338 684 illic
3386 640 3479 684 so-

155 755 306 797 nare.

220 833 278 888 in
309 831 544 904 antiquis
568 828 898 888 editionibus
926 827 1086 901 hujus
1113 827 1313 898 opella:
1352 825 1641 897 inscriptio
1670 830 1789 881 erat
1826 843 1839 877 :
1879 820 2060 878 Uratio
2103 819 2331 892 funebris
2358 819 2422 874 de
2454 816 2610 874 Obitu
2644 814 2993 872 Valentiniani
3024 814 3388 890 imperatoris;
3415 815 3474 875 in

153 927 395 984 Romana
425 925 662 981 editione
693 942 706 979 :
740 921 807 978 In
833 921 988 977 Obitu
1030 920 1383 977 Valentiniani
1398 918 1636 993 junioris
1656 914 1866 989 augusti
1890 913 2084 970 Concio
2103 911 2354 984 funebris.
2386 908 2614 967 Variam
2640 922 2857 980 quoque
2886 907 2945 964 in
2975 908 3078 965 hoc
3103 907 3262 964 titulo
3282 908 3478 979 scripti

151 1020 402 1087 codices;
435 1036 543 1076 non
589 1020 733 1076 enim
765 1016 994 1085 desunt,
1025 1015 1116 1088 qui
1160 1015 1312 1071 illam
1339 1012 1637 1071 exhibeant
1667 1014 1724 1067 in
1752 1025 1873 1067 eam
1905 1009 2177 1066 formam:
2202 1005 2397 1078 Incipit
2440 1013 2687 1060 tractatus
2715 1003 2778 1061 de
2815 1004 2971 1061 Ubitu
3011 1004 3336 1078 imperatoris
3375 1003 3482 1062 Va—

149 1117 420 1173 lentiniani
441 1114 708 1191 junioris;
735 1111 831 1168 sed
867 1111 921 1168 iu
968 1111 1145 1167 multo
1177 1109 1425 1180 pluribus
1456 1109 1527 1162 ita
1553 1104 1878 1177 exprimitur
1913 1120 1926 1157 :
1961 1101 2158 1172 Incipit
2186 1102 2249 1155 de
2280 1098 2643 1156 Consolatione
2669 1097 2757 1167 (in
2788 1096 3118 1170 quibusdam
3162 1098 3381 1168 epistola
3412 1099 3479 1154 de

152 1207 546 1279 Consolatione)
589 1205 967 1273 Valentiniani,
1008 1205 1206 1260 alicubi
1236 1202 1456 1259 additur
1480 1203 1537 1258 τὸ
1555 1199 1808 1274 junioris.
1847 1196 1984 1253 lliuc
2013 1204 2193 1252 autem
2243 1194 2413 1266 liquet
2452 1194 2508 1250 in
2554 1193 2831 1251 lemmatis
2873 1193 3114 1265 Operum
3157 1194 3327 1251 multa
3374 1209 3479 1264 pro

150 1304 304 1362 libitu
345 1303 505 1376 adjici
532 1301 715 1359 solere
744 1316 773 1355 a
806 1299 1043 1356 librariis
1070 1340 1083 1364 ,
1122 1296 1219 1353 sed
1251 1297 1391 1352 inter
1419 1296 1551 1351 istas
1592 1291 1857 1348 leviculas
1895 1288 2249 1345 diversitates
2294 1287 2455 1344 facile
2493 1285 2835 1360 dignoscitur
2869 1302 3131 1360 germana
3171 1286 3480 1361 inscriptio.

152 1402 218 1458 Et
248 1401 301 1457 in
332 1400 436 1459 hac
466 1415 600 1456 sane
630 1412 854 1468 magnos
882 1406 1138 1452 auctores
1168 1392 1359 1450 habuit
1387 1388 1732 1454 Ambrosius,
1766 1402 1905 1459 quos
1934 1393 2279 1457 sequeretur.
2325 1382 2784 1441 Commentationi
2810 1425 2825 1450 ,
2856 1399 3019 1455 quam
3046 1383 3116 1440 de
3142 1394 3322 1442 morte
3352 1385 3482 1441 tiliae

149 1494 368 1566 scripsit
396 1492 613 1559 Cicero,
643 1492 831 1548 titulus
854 1488 1155 1562 praeﬁgitur
1184 1484 1510 1543 Consolatio.
1556 1481 1884 1539 Plutarchus
1915 1479 2078 1537 etiam
2106 1478 2308 1535 librum
2338 1477 2510 1534 edidit
2535 1477 2600 1534 de
2633 1477 2999 1534 Consolatione
3028 1477 3098 1532 ad
3126 1477 3474 1549 Apollonium

150 1589 258 1648 Sed
302 1589 502 1646 nullius
546 1585 789 1645 auctoris
830 1585 1009 1656 plures
1040 1582 1366 1654 scriptiones
1395 1581 1462 1636 eo
1490 1579 1647 1635 titulo
1675 1575 1950 1649 insignitae
1986 1582 2149 1643 sunt,
2185 1590 2346 1646 quam
2391 1573 2615 1633 Senecae
2650 1574 3003 1650 philosophi,
3033 1591 3063 1631 a
3092 1589 3201 1648 quo
3228 1579 3484 1634 eamdem

150 1682 486 1757 cpigraphen
517 1682 691 1741 tribus
720 1677 919 1737 libellis
942 1677 1170 1733 inditam
1208 1673 1474 1747 reperias.

533 2000 1567 2175 SANCTI
1748 1853 3188 2193 AMBROSII,

1284 2304 1869 2390 MEDIOLANENSIS
1924 2303 2300 2414 EPISCOPI,

549 2544 825 2692 DE
919 2534 1550 2689 OBITU
1648 2529 2292 2681 VALEN
2312 2534 2643 2680 TIN
2652 2536 2996 2684 IAN
3006 2543 3075 2684 Ι

1167 2757 2455 2896 CONSOLATIO“.

1531 2964 2095 2997 ————c———-

228 3106 443 3184 1173
478 3104 535 3161 l.
576 3100 691 3158 Etsi
717 3098 1116 3154 incrementum
1161 3086 1369 3146 doloris
1397 3083 1498 3150 sit,
1528 3078 1583 3137 id
1615 3075 1759 3182 quod
1787 3076 1843 3140 A
1868 3082 1978 3142 tur,
2017 3074 2267 3134 advenit.
2310 3078 2380 3136 Et
2423 3079 2528 3140 iste
2571 3091 2751 3142 tamen
2805 3083 2893 3142 vel
2938 3093 3117 3145 morte
3162 3102 3264 3146 sua
3307 3091 3484 3149 voluit

146 3171 453 3269 doli-3:523
496 3194 769 3258 scribere;
815 3186 1072 3261 quoniam
1122 3190 1303 3238 tamen
1347 3177 1668 3250 plerumque
1709 3171 1763 3227 in
1869 3171 2100 3245 implere
2133 3175 2498 3245 promissum;
2530 3177 2629 3236 sed
2659 3179 2820 3235 nobis
2845 3182 3201 3240 acerbissima
3229 3193 3315 3242 est
3341 3187 3483 3246 iacta

141 3301 273 3373 ejus
298 3338 313 3364 ,
340 3309 507 3368 quem
534 3290 795 3347 amissum
822 3282 1091 3349 dolemus,
1125 3271 1648 3336 commemoratione
1679 3282 1764 3324 re-
1867 3268 2009 3339 ejus,
2037 3283 2161 3341 qua:
2206 3271 2589 3342 exoptabatur,
2630 3272 2848 3347 1174
2892 3276 3204 3345 praesentia.
3255 3277 3480 3337 Utinam

140 3359 518 3469 abies-cimus;
547 3401 614 3444 eo
641 3380 868 3456 quodin
898 3373 1193 3436 scribendo
1219 3372 1347 3429 dum
1375 3369 1577 3425 incum
1605 3379 1763 3421 men-
1867 3359 2045 3418 adhuc
2091 3362 2250 3419 uobis
2294 3363 2532 3434 abesset,
2568 3375 2627 3422 ut
2673 3368 2776 3423 sibi
2826 3368 3063 3425 viveret!
3108 3369 3215 3427 Sed
3247 3370 3340 3428 ille
3368 3390 3483 3431 non

141 3458 263 3550 tem
311 3486 615 3557 dirigimus,
670 3475 1136 3542 iutentionemque
1183 3466 1507 3537 deligimus,
1552 3458 1766 3516 videtur

138 3581 313 3641 nobis
351 3549 700 3635 iuvsermone
746 3567 1074 3627 reviviscere
1115 3580 1129 3617 :
1175 3561 1394 3632 signare
1441 3551 1649 3626 aliquid
1695 3549 1764 3607 de

140 3671 521 3734 Valentiniani
545 3664 781 3740 junioris
822 3661 1029 3719 ultimis
1058 3657 1211 3715 cordi
1241 3654 1376 3722 luit;
1403 3667 1473 3708 ne
1502 3658 1597 3707 aut
1623 3647 1764 3705 obli-

141 3784 361 3830 terasse
387 3765 609 3826 silentio
635 3763 776 3818 bene
802 3755 987 3816 meriti
1011 3754 1080 3812 de
1122 3750 1285 3810 nobis
1312 3761 1335 3790 α
1370 3746 1611 3822 pignoris
1649 3757 1765 3802 me-

140 3866 384 3925 moriam
433 3859 744 3917 videremur
771 3896 787 3922 ,
818 3861 987 3923 atque
1030 3847 1412 3907 inhonoratam
1447 3839 1756 3911 reliquisse,

137 3971 236 4018 aut
284 3956 559 4027 refugisse
621 3946 966 4008 incentivum
1020 3938 1286 4007 dolendi,
1334 3951 1459 3994 cum
1517 3932 1762 3989 doluisse

138 4058 471 4129 plerumque
497 4047 753 4105 solatium
796 4041 868 4097 sit
894 4036 1174 4096 dolentis:
1201 4031 1366 4092 simul
1390 4044 1513 4087 cum
1540 4027 1610 4085 de
1639 4026 1761 4098 ipso

136 4120 239 4209 aut
273 4147 341 4203 ad
374 4120 552 4216 ipsum
583 4144 781 4212 loquor
806 4179 821 4203 ,
854 4146 1130 4205 tamquam
1163 4130 1233 4187 de
1274 4132 1551 4202 praesente
1580 4121 1662 4180 vel
1690 4120 1759 4177 ad

137 4246 481 4319 praesentem
505 4234 636 4293 mihi
663 4246 849 4290 sermo
873 4230 965 4285 sit.

210 4340 274 4397 '2.
316 4333 458 4406 Quid
512 4331 679 4404 igitur
734 4326 970 4400 primum
1018 4317 1287 4379 deﬂeam?
1331 4313 1473 4387 Quid
1522 4311 1755 4384 primum

1867 3470 2083 3526 passus,
2110 3470 2233 3513 cum
2263 3456 2478 3514 audiret
2496 3456 2665 3529 Alpes
2697 3460 2866 3517 italia:
2896 3460 3055 3519 hoste
3080 3463 3325 3522 infestari
3352 3466 3480 3524 bar-

1866 3549 2023 3618 baro,
2059 3551 2253 3608 maluit
2284 3551 2584 3624 periclitari
2612 3569 2703 3623 se,
2731 3555 2777 3613 si
2808 3555 3013 3614 Gallias
3044 3556 3475 3634 derelinqueret,

1862 3661 2025 3718 quam
2079 3656 2269 3704 nostro
2326 3646 2522 3705 deesse
2571 3649 2840 3720 periculo.
2890 3648 2919 3689 ά
2963 3651 3219 3724 Magnum
3265 3656 3477 3714 crimen

1863 3741 2215 3814 agnoscimus
2258 3741 2639 3815 imperatoris,
2674 3743 2818 3815 quod
2850 3744 3103 3804 Romano
3130 3748 3305 3805 voluit
3345 3753 3478 3809 sub-

1863 3836 2053 3895 venire
2092 3836 2359 3908 imperio!
2390 3836 2519 3894 Haec
2549 3852 2713 3895 causa
2758 3840 2989 3909 mortis,
3014 3857 3137 3913 qua
3168 3844 3328 3914 plena
3358 3845 3479 3904 lau-

1861 3930 1967 3986 dis.
1998 3928 2289 3988 Solvamus
2310 3929 2456 3987 bono
2492 3930 2725 4003 principi
2753 3931 3143 4003 stipendiarias
3169 3935 3473 4010 lacrymas;

1859 4023 1985 4095 quia
2035 4022 2130 4080 ille
2192 4022 2355 4080 nobis
2411 4022 2577 4080 solvit
2631 4024 2796 4081 etiam
2850 4026 3048 4085 mortis
3106 4045 3222 4087 suae
3268 4032 3481 4105 stipen-

1859 4117 2034 4173 dium.

1929 4211 1984 4266 3.
2026 4208 2139 4267 Nec
2180 4218 2361 4268 tamen
2391 4210 2559 4269 llendi
2592 4210 2898 4273 admonitio
2938 4216 3272 4275 necessaria.
3304 4218 3474 4283 Fient

1857 4319 2079 4373 omnes,
2113 4304 2249 4363 llent
2291 4315 2345 4364 et
2392 4305 2759 4379 ignoti,llent
2802 4317 2861 4366 et
2912 4309 3200 4383 timentes,
3231 4312 3368 4374 ﬂent
3413 4328 3474 4378 et

132 4396 362 4496 amaraw
385 4396 780 4500 conquestione
820 4416 1136 4491 deplore-mi
1179 4411 1449 4471 Conversi
1479 4416 1607 4467 sunt
1636 4407 1755 4464 dies
1857 4399 2046 4467 inviti,
2079 4396 2210 4457 ﬂent
2236 4407 2293 4457 et
2319 4399 2576 4470 barbari,
2623 4400 2757 4459 llent
2782 4409 2841 4459 et
2866 4404 2961 4475 qui
2993 4404 3318 4466 videbantur
3356 4412 3466 4470 ini-

133 4492 306 4586 ams
359 4492 607 4578 Vmor-um
668 4525 984 4574 "amorum
1034 4511 1090 4567 .m
1134 4510 1434 4581 “eam”;
1481 4500 1751 4575 siquidem
1781 4496 1832 4559 B
1856 4497 2039 4554 miei.°
2055 4500 2299 4567 Quantos
2322 4496 2428 4553 iste
2445 4495 2513 4554 de
2539 4495 2734 4554 Galliis
2759 4513 2934 4571 usque
2958 4498 3066 4558 huc
3091 4502 3259 4561 totius
3281 4515 3463 4567 tractu
3558 4492 3567 4501 ί

133 4616 563 4681 Valentinianus
610 4612 771 4669 nubis
792 4651 806 4675 ,
833 4607 931 4665 sed
958 4621 1068 4664 non
1103 4603 1225 4660 talis
1261 4600 1439 4674 qualis
1488 4594 1749 4671 speraba—

215 4773 241 4800 ει
286 4758 500 4830 Scripta
528 4766 672 4830 anno
696 4748 825 4830 δεῇ.

207 4834 241 4874 δ
288 4807 660 4891 ῘῖἷῐῆἷῘθᾶᾗίζ
681 4825 944 4949 “gena...
977 4832 1036 4872 eo
1062 4815 1202 4886 quod
1229 4815 1349 4869 dum
1386 4812 1441 4867 in
1472 4826 1622 4892 eumn
1637 4807 1744 4865 Sed

207 4907 370 4949 rhnm
415 4901 634 4949 scribere
670 4896 721 4949 vi
764 4901 884 4949 etur
910 4888 1229 4947 Ambrosius
1260 4887 1377 4949 ipse
1406 4894 1739 4949 reposutsse,

131 4879 649 4965 verbum-actione.
670 4879 1229 4965 videturgmhr'osius
1260 4887 1377 4965 ipse
1406 4879 1739 4965 reposuisse,

129 4956 272 5041 cum
286 4956 605 5031 worationem
633 4983 796 5041 suam,
811 4965 879 5041 in_
894 4963 1094 5019 librum
1106 4956 1549 5041 transformavit‘.

214 5023 267 5091 ἵ,
281 5023 763 5106 ὁὲῖῐέἷιὲἷιῖἷηῖθη‹›
786 5039 839 5095 iu
866 5036 971 5091 hac
996 5032 1173 5106 opella
1199 5023 1738 5106 passijmbrosius

134 5098 418 5194 tamquam
438 5098 876 5194 idet—charissimo
901 5107 1012 5164 lilio
1033 5098 1289 5194 loquitur;
1308 5098 1738 5194 sedeamnpar‘i-

132 5169 833 5255 i3?’36'é6déin"biinci..e
869 5169 1120 5255 parentis
1146 5173 1453 5255 nomineet
1484 5171 1602 5227 loco
1644 5169 1740 5224 ha-

130 5244 323 5328 bitum
343 5244 555 5321 come:
584 5244 826 5329 subjecta
849 5244 1195 5329 peroratione
1218 5244 1606 5329 intelligimus,
1625 5251 1734 5329 tum

131 5313 714 5407 Zi'"é}3i§i6ia'§3’,"aa
757 5313 1003 5393 Theod.,
1032 5316 1488 5397 quemadmodum
1535 5313 1736 5371 ibidem

130 5413 492 5470 observatum
523 5416 627 5463 est.

210 5460 491 5536 Ioniae;
513 5460 643 5533 edit.
675 5482 730 5530 et
756 5470 913 5541 pauci
942 5484 1074 5526 mss.
1098 5510 1112 5535 ,
1144 5464 1397 5541 Magnum
1420 5460 1737 5541 discrimen;

132 5557 239 5616 sed
272 5532 570 5609 verisimile
600 5557 682 5605 est
706 5532 1008 5616 scriptores
1033 5532 1286 5616 librarios
1331 5549 1518 5616 vocem
1549 5532 1734 5586 discri-

133 5607 257 5686 "m3.
289 5607 613 5696 prmcedenti
642 5632 776 5696 voce
815 5607 1040 5696 periculo
1070 5607 1541 5696 ductos'posuisse'
1559 5621 1573 5670 ;
1607 5616 1730 5696 cum

135 5679 332 5760 {allicit
354 5710 552 5752 sensus
570 5679 1013 5757 maximaipartis
1038 5698 1169 5741 mss.
1200 5679 1501 5760 quicrimen
1528 5679 1734 5758 legunt,

132 5748 466 5832 concinnior
491 5748 579 5825 sit.
613 5748 857 5831 Quinam.
871 5771 1033 5832 porro
1061 5748 1248 5832 essent
1278 5750 1530 5832 barbari,
1557 5748 1736 5832 alqui-

131 5821 515 5910 bu'snimperio
540 5821 836 5910 periculum
854 5821 1226 5910 impenderet,
1261 5842 1368 5881 non
1410 5822 1565 5909 facile
1591 5821 1738 5876 dicc-

134 5895 238 5976 ἶιῖιῖ
252 5895 425 5981 {nam
449 5919 502 5968 et
530 5895 662 5965 alios
687 5895 960 5963 exstitisse
983 5899 1073 5971 qui
1097 5896 1273 5953 amico
1294 5911 1421 5969 erga
1442 5895 1735 5965 imperato-

1854 4589 2066 4647 itineris
2081 4590 2407 4664 populorum
2420 4590 2530 4664 egit
2545 4590 2815 4664 gemitus?
2829 4589 3032 4653 Omnes
3045 4595 3191 4655 enim
3204 4613 3315 4658 non
3328 4609 3464 4661 tam-

1850 4740 2067 4859 :smret
2107 4730 2403 4804 imperium
2442 4731 2563 4805 ejus
2607 4733 2791 4792 animo
2829 4746 3043 4811 essent,
3070 4739 3210 4798 infra
3243 4759 3456 4804 memo-

1843 4874 2413 5004 sicPhglgtésvirgiiiana
2439 4883 2523 4935 est
2549 4875 2780 4937 imitatio
2806 4894 2838 4939 e
2868 4879 2963 4939 lib.
2994 4897 3047 4939 vt
3075 4881 3295 4944 Eneid.
3313 4930 3333 4959 ,
3356 4889 3452 4951 ubi

1936 5062 2154 5138 Quantos
2174 5062 2258 5138 ille
2284 5064 2441 5138 virum
2463 5076 2688 5138 magnam
2711 5065 2943 5120 Mavortis
2963 5068 3023 5120 ad
3047 5070 3222 5123 urbem

1933 5125 2143 5190 Campus
2160 5126 2266 5190 egit
2282 5127 2539 5205 gemitus/7

1841 5239 1936 5325 En
1966 5239 2259 5325 iis-autem
2309 5257 2443 5325 qua;
2482 5250 2663 5325 narrat
2703 5242 3065 5325 Ambrosius,
3118 5246 3441 5325 intelligitur

1841 5311 2275 5396 Valentinianum
2325 5329 2355 5396 e
2403 5312 2591 5396 Galliis
2631 5311 3259 5396 nntidum_exceSSisse,
3296 5311 3440 5383 "cum

1838 5386 2141 5441 exstinctus
2182 5395 2298 5461 est;
2333 5386 2498 5461 immo
2539 5387 2611 5461 in‘
2640 5386 2755 5454 ipsa
2800 5388 3020 5447 civitate
3066 5386 3269 5449 Vienna
3298 5437 3314 5461 ,
3343 5397 3436 5455 ubi

1839 5472 1965 5513 eum
1988 5467 2256 5514 moratum
2276 5460 2329 5515 in
2352 5458 2452 5514 hac
2473 5456 2724 5514 oratione
2742 5465 2969 5516 testatur
2987 5474 3208 5522 sanctus
3223 5456 3410 5525 noster

1842 5528 1982 5615 hnnc
1998 5544 2235 5615 mortem
2256 5529 2551 5615 contigisse
2578 5508 3436 5615 gomnﬁiiiﬁ'aiiﬁiiii'

1837 5603 1957 5657 rici.
1992 5602 2146 5672 Quod
2178 5618 2310 5658 vero
2337 5602 2403 5657 ad
2437 5602 2630 5659 mortis
2658 5619 2828 5672 genus
2866 5605 3028 5662 iidem
3059 5608 3202 5665 inter
3226 5626 3290 5668 se
3316 5614 3434 5670 dis-

1835 5676 2097 5750 sentiunt.
2130 5674 2360 5731 Ruﬁnus
2390 5673 2484 5750 lib.
2516 5690 2553 5730 ll
2583 5674 2795 5750 llistor.
2816 5693 2935 5750 cap.
2982 5680 3047 5737 51
3080 5693 3137 5738 et
3168 5682 3433 5745 Sozome-

1838 5762 1940 5827 nus
1973 5747 2066 5803 lib.
2100 5763 2173 5803 vu
2195 5791 2208 5811 ,
2237 5761 2360 5827 cap.
2387 5745 2490 5812 τη,
2534 5745 2666 5827 edit.
2699 5745 2919 5827 Vales}
2951 5749 3154 5827 litteris
3194 5762 3435 5827 produnt

1839 5819 1976 5902 alios
2005 5820 2266 5902 essenqui
2293 5817 2443 5902 hunc
2471 5817 2773 5902 principem
2808 5820 2937 5877 dolo
2977 5817 3292 5900 Arboga'stis
3334 5848 3435 5888 ne-

1840 5900 2020 5947 catum
2067 5889 2498 5959 scribant,alios
2542 5889 2631 5961 qui
2671 5889 2846 5963 ipsum
2881 5899 3099 5969 propria
3124 5889 3290 5961 manu
3330 5902 3440 5964 sibi
