3866 6288
452 321 474 375 1
488 315 597 376 563

1805 302 2049 364 SANC'I'I
2089 301 2417 364 LIBROS“

3629 301 3728 360 l3!

450 445 508 492 et
531 447 788 506 magnam
824 431 1042 506 117s
1069 428 1260 486 induat
1280 426 1464 483 animo
1485 421 1803 496 patientiam
1834 438 1848 476 :
1879 420 2058 478 dabit—
2085 424 2133 483 Α
2161 419 2243 475 sic
2265 417 2409 474 istud
2435 416 2718 480 abstersit,
2751 424 2807 472 ut
2834 430 2904 472 ne
2931 413 3306 472 solemnibus
3336 412 3548 486 quidem
3578 415 3728 506 primi-

457 543 566 599 que
595 525 928 598 percutienti
959 522 1235 580 maxillam
1267 533 1447 586 suam,
1475 507 1644 576 etiam
1675 514 1842 572 cadis
1873 523 1900 552 ⁸
1929 529 2064 570 con-

461 632 716 677 temnens
729 618 1009 690 injuriam;
1027 625 1079 672 ut
1097 612 1367 672 mandatis
1379 608 2062 682 obsequaturcmlestibus.

530 713 619 770 15.
652 712 904 784 Magnum
931 720 1017 767 est
1046 709 1194 766 enim
1215 705 1302 762 vel
1324 704 1605 762 abstinere
1633 718 1664 759 a
1691 702 1844 759 vitiis
1868 701 2068 774 juven-

462 805 698 862 tutisvel
714 819 833 860 eam
850 805 904 859 in
917 803 1036 873 ipso
1045 799 1349 872 juventutis
1364 795 1638 854 vestibulo
1655 795 2062 867 derelinquere,

463 907 631 970 atque
657 895 684 935 δ
707 895 776 953 ad
832 895 1040 951 seriora
1090 890 1376 958 converti;
1405 889 1631 945 lubrica:
1660 889 1808 944 enim
1848 895 1902 943 et
1938 902 2066 959 per-

463 985 1228 1062 plesmsuntvitejuventutis.
1261 984 1503 1054 Denique
1519 982 1778 1040 Salomon
1803 981 1913 1036 ait:
1943 979 2067 1035 Tria

459 1086 591 1141 milii
618 1082 960 1155 impossibilia
983 1089 1104 1137 sunt
1131 1079 1444 1150 intelligere,
1466 1087 1514 1133 et
1534 1087 1774 1148 quartum
1799 1075 1940 1148 quod
1964 1091 2066 1131 non

461 1196 736 1254 cognosce.
769 1179 998 1252 Vestigia
1029 1177 1221 1250 aquila
1248 1175 1491 1242 volantis,
1521 1184 1570 1230 et
1595 1174 1707 1230 uias
1721 1175 1973 1246 serpentis
2014 1172 2066 1228 in

463 1285 632 1346 petra,
647 1283 694 1330 et
705 1273 914 1330 semitas
930 1273 1075 1327 navis
1089 1271 1408 1345 narigantis,
1423 1279 1468 1324 et
1483 1269 1594 1324 uias
1607 1269 1706 1324 uiri
1725 1269 1780 1322 in
1789 1271 2069 1341 juventute

469 1367 657 1440 (Prov.
698 1382 835 1433 xxx,
866 1365 956 1432 18,
989 1363 1104 1436 19).
1133 1361 1304 1419 David
1323 1372 1507 1419 autem
1523 1361 1602 1417 ait
1625 1378 1638 1415 :
1665 1359 1865 1416 Delicta
1879 1363 2067 1430 juven—

469 1463 596 1517 tutis
613 1477 738 1517 nica
759 1469 808 1517 et
834 1461 1144 1534 ignorantia
1158 1475 1285 1515 mea
1308 1475 1370 1515 ne
1393 1457 1691 1514 memineris
1716 1453 1889 1526 (Psal.
1915 1470 2067 1520 xxiv,

470 1557 546 1630 7).
580 1557 804 1614 iuvenis
825 1556 970 1613 enim
999 1569 1107 1611 non
1129 1554 1306 1610 solum
1327 1550 1624 1624 fragilitate
1646 1549 1872 1606 lubrica:
1893 1547 2074 1604 aetatis

471 1649 800 1722 prolabitur,
831 1665 1020 1706 verum
1050 1647 1213 1704 etiam
1241 1643 1552 1718 ignorantia
1580 1642 1885 1700 cmlestium
1912 1657 2070 1698 man-

468 1744 722 1799 datorum
763 1743 1084 1814 plerumque
1125 1740 1393 1812 delinquit
1425 1756 1439 1794 :
1473 1740 1582 1794 cito
1612 1744 1798 1794 autem
1829 1744 2071 1793 meretur

2167 526 2292 583 pum
2324 509 2617 576 natalibus,
2657 509 2740 564 vel
2785 507 3106 581 imperialis
3159 507 3398 562 honoris
3433 501 3733 578 gratia‘c'r-

2165 618 2363 661 censes
2389 612 2606 676 putaret
2632 618 2756 659 esse
2786 600 3190 658 celebrandas.
3236 599 3477 656 Aiebam
3506 601 3653 672 aliqui
3677 598 3734 658 fe-

2167 714 2347 755 rarum
2388 713 2512 754 eum
2542 695 2930 752 venationibus
2961 692 3261 766 occupari,
3287 705 3456 764 atque
3479 691 3546 748 ab
3573 694 3734 750 actibus

2165 793 2405 867 publicis
2435 792 2794 848 intentionem
2829 790 2958 860 ejus
2982 787 3192 846 abduci
3225 805 3240 842 :
3287 801 3482 844 omnes
3509 787 3640 843 feras
3663 804 3738 845 una

2167 897 2448 944 momento
2475 886 2638 957 jussit
2659 883 2924 941 interﬁci.

2243 981 2332 1039 16.
2375 980 2582 1037 Audire
2622 980 2676 1035 in
2723 979 3064 1036 consistorio
3089 987 3115 1014 ε
3147 975 3415 1049 negotia,
3451 985 3507 1032 et
3555 975 3743 1034 Danielis
3801 995 3808 1004 λ

2168 1077 2388 1148 spiritu,
2415 1075 2467 1130 in
2499 1074 2700 1146 quibus
2721 1071 3043 1129 dubitarent
3063 1086 3235 1130 senes
3259 1113 3274 1138 ,
3311 1071 3400 1126 vel
3429 1085 3664 1142 person:
3677 1072 3748 1127 sli-

2168 1170 2324 1243 cujus
2374 1170 2620 1225 contuitu
2665 1167 3032 1236 ducerentur,
3080 1179 3389 1237 congruam
3441 1180 3573 1222 vero
3605 1165 3749 1222 adole-

2169 1272 2414 1320 scentem
2439 1259 2657 1317 videres
2684 1260 3025 1329 senilemque
3056 1257 3207 1314 ferre
3229 1255 3591 1314 sententiam.
3611 1255 3750 1313 lacta-

2171 1357 2301 1412 hant
2349 1357 2544 1423 invidi,
2601 1355 2746 1428 qttod
2798 1363 3135 1426 pramature
3183 1351 3490 1425 prandium
3542 1363 3750 1423 peteret:

2171 1452 2340 1524 coepit
2371 1453 2447 1508 ita
2477 1452 2826 1523 frequentare
2853 1447 2871 1488 τ
2897 1449 3173 1521 jejunium
3196 1490 3212 1512 ,
3243 1457 3306 1504 ut
3329 1447 3751 1520 plerumqueipse

2171 1546 2485 1617 impransus
2511 1543 2722 1618 1179
2751 1541 3068 1599 convivium
3101 1535 3361 1597 solemne
3409 1540 3528 1596 suis
3571 1537 3755 1596 Comiti-

2172 1641 2274 1696 bus
2299 1639 2588 1696 exhiberet
2618 1656 2633 1695 :
2664 1653 2773 1710 quo
2818 1646 2876 1693 et
2907 1632 3164 1708 religioni
3217 1646 3401 1700 sacra:
3453 1634 3756 1692 satisfaceret

2175 1744 2200 1783 κ
2239 1745 2294 1792 et
2316 1734 2583 1806 principis
2615 1733 2959 1790 humanitati.

469 1837 712 1900 veniam,
741 1837 834 1907 qui
867 1833 1555 1906 pratenditignorantiam.
1587 1830 1860 1902 Propheta
1885 1831 2072 1902 itaque
2100 1828 2149 1890 B
2249 1830 2340 1885 17.
2373 1828 2619 1886 Scenicte
2658 1827 2941 1899 cujusdam
2991 1822 3170 1882 forma
3213 1841 3278 1883 ac
3306 1825 3516 1882 decore
3543 1825 3756 1898 deperire

468 1930 606 1986 dicit
630 1948 644 1984 :
675 1929 876 1985 Delicta
894 1929 1181 2000 iuuentutis
1195 1938 1320 1982 mea
1338 1937 1383 1982 et
1405 1925 1718 2000 ignorantia
1729 1941 1856 1980 mea
1873 1941 1939 1980 ne
1958 1941 2072 1981 me-

468 2023 703 2078 mineris.
735 2021 852 2078 Non
881 2021 1052 2077 dicit:
1072 2020 1282 2078 Delicta
1305 2020 1609 2077 senectutis
1636 2033 1794 2083 metu,
1813 2027 1870 2075 et
1894 2019 2072 2074 scien-

464 2119 561 2174 tiae
619 2132 755 2172 mete
816 2131 884 2172 ne
935 2115 1294 2181 memineris;
1342 2114 1438 2170 scd
1471 2115 1627 2186 quasi
1657 2111 1949 2186 propheta,
1979 2109 2074 2183 qui

471 2210 586 2264 cito
605 2208 912 2264 correxerit
943 2215 998 2262 et
1025 2205 1405 2264 emendaverit
1440 2205 1910 2276 vitiajuveututis,
1934 2211 2070 2258 tcta-

468 2314 582 2358 tcm
615 2301 1095 2373 ignarantiamque
1120 2299 1428 2372 praetendit.

543 2399 633 2454 N.
659 2397 1076 2454 Valentinianus
1087 2413 1304 2470 quoque
1319 2397 1480 2453 etiam
1502 2397 1556 2452 in
1570 2395 1774 2452 delicto
1785 2395 2075 2468 Propheta:

465 2491 664 2548 similis
689 2494 765 2548 ait
790 2511 804 2549 :
833 2492 1036 2549 Delicta
1056 2493 1418 2550 adolescentia
1443 2501 1491 2546 et
1517 2491 1826 2562 ignorantia
1856 2506 1982 2545 mea
2011 2505 2075 2546 ne

469 2586 788 2640 memineris.
815 2585 925 2640 Nec
951 2585 1128 2641 solum
1157 2585 1288 2641 dixit
1312 2623 1328 2650 ,
1353 2585 1446 2641 sed
1481 2586 1646 2640 etiam
1676 2593 1805 2640 ante
1833 2585 2073 2640 correxit

467 2688 740 2742 errorem,
773 2691 938 2750 quam
970 2677 1209 2734 disceret
1247 2691 1370 2733 esse
1400 2677 1614 2747 lapsum
1656 2674 1889 2746 alicujus
1922 2690 2077 2732 erro-

467 2770 568 2827 ris.
597 2769 784 2842 ltaque
815 2770 956 2826 dicit
984 2788 998 2826 :
1023 2760 1438 2827 Correctioneih
1468 2769 1777 2840 juventutis
1817 2783 1952 2823 meae.
2007 2783 2077 2824 ne

469 2865 812 2922 memineris.
828 2863 1004 2920 Error
1025 2863 1076 2919 in
1095 2864 1344 2936 pluribus
1365 2873 1470 2928 est.
1491 2864 1545 2919 in
1569 2862 1756 2935 paucis
1777 2863 2072 2919 correctio.

547 2961 639 3017 15.
675 2959 744 3016 Et
769 2959 897 3032 quid
939 2959 1050 3030 jam
1092 2959 1162 3015 de
1213 2958 1338 3014 aliis
1367 2957 1576 3026 dicam,
1617 2957 1708 3030 qui
1755 2959 1919 3014 etiam
1949 2957 2076 3015 ludo

463 3055 777 3128 juventutis
805 3053 1498 3124 putaveritabstinendum,
1521 3052 1877 3110 resecandam
1899 3063 1921 3092 ο
1946 3063 2078 3108 aeta-

473 3148 546 3203 tis
575 3147 876 3213 licentium,
909 3146 1220 3203 severitatis
1261 3146 1492 3218 publica!
1533 3145 1790 3202 duritiem
1825 3146 2072 3203 mollien-

473 3241 601 3296 dam
623 3282 637 3304 ,
686 3241 968 3296 lenitatem
1007 3243 1309 3296 senectutis
1338 3242 1388 3296 in
1413 3241 1610 3297 alienis
1639 3239 1800 3296 annis
1823 3239 2077 3298 deferen-
2103 3240 2150 3305 C

474 3336 598 3391 dam
648 3335 697 3392 ei
729 3377 743 3402 ,
793 3337 884 3407 qui
926 3337 977 3391 in
1018 3337 1322 3406 periculum
1348 3336 1585 3392 convicti
1627 3336 1878 3392 criminis
1911 3350 2075 3392 voca-

469 3429 658 3484 retur?
683 3428 989 3487 Ferebatur
1018 3428 1196 3500 primo
1226 3428 1372 3486 ludis
1395 3428 1740 3486 circensibus
1768 3428 2069 3486 delectari:

543 3605 568 3632 ⁸
595 3595 798 3651 Omnes
825 3595 982 3662 edit.;
1021 3603 1290 3667 contentus
1325 3595 1557 3667 injuria;
1608 3609 1740 3650 mss.
1774 3595 2022 3651 nonnulli
2049 3639 2065 3663 ,

465 3678 706 3754 contenta
735 3668 964 3738 injuria,
996 3665 1182 3738 plures
1228 3680 1292 3721 ac
1321 3665 1692 3737 probatiores,
1731 3675 2067 3724 contemnens

465 3755 843 3866 “mima.
879 3824 988 3866 uno
1015 3819 1071 3865 et
1099 3809 1276 3867 altera
1304 3819 1536 3881 excepto
1563 3851 1579 3878 ,
1613 3809 1701 3874 ubi
1745 3810 1976 3867 habetur
2000 3813 2071 3866 ad

467 3884 741 3954 superiora
770 3899 789 3936 :
819 3892 1010 3954 contra
1049 3897 1182 3938 vero
1223 3882 1355 3954 edit.
1389 3897 1582 3939 omnes
1605 3882 1860 3949 etl'erunt,
1889 3884 1958 3938 ad
1987 3901 2074 3938 sa-

463 3951 638 4024 niora.
675 3955 806 4024 Quae
846 3952 1066 4024 quidem
1112 3951 1278 4024 lectio
1327 3955 1431 4012 etsi
1480 3955 1730 4010 usitatior
1782 3953 2065 4023 videatur,

466 4023 597 4101 licet
626 4023 806 4101 tamen
839 4023 1022 4082 dicere
1050 4023 1119 4101 ad
1141 4027 1339 4101 seriora
1357 4028 1440 4083 sin
1467 4027 1648 4101 minus
1674 4039 1773 4098 pro
1808 4025 1877 4101 ad
1905 4029 2068 4101 magis

463 4099 624 4165 seria,
646 4099 842 4155 saltem
871 4111 973 4169 pro
997 4099 1066 4154 ad
1094 4100 1259 4172 magis
1279 4115 1417 4166 sera,
1443 4098 1689 4170 intelligo
1721 4099 1899 4154 studia
1925 4098 2068 4155 sene-

465 4173 644 4228 elutis.

540 4254 564 4284 ο
594 4244 721 4300 Mss.
750 4243 979 4316 aliquot,
1035 4243 1205 4316 atatis
1251 4241 1504 4300 latitiam.
1537 4241 1607 4298 Et
1637 4239 1724 4316 hic
1750 4241 1914 4316 etiam
1957 4253 2064 4298 non

465 4331 636 4400 pauca
663 4325 790 4400 sunt
809 4313 976 4400 ἶςίιιιεῐι
1005 4313 1252 4373 alludere
1283 4317 1351 4373 ad
1382 4317 1602 4372 citatam
1628 4313 1913 4372 Ciceronis
1941 4330 2064 4372 ora-

464 4389 670 4443 tionem
695 4389 1091 4444 existimamus.

536 4457 564 4496 ι¹
599 4459 678 4514 Ex
705 4460 807 4515 hoc
826 4460 947 4515 loco
967 4458 1400 4529 deprehenditur
1423 4458 1778 4530 Philostorgii
1800 4459 2062 4515 adversus

468 4529 616 4585 hunc
657 4531 956 4601 principem
1010 4531 1228 4601 iniquus
1273 4533 1518 4597 animus;
1566 4531 1612 4585 is
1657 4529 1802 4586 enim
1849 4531 1918 4586 de
1967 4533 2062 4587 illo

463 4616 633 4672 agens
680 4602 773 4658 lib.
809 4618 900 4670 ιι,
955 4601 1028 4658 ita
1059 4603 1304 4675 loquitur
1333 4625 1346 4662 :
1375 4603 1507 4660 Cum
1551 4604 1688 4656 ursis
1724 4619 1785 4656 ac
1832 4603 2061 4660 leonibus

462 4682 726 4746 uteretur,
766 4689 961 4728 annum
1005 4691 1166 4746 agens
1214 4676 1532 4741 vicesimum,
1574 4675 1677 4730 sita
1717 4675 1874 4730 simul
1904 4686 2058 4744 atque

459 4745 702 4818 imperio,
751 4756 800 4818 et
845 4745 1075 4818 ferarum
1119 4750 1476 4804 venationibus
1527 4748 1759 4818 privatus
1806 4755 1901 4800 est.
1944 4746 2053 4804 Sed

458 4817 603 4889 quod
649 4813 962 4877 evidentius
988 4821 1202 4889 signum
1243 4813 1646 4877 emendationis
1689 4819 1855 4874 edere
1883 4822 2056 4888 potuit

456 4887 894 4963 Valentinianus,
937 4887 1098 4963 quam
1126 4891 1270 4963 quod
1300 4887 1912 4963 solernrtioribttsetiam
1941 4892 2058 4948 die-

457 4959 558 5015 bus
589 4961 900 5035 huiusmodi
922 4959 1247 5018 abstinuerit
1274 4963 1620 5035 spectaculis,
1645 4972 1698 5018 et
1718 4961 1862 5018 feras
1886 4965 2052 5034 ipsas,

457 5045 592 5101 quas
623 5031 1460 5108 ex,Africa__remo}i_uri_btisqne
1501 5035 1818 5108 regionibus
1861 5031 2057 5092 adduci

459 5107 810 5179 consuevisse
831 5106 885 5160 in
907 5103 1002 5179 lib.
1039 5121 1076 5161 ιι
1102 5103 1443 5176 Ofﬁcioruin,
1467 5103 1590 5179 cap'.
1618 5106 1712 5177 2|,
1747 5120 1895 5164 num.
1927 5108 2053 5177 109,

459 5175 808 5250 observatum
830 5185 941 5250 est,
973 5176 1202 5233 interfici
1224 5175 1452 5250 jusserit
1477 5180 1500 5234 ?

533 5257 556 5334 ὲ
584 5247 744 5334 Ῑὶψη,ζ
778 5247 937 5334 Οᾲἰξε,
979 5250 1186 5334 negotia
1213 5245 1368 5334 etiarn
1412 5253 1468 5306 in
1484 5251 1773 5334 quibus?“
1799 5245 2050 5334 duceren-

457 5326 574 5394 tur,
607 5331 664 5375 ut
695 5315 934 5394 Danielis
975 5315 1164 5394 Spiritu
1201 5315 1576 5378 adolescentem
1612 5324 1811 5377 uideres
1841 5324 2054 5378 senilem

453 5393 590 5464 ferre
613 5393 922 5447 sententiain
948 5405 966 5464 ξ
997 5398 1106 5448 vet.
1139 5401 1320 5449 autem
1355 5395 1488 5450 edit.
1513 5409 1576 5450 ac
1605 5407 1737 5450 mss.
1771 5396 2053 5453 uobiscum

2087 4646 2141 4706 D

2176 1922 2364 1978 Romae
2392 1921 2770 1978 adolescentes
2800 1920 3019 1977 nobiles
3049 1919 3419 1975 nuntiabatur
3447 1937 3464 1972 :
3492 1919 3651 1989 jussit
3671 1933 3756 1974 ests

2175 2019 2244 2076 ad
2271 2019 2592 2076 comitatum
2621 2017 2830 2074 venire.
2855 2011 3054 2074 Missus
3084 2015 3266 2087 pretio
3297 2015 3648 2086 depravatus,
3675 2017 3758 2070 sine

2177 2113 2420 2192 mandati
2462 2112 2661 2169 ellectu
2706 2113 2904 2169 rediit:
2955 2111 3195 2167 alterum
3243 2110 3422 2176 misit,
3468 2125 3538 2166 ne
3563 2110 3759 2165 saluis:

2176 2206 2474 2264 emendare
2499 2207 2627 2262 vitia
2670 2206 3112 2272 adolescentum,
3146 2213 3206 2260 et
3234 2221 3344 2260 non
3380 2205 3626 2276 potuisse
3649 2203 3761 2258 vide-

2177 2311 2350 2358 retur.
2381 2301 2549 2356 Datus
2593 2309 2678 2356 est
2707 2299 3062 2356 obtrecmndi
3102 2299 3385 2370 aliquibus
3409 2297 3757 2362 locus;deds-

2177 2402 2322 2451 ctam
2354 2404 2536 2450 tamen
2561 2409 2855 2466 numquam
2885 2391 2912 2432 ³³
2943 2403 3038 2449 aut
3069 2394 3371 2465 spectavit,
3397 2403 3500 2448 aut
3521 2393 3756 2448 vidit.Pc-

2179 2500 2297 2546 stea
2324 2487 2509 2545 redire
2536 2488 2833 2561 praeepit;
2868 2497 2930 2544 ut
2960 2497 3017 2544 et
3054 2503 3252 2544 omnes
3280 2496 3650 2560 agnoscerent
3669 2487 3758 2541 irri-

2179 2594 2293 2641 tum
2310 2583 2430 2656 ejus
2451 2598 2558 2639 non
2579 2598 2704 2640 esse
2728 2582 3070 2650 mandatum,
3087 2593 3145 2640 et
3166 2582 3569 2639 adolescentes
3583 2581 3760 2637 doceret

2180 2678 2250 2734 ab
2280 2693 2471 2735 amore
2496 2679 2745 2735 mulieris
2777 2688 3090 2748 temperare
3110 2720 3124 2746 ,
3156 2694 3323 2751 quam
3358 2677 3482 2749 ipse
3509 2679 3602 2748 qui
3627 2676 3760 2747 potuit

2179 2773 2387 2830 habere
2417 2774 2468 2828 in
2511 2782 2800 2844 potestate,
2830 2771 3186 2846 despexerat.
3220 2772 3289 2829 Et
3321 2771 3447 2828 hac
3491 2771 3637 2836 fecit,
3667 2785 3757 2825 rtus

2178 2865 2361 2922 adhuc
2387 2880 2496 2922 non
2531 2864 2760 2921 haberet
2782 2879 3010 2921 uxorem
3037 2906 3054 2933 ,
3087 2875 3148 2921 et
3177 2873 3364 2920 tamen
3397 2865 3672 2920 exhiberet
3694 2863 3755 2916 sli

2181 2969 2457 3032 tamquam
2493 2960 2706 3016 vinctus
2735 2958 2992 3029 eonjugio
3018 2959 3359 3014 castilalcm.
3391 2958 3528 3026 Quis
3562 2968 3655 3013 tun
3677 2957 3751 3008 ἐς».

2179 3052 2360 3109 minus
2382 3054 2551 3119 servi,
2580 3067 2738 3124 quam
2774 3052 2865 3109 ille
2911 3057 2994 3108 sui
3040 3053 3297 3121 corporis
3331 3053 3482 3107 fuit?
3529 3053 3745 3120 Quistsm

2179 3147 2411 3203 aliorum
2439 3147 2666 3214 arbiter,
2690 3161 2850 3218 quam
2883 3146 2972 3202 ille
3003 3161 3120 3200 snzu
3144 3161 3349 3201 censor
3381 3145 3597 3202 επιειιὶδῖ

2254 3239 2344 3297 18.
2375 3239 2512 3310 Quid
2538 3241 2606 3296 de
2636 3241 2836 3312 pietate
2858 3239 2976 3310 ejus
3006 3239 3246 3309 loquar?
3275 3243 3526 3312 quicum
3553 3240 3748 3294 homin

2184 3337 2348 3393 nobili
2404 3345 2557 3392 ortos
2593 3351 2827 3407 genere,
2881 3335 2894 3372 ί
2935 3345 2991 3391 et
3041 3335 3310 3406 locupleti
3354 3335 3751 3407 prosapia,qu:

2181 3430 2290 3486 cito
2321 3445 2542 3486 movere
2575 3427 2832 3484 invidiam
2873 3429 3036 3493 solet,
3071 3429 3238 3500 regia
3265 3429 3590 3499 cupiditatis
3627 3442 3753 3484 acca-

2180 3597 2416 3652 maxime
2479 3610 2601 3651 cum
2656 3595 2800 3650 inter
2850 3593 3073 3649 eosdem
3127 3591 3299 3649 duces
3346 3591 3574 3664 plurimi
3617 3593 3754 3648 adhuc

2177 3667 2448 3724 ethnicam
2475 3676 2832 3738 sequerentur
2859 3665 3203 3738 religionem.

2253 3749 2278 3785 κ
2309 3739 2437 3820 Mss.
2464 3737 2570 3820 non
2595 3737 2772 3820 pauci,
2798 3748 2846 3792 et
2869 3739 3110 3820 princeps
3137 3737 3328 3809 (uitus,
3355 3748 3417 3820 et.
3439 3755 3508 3792 ne

2178 3811 2540 3873 humanitatis.
2573 3811 2790 3866 scenica
2828 3812 3052 3877 alicujus
3079 3811 3274 3880 forma,
3305 3820 3352 3863 et
3379 3810 3572 3866 decore
3590 3810 3752 3880 dexteri.

2176 3895 2275 3956 ret.
2311 3883 2488 3938 Roma
2517 3883 2817 3956 adolescens
2846 3881 3034 3936 nobilis
3061 3879 3436 3956 nuntiabatug
3453 3879 3746 3956 jussitgtc:

2172 3949 2348 4010 Minus
2378 3953 2688 4010 commode.
2727 3955 2912 4009 Exstat
2941 3959 3106 4024 parra
3133 3954 3189 4008 in
3219 3951 3359 4008 Cod.
3389 3949 3606 4010 Ttieod.
3639 3949 3751 4009 1αὸ

2172 4027 2242 4083 de
2263 4027 2508 4098 Scenicis
2539 4026 2665 4081 anni
2686 4025 2810 4094 389,
2847 4041 2951 4098 qua
2986 4025 3243 4096 prohibet
3273 4025 3424 4081 idem
3473 4027 3561 4082 hic
3587 4025 3748 4082 Vales-

2173 4100 2414 4154 ιὶιιὶειιιιις
2443 4097 2800 4170 Thymelicam
2821 4140 2838 4162 ,
2866 4097 2941 4153 ’id
2984 4106 3072 4152 est
3101 4137 3117 4160 ,
3158 4097 3446 4153 scenicam
3475 4100 3748 4157 multem.

2170 4187 2292 4242 qua:
2319 4171 2513 4227 modos
2532 4169 2610 4225 ’et
2650 4169 2972 4242 s'tltatinieS
3019 4169 3147 4242 facit
3184 4170 3239 4224 in
3268 4171 3518 4242 thymele
3547 4187 3659 4240 «iure
3682 4184 3749 4224 or-

2171 4239 2562 4313 c'thIrtcpars
2593 4252 2731 4305 erat,
2763 4257 2826 4296 ex
2856 4239 2995 4297 Urbe
3021 4239 3426 4313 abduci.jllanc
3457 4239 3629 4313 legem
3653 4243 3750 4313 frot-

2171 4324 2283 4370 tatu
2315 4308 2586 4370 Ambrosii
2606 4315 2786 4369 datam
2808 4321 3054 4369 autumat
3077 4311 3454 4381 Godefredus,
3493 4308 3598 4370 nec
3634 4312 3746 4368 male

2167 4389 2233 4442 ad
2270 4387 2408 4442 hanc
2438 4387 2628 4442 referri
2661 4385 2966 4440 historiam.

2241 4457 2268 4496 ιι
2293 4462 2394 4512 Aut
2423 4461 2691 4526 spectavit,
2723 4473 2920 4528 nempe
2965 4455 3020 4512 iu
3046 4471 3213 4513 scena
3242 4475 3256 4510 :
3297 4469 3392 4512 aut
3423 4459 3573 4524 uidit,
3599 4457 3750 4530 priva-

2169 4532 2262 4586 tim
2297 4530 2575 4586 videlicet.
2977 4588 2992 4600 ο

2244 4603 2260 4640 ί
2297 4602 2433 4674 Mss.
2446 4602 2674 4674 aliquot,
2715 4601 3001 4670 locupletes
3037 4600 3309 4674 prosapia.
3340 4601 3469 4674 "Sed
3515 4603 3617 4658 hoc
3649 4601 3747 4655 loca

2165 4676 2385 4744 gravius
2406 4673 2701 4729 discrimen
2732 4673 2784 4727 in
2805 4673 3160 4730 distinctione
3185 4673 3588 4735 membrorum.
3611 4682 3745 4745 gusta

2167 4749 2218 4802 in
2246 4747 2488 4802 vocibus.
2514 4746 2724 4800 Etenim
2749 4761 2942 4800 omnes
2959 4745 3089 4818 edit.
3121 4746 3203 4800 sic
3228 4745 3624 4818 interpungunt
3641 4756 3746 4818 con-

2164 4819 2470 4890 sequentia,
2501 4833 2617 4886 qua
2643 4819 2746 4872 cito
2774 4833 2976 4874 morere
2999 4817 3252 4873 inuidiam
3279 4820 3412 4872 solet
3441 4816 3599 4890 nisi:
3624 4816 3744 4883 api-

2165 4891 2343 4946 ditatis
2367 4931 2383 4957 ,
2417 4900 2688 4964 accusator
2717 4899 2938 4964 urgeret,
2968 4899 3073 4964 etc.
3098 4908 3113 4944 :
3144 4904 3279 4964 mss.
3315 4904 3453 4946 vero
3475 4891 3548 4946 ita
3573 4891 3742 4964 distrn-

2165 4973 2356 5032 guunt,
2386 4977 2500 5030 qua
2526 4962 2630 5016 cito
2659 4959 2858 5016 ruouére
2894 4960 3328 5035 invidiam‘solet,
3371 4964 3530 5035 regia
3565 4959 3742 5030 cupidi-

2168 5037 2289 5092 tatis
2328 5045 2600 5088 accusator
2644 5041 2879 5100 urgeret,
2925 5042 3036 5090 etc.
3068 5032 3311 5089 Evidens
3353 5032 3489 5088 sane
3513 5045 3598 5090 cst
3625 5038 3742 5087 trans

2168 5107 2410 5162 ultimum
2432 5118 2651 5160 sensum
2683 5105 2852 5159 multo
2881 5115 3173 5176 praestare;
3205 5106 3258 5160 in
3283 5107 3461 5176 priori
3488 5109 3634 5162 enim
3651 5105 3739 5160 crio

2159 5189 2284 5234 men
2315 5179 2432 5233 sive
2481 5177 2842 5232 accusationis
2882 5185 3044 5246 caput
3076 5193 3184 5232 non
3228 5179 3580 5247 exprimitur,
3607 5190 3744 5233 secus

2155 5265 2288 5307 vero
2311 5251 2364 5305 in
2396 5247 2710 5321 posteriori,
2738 5248 2992 5303 nimirum
3016 5249 3297 5305 accusatio
3327 5251 3487 5321 regia
3511 5249 3743 5321 sepelito:

2155 5325 2244 5388 tis,
2284 5318 2528 5381 hoc—est.
2559 5319 2793 5392 aﬂ‘cclati
2825 5322 3008 5375 throni
3040 5338 3104 5376 ac
3139 5323 3278 5392 regii
3314 5318 3585 5377 numinis.w
3605 5318 3739 5388 Quod

2159 5409 2324 5465 porro
2355 5395 2584 5464 negabat
2616 5391 2914 5465 imperator
2940 5391 3224 5461 passurum
3257 5408 3319 5449 se
3349 5409 3498 5457 esse,
3527 5405 3586 5450 ut
3605 5392 3739 5464 quid-

252 5904 341 5968 s‘
443 5885 554 5936 suis
609 5885 840 5940 solemni
891 5885 1335 5951 more'e'xbiberi
1379 5895 1538 5953 solita
1595 5913 1704 5953 non
1752 5896 2030 5970 praebere;

452 5463 814 5530 conreniunt,
851 5463 967 5536 nisi
1011 5465 1156 5534 quod
1187 5466 1241 5522 in
1273 5468 1460 5536 paucis
1499 5473 1708 5522 tantum
1731 5475 1863 5522 mss.
1907 5470 2056 5525 inve-

449 5539 600 5607 nitur
631 5535 899 5607 particula
929 5541 1028 5606 que
1055 5547 1177 5607 post
1207 5535 1524 5596 insaniam.

530 5605 548 5642 τ
575 5603 852 5676 Jejuninnt
885 5603 990 5662 huc
1011 5603 1130 5663 erat
1151 5609 1368 5676 quidem
1389 5610 1843 5674 ecclesiasticum,
1867 5617 1920 5664 et
1937 5625 2044 5668 non

452 5689 602 5756 mere
636 5677 1034 5756 voluntarium,
1058 5695 1202 5756 _cum
1249 5683 1572 5752 subjiciatur
1618 5684 1754 5756 infra
1790 5700 1803 5737 :
1835 5683 1948 5750 Quo
1996 5694 2045 5740 et

447 5743 880 5830 =religionisacra
919 5743 1278 5830 satisfaceret;
1306 5743 1411 5830 non
1451 5763 1630 5810 tamen
1653 5743 1896 5830 liberum
1923 5765 2044 5813 erat

443 5818 765 5893 imperatori
789 5818 1031 5893 ejusdem
1051 5818 1264 5890 ’jejunii
1291 5824 1481 5880 diebus
1509 5826 1756 5881 convivia
1806 5825 2038 5884 ducibus

2157 5463 2318 5536 quam
2349 5463 2634 5522 cruentum
2660 5463 2842 5536 diebus
2868 5465 3060 5536 sanctis
3082 5473 3426 5534 statueretur,
3454 5478 3608 5522 extra
3626 5463 3740 5518 m-

2157 5535 2310 5594 trove
2319 5539 2480 5594 rsiam
2506 5545 2590 5593 est
2611 5535 2894 5608 paschales
2915 5535 3077 5592 ferias
3099 5536 3188 5592 hic
3204 5537 3506 5608 designari.
3523 5552 3642 5608 qua
3655 5537 3737 5587 bos

2160 5612 2382 5666 nomine
2437 5615 2669 5680 pr0ptcr
2709 5606 2832 5662 festi
2863 5609 3292 5678 prurcelieutiam
3326 5606 3734 5680 appellabuntur.

2157 5677 2483 5738 Ambrosius
2525 5677 2592 5735 de
2615 5679 2727 5733 illis
2759 5681 2830 5733 ita
2867 5677 3142 5750 loquitur,
3173 5689 3340 5748 epist.
3362 5677 3464 5748 ΞΟ,
3505 5695 3650 5735 uuln.
3677 5677 3734 5731 6:

2153 5752 2342 5826 Itaque
2362 5753 2555 5826 sanctis
2583 5751 2763 5805 diebus
2789 5749 3130 5826 hebdomadis
3156 5753 3382 5826 ultime,
3409 5755 3596 5824 quibus
3619 5749 3734 5804 solr-

2147 5822 2273 5880 (ναηί
2298 5824 2587 5880 debitorum
2609 5825 2779 5879 laxari
2809 5823 3049 5888 vincula,
3095 5835 3208 5879 etc.
3248 5822 3540 5881 Venarum
3574 5831 3730 5878 ante!

2149 5899 2342 5954 horum
2368 5896 2584 5954 dierum
2614 5894 2704 5952 hic
2735 5895 2790 5951 in
2817 5893 3204 5954 Valeruiniano
3241 5907 3365 5954 erat
3406 5911 3478 5956 eo
3517 5891 3732 5956 laudabi-
