3866 6288
182 246 323 312 1365

1166 243 1254 300 ne
1293 240 1499 300 οωτο
1541 220 2036 298 VALENTINIANI
2073 233 2530 293 CONSOLATIO.

3347 232 3489 293 I366

180 387 331 429 sator
350 378 593 444 urgeret,
619 368 907 443 praefectus
929 369 1227 434 insisteret,
1253 361 1537 435 reSpondit
1558 372 1616 419 ut
1642 361 1778 419 nihil
1806 354 1861 429 Α
1885 360 2006 417 est?
2029 358 2340 429 Prtetcrita,
2366 358 2561 433 inquit,
2590 364 2697 416 itan
2727 366 2932 432 queunt
2959 361 3203 431 solvere,
3232 368 3370 421 nova
3393 372 3493 434 po-

181 475 470 523 eruentum
520 465 726 523 sanctis
754 463 1058 537 praesertim
1091 458 1287 518 diebus
1331 466 1683 514 statueretur.
1716 455 1783 511 Et

180 576 306 618 cum
336 570 459 631 post
487 560 695 631 aliquot
724 556 841 615 dies
868 555 1204 615 accusatovis
1236 554 1509 624 legeretur
1542 546 1779 615 libellus,

181 656 509 712 calumniam
538 665 563 693 ιι
594 653 989 726 pronuntiavit,
1023 656 1334 707 accnSatum
1379 645 1575 712 libere,
1607 643 1783 700 detrec

182 749 483 823 praefectus
512 757 889 821 cognosceret,
920 742 1214 804 observare
1236 743 1422 816 jussit.
1451 740 1639 812 Neque
1658 746 1785 794 ante

178 855 274 902 aut
303 854 491 917 postea
519 845 807 917 quisquam
842 844 976 898 tanti
1014 838 1263 898 criminis
1288 837 1390 897 sub
1432 832 1785 893 adolescente

191 940 524 1010 imperatore
568 936 885 993 formidavit
932 934 1209 991 invidiam.
1239 931 1381 988 Risit
1421 929 1743 987 adolescens
1767 967 1782 996 ,

179 1031 323 1104 quod
356 1030 567 1088 robusti
596 1040 840 1087 metuunt
863 1029 1244 1100 imperatores.

253 1124 340 1182 19.
378 1126 591 1183 Miserat
622 1136 847 1199 propter
889 1122 1261 1195 recuperanda
1293 1114 1782 1192 templorutnjura,

176 1219 205 1260 δ
233 1220 667 1277 sacerdmiorum
698 1219 923 1291 profana
954 1214 1259 1288 privilegia,
1294 1216 1474 1271 cultus
1504 1228 1783 1269 sacrorum

176 1329 427 1379 suorum,
453 1312 626 1370 Roma
652 1315 892 1385 legatos;
925 1321 999 1378 et,
1025 1309 1169 1383 quod
1193 1319 1275 1366 est
1296 1308 1537 1378 gravius,
1562 1314 1787 1361 senatus

178 1410 399 1466 nomine
426 1407 758 1466 nitebantur.
794 1409 859 1463 Et
893 1420 1017 1463 cum
1060 1403 1337 1472 universi,
1369 1404 1460 1476 qui
1504 1402 1558 1459 in
1600 1400 1784 1458 'eonsi-

176 1506 350 1561 storio
378 1505 627 1568 aderant,
655 1503 940 1560 chriStiani
967 1502 1171 1573 pariter
1199 1510 1364 1570 atque
1385 1499 1617 1571 gentiles
1640 1496 1787 1552 diee-

177 1608 299 1655 rent
333 1613 457 1654 esse
509 1595 819 1665 reddenda,
867 1597 1017 1652 solus
1054 1597 1206 1652 velut
1246 1590 1439 1650 Daniel
1472 1590 1633 1667 (Dan.
1669 1600 1783 1659 snt,

177 1689 308 1759 .55),
351 1691 599 1747 excitato
627 1687 681 1745 in
713 1706 773 1745 se
804 1689 898 1746 Dei
940 1688 1180 1760 Spiritu,
1230 1682 1492 1759 arguebat
1542 1681 1787 1756 perﬁdiae

1889 460 2071 511 terunt
2098 453 2417 510 suStinere?
2452 465 2473 493 ε
2508 451 2593 510 Ex
2623 451 2727 511 hoc
2760 448 2983 511 laudaui
3010 455 3301 527 pret-incise
3320 446 3491 514 Julia-

1889 563 2019 603 num
2045 566 2058 603 :
2088 554 2135 604 et
2168 544 2259 604 ille
2288 544 2506 619 quidem
2558 548 2612 603 itt
2656 549 2880 606 robusta
2928 557 3110 618 aitate,
3143 551 3246 607 iste
3274 552 3326 607 in
3357 560 3490 622 pro-

1888 626 2047 699 cesso
2070 642 2500 710 adolescentiae;
2534 636 2623 698 ille
2647 643 2875 714 plurima
2909 646 3134 718 reperit,
3163 652 3219 701 et
3236 645 3493 703 exhausit

1888 738 2109 805 omnia;
2141 736 2242 821 iste
2275 734 2410 793 nihil
2441 737 2668 805 invenit,
2700 744 2755 794 et
2780 738 3031 795 omnibus
3061 737 3374 796 abundavit.

1961 830 2054 889 22.
2103 822 2329 890 Audivit
2369 834 2423 889 in
2454 834 2833 907 Transalpinis
2881 836 3128 909 partibus
3163 840 3389 909 positus,
3423 837 3491 893 ad

1890 928 2059 984 Italiae
2106 928 2245 983 lines
2290 927 2555 983 barbaros
2597 928 3042 1001 prepinquasse:
3097 929 3365 987 sollicitus
3421 946 3491 985 ne

1890 1023 2075 1078 alieno
2104 1022 2263 1079 hoste
2290 1039 2447 1079 suum
2480 1034 2709 1095 regnum
2742 1030 3126 1093 attentaretur,
3154 1024 3345 1082 venire
3376 1042 3499 1099 pro-

1892 1116 2137 1188 pcrabat,
2169 1120 2398 1185 cupiens
2428 1116 2714 1175 dimittere
2758 1117 3036 1175 Gallicana
3077 1120 3187 1177 otia
3213 1162 3227 1186 ,
3259 1130 3316 1177 et
3340 1122 3493 1194 peri-

1889 1213 2009 1268 cola
2037 1225 2220 1269 nosua
2254 1212 2559 1283 suscipere.

1962 1306 2054 1362 2'5.
2086 1302 2213 1364 "th
2255 1306 2391 1363 mihi
2436 1320 2563 1363 cum
2596 1304 2721 1364 aliis
2751 1308 3088 1365 communia.
3128 1307 3223 1365 illa
3254 1309 3489 1380 privata,

1891 1402 2034 1473 quod
2061 1417 2209 1474 smpe
2236 1417 2325 1459 me
2368 1400 2683 1474 appellabat
2719 1396 3032 1472 absentem,
3059 1401 3085 1440 ά
3117 1412 3173 1460 et
3202 1418 3232 1460 a
3271 1419 3359 1461 me
3386 1403 3495 1459 ini-

1894 1493 2140 1550 tiandtnn
2173 1508 2233 1551 se
2260 1495 2431 1550 sacris
2459 1494 2744 1568 mysteriis
2778 1494 3127 1568 praeferebat.
3159 1497 3299 1567 Quin
3323 1495 3491 1553 etiam

1892 1603 2016 1645 cum
2057 1606 2244 1645 rumor
2275 1591 2497 1662 quidam
2530 1589 2597 1646 ad
2640 1589 3009 1646 Viennensem
3044 1591 3365 1662 pertulisset
3400 1607 3492 1648 ur-

1890 1681 2040 1751 bem,
2070 1680 2213 1755 quod
2261 1682 2527 1740 invitandi
2558 1684 2677 1754 ejus
2708 1680 2776 1740 ad
2807 1683 3017 1740 Italiam
3049 1683 3222 1755 gratia
3266 1700 3333 1742 eo
3364 1700 3490 1757 per-

176 1786 533 1855 christianos,
574 1784 870 1859 gentilibus
909 1784 1169 1841 obviabat
1192 1783 1417 1839 dicens:
1464 1778 1619 1850 Quod
1665 1779 1787 1851 pius
1817 1789 1865 1850 B
1891 1794 2075 1850 gerem
2103 1796 2117 1845 ;
2150 1795 2311 1850 quam
2341 1779 2637 1852 gaudebat,
2669 1795 2832 1852 quam
2860 1780 3238 1854 gratulabatur
3267 1797 3355 1839 me
3384 1783 3493 1839 sibi

178 1880 345 1936 frater
382 1879 617 1952 eripuit,
652 1876 924 1951 quomodo
957 1893 986 1934 a
1030 1893 1119 1933 me
1149 1876 1354 1948 putatis
1391 1884 1516 1932 esse
1548 1873 1782 1931 redden-

177 1971 496 2029 dum?cum
524 1974 577 2029 in
609 1988 675 2028 eo
707 1984 760 2030 et
790 1972 983 2044 religio
1029 1971 1260 2029 laedatur
1286 1979 1340 2027 et
1375 1970 1576 2034 frater,
1614 1985 1645 2025 a
1674 1984 1782 2042 quo

177 2081 239 2122 se
269 2068 439 2123 nollet
466 2066 664 2138 pietate
685 2066 956 2137 superari.

253 2158 468 2233 1180
494 2158 587 2215 20.
621 2160 831 2215 Etcum
880 2171 1110 2230 paterno
1155 2156 1547 2215 conveniretur
1595 2166 1780 2213 exem—

172 2249 290 2321 plo,
317 2252 463 2322 quod
485 2250 587 2307 sub
613 2260 767 2321 patre
790 2266 888 2305 suo
918 2265 980 2306 ea
996 2249 1188 2305 nullus
1207 2246 1528 2316 abstulerat,
1552 2262 1782 2319 respon~

171 2342 286 2401 dit:
320 2344 540 2402 Patrem
573 2354 754 2401 meum
795 2340 1053 2410 laudatis,
1079 2343 1205 2414 quia
1237 2354 1343 2398 non
1386 2338 1650 2407 absmlit;
1682 2355 1780 2397 nec

170 2452 272 2509 ego
316 2437 538 2493 abstuli.
577 2434 850 2509 Numquid
895 2442 1049 2505 pater
1089 2444 1245 2490 meus
1287 2430 1545 2501 reddidit,
1591 2441 1648 2488 ut
1690 2444 1778 2488 me

167 2531 371 2588 debere
398 2530 629 2589 reddere
660 2529 981 2602 postuletis!
1031 2527 1320 2585 Postremo
1362 2524 1577 2583 etiamSi
1624 2534 1777 2596 pater

167 2624 518 2692 reddidisset,
548 2626 713 2681 frater
736 2624 1059 2691 abstulerat,
1088 2622 1418 2679 imitatorem
1452 2622 1503 2675 in
1535 2634 1597 2678 ea
1621 2629 1776 2692 parte

166 2719 353 2775 fratris
382 2733 505 2776 esse
552 2732 639 2776 me
684 2718 929 2777 mallem.
971 2718 1080 2775 Aut
1116 2715 1376 2789 numquid
1426 2728 1579 2773 meus
1623 2722 1777 2788 pater

166 2818 428 2884 angustus
450 2810 574 2879 fuit,
601 2823 655 2869 et
685 2814 850 2869 frater
878 2824 985 2867 non
1017 2808 1158 2867 fuit?
1180 2810 1285 2865 l’ar
1307 2809 1523 2880 utrique
1545 2802 1776 2865 debetur

165 2910 509 2975 reverentia,
546 2916 601 2964 et
628 2923 723 2977 par
755 2905 1038 2979 utriusque
1075 2912 1159 2963 est
1187 2900 1335 2962 circa
1380 2904 1772 2975 rempublicam

164 3005 362 3073 gratia.
393 3002 698 3075 Utrumque
728 3002 986 3058 imitabor
1014 3021 1026 3059 :
1063 3008 1120 3057 ut
1146 3009 1199 3057 et
1230 3016 1337 3055 non
1371 2998 1597 3055 reddam
1626 2994 1772 3070 quod

169 3107 325 3167 pater
348 3096 579 3153 reddere
607 3112 713 3150 non
739 3096 914 3168 potuit
939 3111 954 3162 ;
984 3094 1111 3165 quia
1138 3092 1322 3148 nullus
1344 3090 1652 3148 abstulerat
1676 3109 1688 3145 ε
1718 3099 1773 3147 et

1887 1880 2078 1944 Optato
2099 1866 2292 1929 adfore
2317 1874 2331 1928 !
2355 1873 2504 1930 Mora
2532 1876 2583 1932 ei
2614 1873 2881 1932 adventus
2907 1874 3014 1931 mei
3041 1870 3311 1948 prolixior
3338 1867 3491 1934 vide-

1886 1967 2069 2024 batur.
2094 1960 2275 2039 Atque
2298 1964 2509 2026 utinam
2539 1969 2834 2027 adventum
2869 1968 3040 2044 ipsius
3071 1970 3256 2029 nullus
3281 1984 3495 2044 praeve-

1886 2064 2065 2119 nisset
2094 2063 2361 2119 nuntius!

1956 2158 2047 2215 24.
2079 2156 2198 2215 Jam
2221 2156 2583 2230 promiseram
2609 2172 2696 2218 me
2723 2162 3125 2233 profecturum,
3150 2161 3496 2237 respondens

1888 2262 1910 2289 υ
1944 2251 2034 2308 vel
2066 2251 2360 2308 honoratis
2392 2252 2713 2323 petentibus
2736 2297 2752 2323 ,
2800 2255 2886 2312 vel
2929 2251 3218 2326 prazfecto,
3248 2254 3310 2312 ut
3338 2264 3490 2315 tran-

1886 2346 2147 2416 quillitati
2176 2346 2351 2402 italiae
2377 2348 2782 2412 consuleretur,
2816 2364 2905 2405 me
2933 2351 3074 2406 sicut
3099 2344 3380 2422 superﬂuo
3407 2352 3493 2408 itt-

1881 2453 2073 2510 gerere
2118 2454 2224 2493 non
2271 2446 2489 2509 possem
2536 2449 2761 2510 propter
2806 2432 3016 2515 1181
3057 2444 3484 2509 verecundiam,

1881 2531 1955 2587 ita
1986 2530 2410 2587 necessuatibus
2448 2548 2557 2588 non
2581 2532 2918 2590 defuturum.
2952 2528 3349 2591 Conllrmatnnt
3385 2536 3490 2591 hoc

1881 2637 2038 2683 erat:
2092 2624 2111 2664 ί
2146 2641 2278 2682 ecce
2325 2610 2819 2698 postridie'litterai
2848 2624 2919 2685 de
2961 2626 3301 2687 instruendis
3339 2640 3499 2687 inan-

1880 2720 2149 2786 sionibus,
2176 2721 2416 2779 invectio
2447 2730 2904 2779 orname‘ntbrum
2951 2724 3240 2796 regalium,
3273 2726 3491 2797 aliaque

1880 2812 2153 2884 ejusmodi
2184 2830 2304 2883 quae
2337 2813 2715 2886 ingressurum
2749 2815 2856 2872 iter
2900 2814 3290 2887 imperatorem
3314 2817 3485 2889 signi-

1878 2906 2126 2964 ficarent.
2156 2906 2363 2977 Quibus
2394 2906 2559 2965 rebus
2587 2910 2655 2966 ab
2675 2909 2809 2980 ipsis
2835 2925 2864 2966 a
2892 2910 3094 2982 quibus
3126 2904 3347 2967 fuerant
3388 2927 3487 2983 po-

1876 3002 2103 3065 stulata,
2135 2998 2448 3058 intermissa
2484 2998 2683 3074 legatio
2710 3009 2817 3058 est.

1946 3092 2038 3152 Q5.
2065 3094 2214 3153 Reus
2251 3096 2385 3153 mihi
2434 3096 2657 3153 videbar
2705 3106 2942 3169 speratae
2980 3106 3119 3155 mete
3166 3103 3483 3172 praesentiae

166 3205 383 3246 servem
412 3189 556 3261 quod
585 3204 611 3244 a
647 3189 814 3245 fratre
854 3201 938 3245 εει
969 3189 1350 3245 constitutum.
1404 3185 1650 3242 Postttlet
1676 3199 1770 3257 pa-
1798 3190 1843 3263 ρ
1876 3210 1978 3252 nec
2010 3194 2249 3267 impleta;
2277 3211 2291 3248 ε
2323 3192 2421 3250 sed
2449 3193 2659 3249 utinam
2676 3194 2882 3250 viventi
2923 3192 3020 3251 tibi
3055 3190 3200 3252 hunc
3223 3195 3480 3253 deberem

166 3299 295 3341 rens
313 3284 485 3340 Roma
502 3284 609 3340 alia
627 3296 979 3356 qutccumqne
1000 3283 1275 3339 desiderat
1297 3302 1309 3337 :
1329 3283 1504 3339 debeo
1516 3281 1770 3339 atiectutn

164 3380 405 3451 parenti,
430 3380 526 3437 sed
556 3381 728 3450 magis
755 3379 1076 3449 obsequium
1114 3378 1291 3434 debeo
1312 3377 1503 3433 salutis
1535 3376 1768 3433 aucturi.

236 3475 325 3532 2|.
358 3475 497 3545 Quid
548 3477 615 3534 de
646 3491 832 3531 amore
862 3475 1275 3547 provincialium
1307 3474 1517 3545 loquar,
1548 3473 1627 3530 vel
1663 3488 1772 3545 quo

163 3584 265 3625 eos
297 3569 415 3639 ipse
444 3570 911 3640 complectebatur
936 3608 953 3637 ,
997 3570 1083 3624 vel
1138 3567 1229 3638 qui
1268 3568 1337 3623 ab
1367 3566 1433 3623 iis
1471 3567 1772 3623 consultori

165 3681 267 3724 suo
290 3664 710 3737 rependebatnr,
735 3664 929 3733 quibus
955 3662 1087 3718 nihil
1112 3672 1369 3732 umquam
1392 3660 1558 3717 indici
1582 3674 1771 3732 passus

166 3805 298 3869 lior,
324 3803 469 3872 quod
512 3819 619 3860 non
668 3801 832 3858 modo
863 3802 980 3872 lege
1011 3799 1046 3855 5
1072 3798 1141 3855 de
1168 3797 1376 3872 lndnlg.
1412 3798 1568 3853 crim.
1596 3813 1629 3872 ιι
1663 3798 1769 3855 Va-

166 3869 473 3933 lentiniano
505 3876 722 3932 seniore
752 3875 879 3937 lata,
913 3869 1034 3940 qua:
1087 3873 1138 3926 in
1172 3869 1278 3925 hoc
1317 3873 1454 3925 testo
1490 3870 1767 3927 variorum

168 3950 437 4004 scelerum
470 3958 663 4005 sontes
692 3946 832 4001 solvi
857 3946 1084 4016 jubebat
1106 3988 1120 4013 ,
1153 3945 1229 4016 rei
1267 3942 1574 4016 maiestatis
1621 3945 1769 4016 exci-

168 4022 488 4090 piebantur;
518 4035 704 4075 verum
733 4012 893 4073 etiam
920 4017 1093 4072 tribus
1108 4012 1243 4090 aliis
1263 4014 1498 4090 legibus,
1523 4012 1768 4090 quas‘hie

167 4086 286 4162 ipse
334 4090 754 4149 Valentinianus
796 4098 983 4146 noster
1031 4089 1187 4144 annis
1214 4086 1355 4153 581,
1405 4086 1531 4154 581,
1567 4096 1619 4142 et
1662 4086 1768 4145 585

169 4164 551 4235 promulgavit.

242 4244 269 4274 α
298 4228 458 4291 Rom.
493 4236 623 4293 edit.
658 4250 780 4291 cum
809 4234 1081 4304 superior.
1121 4228 1281 4305 edit.,
1305 4230 1620 4305 calunmiam
1650 4250 1773 4305 pro-

170 4310 504 4364 nuntiaturus
533 4326 551 4375 ;
578 4316 633 4363 at
661 4303 908 4378 sequenti
935 4322 1096 4363 versu
1126 4304 1315 4361 eadem
1337 4303 1482 4378 sola,
1508 4303 1772 4361 obversari

159 4382 361 4455 jussit;
391 4394 522 4436 mss.
560 4377 751 4455 autem
775 4379 1081 4455 utrubique,
1116 4384 1175 4432 ut
1205 4383 1302 4455 nos
1334 4377 1390 4455 iu
1415 4384 1582 4431 texui.

238 4452 265 4490 ι)
297 4453 423 4507 Mss.
450 4452 719 4515 nonnulli,
744 4452 1066 4506 sacerdotum
1083 4456 1232 4519 jura.
1263 4450 1478 4504 Duobus
1503 4463 1662 4519 porro
1684 4451 1767 4504 di”-

169 4525 342 4580 versis
373 4524 710 4594 temporibus
740 4524 971 4594 gentiles
1000 4522 1575 4594 religionttmsitarum
1606 4524 1766 4577 resti-

170 4597 437 4652 tutionem
469 4593 500 4648 a
532 4595 914 4651 Valentiniano
930 4593 1144 4665 juniore
1167 4593 1600 4665 postulaverunt,
1625 4602 1771 4649 anno

1876 3300 2082 3347 reatum
2114 3291 2128 3345 l
2182 3291 2518 3346 Excusarem
2546 3287 2694 3359 quod
2723 3288 2872 3344 nulla
2902 3296 2995 3345 tua
3031 3289 3307 3347 audissem
3336 3293 3485 3360 peri-

1874 3386 2023 3452 cula,
2055 3384 2236 3440 nullas
2264 3390 2387 3440 tuas
2416 3382 2753 3455 accepissem
2784 3383 3020 3451 litteras,
3065 3384 3210 3456 quod
3243 3394 3352 3441 non
3382 3394 3481 3456 po:-

1877 3480 2103 3535 tuissem
2139 3474 2376 3549 prepriis
2404 3470 2741 3534 animalibus
2774 3488 3092 3543 occurrere,
3122 3466 3339 3534 etiamsi
3380 3478 3487 3535 iter

1870 3572 2154 3643 ingressus
2184 3586 2388 3628 essem.
2432 3570 2622 3642 itaque
2664 3586 2893 3627 securus
2934 3571 3144 3638 veniae,
3187 3570 3316 3627 dum
3358 3569 3481 3630 dies

1864 3664 2140 3730 subduco,
2176 3663 2445 3721 adventus
2477 3664 2552 3719 tui
2594 3660 2702 3720 iter
2730 3663 2857 3735 lego
2882 3679 2896 3730 ;
2925 3676 3057 3721 ecce
3086 3670 3113 3714 ε
3146 3665 3475 3737 rescriptum

1876 3800 2132 3857 secunda:
2163 3801 2491 3870 repulsionis
2520 3800 2689 3870 gloria
2721 3800 2933 3857 redibat
2954 3802 3230 3859 universa.

1952 3883 1974 3913 ο
2017 3874 2295 3947 lulianum
2336 3883 2661 3947 apostatam
2686 3873 2946 3947 intelligo,
2980 3889 3011 3947 a_
3052 3889 3164 3947 quo
3209 3876 3475 3935 nonnulla

1875 3946 2304 4016 provincialibus
2336 3946 2567 4001 remissa
2612 3944 2968 4017 discimus-rex
2998 3944 3117 4017 lege
3148 3948 3211 4004 11
3256 3948 3323 4004 de
3369 3948 3476 4004 lm~

1874 4015 2070 4089 munit.
2102 4032 2284 4082 conc.,
2319 4016 2439 4087 lege
2472 4016 2598 4089 tde
2628 4015 3073 4089 Indulg.’debit.,'
3101 4022 3156 4075 et
3194 4019 3313 4089 lege
3344 4021 3473 4077 item

1878 4089 1904 4143 1
1936 4086 2005 4145 de
2042 4091 2188 4145 Auro
2236 4086 2439 4144 Coron.
2489 4088 2747 4157 Ejusdem
2782 4088 3046 4158 principis
3091 4086 3475 4149 liberalitatem

1877 4161 2079 4216 ethnici
2121 4161 2420 4231 scriptores
2481 4164 2679 4215 mirum
2710 4170 2972 4230 quantum
3004 4160 3254 4218 elferant.
3296 4164 3480 4221 Adisis

1880 4232 2165 4309 Libanium
2197 4233 2661 4309 etaiamcrtjnum
2706 4231 2760 4287 in
2788 4230 2907 4309 ejus
2943 4231 3098 4289 Orat.
3123 4250 3386 4309 pauegyr.
3419 4248 3479 4293 Et

1879 4307 2225 4362 Ammianum
2252 4305 2347 4361 lib.
2371 4320 2476 4361 xxv
2506 4304 2641 4378 liist.
2670 4301 2830 4378 cap.
2864 4301 2925 4378 4,
2949 4301 3319 4378 quem'locuin
3352 4323 3476 4365 cum

1880 4379 1945 4451 iis
1975 4390 2096 4448 quae
2129 4378 2224 4434 lib.
2253 4390 2369 4451 avt,
2398 4390 2519 4450 cap.
2548 4377 2622 4445 ὃ,
2668 4376 2812 4435 idem
2843 4376 3082 4448 dixe—rat,
3112 4384 3257 4451 aegre
3294 4382 3480 4439 concr-

1879 4450 1997 4505 liari
2026 4451 2226 4506 fatetur
2252 4449 2522 4507 Valesius.

1947 4519 1976 4562 δ
2009 4522 2127 4578 Vet.
2168 4522 2302 4578 edit.
2341 4536 2463 4578 cum
2496 4531 2651 4594 parte
2695 4534 2874 4589 mss.,
2915 4529 2964 4578 et
3004 4538 3038 4578 α
3072 4534 3156 4579 ms
3191 4523 3478 4585 initiatum.

1883 4594 2041 4668 Rom.
2069 4610 2191 4668 cum
2216 4595 2331 4668 alia
2361 4602 2535 4664 parte,
2566 4606 2616 4651 et
2646 4608 2677 4649 α
2705 4610 2786 4651 me
2812 4594 3171 4662 initiandum;
3207 4598 3481 4668 quodpe-

169 4668 379 4726 seilicet
409 4667 537 4731 581,
567 4681 675 4738 quo
704 4657 995 4739 praefectus
1029 4657 1213 4739 natura:
1244 4657 1604 4739 Syitttnaebus
1627 4674 1766 4732 erat,
1796 4657 1851 4717 D
1878 4668 1981 4720 tim
2014 4666 2323 4739 habendum
2362 4657 2644 4736 sequentia
2672 4668 2833 4739 plane
2878 4657 3249 4739 persuadent}
3280 4657 3481 4738 quibus

169 4740 326 4807 cuius
351 4735 621 4793 Relationi
649 4735 973 4795 Ambrosius
1005 4737 1237 4801 epistola
1272 4735 1335 4791 17
1364 4744 1421 4790 et
1452 4735 1517 4790 18
1544 4751 1768 4805 reSpon-

169 4813 267 4867 dit.
301 4813 437 4865 (Iunt
477 4819 659 4865 autem
691 4818 803 4864 tum
850 4810 1116 4877 temporis
1155 4808 1287 4862 nihil
1335 4809 1765 4874 impetrassent,

169 4885 538 4946 occasionem.
560 4890 618 4937 ιιι
635 4879 1010 4945 autumabant,
1039 4879 1469 4936 commodiorem
1495 4880 1663 4944 nacti,
1686 4894 1771 4935 re-

169 4958 303 5014 duce
322 4957 579 5012 nimirum
598 4952 1124 5021 ConstantinOpOIim
1147 4950 1477 5017 Theodosio,
1494 4960 1548 5005 et
1571 4949 1771 5005 Valen-

170 5029 377 5084 tiniano
405 5029 458 5083 in
491 5026 682 5085 Galliis
710 5025 781 5081 ab
806 5024 1115 5095 Arbogaste
1148 5025 1200 5077 in
1229 5023 1545 5095 servitutem
1584 5034 1774 5092 prone-

171 5101 386 5155 tnodum
415 5101 657 5160 redacto,
686 5100 920 5166 priorem
950 5094 1107 5152 suum
1132 5098 1415 5156 conatum,
1447 5094 1541 5149 sed
1574 5095 1769 5151 effectu

168 5173 323 5227 irrito
345 5214 360 5238 ,
390 5172 745 5226 iteraverunt.
780 5170 857 5225 De
899 5171 999 5225 hac
1023 5168 1213 5223 ultima
1242 5166 1501 5236 petitione
1532 5167 1771 5235 loquitur

172 5245 273 5300 hoc
304 5245 424 5300 loco
453 5255 674 5298 sanctus
716 5241 925 5297 Prtesul
949 5282 968 5310 ,
1012 5255 1172 5312 quam
1209 5239 1369 5309 paulo
1411 5250 1536 5312 ante
1560 5238 1767 5295 obitum

173 5316 329 5382 hujus
354 5315 616 5387 principis
644 5316 703 5387 ei
718 5314 953 5369 oblatam
978 5310 1115 5370 infra
1149 5310 1770 5387 siignitiratLUtramqne

169 5382 607 5457 autem'egregie
654 5384 941 5459 distinguit
982 5388 1157 5459 epist,
1185 5386 1277 5459 57,
1315 5385 1380 5459 ad
1427 5382 1766 5459 Eugenium,

171 5460 314 5514 mute
346 5453 557 5514 Paulini
592 5472 749 5513 error
778 5453 1058 5528 détegitu'r
1096 5458 1162 5512 ad
1206 5453 1532 5528 legationem
1564 5453 1769 5512 Carsari

173 5532 225 5585 in
256 5530 464 5587 Gallias
511 5530 731 5584 missam
764 5526 1323 5587 duos‘AtnbrOsianos
1368 5526 1580 5582 libellos
1628 5530 1771 5584 refe-

174 5605 367 5672 rentis,
390 5612 450 5657 ut
479 5601 544 5657 ad
569 5601 816 5655 eamdem
841 5602 1126 5671 epistolam
1155 5600 1586 5672 observavimus.
1616 5599 1774 5668 Quod

175 5686 303 5729 vero
325 5676 564 5743 priorem
589 5673 913 5729 relationem
938 5673 1026 5729 hic
1048 5672 1270 5728 silentio
1294 5671 1618 5743 Ambrosius
1641 5689 1779 5742 pra:-

188 5742 335 5809 terit,
365 5754 423 5802 et
448 5744 735 5801 madeatia:
765 5759 931 5800 causa
980 5747 1106 5800 facit
1134 5786 1148 5811 ,
1188 5761 1256 5799 ne
1300 5758 1360 5799 se
1393 5742 1513 5814 ipse
1554 5744 1783 5801 laudare

191 5816 493 5884 videretur,
543 5826 598 5874 ct
628 5816 858 5874 honoris
895 5817 950 5872 in
986 5817 1458 5882 Valentinianum,
1507 5815 1573 5871 ad
1616 5832 1779 5889 quem

1872 4740 2036 4791 etiam
2058 4736 2269 4811 addere
2294 4736 2451 4811 licet,
2495 4752 2616 4809 quae
2648 4736 2715 4794 ad
2748 4736 3117 4795 Theodosium
3161 4736 3323 4811 epist.
3360 4739 3433 4798 53
3455 4782 3473 4811 ,

1872 4823 2025 4862 ntnu.
2052 4808 2110 4873 9.,
2143 4805 2329 4863 scribit
2361 4808 2443 4861 vir
2472 4805 2714 4865 sanctus.

1950 4888 1976 4953 ι]
2005 4879 2233 4948 Quinam
2256 4879 2508 4953 dicantur
2531 4881 2803 4953 honorati,
2828 4881 3160 4953 explicatum
3185 4882 3352 4938 estad
3377 4882 3473 4940 lib.

1875 4966 1911 5007 tt
1942 4950 2100 5006 Ol’lic.
2133 4966 2250 5022 cap.
2301 4951 2394 5017 29,
2440 4967 2590 5008 num.
2641 4952 2763 5010 150.
2789 4950 2947 5023 Quod
2987 4962 3169 5009 autem
3204 4954 3387 5019 subdit
3414 4968 3477 5012 se

1874 5023 1943 5078 ab
1969 5024 2221 5106 adeundo
2252 5024 2587 5106 imperatore
2616 5027 2942 5106 verecundia
2988 5028 3235 5106 reVocari
3265 5062 3279 5095 ,
3311 5026 3478 5096 plane

1874 5098 2131 5165 congruit
2152 5108 2273 5150 cum
2305 5098 2464 5167 epist.
2498 5099 2552 5164 1,
2581 5098 2646 5152 ad
2678 5099 2928 5165 Gratian,
2979 5110 3129 5152 num.
3163 5098 3218 5152 1.

1953 5165 1972 5204 ί
2009 5166 2137 5222 Mss.
2174 5184 2280 5225 non
2325 5170 2515 5239 pauci:
2564 5169 2704 5226 Ecce
2742 5180 2855 5239 post
2906 5168 3157 5223 triduum.
3200 5169 3478 5232 Contineo

1879 5253 2010 5294 vero
2053 5248 2176 5310 post
2219 5240 2536 5297 instruendis
2574 5241 2932 5297 mansionibus
2961 5281 2974 5306 ,
3013 5254 3244 5311 quarum
3285 5243 3374 5301 hic
3416 5249 3478 5305 tit

1875 5314 2105 5386 mentio,
2138 5312 2269 5366 nihil
2288 5314 2435 5386 aliud
2465 5312 2829 5386 significatur,
2871 5326 3038 5386 quam
3073 5313 3288 5385 publica
3320 5318 3472 5386 quae-

1874 5384 1999 5439 dam
2031 5384 2354 5451 diversoria,
2392 5384 2873 5456 qnteprincipibus
2893 5386 2996 5440 iter
3017 5384 3242 5441 factoris
3258 5426 3271 5451 ,
3294 5384 3476 5446 recto-

1876 5457 2047 5522 ribus,
2073 5466 2235 5526 atque
2257 5457 2395 5512 adeo
2415 5454 2674 5512 militibus
2697 5454 2830 5526 ipsis
2854 5460 3323 5529 praeparabantur,
3350 5474 3473 5519 eutn

1880 5529 2358 5600 proficiscerentur
2390 5529 2440 5583 in
2467 5528 2888 5595 expeditionem.
2918 5528 3057 5587 Vide
3084 5529 3474 5592 Gassiutloruttt

1881 5598 1974 5657 lib.
2007 5616 2082 5656 χιι
2112 5598 2512 5672 Variar.e_pist.
2542 5600 2608 5672 18
2637 5609 2691 5656 et
2719 5604 2879 5672 epist.
2912 5602 2999 5658 19.

1958 5682 1983 5720 s
2014 5673 2093 5746 ad
2122 5671 2174 5726 id
2207 5671 2349 5746 quod
2381 5670 2469 5726 hic
2501 5670 2767 5744 legimus,
2790 5676 3098 5746 rescriptum
3128 5675 3350 5746 (recipio,
3387 5686 3475 5734 re-

1885 5742 2121 5819 ferenda
2148 5750 2274 5819 sunt
2297 5743 2390 5796 illa
2417 5742 2667 5819 exrpist.
2695 5747 2791 5815 ἐῶ.
2827 5764 2879 5801 ιι.
2908 5742 2966 5813 2,
2996 5757 3052 5803 ut
3094 5760 3125 5802 ιι
3163 5742 3251 5802 me
3285 5749 3483 5819 baptis—

1885 5826 2023 5872 mate
2047 5815 2364 5885 initiaretur,
2386 5815 2712 5876 scribendum
2733 5820 3015 5878 arbitratus
3039 5831 3138 5888 est;
3166 5820 3312 5876 unde
3341 5815 3482 5879 haud
