3866 6288
91 327 230 408 isse

1048 324 1140 383 DE
1176 325 1382 385 OBITU
1426 321 1925 384 VALENTINIANI
1962 320 2416 384 CONSOLATIO.‘

3253 321 3394 378 15⁸10

84 443 172 517 qui
194 443 326 500 mibi
356 443 412 500 in
438 457 717 513 sermone,
743 457 854 516 quo
882 443 1079 500 utebar
1103 443 1169 499 ad
1202 443 1414 519 1183
1444 444 1682 515 plebem,
1713 448 1761 510 Α
1791 440 2153 497 tentationem
2177 482 2192 507 ,
2239 441 2343 497 boc
2387 451 2503 509 est,
2552 458 2622 500 ne
2669 442 2972 501 incidamus
3000 442 3055 499 in
3086 450 3397 515 peccatum.

82 538 242 595 hodie
265 541 582 596 resurrexit.
606 536 740 594 Nam
763 553 888 594 cum
918 544 946 576 ι
969 539 1021 594 in
1051 548 1339 593 tractatum
1366 538 1680 593 incidissem

85 634 377 704 propositae
406 632 687 696 lectionis,
719 634 863 705 quod
894 634 1129 706 populus
1159 648 1362 705 panper
1382 633 1679 690 benedice-

84 735 167 781 ret
195 723 239 779 ῐ)
264 740 405 791 vum;
438 741 682 797 quaerere
710 727 849 799 ccepi
879 726 999 799 quis
1029 739 1174 783 esset
1213 726 1301 783 bic
1327 726 1579 797 populus,
1625 735 1681 783 ct

84 821 427 891 distinguere
456 821 599 893 quod
633 832 780 878 esstst
830 823 1062 895 populus
1084 863 1098 888 ,
1144 822 1286 877 alter
1315 821 1470 877 dives
1493 865 1505 885 ,
1539 822 1679 878 alter

84 930 324 986 pauper:
376 916 528 971 dives
564 916 910 984 Judaeorum,
954 931 1158 989 pauper
1198 915 1493 972 Ecclesiae:
1527 916 1678 971 dives

83 1008 174 1064 ille
202 1009 438 1079 eloquiis
462 1010 565 1065 sibi
596 1013 821 1067 creditis
844 1053 861 1078 ,
890 1011 995 1067 iste
1027 1025 1231 1083 pauper
1254 1012 1431 1068 aliena
1461 1008 1675 1078 eloquia

80 1111 379 1157 mutuatus.
408 1101 602 1159 Merito
630 1120 877 1176 pauper;
926 1106 1051 1177 quia
1090 1119 1451 1177 congregatus
1486 1119 1514 1158 a
1540 1118 1676 1175 pau—

77 1211 206 1267 perc
233 1209 313 1253 εει
341 1237 358 1264 ,
395 1197 490 1254 illo
519 1197 794 1268 videlicet,
825 1200 916 1269 qui
965 1215 1172 1271 panper
1200 1203 1372 1255 lactus
1392 1209 1474 1256 est
1500 1241 1513 1264 ,
1546 1215 1670 1254 cum

77 1290 226 1347 dives
253 1301 419 1361 esset,
449 1304 505 1348 ut
533 1310 633 1350 nos
654 1294 773 1366 ejus
796 1295 977 1367 inopia
1000 1295 1340 1353 ditaremur:
1370 1294 1672 1352 esiuanivit

76 1386 218 1440 enim
249 1400 332 1451 se,
366 1396 421 1443 ιιι
447 1403 638 1445 omnes
664 1391 901 1459 repleret
934 1391 1002 1463 (ll
1030 1392 1149 1446 Cor.
1177 1407 1295 1457 vttt,
1325 1390 1403 1459 9).

144 1479 234 1536 51.
291 1480 399 1537 Sed
450 1485 725 1555 quomodo
774 1501 982 1557 panper
1032 1486 1124 1557 qui
1176 1486 1409 1542 habebat
1453 1485 1671 1541 :eterni-

73 1573 199 1629 tatis
249 1572 511 1640 divitias,
565 1587 620 1632 et
690 1578 1083 1647 plenitudinem
1146 1578 1493 1634 divinitatis?
1564 1579 1666 1634 De-

72 1668 232 1738 nique
264 1671 316 1725 in
363 1684 528 1727 carne
563 1680 713 1739 erat,
769 1683 825 1729 et
874 1673 1138 1730 dicebat:
1192 1673 1391 1728 Amodo
1432 1673 1668 1728 videbitis

72 1758 161 1817 Fit
174 1766 269 1816 um
295 1760 519 1817 hominis
544 1766 805 1820 sedentem
831 1765 902 1820 ad
926 1766 1190 1821 dexteram
1217 1767 1423 1821 virtutis
1449 1764 1664 1839 (Matth.

1788 534 1916 590 lltrc
1945 543 2030 591 est
2056 535 2199 591 enim
2229 535 2461 593 tentatio
2489 536 2815 607 christiani,
2855 538 2901 594 si
2949 538 3002 593 in
3044 552 3159 593 sum
3197 541 3398 595 animm

1787 627 2088 699 periculum
2122 628 2487 700 prolabatur:
2534 641 2769 691 mortem
2814 641 2999 688 autem
3044 632 3239 688 timere
3284 647 3395 688 non

1784 734 1868 779 est
1896 721 2272 792 perfectionis.

1853 819 1941 875 54.
1973 819 2187 890 Rogare
2211 830 2394 876 autem
2426 821 2553 892 quis
2581 820 2744 878 debet
2769 829 2825 878 et
2854 836 2953 892 pro
2985 819 3224 877 inimicis
3251 819 3391 887 suis,

1779 924 1940 968 orare
1967 912 2132 967 etiam
2166 928 2264 979 pro
2294 913 2777 984 persequentibus,
2806 915 2950 970 sicut
2973 913 3240 969 Dominus
3268 927 3395 968 ora-

1780 1003 1901 1070 bat,
1947 1004 2178 1069 dicens:
2229 1004 2422 1072 Pater,
2471 1007 2671 1062 dimitte
2709 1007 2858 1074 illis;
2899 1024 3000 1063 non
3039 1006 3174 1062 enim
3220 1010 3394 1062 sciunt

1777 1098 1903 1165 quid
1960 1100 2161 1172 faciunt
2211 1099 2378 1168 (an.
2434 1117 2608 1168 xxm,
2662 1100 2788 1174 '55).
2842 1101 2979 1159 Vide
3029 1102 3384 1158 clementiam

1777 1208 2047 1264 magnam.
2073 1193 2385 1268 118811Ιί
2406 1210 2562 1251 suum
2589 1198 3057 1269 persequebantur
3076 1207 3382 1266 auctorem,

1776 1287 1893 1357 ipse
1920 1286 2251 1343 adversariis
2279 1291 2443 1344 etiam
2474 1289 2659 1362 gravia
2692 1301 2913 1361 peccata
2945 1291 3184 1346 donabat
3210 1307 3225 1357 ;
3254 1292 3382 1364 quin

1774 1381 1936 1436 etiam
1991 1382 2313 1453 ignorantia:
2367 1382 2639 1439 velamine
2692 1385 2990 1439 excusabat
3041 1383 3379 1453 admissum,

1772 1474 2001 1532 dicens:
2032 1476 2169 1542 Quia
2198 1479 2431 1532 nesciunt
2471 1478 2599 1552 quid
2630 1479 2833 1548 faciunt
2852 1495 2873 1547 ,°
2911 1495 3035 1535 nam
3065 1479 3110 1534 si
3143 1479 3378 1546 scirent,

1775 1567 2064 1624 Dominum
2095 1584 2202 1625 non
2250 1585 2714 1641 persequerentur
2740 1588 2935 1639 suum,
2978 1572 3035 1629 in
3080 1573 3238 1645 cujus
3279 1589 3375 1645 po-

1774 1671 1971 1717 testate
1998 1676 2062 1717 ac
2096 1661 2218 1731 jure
2245 1664 2476 1720 Salutem
2504 1679 2629 1721 esse
2659 1680 2812 1720 suam
2843 1665 3271 1721 arbitrarentur.
3305 1664 3373 1721 Et

1769 1755 1893 1825 quia
1928 1771 2033 1811 non
2062 1757 2174 1812 sola
2204 1757 2408 1814 Christi
2440 1769 2827 1830 persecutores
2856 1762 2974 1832 ejus
3002 1770 3157 1817 erant
3198 1772 3374 1820 morte

69 1870 222 1919 xm,
256 1854 381 1922 δι),
412 1855 481 1910 Et
504 1855 631 1911 alim
661 1869 725 1910 aq
750 1857 973 1914 parum
1003 1859 1174 1916 dicit;
1203 1858 1315 1914 Tm
1341 1861 1476 1914 dabo
1497 1861 1666 1914 τιαιοεδ
1698 1849 1746 1910 Β
1773 1849 2046 1909 contenti.
2077 1849 2353 1906 addebant
2394 1854 2687 1909 maledicta
2719 1864 2879 1926 atque
2904 1857 3187 1923 convicia,
3220 1864 3279 1913 ιιι
3302 1857 3379 1913 ait

66 1950 214 2020 regni
250 1950 495 2005 cistarum
538 1949 754 2022 (Matth.
788 1969 912 2020 xw,
968 1954 1075 2026 l9).
1121 1954 1216 2009 llic
1262 1970 1393 2025 ergo
1436 1970 1660 2023 panper,

64 2040 155 2113 qui
197 2058 419 2113 regnum
469 2045 699 2101 cmleSIe
746 2046 1024 2102 donabat?
1067 2047 1175 2104 Sed
1216 2048 1342 2104 audi
1388 2050 1664 2119 quomodo

66 2150 273 2206 panper
297 2155 310 2192 :
344 2136 552 2206 Tollite,
587 2139 786 2211 inquit,
807 2144 996 2213 jugum
1018 2159 1182 2198 meum
1208 2160 1365 2213 super
1387 2160 1477 2198 vos
1499 2161 1519 2210 ;
1544 2145 1665 2211 quia

61 2229 199 2283 mitis
224 2247 340 2285 sum
362 2272 377 2296 ,
422 2241 471 2286 et
514 2233 725 2288 Immitis
753 2234 908 2288 corde
935 2233 1149 2304 (Matth.
1182 2252 1267 2303 χι,
1295 2236 1412 2309 29).
1452 2236 1579 2292 Ideo
1608 2246 1665 2292 et

65 2325 296 2392 populus
322 2323 442 2394 ejus
464 2342 670 2396 pauper
690 2338 795 2393 est,
823 2343 929 2382 non
955 2328 1274 2399 indigentia,
1302 2346 1463 2401 quem
1495 2332 1661 2387 divite

61 2412 151 2469 illo
181 2416 381 2486 pepulit
409 2417 567 2472 video
595 2418 883 2484 ditiorem;
917 2436 1026 2474 non
1059 2420 1237 2475 solum
1264 2421 1408 2476 enim
1436 2423 1658 2478 oracula

61 2508 447 2578 prOpbt-tarnm
468 2554 482 2577 ,
511 2512 607 2567 scd
638 2514 805 2568 etiam
833 2515 1212 2583 apostolorum
1246 2517 1443 2571 meruit
1471 2518 1659 2574 divino

56 2601 176 2657 lusa
207 2603 416 2672 Spiritu
449 2605 650 2664 habere
681 2619 975 2680 praecepta.

128 2696 219 2752 52.
252 2696 367 2753 Non
399 2715 531 2773 ergo
571 2701 750 2771 inopia
784 2719 1010 2774 pauper,
1043 2704 1140 2760 sed
1184 2720 1388 2777 pauper
1425 2706 1653 2775 spiritu,

58 2789 144 2844 cui
182 2789 391 2847 dictttm
425 2805 509 2848 est
536 2810 550 2848 :
583 2792 736 2849 Beati
764 2813 1015 2867 pauperes
1055 2798 1287 2867 spiritu:
1316 2800 1552 2870 ipsorum
1582 2811 1657 2855 est

58 2884 189 2938 enim
210 2902 426 2956 regnum
454 2889 702 2943 caelorum
732 2888 945 2961 (Matth.
981 2907 1034 2957 v,
1062 2891 1154 2964 5).
1185 2890 1326 2948 Vere
1357 2893 1499 2949 beati
1527 2910 1658 2964 pan-

58 2991 216 3048 peres
240 3021 255 3045 ,
295 2979 386 3051 qui
413 2991 748 3053 acceperunt
783 2984 927 3054 quod
972 2985 1171 3042 divites
1207 3002 1314 3042 non
1358 2987 1651 3044 habebant.

56 3069 137 3127 Ex
171 3072 273 3128 boc
305 3090 536 3131 numero
562 3085 648 3132 est
673 3076 767 3134 ille
798 3079 1152 3151 propheticus
1182 3097 1408 3151 panper,
1445 3084 1514 3139 de
1548 3100 1657 3154 quo

55 3166 319 3232 scriptum
348 3177 433 3220 est
457 3184 470 3219 :
505 3166 611 3222 Iste
632 3186 831 3240 pauper
848 3172 1111 3238 clamauit,
1137 3184 1184 3226 et
1215 3173 1470 3229 Dominus
1496 3191 1657 3230 exau-

1769 1942 1918 2013 ipse:
1952 1941 2267 1998 Maledicent
2286 1946 2414 2016 ipsi,
2437 1958 2483 2000 et
2506 1957 2561 2002 tu
2586 1948 2853 2004 benedices
2876 1948 3050 2019 (Psal.
3075 1965 3229 2014 cvm,
3251 1950 3373 2024 28).

1769 2036 1963 2091 Docuit
2005 2054 2104 2092 nos
2152 2039 2294 2108 qttod
2346 2040 2539 2097 timere
2584 2042 2872 2098 maledicta
2920 2045 3370 2116 persequentium

1767 2130 1993 2186 minime
2045 2131 2383 2198 debeamus,
2438 2149 2561 2190 cum
2618 2134 2915 2191 habeamus
2971 2136 3373 2194 benedictionis

1764 2234 2083 2281 auctorem:
2127 2241 2230 2284 nec
2278 2243 2503 2283 movere
2553 2244 2655 2285 nos
2684 2228 2930 2284 convicia
2974 2229 3245 2297 debeant,
3282 2230 3376 2286 ubi

1764 2319 1963 2389 pra-sul
1994 2330 2074 2375 est
2098 2362 2114 2387 ,
2148 2320 2243 2391 qui
2277 2320 2448 2387 possit
2481 2320 2700 2377 auferre
2730 2321 3043 2378 maledicta.

1835 2413 1923 2468 55.
1957 2412 2097 2482 Quid
2142 2414 2273 2469 illud
2306 2413 2452 2485 quod
2488 2415 2627 2469 mori
2671 2431 2779 2469 non
2824 2415 3047 2469 timuit?
3082 2414 3251 2471 lmtno
3274 2429 3374 2485 pro

1762 2506 2021 2561 omnibus
2050 2523 2111 2562 se
2137 2509 2334 2564 obtulit
2367 2519 2388 2547 ο
2416 2507 2603 2563 dicens
2630 2509 2775 2579 quod
2811 2508 3014 2564 frustra
3064 2510 3272 2565 innoxii
3319 2513 3373 2566 in

1764 2600 2022 2656 invidiam
2069 2612 2424 2667 vocarentur,
2466 2601 2610 2672 quod
2658 2602 2860 2657 frttStra
2906 2614 3134 2675 propter
3178 2618 3238 2658 se
3283 2603 3381 2659 alii

1763 2695 2243 2765 periclitarentur:
2277 2697 2495 2765 sibique
2528 2696 2710 2767 potius
2740 2709 2972 2753 mortem
3013 2698 3273 2767 optabat,
3306 2713 3377 2754 ne

1761 2791 1877 2861 ipse
1907 2790 2033 2846 aliis
2062 2806 2228 2847 causa
2256 2793 2449 2847 mortis
2478 2799 2648 2846 esset.
2680 2791 2793 2847 lloc
2815 2803 2899 2847 est
2921 2792 3052 2847 illud
3087 2792 3377 2864 Evangeli-

1760 2897 1881 2939 cutn
1915 2883 2136 2939 Domini
2184 2883 2236 2938 in
2288 2884 2405 2955 ipsa
2453 2887 2535 2938 sui
2586 2884 2840 2954 captione
2880 2885 3156 2941 dicentis:
3191 2884 3256 2942 Si
3294 2902 3378 2941 me

1759 2979 2010 3050 quiet-itis.
2030 2979 2184 3033 sinite
2198 2979 2291 3032 hos
2308 2978 2451 3032 abire
2470 2977 2656 3053 (Joan.
2682 2994 2830 3044 xvm,
2851 2977 2932 3050 8).
2949 2976 3163 3034 Occidit
3187 2979 3374 3050 itaque

1762 3084 1861 3141 pro
1881 3072 2136 3126 omnibus
2155 3084 2292 3141 quos
2314 3070 2604 3139 diligebat,
2630 3086 2728 3140 pro
2748 3085 2860 3141 quo
2881 3070 3042 3127 amici
3071 3070 3154 3126 Siti
3182 3085 3373 3141 parum

1763 3166 2063 3237 putabant.
2096 3165 2140 3220 si
2171 3179 2364 3220 omnes
2397 3165 2661 3231 perirent.

54 3253 185 3308 divit
212 3271 326 3309 eum
355 3256 542 3327 (Psal.
575 3275 742 3316 χχχιιι
767 3302 782 3327 ,
811 3261 898 3332 6).
929 3261 1003 3318 Ex
1037 3265 1140 3319 hoc
1172 3267 1371 3336 populo
1404 3268 1526 3331 ille,
1562 3270 1654 3335 qui
1684 3246 1730 3309 Ο
1833 3257 1926 3315 56.
1960 3257 2309 3313 Advertintns
2338 3248 2499 3327 quem
2530 3257 2676 3311 circa
2707 3257 2918 3313 amicos
2948 3272 3078 3313 suos
3110 3257 3369 3314 habuerit

54 3348 129 3403 ait
149 3366 161 3403 :
181 3350 468 3421 Argentum
485 3363 534 3407 et
550 3371 735 3409 aurum
760 3373 862 3411 non
885 3358 1064 3424 habeo,
1088 3361 1179 3414 sed
1197 3364 1334 3427 quod
1360 3362 1542 3429 habeo,
1563 3368 1659 3419 hoc

55 3442 123 3498 do
159 3445 292 3501 tibi:
330 3444 398 3500 In
441 3449 648 3504 nomine
673 3447 799 3505 Iesu
832 3449 1102 3507 Nazareni
1136 3471 1321 3528 surge,
1353 3468 1402 3513 et
1448 3459 1659 3514 ambula

53 3536 192 3606 (Act.
221 3553 301 3597 tu.
327 3539 407 3610 6).
440 3540 535 3596 llle
557 3556 685 3612 ergo
713 3544 957 3614 panpcrb
980 3556 1172 3615 auctor
1195 3550 1377 3619 populi
1407 3554 1661 3621 pauperis

51 3628 181 3687 dicit
210 3651 225 3688 :
259 3630 399 3688 Deus
421 3675 437 3699 ,
460 3635 687 3691 ‘laudem
729 3654 892 3693 meam
922 3657 985 3693 ne
1024 3643 1289 3708 tacueris;
1327 3646 1569 3714 quoniam
1602 3663 1658 3700 os

52 3728 339 3792 peccatoris
386 3738 437 3783 et
480 3745 536 3782 os
577 3730 745 3786 dolosi
786 3749 943 3800 super
968 3750 1049 3789 me
1086 3747 1325 3807 apertum
1351 3748 1444 3793 est.
1477 3738 1661 3795 Loculi

50 3826 166 3872 sunt
202 3834 361 3889 super
390 3836 477 3875 me
516 3820 695 3895 lingua
733 3822 951 3891 dolosa,
993 3837 1039 3880 et
1079 3830 1397 3884 sermonibus
1420 3832 1528 3886 odii
1558 3834 1661 3885 cir-

50 3912 430 3968 cumdederunt
459 3930 567 3978 me,
605 3925 650 3970 et
695 3930 1119 3987 expugnaverunt
1144 3938 1221 3975 me
1255 3925 1435 3993 gratis.
1469 3922 1579 3979 Pro
1600 3942 1658 3981 eo

46 4013 101 4057 ut
139 4019 222 4058 me
262 4007 576 4078 diligerent,
624 4008 962 4065 detrahebant
1012 4013 1137 4067 milii
1161 4032 1179 4069 :
1219 4031 1311 4085 ego
1338 4027 1511 4072 autem
1538 4035 1661 4073 ora-

49 4094 163 4151 bant
185 4095 361 4170 (Psal.
385 4115 542 4164 cvm,
568 4100 605 4155 2
624 4111 671 4155 et
695 4102 828 4174 seq).
851 4102 1058 4160 Bonum
1088 4116 1299 4161 sentum
1323 4111 1525 4177 oratio,
1549 4126 1659 4183 quo

50 4192 232 4245 omnia
254 4191 557 4247 adversarii
579 4193 745 4263 ignita
761 4196 969 4263 spicula
989 4196 1562 4275 repelluntnr(EpIn-s.
1582 4220 1654 4273 vt,

52 4282 174 4355 16).
208 4281 414 4340 Orabat
446 4301 579 4357 ergo
610 4287 875 4344 Dominus
902 4289 1095 4361 Jerus,
1145 4302 1201 4349 et
1250 4294 1368 4365 ejus
1416 4295 1659 4354 imitator

53 4371 472 4433 Valentinianus
506 4380 718 4435 orabat.

120 4473 210 4529 55.
241 4471 350 4531 Sed
391 4473 536 4530 forte
566 4474 782 4531 dicatur
807 4495 819 4530 :
850 4476 989 4547 Quid
1012 4479 1062 4534 ei
1088 4480 1287 4548 profuit
1314 4498 1415 4540 sua
1440 4485 1657 4541 oratio?

51 4565 190 4623 Ecce
238 4567 293 4623 in
342 4570 522 4638 primo
572 4569 695 4623 vitae
743 4571 950 4624 occidit
999 4586 1184 4629 cursu.
1244 4577 1320 4632 lle
1367 4578 1656 4634 celeritate

1760 3355 2035 3418 animum,
2066 3368 2226 3423 quem
2249 3348 2277 3389 ἀ
2303 3366 2430 3422 erga
2454 3365 2741 3421 germanas
2780 3365 2908 3405 suas
2954 3351 3208 3406 habuerit
3238 3350 3373 3408 alic-

1761 3456 1908 3501 ctnm
1928 3445 2368 3500 consideremus.
2390 3442 2444 3497 In
2470 3442 2604 3515 ipsis
2632 3443 3038 3513 requiescebat,
3072 3444 3125 3499 in
3150 3444 3287 3513 ipsis
3312 3461 3373 3501 se

1762 3539 2172 3605 consolabatur,
2210 3540 2260 3594 in
2302 3538 2437 3608 ipsis
2478 3539 2756 3594 relaxabat
2798 3541 3079 3607 animum,
3123 3548 3177 3594 et
3223 3540 3366 3597 fessa

1762 3635 1911 3691 emis
1939 3635 2102 3690 eOrda
2133 3636 2423 3690 mulcebat.
2463 3632 2703 3704 Rogabat
2750 3649 2843 3689 eas
2866 3675 2883 3700 ,
2916 3645 2969 3689 ttl
3005 3636 3049 3690 si
3096 3650 3203 3706 quo
3233 3651 3366 3705 pne.

1761 3731 1904 3785 ritize
1930 3746 2043 3785 sine
2075 3730 2255 3798 lapsu,
2299 3729 2343 3785 si
2375 3744 2630 3785 sermone
2658 3728 2846 3799 aliquo
2887 3729 3112 3784 oll'ens:e
3140 3747 3167 3783 a
3201 3729 3372 3787 fratre

1762 3824 2101 3889 viderentur,
2129 3824 2509 3892 ignoscerent,
2557 3823 2769 3877 veniam
2800 3822 2902 3877 sibi
2932 3840 2960 3878 a
2992 3824 3221 3879 Domino
3256 3825 3368 3879 Deo

1761 3918 2216 3987 deprecarentur.
2247 3915 2459 3983 Manus,
2483 3918 2656 3986 capita
2689 3917 2974 3972 sororibus
2998 3918 3371 3985 osculabatur,

1763 4016 2054 4071 immemor
2092 4012 2344 4082 imperii,
2380 4027 2591 4067 memor
2615 4013 3035 4082 germanitatis:
3070 4022 3127 4068 et
3168 4021 3373 4082 quanto

1763 4108 1934 4179 magis
1957 4107 2085 4162 aliis
2118 4106 2407 4176 potestatis
2433 4104 2559 4172 jttre
2586 4115 2906 4172 prmstaret,
2952 4105 3055 4162 hoc
3098 4120 3159 4161 se
3200 4107 3372 4177 magis

1762 4202 2019 4258 humilem
2061 4199 2348 4254 sororibus
2387 4197 2700 4253 exhibebat.
2745 4196 2995 4267 Rogabat
3023 4207 3078 4253 ιιι
3109 4215 3216 4253 non
3251 4214 3367 4254 tne—

1761 4296 2041 4352 mittissent
2075 4292 2320 4363 injurize,
2354 4291 2737 4347 meminissent
2764 4294 2977 4362 gratiae.

1832 4390 1921 4445 57.
1962 4388 2253 4445 Acciderat
2279 4394 2337 4440 nt
2362 4385 2632 4455 quoddam
2666 4385 2733 4440 de
2774 4398 2964 4440 earum
3010 4386 3362 4456 possessimte

1759 4483 1972 4538 audiret
2020 4480 2334 4548 negotium;
2380 4488 2566 4534 tantus
2611 4478 2761 4535 enim
2809 4488 2965 4546 erat,
3013 4490 3072 4535 ut
3115 4483 3278 4537 etiam
3311 4484 3366 4539 in

1759 4591 1919 4632 causa
1950 4590 2198 4631 sororum
2232 4589 2424 4644 aequus
2469 4573 2613 4629 forte
2640 4574 2850 4631 arbiter
2875 4592 2903 4628 a
2938 4574 3374 4644 provincialibus

54 4660 268 4720 mortis.
295 4677 405 4714 non
430 4660 501 4716 de
522 4674 723 4731 genere
746 4661 960 4731 loquor;
985 4679 1091 4719 non
1113 4665 1259 4720 enim
1284 4671 1653 4725 accusationis
1686 4652 1730 4710 ί)
1758 4672 2126 4725 aestimaretur
2157 4686 2169 4721 :
2198 4668 2343 4738 quod
2370 4668 2473 4722 etsi
2519 4668 2667 4723 eirea
2689 4678 2909 4723 sanctas
2935 4668 3372 4725 necessitudines

54 4768 188 4809 voce
217 4763 366 4816 utur.
400 4753 496 4809 sed
538 4754 764 4810 doloris.
801 4754 907 4810 Sed
940 4758 1102 4812 etiam
1132 4758 1397 4814 Dominus
1421 4764 1650 4831 orabat,

52 4859 104 4903 et
146 4849 448 4904 cruciﬁxus
496 4859 615 4915 est;
660 4848 765 4905 hoc
810 4850 953 4904 enim
990 4851 1219 4918 orabat,
1266 4865 1320 4907 ut
1367 4869 1650 4921 peccatum

54 4943 239 5000 mundi
286 4944 523 5000 tolleret.
572 4944 878 5000 Audiamus
923 4960 1055 5015 ergo
1108 4946 1238 5013 qtiid
1288 4956 1409 5003 oret
1446 4947 1653 5004 (Ἄπιθιιί

51 5039 399 5110 discipulus:
454 5039 642 5107 utique
689 5039 833 5110 quod
891 5040 1153 5108 magister
1198 5041 1405 5098 docuit.
1458 5043 1650 5099 Docuit

53 5142 231 5188 autem
265 5144 322 5188 ut
370 5132 655 5205 vigilemus
702 5140 759 5189 et
804 5149 1058 5202 oremus,
1092 5151 1158 5191 ne
1189 5134 1563 5208 ingrediantur
1594 5138 1647 5194 in

125 5258 151 5287 ἰ
168 5250 426 5317 Advorte,
453 5250 643 5311 lector,
669 5248 1069 5315 quantostndio
1091 5249 1241 5305 verbi
1267 5250 1430 5304 divini
1462 5251 1659 5319 pratdi-

55 5323 247 5377 cationi
278 5322 597 5393 ittctttttliere
618 5321 833 5393 soli-bat
853 5334 1072 5376 Sanctus
1104 5325 1380 5387 Antistes;
1409 5324 1657 5393 quando-

55 5393 271 5464 quidem
326 5410 436 5464 qno
483 5391 574 5447 die
622 5392 903 5447 funebrem
959 5394 1302 5462 imperatoris
1352 5391 1651 5450 orationem

57 5462 875 5536 habiturust-rat.Evangeliunt
909 5466 1056 5527 prius
1085 5468 1286 5533 populo
1308 5465 1655 5536 interpretari

55 5549 162 5591 non
191 5535 463 5592 oiuiserit.
493 5535 598 5589 Sed
626 5552 655 5589 ει
686 5535 969 5602 ιιηιιίκῇτιιιι
1002 5536 1130 5592 alibi
1160 5535 1507 5593 observatum
1539 5551 1616 5593 est
1637 5581 1653 5606 ,

55 5620 176 5683 cuin
203 5608 527 5683 qtlztlltlttqtle
551 5607 745 5664 eodem
774 5606 865 5663 die
892 5609 1066 5664 semel
1088 5620 1145 5665 et
1169 5611 1364 5665 iterum
1387 5626 1418 5667 e
1438 5619 1658 5683 sugestu

56 5681 213 5734 \‘et'lta
244 5680 460 5736 fecisse.

125 5749 153 5790 δ
178 5750 430 5807 Nonnulli
462 5764 620 5821 nise...
649 5752 803 5804 actor
819 5750 1002 5817 populi
1026 5755 1293 5821 pauperis.

129 5834 152 5906 ξ
186 5824 325 5906 "me
352 5819 623 5906 intelligas
655 5819 1307 5906 Arbugastetpquosdam
1353 5843 1419 5900 ex
1460 5828 1654 5906 amicis

55 5871 419 5954 incautam
434 5871 763 5953 uasta;
778 5871 1097 5966 passage
1105 5871 1419 5971 ἰὶιιῖιιίιὶιιιῐῖ
1435 5871 1653 5959 tibi}:

1762 4778 1892 4819 snas
1928 4764 2198 4818 cliariiate
2238 4761 2636 4833 protienderet,
2683 4773 2864 4818 tamen
2910 4764 3170 4834 pietatem
3212 4777 3368 4816 suam

1754 4849 1966 4930 iustitia
1995 4865 2351 4926 temperaret.
2382 4852 2611 4909 Audivit
2658 4862 2944 4927 negotium
2977 4871 3085 4911 non
3115 4854 3184 4910 de
3210 4853 3368 4925 jure,

1759 4953 1853 5008 sed
1879 4953 1946 5007 de
1970 4951 2319 5022 possessione
2343 4950 2556 5021 priedii.
2578 4950 2717 5007 Hinc
2742 4952 2916 5024 pietas
2942 4968 3038 5022 pro
3059 4951 3367 5020 sorOribus,

1759 5047 1886 5103 inde
1925 5045 2299 5102 tniscricttrdia
2346 5061 2446 5116 pro
2487 5047 2717 5116 orphani
2761 5061 2925 5103 causa
2974 5046 3264 5110 cerlalt::t;
3311 5057 3371 5102 ιιι

1760 5156 1859 5210 pro
1908 5154 1974 5195 eo
2003 5138 2145 5211 apud
2180 5140 2324 5209 ipsas
2370 5139 2727 5196 interveniret
2757 5154 2999 5195 sorores.
3038 5138 3270 5193 Remisit
3298 5139 3367 5195 ad

1769 5251 1980 5313 fettstts,
2015 5262 2073 5313 et
2099 5250 2237 5308 forte
2268 5252 2399 5307 illud
2431 5262 2515 5308 est
2540 5254 2682 5321 quod
2712 5254 2882 5308 movit
2904 5252 3144 5307 editores
3173 5252 3372 5309 Roma-

1770 5339 1900 5386 no~t,
1934 5335 1994 5379 ut
2018 5341 2175 5396 supra
2220 5342 2369 5380 nttut.
2394 5325 2465 5381 27
2494 5336 2847 5393 reponerent,
2901 5342 2933 5377 a
2960 5324 3145 5397 quibus
3182 5325 3271 5378 itte
3317 5341 3372 5381 se

1766 5398 1946 5450 timere
1976 5398 2207 5460 dicebat.
2238 5401 2379 5453 sicut
2409 5398 2604 5451 ibidem
2636 5397 2985 5450 observatum
3017 5408 3121 5450 est.

1837 5464 1864 5505 ά
1910 5467 2290 5523 Valentiniano
2342 5483 2562 5523 sorores
2608 5480 2718 5522 tres
2766 5467 2932 5523 fuisse
2982 5468 3368 5536 reperiuntur,

1764 5536 1946 5605 Iusta,
1980 5540 2173 5605 Grata,
2205 5553 2249 5595 et
2281 5538 2453 5595 Galla.
2484 5538 2619 5593 Cum
2644 5554 2821 5592 autem
2848 5540 2963 5594 ha-c
2993 5539 3181 5594 ttltittta
3200 5579 3218 5606 ,
3248 5558 3369 5604 qum

1766 5622 2026 5681 nupsi-rat
2045 5612 2354 5667 'lllmnhniﬂ
2376 5653 2391 5675 ,
2414 5611 2526 5680 jam
2557 5608 2810 5665 defuncta
2838 5619 3014 5677 esset,
3045 5612 3370 5678 relinquitur

1766 5686 1977 5755 priores
2009 5694 2216 5739 tantum
2245 5683 2379 5737 duas
2429 5682 2552 5737 huic
2588 5682 2818 5738 orationi
2853 5684 3199 5747 interfuis~e,
3231 5699 3371 5754 quas

1764 5766 2038 5827 perpetior
2054 5755 2376 5827 virginitatis
2387 5768 2642 5811 servasse
2662 5767 3001 5826 proposmuu
3016 5755 3085 5812 ad
3100 5757 3259 5829 epist.
3274 5756 3366 5827 53,

1762 5831 2164 5887 annotavitnus.
