3866 6288
118 315 253 372 I375

1079 308 1166 366 DE
1205 306 1413 367 OBITU
1455 307 1952 367 VALENTINIANI
1991 307 2437 367 CONSOLATIO.

3283 310 3426 367 1574

117 453 193 490 me
219 433 503 489 custodircs
522 475 538 501 ,
570 441 616 489 et
644 431 982 488 abscondam
1004 446 1081 484 me
1102 471 1119 498 ,
1150 428 1311 484 donec
1340 428 1607 502 mitigetur
1633 428 1715 482 ira
1742 437 1791 498 Α
1822 438 1905 484 ret
1927 429 2181 494 Domino,
2215 428 2361 498 quod
2392 427 2495 484 sibi
2525 427 2764 499 primum
2794 439 3138 486 occurreret.
3173 429 3304 487 Post
3344 430 3429 483 vi-

113 541 231 598 tua,
260 539 309 585 et
338 529 623 584 constituas
644 527 769 582 mihi
793 536 994 598 tempus
1013 564 1030 592 ,
1058 524 1112 579 in
1146 538 1247 594 quo
1269 538 1465 578 memor
1488 522 1560 578 sis
1588 523 1712 579 mei.

116 622 174 680 Si
213 624 350 679 enim
394 632 626 677 mortuus
671 620 830 692 fuerit
879 618 1065 685 homo,
1098 624 1125 654 ⁸
1155 616 1307 671 vivet.
1338 613 1718 671 Consummans

113 714 224 769 dies
267 715 383 769 vitm
427 728 554 769 uteie
599 712 903 778 sustinebo,
952 708 1116 765 donec
1157 708 1348 763 iterum
1376 708 1524 778 ﬁam.
1567 705 1717 761 Tunc

112 807 350 875 vocabis,
392 817 439 863 et
472 823 567 879 ego
611 806 702 861 tibi
744 804 980 861 obediam
1008 818 1027 859 .'
1058 818 1216 875 opera
1256 809 1428 856 autem
1468 815 1720 855 manuum

113 910 322 958 tuarum
350 918 414 957 ne
437 900 689 973 despicias
720 897 877 971 (Job.
906 913 1018 965 xtv,
1050 896 1147 963 15,
1180 894 1305 968 14).

184 992 277 1052 46.
337 994 470 1051 Esto
523 1002 744 1059 tamen,
800 990 1094 1049 dolendum
1143 990 1212 1047 sit
1263 987 1407 1061 quod
1460 987 1720 1059 primaeva

114 1075 317 1146 oblerit
361 1097 568 1155 aetate;
615 1085 997 1160 gratulandum
1044 1094 1225 1141 tamen
1272 1083 1413 1156 quod
1461 1084 1718 1139 virtutum

113 1183 404 1257 stipendiis
458 1192 751 1240 veteranus
814 1181 1133 1239 decesserit.
1190 1178 1361 1234 Tanta
1420 1177 1564 1234 enim
1621 1175 1723 1232 fuit

113 1278 426 1337 emendatio
471 1279 596 1354 vita;
640 1276 758 1349 ejus
803 1277 858 1333 in
904 1275 996 1332 illo
1042 1275 1298 1331 omnibus
1343 1271 1551 1329 lubrico
1593 1270 1723 1327 ado-

114 1373 392 1428 lescentia:
420 1380 694 1443 tempore,
726 1376 878 1425 tanta
907 1369 1026 1424 laus
1054 1383 1267 1423 morum
1311 1366 1461 1437 ejus,
1502 1374 1562 1420 ut
1603 1380 1722 1420 om-

113 1481 240 1522 nem
270 1464 591 1521 memoriam
618 1463 826 1520 doloris
855 1461 1113 1519 obducat.
1162 1460 1316 1531 Quod
1364 1460 1508 1517 enim
1551 1458 1718 1522 obiit,

114 1559 426 1630 fragilitatis
452 1566 571 1614 est:
599 1557 745 1629 quod
776 1557 897 1612 talis
923 1555 1047 1625 fuit,
1076 1553 1477 1611 admirationis.
1500 1550 1529 1590 δ
1547 1551 1720 1621 Quam

113 1656 273 1711 beata
305 1653 498 1710 fuisset
525 1652 833 1724 respublica
855 1693 870 1718 ,
900 1651 947 1707 si
978 1666 1103 1708 eum
1130 1648 1337 1706 diutius
1367 1662 1589 1705 servare
1620 1661 1719 1718 po-

117 1749 351 1805 tuisset!
399 1746 511 1804 Sed
557 1747 682 1818 quia
717 1746 823 1803 vita
868 1756 1182 1803 sanctorum
1223 1759 1331 1802 non
1361 1743 1453 1800 hic
1480 1746 1533 1799 in
1563 1744 1723 1799 terris

1820 523 2050 580 ctoriam
2081 522 2379 580 revertenti
2402 521 2639 578 occurrit
2668 522 2803 588 tilia,
2823 519 2851 559 ά
2876 521 3063 592 ignara
3085 525 3329 594 pietatis,
3349 526 3421 596 ig-

1821 632 1953 674 nara
1988 616 2267 687 promissi.
2287 614 2433 671 Vidit
2454 630 2597 680 eam,
2624 624 2678 670 et
2701 614 2968 681 ingemuit
2997 624 3171 686 pater,
3197 616 3422 673 dicens:

1823 710 1943 766 Heu
1965 726 2066 777 me,
2097 710 2242 781 ﬁlia,
2272 709 2536 781 impedisti
2557 725 2658 778 me,
2682 710 2736 764 in
2759 709 3033 765 stimulum
3060 710 3260 766 doloris
3283 715 3429 783 facta

1820 820 1876 861 es
1902 803 2054 858 mihi.
2081 802 2197 874 Ego
2218 801 2358 857 enim
2381 802 2563 874 aperui
2589 817 2646 855 os
2666 817 2835 856 meum
2856 802 2922 856 de
2946 811 2995 857 te
3024 803 3091 857 ad
3117 802 3428 871 Dominum,

1821 907 1870 955 et
1899 915 2003 955 non
2057 906 2238 970 potero
2266 906 2515 951 auertere.
2559 895 2655 951 Illa
2686 894 2827 952 dixit
2856 895 2925 951 ad
2961 911 3088 952 eum
3122 914 3136 953 :
3170 895 3355 964 Pater,
3389 899 3436 954 si

1821 992 1878 1049 in
1905 1008 1985 1048 me
2025 990 2279 1064 aperuisti
2308 1007 2365 1045 os
2394 998 2568 1057 tuum,
2600 992 2685 1060 {ac
2715 989 2844 1045 milii
2872 998 2927 1044 ut
2959 990 3084 1046 exiit
3115 991 3179 1046 de
3202 1007 3289 1046 ore
3318 1003 3428 1048 tuo.

1825 1085 2034 1161 (ludio.
2066 1101 2119 1141 xt
2141 1125 2156 1150 ,
2186 1082 2304 1156 55).
2335 1082 2406 1139 Et
2435 1084 2630 1139 iterum
2657 1082 2797 1139 dixit
2829 1102 2844 1140 :
2878 1084 3008 1141 Sine
3045 1102 3128 1141 me
3166 1087 3432 1143 mensibus

1824 1183 2047 1250 duobus,
2077 1192 2124 1237 et
2152 1183 2343 1238 vadens
2370 1182 2508 1253 ﬂebo
2533 1182 2589 1236 in
2604 1182 2863 1239 montibus
2889 1199 3047 1254 super
3072 1164 3431 1258 virginitatem

1823 1293 1988 1333 meam
2009 1293 2122 1349 ego,
2156 1287 2205 1332 et
2244 1291 2512 1347 compares
2533 1276 2716 1331 amica:
2737 1290 2862 1332 ntere
2881 1276 3076 1348 (Ibid.,
3108 1277 3225 1352 57).
3245 1279 3433 1351 Itaque

1825 1372 2039 1429 duobus
2077 1372 2287 1428 exactis
2319 1386 2569 1443 regressa
2599 1371 2913 1439 mensibus,
2950 1374 3205 1430 sacriﬁcii
3236 1386 3435 1431 munus

1825 1464 2105 1536 implevit;
2140 1479 2263 1537 quae
2292 1464 2520 1522 decreto
2542 1465 2730 1537 populi
2750 1464 2923 1522 Israel
2952 1468 3308 1539 quaternisin
3338 1485 3436 1525 an-

1827 1574 1900 1614 no
1926 1557 2121 1615 diebus
2148 1557 2217 1613 ab
2254 1557 2501 1628 ejusdem
2542 1558 2723 1630 plebis
2752 1559 2975 1616 feminis
3015 1560 3431 1632 deplorabatur.

1897 1654 1987 1711 50.
2031 1652 2115 1709 Ad
2166 1652 2475 1710 dedendum
2518 1653 2685 1726 igitur
2722 1669 2837 1711 suae
2868 1655 3201 1728 virginitatis
3228 1655 3421 1714 ﬂorem

1827 1746 1966 1804 duos
1994 1754 2082 1803 sat
2109 1762 2233 1804 esse
2255 1761 2477 1804 menses
2501 1746 2701 1818 Iephte
2716 1748 2827 1805 ﬁlia
2850 1749 3137 1821 judicavit,
3167 1758 3224 1807 et
3254 1752 3431 1811 adhuc

117 1853 232 1912 est,
276 1842 377 1900 sed
408 1843 460 1898 in
505 1842 648 1899 caelo
679 1841 871 1914 (justis
896 1841 1032 1897 enim
1062 1838 1282 1912 (Philip
1311 1854 1360 1908 ι,
1389 1838 1484 1905 21,
1514 1836 1619 1909 25)
1649 1838 1725 1891 vi-
1757 1850 1800 1910 Β
1830 1857 1939 1897 non
1966 1849 2195 1898 venerat
2218 1840 2584 1909 resurrectio;
2623 1851 2678 1899 et
2705 1844 2808 1899 hoc
2835 1845 3011 1913 spatio
3043 1846 3305 1915 temporis
3335 1861 3426 1901 sa-

116 1955 231 1995 vere
261 1937 497 1994 Christus
521 1976 537 2005 ,
584 1946 633 1992 et
662 1937 795 1992 mori
834 1936 1066 2004 lucrum,
1109 1935 1234 2007 quia
1275 1933 1488 1989 dissolvi
1517 1941 1564 1989 et
1606 1948 1725 1987 cum

120 2032 325 2088 Christo
352 2048 464 2087 esse
493 2032 654 2087 multo
680 2030 912 2104 melius),
944 2030 1237 2088 dolendum
1284 2038 1368 2086 est
1393 2027 1538 2101 quod
1568 2027 1726 2085 nobis

119 2126 230 2181 cito
260 2135 448 2197 raptus
479 2127 572 2196 sit,
590 2124 985 2182 consolandum
1009 2124 1154 2198 quod
1180 2123 1246 2181 ad
1275 2122 1504 2181 meliora
1534 2131 1687 2179 trans
1705 2154 1718 2163 -

120 2219 267 2276 ierit.

200 2314 411 2387 1187
451 2313 543 2368 47.
587 2311 840 2383 Denique
871 2308 1038 2366 David
1072 2311 1396 2366 moriturum
1428 2308 1600 2365 lilium
1632 2307 1728 2364 lle-

123 2408 238 2475 bat,
282 2416 556 2461 mortuum
588 2420 696 2460 non
728 2402 950 2460 dolebat
980 2402 1049 2476 (II
1075 2402 1207 2474 Reg.
1261 2417 1358 2467 xu,
1382 2400 1499 2473 20).
1534 2400 1728 2457 Flebat

119 2515 191 2556 ne
219 2499 321 2555 sibi
348 2499 659 2569 eriperetur
678 2538 694 2564 ,
736 2495 833 2552 sed
864 2495 998 2551 ilero
1024 2493 1225 2550 desivit
1250 2503 1533 2565 ereptum,
1560 2508 1723 2565 quem

121 2594 331 2650 sciebat
384 2607 505 2650 esse
554 2607 679 2648 cum
718 2590 964 2647 Christo.
1019 2588 1087 2644 Et
1132 2596 1192 2645 ut
1216 2588 1360 2644 scias
1390 2603 1576 2643 verum
1600 2602 1727 2645 esse

120 2688 269 2760 quod
300 2701 511 2753 assero,
537 2686 805 2742 incestum
835 2683 1071 2740 Ammon
1098 2682 1268 2738 filium
1300 2680 1452 2738 flevit
1479 2680 1723 2738 occisum

122 2782 191 2856 (Il
225 2782 352 2853 Reg.
388 2796 512 2846 xui,
542 2780 657 2852 '56),
698 2779 1023 2851 parricidam
1053 2779 1357 2835 Abessalon
1390 2777 1565 2833 doluit
1586 2779 1726 2835 inte-

121 2884 391 2945 remptum
422 2874 612 2929 dicens
640 2891 653 2928 :
685 2872 863 2928 Filius
890 2889 1034 2928 meus
1059 2873 1374 2940 Abessalon,
1406 2872 1551 2944 filius
1576 2889 1724 2929 meus

121 2969 407 3023 Abessalon
437 2968 503 3041 (ll
532 2966 663 3038 Reg.
698 2982 850 3028 xvut.
882 2967 999 3041 55),
1034 2968 1381 3023 innocentem
1412 2968 1583 3022 lilium
1614 2983 1724 3023 non

122 3062 329 3132 putavit
359 3074 481 3117 esse
505 3059 799 3131 lugendum
826 3103 842 3129 ,
891 3062 1018 3131 quia
1066 3060 1195 3115 illos
1233 3061 1335 3116 sibi
1370 3062 1597 3132 periisse
1624 3078 1726 3133 pro

125 3157 364 3219 scelere,
398 3155 543 3210 hunc
564 3170 670 3225 pro
698 3156 1010 3211 innocentia
1030 3154 1262 3211 credidit
1282 3169 1404 3212 esse
1432 3157 1722 3213 victurum.

1830 1935 1899 1991 tis
1919 1936 2128 2007 putavit
2155 1950 2184 1990 a
2210 1935 2398 2005 paucis
2437 1950 2496 1992 se
2526 1951 2649 1992 esse
2672 1936 2959 2002 deﬂetam;
2995 1936 3281 1993 vobiscum
3312 1954 3432 1994 om-

1828 2045 1928 2087 nes
1952 2028 2134 2102 populi
2163 2027 2537 2096 detleverunt,
2570 2044 2767 2086 omnes
2799 2029 3186 2102 ingemuerunt
3213 2033 3437 2102 pravius

1828 2128 1963 2193 ciae;
1998 2134 2053 2183 et
2075 2124 2256 2181 adhuc
2284 2140 2446 2195 parva
2475 2127 2682 2197 putatis
2713 2135 2893 2182 vestra
2923 2125 3040 2182 haec
3066 2141 3191 2183 esse
3220 2127 3434 2198 suppli-

1828 2220 1949 2276 cia?
1978 2218 2037 2275 Si
2066 2218 2295 2275 fratrem
2317 2228 2502 2275 vestro
2524 2218 2799 2276 redimere
2825 2220 3059 2292 possetis
3078 2220 3272 2288 exitio,
3308 2221 3431 2277 nol—

1827 2312 1908 2371 let
1939 2321 2120 2369 tamen
2147 2313 2245 2369 ille
2270 2322 2451 2369 vestra
2481 2312 2780 2369 afﬂictione
2819 2315 3168 2380 resuscitari;
3216 2314 3343 2387 quia
3374 2330 3437 2373 se

1829 2408 2027 2464 melius
2054 2408 2241 2464 vivere
2280 2409 2497 2480 1188
2521 2408 2752 2464 credidit
2783 2408 2834 2463 in
2868 2409 3054 2475 vobis,
3097 2409 3190 2480 qui
3226 2409 3439 2479 optavit

1827 2502 2010 2573 potius
2056 2515 2118 2558 se
2168 2502 2345 2571 ipsum
2378 2502 2561 2568 mori,
2607 2516 2769 2570 quam
2808 2511 3048 2556 vestram
3079 2502 3264 2559 videre
3295 2502 3441 2573 injua

1827 2594 1965 2650 riam
2002 2593 2096 2664 qui
2126 2608 2225 2664 pro
2255 2592 2412 2649 vobis
2438 2608 2499 2647 se
2534 2592 2770 2649 libenter
2809 2592 2911 2648 fuit
2957 2605 3179 2664 paratus
3208 2593 3432 2664 offerre,

1827 2686 1920 2758 qui
1953 2685 2075 2757 ipso
2104 2694 2128 2723 ε
2161 2686 2334 2741 nostri
2364 2683 2571 2741 doloris
2599 2684 2688 2741 die
2709 2685 2911 2742 dicitur
2937 2685 3078 2743 hanc
3103 2688 3275 2743 solam
3299 2687 3439 2744 emi-

1827 2780 1968 2837 sisse
1994 2794 2206 2836 vocem.
2235 2778 2333 2836 νω
2356 2781 2576 2836 miseris
2605 2781 2890 2837 sororibus
2910 2781 3076 2838 meis!
3109 2780 3296 2853 Itaque
3319 2796 3436 2837 ma-

1826 2873 1910 2945 gis
1935 2879 2172 2928 vestram
2204 2870 2613 2927 destitutionem
2633 2912 2646 2937 ,
2689 2888 2852 2944 quam
2881 2888 3038 2929 suam
3073 2883 3308 2930 mortem
3336 2873 3438 2930 do-

1829 2969 1997 3026 lebat.

1901 3066 1991 3121 5l.
2030 3063 2139 3122 Sed
2163 3061 2328 3120 audio
2357 3079 2457 3120 vos
2484 3063 2707 3130 dolere,
2741 3063 2886 3135 quod
2920 3080 3027 3120 non
3051 3066 3328 3136 acceperit
3349 3079 3439 3120 sa-

1830 3164 2110 3212 cramenta
2144 3154 2512 3226 baptismatis.
2557 3156 2730 3212 Dicite
2762 3155 2894 3211 mihi
2922 3155 3048 3227 quid
3075 3155 3222 3211 aliud
3249 3157 3301 3211 in
3332 3173 3435 3214 uo-

194 3249 287 3306 48.
311 3249 459 3305 Nihil
484 3264 615 3320 ergo
646 3249 860 3305 habetis
888 3250 1031 3322 quod
1059 3251 1383 3320 gravissime
1409 3250 1641 3309 deleatis
1671 3253 1727 3310 in
1754 3250 1799 3314 C
1832 3247 1913 3303 bis
1945 3257 2063 3313 est,
2102 3247 2205 3302 nisi
2242 3248 2514 3313 voluntas,
2549 3247 2656 3302 nisi
2683 3247 2914 3316 petitio?
2951 3247 3114 3318 Atqui
3142 3248 3306 3303 etiam
3331 3247 3435 3303 du-

121 3344 326 3401 fratre:
350 3352 372 3383 ο
400 3343 562 3399 homo
588 3352 750 3399 natus
778 3352 882 3411 est,
914 3342 1167 3400 humana:
1198 3344 1299 3401 fuit
1325 3345 1599 3404 obnoxius
1628 3348 1731 3404 fra-

119 3433 349 3509 gilitati.
393 3433 565 3492 Nemo
603 3451 663 3492 se
694 3432 931 3493 redemit
959 3451 988 3491 a
1026 3446 1225 3504 morte,
1260 3453 1366 3494 non
1399 3434 1552 3495 dives
1573 3480 1586 3505 ,
1619 3456 1729 3496 non

120 3531 232 3602 ipsi
284 3546 478 3603 reges;
527 3530 698 3585 immo
737 3530 840 3601 ipsi
888 3530 1236 3601 gravioribus
1281 3533 1588 3601 subjacent.
1628 3533 1729 3590 Job

120 3626 301 3682 dixit:
336 3624 612 3681 Numerati
645 3625 771 3680 anni
813 3624 922 3679 dati
949 3635 1070 3679 sunt
1101 3625 1336 3697 potenti.
1372 3626 1522 3680 timor
1557 3640 1730 3681 autem

121 3723 238 3794 ejus
264 3719 317 3773 in
359 3719 570 3773 auribus
618 3722 769 3792 ejus;
814 3715 1025 3787 quando
1064 3717 1269 3771 videtur
1310 3718 1495 3773 habere
1528 3736 1729 3788 pacem,

122 3824 249 3869 tunc
287 3814 452 3868 veniet
487 3814 599 3886 ejus
635 3813 834 3868 eversio
865 3810 1011 3884 (Job.
1045 3828 1134 3878 xv,
1165 3811 1279 3884 ΞΟ).
1324 3813 1489 3868 Vobis
1511 3827 1731 3884 quoque

120 3908 264 3979 ipsis
292 3915 401 3962 tam
441 3906 638 3963 acerba
688 3905 950 3962 incidisse
987 3904 1260 3976 patienter
1303 3907 1452 3963 ferre
1489 3907 1725 3975 debetis,

119 4013 251 4071 quae
267 4000 466 4057 videtis
492 4000 647 4057 vobis
674 3998 985 4056 communia
1005 4013 1129 4057 esse
1150 4016 1270 4056 cum
1296 4001 1521 4058 sanctis.
1547 4001 1727 4058 Etiam

119 4095 295 4153 David
326 4096 545 4152 amissis
576 4095 703 4151 filiis
734 4096 1031 4152 destitutus
1062 4104 1185 4151 est:
1216 4104 1465 4165 optasset
1494 4096 1619 4152 illos
1645 4106 1727 4153 ta-

120 4193 209 4249 les
235 4192 388 4249 obire
408 4232 422 4256 ,
470 4190 650 4262 qualis
691 4191 849 4247 vobis
879 4192 1049 4247 frater
1072 4200 1296 4274 ereptus
1323 4202 1407 4248 est
1435 4209 1450 4257 ;
1496 4192 1592 4248 ille
1620 4194 1730 4248 cri-

120 4288 277 4344 mina
296 4286 491 4355 doluit,
526 4302 634 4343 non
665 4286 870 4342 exitum
897 4285 1157 4342 filiorum.

193 4381 288 4439 49.
322 4381 572 4439 Sedesto
594 4381 754 4438 fuerit
776 4380 1267 4453 ingentiseendum.
1300 4380 1603 4451 Quousque
1641 4380 1727 4436 lu-

118 4485 244 4532 ctus
274 4485 518 4547 tempora
545 4474 973 4547 protrahuntur?
992 4475 1241 4531 Duorum
1253 4477 1531 4532 mensium
1551 4474 1729 4530 curri-

117 4570 248 4627 cula
299 4570 354 4625 in
401 4568 627 4625 fraterni
674 4569 882 4627 funeris
921 4569 1243 4641 quotidiana
1283 4570 1565 4626 clausistts
1612 4585 1729 4625 am-

1834 3344 1963 3401 dum
2008 3343 2112 3399 hoc
2155 3342 2269 3399 voti
2309 3340 2532 3410 habuit,
2560 3349 2693 3398 utet
2718 3352 3005 3414 antequam
3031 3343 3083 3396 in
3108 3340 3314 3398 Italiam
3347 3359 3440 3400 rc-

1836 3438 2030 3501 uisset,
2064 3437 2391 3504 initiaretur,
2416 3446 2465 3492 et
2493 3434 2736 3507 proxime
2768 3436 3028 3508 baptizari
3052 3451 3111 3493 se
3133 3453 3163 3492 a
3184 3452 3272 3493 me
3293 3438 3440 3495 velle

1833 3537 2189 3611 significavit;
2221 3550 2275 3595 et
2303 3538 2427 3595 ideo
2450 3550 2561 3608 prae
2583 3540 2798 3595 exteris
2828 3540 3004 3595 causis
3034 3556 3121 3596 me
3149 3554 3438 3598 accersen-

1831 3632 1961 3689 dum
1990 3634 2215 3705 putavit.
2240 3631 2361 3689 Non
2402 3633 2566 3690 habet
2595 3648 2725 3704 ergo
2753 3636 2983 3706 gratiam
3016 3652 3176 3708 quam
3209 3636 3428 3694 deside-

1832 3729 1972 3784 ravit
2004 3747 2016 3783 :
2044 3746 2151 3784 non
2187 3728 2350 3784 habet
2378 3744 2540 3800 quam
2572 3731 2859 3800 poposcit?
2887 3730 3049 3787 Ccrte
3088 3732 3215 3803 quia
3266 3747 3438 3802 popo~

1832 3822 1957 3888 scit,
2017 3822 2249 3893 accepit.
2293 3821 2364 3877 Et
2403 3821 2547 3878 unde
2579 3822 2711 3876 illud
2745 3830 2831 3877 est
2859 3840 2872 3876 :
2900 3820 3086 3879 Justus
3107 3840 3435 3895 quacumque

1832 3925 1995 3971 morte
2020 3925 2306 3987 pratvenlus
2330 3916 2511 3989 fuerit,
2545 3916 2722 3971 anima
2748 3920 2861 3991 ejus
2886 3915 2941 3972 in
2968 3917 3143 3990 requie
3166 3919 3261 3974 erit
3302 3917 3432 3991 (Sa-

1832 4010 1993 4081 pient.
2022 4025 2097 4075 tv,
2122 4006 2201 4081 7).

1903 4105 1994 4159 52.
2039 4103 2201 4161 Solve
2227 4105 2423 4176 igitur,
2454 4104 2618 4161 Pater
2640 4112 2831 4161 sancte
2856 4147 2870 4173 ,
2899 4121 3095 4162 munus
3119 4120 3283 4163 servo
3310 4114 3427 4178 tuo,

1829 4195 1975 4268 quod
1999 4195 2213 4268 Moyses
2235 4196 2360 4267 quia
2390 4196 2442 4252 iu
2465 4196 2663 4268 spiritu
2693 4198 2848 4269 vidit,
2882 4200 3088 4271 accepit
3123 4219 3135 4255 :
3163 4201 3304 4272 quod
3333 4202 3438 4259 Da-

1832 4289 1947 4359 vid,
1966 4290 2091 4362 quia
2110 4306 2175 4348 ex
2200 4291 2541 4350 revelatione
2561 4296 2837 4366 cognovit,
2858 4296 3319 4366 emeruit.jSolvc,
3338 4296 3429 4353 in-

1829 4397 1992 4453 quam
2013 4424 2029 4450 ,
2061 4397 2222 4440 servo
2250 4393 2343 4440 tuo
2377 4384 2764 4443 Valentiniano
2788 4404 2984 4444 munus
3008 4431 3022 4456 ,
3054 4389 3199 4461 quod
3224 4404 3433 4447 concu-

1829 4478 1965 4552 pivit
1992 4492 2008 4535 :
2033 4492 2230 4537 munus
2258 4481 2405 4553 quod
2429 4484 2676 4554 poposcit
2700 4498 2888 4550 sanus,
2912 4485 3192 4554 robustus,
3217 4485 3434 4542 incolu-

1829 4575 1954 4631 mis.
1988 4572 2043 4632 Si
2087 4572 2319 4633 affectus
2358 4576 2682 4650 a'gritudine
2715 4578 3055 4644 distulisset,
3105 4589 3295 4636 tamen-
3317 4596 3430 4637 non

115 4664 316 4737 plexu.
346 4661 472 4719 Sola
508 4662 562 4717 in
594 4658 894 4734 Scripturis
922 4660 1121 4734 Jephte
1145 4662 1253 4719 lilia
1282 4662 1446 4720 ﬂetus
1468 4663 1556 4720 sui
1589 4674 1727 4720 tcm-
1751 4654 1806 4716 D
1831 4667 2048 4739 penitus
2077 4682 2107 4723 a
2139 4676 2228 4724 tua
2260 4669 2634 4725 misericordia
2676 4679 2824 4726 esset
2854 4670 3085 4736 alienus,
3108 4672 3198 4742 qui
3232 4670 3432 4726 celeri-

114 4770 259 4833 pora
293 4756 617 4830 postulavit,
654 4759 878 4830 cognito
912 4757 1056 4829 quod
1090 4768 1245 4828 pater
1277 4757 1398 4829 ejus
1438 4758 1725 4829 profectu-

116 4870 216 4911 rus
244 4853 309 4909 ad
338 4854 585 4925 praelium
612 4862 836 4909 voverat
861 4852 987 4925 quia
1023 4850 1076 4907 id
1108 4867 1289 4909 rerum
1326 4853 1535 4925 potitus
1563 4852 1725 4910 offer-

195 4979 223 5009 ει
254 4970 412 5025 Rom.
455 4968 612 5036 edit.,
637 4969 804 5037 vivet,
843 4984 1210 5024 consummatis
1240 4968 1351 5024 dies
1378 4970 1496 5024 vita:
1537 4970 1722 5038 ipsius.

118 5042 401 5101 Sustinebo
420 5084 433 5108 ,
462 5052 567 5097 etc.
591 5040 722 5110 Quae
746 5040 907 5097 lectio
931 5041 1184 5112 congruit
1202 5056 1324 5095 cum
1352 5040 1508 5097 Vers.
1537 5041 1718 5109 LXX;

118 5124 232 5171 vet.
265 5124 445 5170 autem
471 5112 602 5170 edit.
635 5125 689 5170 et
726 5124 861 5170 mss.
892 5113 1039 5168 inter
1085 5128 1145 5169 se
1184 5114 1567 5180 consentiunt,
1616 5114 1721 5169 nisi

117 5187 267 5258 quod
298 5203 428 5243 mss.
466 5201 563 5257 pro
605 5202 965 5243 consummas
1011 5185 1123 5243 fere
1168 5185 1353 5255 legunt
1397 5201 1723 5258 consumas:

117 5257 179 5315 at
206 5259 293 5315 hic
319 5258 502 5329 lapsus
538 5269 626 5314 est
668 5259 1039 5315 librariorum.
1085 5260 1353 5314 Castorum
1403 5257 1521 5313 haec
1560 5259 1721 5314 lectio

117 5331 511 5458 addllebrmum
544 5339 785 5402 textam,
826 5339 882 5387 et
930 5330 1091 5404 Vulg.
1136 5340 1381 5388 nostram
1412 5330 1585 5403 magis
1630 5345 1720 5387 ac-

117 5417 189 5458 ce
230 5422 241 5457 ι
277 5442 288 5457 .

117 5406 288 5459 cedit.

194 5474 223 5514 ι)
251 5476 421 5544 Quam
449 5473 792 5545 paucissimis
817 5474 1004 5530 verbis
1026 5474 1333 5529 absolutam
1357 5474 1729 5531 Valentiniani

116 5548 339 5603 Iaudem
388 5546 712 5616 complexus
749 5553 839 5617 est
877 5559 1103 5601 sanctus
1144 5546 1500 5611 Ambrosius,
1550 5562 1728 5617 neque

118 5629 305 5675 tamen
335 5631 453 5675 eam
484 5619 538 5672 in
579 5617 743 5672 ullam
776 5616 1109 5674 adulationis
1133 5619 1500 5688 atspiciouem
1534 5617 1615 5671 fas
1644 5616 1730 5674 est

116 5689 436 5757 adducere,
495 5704 623 5745 eum
681 5689 752 5744 de
802 5690 1097 5747 virtutibus
1158 5690 1407 5759 ejusdem
1469 5690 1729 5760 principis

118 5762 317 5816 eadem
363 5769 635 5816 testentur
662 5769 721 5818 et
751 5761 845 5815 alii
882 5760 1062 5815 multi.
1110 5761 1325 5818 Videsis
1366 5762 1725 5819 Sozomeuum

122 5834 365 5959 £365“),
407 5846 529 5905 cap.
558 5832 663 5906 Β,
692 5832 1063 5904 Nicephorum
1103 5831 1199 5890 lib.
1232 5848 1344 5904 xu,
1377 5849 1497 5908 cap.
1528 5834 1629 5903 38,
1674 5844 1730 5891 et

122 5917 287 5961 alios.

1835 4770 1945 4817 tate
1970 4762 2235 4832 temporis
2257 4769 2438 4827 esset,
2467 4778 2575 4817 non
2599 4763 2879 4818 voluntate
2910 4763 3210 4818 fraudatus.
3244 4760 3434 4818 fSolve

1833 4867 1964 4926 ergo
1991 4866 2154 4910 servo
2195 4860 2288 4910 tuo
2329 4868 2526 4910 munus
2552 4858 2743 4926 gratiae
2768 4866 2907 4927 tuae,
2950 4871 3111 4929 quam
3146 4855 3236 4912 ille
3274 4870 3433 4910 num-

1912 4982 1935 5010 ο
1961 4970 2171 5027 Sielib.
2206 4987 2266 5036 u,
2314 4971 2383 5028 de
2422 4987 2649 5029 excessu
2681 4973 2894 5048 Satyri.
2929 4987 3076 5048 num.
3110 4972 3164 5037 5,
3194 4970 3431 5048 Ilendam

1828 5043 2388 5118 fraternamjmortem
2415 5059 2482 5101 ex
2512 5060 2580 5102 eo
2607 5043 2809 5118 negat,
2850 5047 2996 5118 quod
3024 5060 3160 5118 mors
3190 5045 3255 5118 sit
3283 5057 3428 5118 camf

1829 5115 2270 5188 ntunisomnibus.
2286 5116 2528 5188 Uterque
2543 5114 2844 5175 vertilocus
2861 5114 2924 5171 ad
2950 5117 3000 5171 id
3023 5114 3264 5185 respicit,
3282 5117 3427 5188 quod

1829 5188 1969 5254 apud
1991 5186 2311 5244 Cicemnem
2336 5189 2428 5244 ΙιΙ).
2443 5186 2532 5252 ‘m.
2558 5191 2778 5246 'l‘uscul.
2795 5190 2997 5259 Quaest.
3018 5188 3242 5243 Telamo
3261 5186 3426 5242 dicit.

1829 5259 1947 5332 Ego
1971 5276 2086 5332 cum
2125 5262 2314 5332 gemui,
2346 5263 2656 5317 moriturum
2686 5263 2827 5316 scivi.

1900 5329 1927 5369 ά
1957 5329 2157 5388 Omnes
2206 5332 2339 5388 edit.
2367 5349 2427 5390 ac
2470 5350 2603 5392 mss.
2664 5335 2889 5404 aliquot,
2940 5333 3124 5401 ignara
3166 5329 3379 5404 pietatis
3408 5345 3428 5385 :

1832 5418 2125 5478 mss._vcro
2155 5405 2394 5461 melioris
2427 5415 2589 5471 noto,
2616 5402 2780 5478 gnaro
2802 5406 3005 5478 pietatis
3025 5445 3040 5469 ,
3066 5402 3270 5472 optimo
3299 5415 3426 5478 seu;
3524 5427 3529 5432 -

1832 5492 1918 5532 sn.
1963 5476 2174 5532 Etenim
2198 5492 2320 5533 cum
2353 5479 2490 5547 patri
2523 5475 2814 5531 revertenti
2844 5476 3059 5531 obviam
3094 5475 3428 5547 processerit

1828 5549 2071 5607 omnium
2099 5548 2294 5618 prima,
2323 5545 2597 5620 quomodo
2628 5550 2881 5617 pietatem
2907 5546 3222 5618 parentibus
3250 5560 3276 5596 a
3299 5545 3423 5601 [iliis

1832 5621 2070 5679 debitam
2102 5623 2385 5691 ignorasse
2406 5620 2633 5675 dicenda
2660 5620 2800 5676 erit?

1908 5704 1933 5733 ο
1962 5694 2037 5750 Ita
2060 5688 2241 5750 cuncti
2268 5693 2391 5748 cod.
2434 5692 2645 5762 scripti,
2676 5708 2785 5748 uno
2813 5698 3064 5762 excepto,
3090 5688 3309 5760 quicum
3339 5690 3425 5745 ef-

1836 5766 2017 5823 ferunt
2044 5779 2235 5821 omnes
2263 5764 2396 5819 edit.
2429 5765 2581 5819 vestri
2609 5766 2804 5821 doloris
2833 5766 2935 5821 die.

1914 5838 1933 5877 τ
1965 5838 2211 5896 Nannius
2253 5836 2546 5896 verborum
2577 5838 2917 5910 sequentium
2939 5834 3264 5896 sententiam
3290 5833 3429 5891 hanc
