3866 6288
219 351 358 415 1589

1352 338 1439 396 DE
1479 333 1682 394 OBITU
1727 324 2091 390 THEODOS“
2128 322 2405 382 ORATIO.

3392 323 3533 384 1590

219 477 270 523 et
301 461 706 535 impedimentis
731 459 986 517 calonum
1014 471 1206 529 agmen
1237 454 1514 512 exercitus
1546 451 1709 525 paulo
1741 464 1826 507 se-

1997 456 2072 498 tus
2123 441 2440 513 angelorum
2496 446 2600 494 est.
2634 438 2782 493 Bona
2817 435 3002 508 itaque
3058 437 3215 506 ﬁdes,
3268 453 3388 511 qua:
3434 441 3540 498 fre-

219 562 334 617 rius
357 559 410 614 in
452 559 626 615 aciem
655 555 1034 620 descenderet,
1064 564 1116 609 et
1139 549 1442 623 inequitare
1469 547 1646 604 hostis
1674 560 1825 603 mora

222 653 350 710 belli
379 651 679 718 videretur,
709 649 947 706 desilivit
970 661 1111 718 equo
1134 645 1408 716 princeps,
1434 653 1486 698 et
1511 652 1636 697 ante
1655 641 1826 696 aciem

221 748 367 804 solus
399 745 780 818 progrediens,
806 744 882 799 ait
906 761 920 797 :
954 742 1054 798 Ubi
1073 751 1158 796 est
1185 737 1478 795 Theodosii
1504 734 1683 791 Deus?
1710 733 1827 790 Jatu

222 842 326 899 hoc
351 841 576 898 Christo
612 839 894 912 proximus
926 835 1270 909 loquebatur.
1302 833 1437 903 Quis
1467 831 1612 889 enim
1645 837 1833 902 posset

222 937 327 994 hoc
357 937 543 994 dicere
565 979 580 1003 ,
628 936 731 992 nisi
762 936 851 1008 qui
878 933 1097 990 Christo
1127 947 1186 989 se
1217 930 1496 988 adhaerere
1536 942 1832 1001 cognosce-

225 1032 345 1090 ret?
383 1031 503 1100 Quo
552 1031 698 1087 dicto
726 1027 984 1085 excitavit
1011 1042 1228 1093 omnes,
1260 1034 1315 1082 et
1346 1023 1596 1095 exemplo
1642 1035 1835 1076 omnes

223 1125 480 1182 armavit.
509 1123 700 1194 Etjam
725 1131 874 1179 certe
904 1119 1093 1178 senior
1117 1127 1298 1180 (etate.
1334 1116 1430 1173 sed
1457 1115 1673 1171 validus
1699 1115 1830 1172 ﬁde.

294 1219 350 1276 8.
394 1227 420 1256 ⁸
448 1215 746 1274 Theodosii
787 1230 918 1286 ergo
944 1213 1080 1268 ﬁdes
1103 1211 1201 1267 fuit
1226 1219 1404 1266 vestra
1437 1210 1662 1264 victoria
1701 1226 1712 1261 :
1745 1223 1834 1264 vc-

225 1325 338 1373 stra
368 1313 504 1370 ﬁdes
534 1312 768 1369 ﬁliorum
801 1312 919 1382 ejus
941 1307 1206 1365 fortitudo
1225 1307 1314 1363 sit.
1333 1305 1496 1362 Fides
1523 1318 1652 1376 ergo
1679 1312 1835 1374 auget

225 1417 467 1466 :etatem.
490 1406 737 1478 Denique
763 1420 861 1462 nec
882 1403 1181 1470 Abraham,
1209 1411 1264 1458 ιιι
1288 1402 1340 1456 in
1371 1406 1654 1456 senectute
1676 1413 1839 1470 gene-

226 1510 378 1560 raret
406 1500 598 1566 ﬁlium,
631 1499 1002 1555 consideravit
1038 1507 1252 1553 mtatcm
1281 1515 1293 1549 :
1326 1509 1426 1551 nec
1456 1494 1614 1560 Sara,
1656 1503 1714 1547 ut
1748 1506 1840 1562 pa-

231 1604 396 1653 reret.
428 1594 538 1650 Nec
567 1593 761 1648 mirum
792 1594 837 1647 si
866 1601 1025 1663 auget
1054 1600 1268 1646 (etatem
1297 1588 1454 1656 ﬁdes,
1488 1603 1609 1643 cum
1641 1603 1838 1658 reprac—

233 1698 411 1745 semet
435 1689 634 1743 futura.
657 1686 795 1756 Quid
819 1686 964 1742 enim
989 1694 1073 1741 est
1101 1685 1264 1750 ﬁdes;
1297 1683 1397 1739 nisi
1421 1699 1600 1739 rerum
1630 1698 1837 1751 earum,

231 1799 352 1856 quas
367 1792 680 1854 sperantur,
705 1781 1004 1836 substantia
1031 1777 1220 1853 (Hebr.
1252 1795 1327 1846 XI,
1357 1776 1446 1849 l)?
1472 1777 1561 1834 Sic
1577 1792 1677 1832 nos
1697 1777 1839 1833 Scri-

235 1885 410 1948 plura:
449 1875 668 1931 docent.
701 1873 847 1944 Ergo
892 1873 937 1928 si
967 1869 1271 1928 substantia
1318 1885 1534 1938 eorum,
1569 1885 1688 1941 quae
1720 1884 1844 1941 spe-
1875 1866 1922 1927 B
1947 1879 2108 1934 gnum
2155 1872 2201 1916 εἰ
2249 1861 2552 1917 honorabili!
2603 1870 2677 1915 εει
2709 1861 2860 1916 homo
2913 1861 3206 1915 Misericors
3263 1875 3282 1915 ἔ

238 1983 448 2038 rantur,
495 1967 631 2026 ﬁdes
657 1977 743 2023 est
770 1987 782 2032 ;
818 1977 1020 2038 quanto
1046 1966 1216 2038 magis
1259 1983 1469 2031 corum,
1502 1982 1623 2036 qua:
1651 1964 1840 2021 viden-

241 2064 365 2119 tur?
388 2063 537 2119 Bona
572 2062 728 2127 ﬁdes,
760 2061 831 2116 de
862 2075 969 2132 qua
995 2061 1258 2130 scriptum
1289 2070 1369 2116 est
1401 2077 1413 2113 :
1455 2058 1641 2114 Justus
1672 2069 1846 2113 autent

238 2172 301 2211 ea:
327 2156 428 2226 fide
460 2157 579 2211 vivit
609 2154 801 2228 (Hebr.
831 2171 883 2221 κ,
915 2153 1032 2226 50).
1079 2153 1234 2223 Quod
1271 2153 1315 2208 si
1348 2152 1712 2210 substraxcrit
1741 2168 1798 2208 se
1829 2195 1844 2221 ,

241 2265 347 2306 non
383 2251 620 2321 placebit
648 2251 846 2305 animae
878 2264 1034 2305 meae.

313 2344 368 2399 9.
410 2342 522 2398 Nos
553 2353 734 2399 autem
755 2357 862 2398 non
888 2341 1273 2398 snbtrahamus
1301 2358 1398 2398 nos
1418 2343 1485 2397 ad
1504 2342 1845 2413 dispendium

235 2435 453 2502 animae,
489 2435 582 2490 sed
616 2436 984 2490 iuhacreamus
1012 2434 1136 2490 ﬁdei
1160 2435 1226 2489 ad
1259 2436 1457 2492 animae
1508 2447 1712 2492 nostrae
1759 2453 1847 2492 ac.

235 2528 622 2599 quisitiunetn;
674 2528 930 2600 quoniam
972 2529 1026 2584 in
1071 2528 1171 2584 hac
1209 2529 1334 2585 ﬁdei
1377 2529 1566 2584 militia
1603 2530 1850 2586 testimo-

246 2623 395 2678 nium
428 2623 706 2678 consecuti
739 2633 864 2677 sunt
892 2623 1140 2677 seniores
1172 2623 1340 2678 nosui
1375 2622 1674 2688 Abraham,
1699 2621 1850 2680 lsaac

242 2729 296 2774 et
329 2717 518 2774 Jacob.
557 2716 626 2772 Et
669 2715 796 2773 ideo
837 2717 1209 2773 haereditatem
1251 2717 1408 2772 nubis
1440 2716 1562 2772 ﬁdei
1619 2715 1842 2790 relique-

243 2822 391 2868 runt.
425 2811 628 2869 Fidelis
656 2811 955 2878 Abraham,
984 2812 1074 2883 qui
1102 2827 1208 2868 non
1239 2829 1304 2868 ex
1345 2812 1626 2884 operibus,
1663 2813 1757 2869 sed
1785 2829 1851 2868 ex

223 2903 350 2963 "ﬁde
385 2906 716 2978 justiﬁeatus
756 2918 872 2974 est;
907 2906 1162 2979 quoniam
1196 2907 1308 2964 Deo
1352 2905 1590 2963 credidit
1624 2925 1635 2961 :
1671 2906 1848 2974 Isaac,

241 2999 332 3072 qui
365 3015 460 3070 per
490 2998 653 3056 ﬁdem
689 3016 788 3057 nec
809 3001 1046 3074 gladium
1076 2999 1289 3056 ferituri
1320 3001 1564 3071 parentis
1593 3001 1809 3070 expavit
1841 3020 1854 3056 :

242 3093 451 3162 Jacoh,
485 3095 578 3167 qui
607 3104 850 3166 paternae
894 3095 1020 3151 ﬁdei
1052 3095 1297 3167 vestigiis
1325 3095 1567 3150 intentus
1616 3096 1852 3168 1201,

243 3189 372 3244 dum
399 3189 505 3244 iter
526 3188 656 3259 agit,
686 3189 1006 3258 angelorum
1033 3185 1541 3258 viditexercitum,b
1565 3197 1620 3244 et
1638 3190 1859 3244 vocavit

244 3283 533 3338 concilium
565 3281 659 3338 Dei
688 3281 846 3356 (Gen.
884 3298 1049 3348 χχχιι,
1080 3283 1158 3352 1).

321 3376 408 3431 10.
455 3374 597 3431 Alibi
631 3390 870 3447 quoque,
896 3373 946 3430 id
980 3383 1083 3442 est,
1118 3375 1171 3430 iu
1197 3375 1351 3433 libris
1377 3375 1714 3447 Regnorum,
1746 3375 1858 3431 Eii-

245 3485 388 3527 saeus
419 3479 538 3525 erat
570 3470 712 3524 intra
739 3469 1068 3535 Samariam,
1100 3478 1156 3526 et
1185 3470 1371 3526 subito
1393 3485 1516 3526 cum
1551 3471 1861 3526 circumfu-

249 3582 344 3622 sus
371 3566 638 3638 Syrorum
670 3563 887 3621 obsedit
929 3565 1228 3622 exercitus.
1272 3565 1423 3621 Vidit
1453 3580 1548 3622 eos
1577 3565 1727 3622 Giczi
1749 3609 1763 3634 ,
1808 3575 1863 3622 et

216 3723 228 3732 _
247 3659 324 3714 ait
349 3659 417 3714 ad
445 3659 725 3715 dominum
758 3675 918 3715 suum
948 3677 959 3714 :
996 3659 1040 3714 0
1067 3660 1296 3725 domine,
1319 3659 1445 3730 quid
1474 3661 1728 3733 faciemus
1747 3660 1772 3712 ?
1795 3659 1863 3716 Et

248 3751 387 3807 dixit
421 3751 659 3807 Elismus
681 3752 943 3824 propheta
970 3771 982 3807 :
1011 3752 1141 3808 Noli
1173 3754 1659 3822 timere;quoniam
1691 3755 1863 3808 nobis-

251 3861 364 3900 cum
391 3845 566 3916 plures
589 3857 729 3912 sunt,
761 3863 916 3916 quam
941 3864 1055 3902 cum
1080 3848 1205 3902 illis.
1238 3845 1306 3902 Et
1334 3839 1532 3920 rogavit
1562 3857 1618 3902 ut
1639 3849 1864 3918 aperiret

254 3937 511 3994 Dominus
541 3940 716 3995 oculos
737 3938 901 3995 Giezi.
939 3939 1004 3994 Et
1033 3941 1198 4008 aperti
1227 3951 1347 3995 sunt
1376 3941 1514 3995 oculi
1537 3944 1675 4014 ejus,
1708 3951 1753 3995 et
1785 3942 1863 3995 vi-.

255 4033 329 4088 dit
357 4034 569 4105 plenum
613 4044 834 4089 montem
865 4036 1005 4106 equis
1046 4044 1094 4090 et
1124 4034 1361 4089 curribus
1405 4035 1458 4089 in
1500 4035 1719 4090 circuitu
1749 4033 1864 4090 Eli-

251 4129 364 4184 τιεί.
400 4125 469 4181 Et
499 4129 699 4199 rogavit
734 4127 959 4182 Eliswus
991 4138 1042 4181 ut
1081 4137 1367 4199 percuteret
1411 4145 1497 4183 eos
1527 4125 1670 4183 Deus
1712 4129 1864 4183 ι’ωεὶ-

255 4233 378 4290 tale,
407 4233 455 4278 et
484 4223 716 4293 percussi
764 4234 906 4291 sunt,
951 4234 1002 4279 et
1029 4224 1336 4279 introierunt
1371 4226 1422 4277 in
1455 4224 1734 4293 civitatem,
1765 4242 1865 4294 quo

254 4319 671 4390 ingrederentur,
703 4335 1026 4391 nequaquam
1071 4319 1302 4375 videntes
1333 4317 1423 4391 (IV
1459 4318 1586 4388 Reg.
1617 4331 1689 4386 v1,
1727 4317 1793 4373 15
1821 4329 1867 4375 et

253 4411 407 4484 seq.).
445 4411 687 4468 Audistis
717 4422 869 4470 certe
893 4455 909 4480 ,
944 4413 1182 4480 milites,
1225 4412 1318 4484 qui
1348 4412 1663 4469 circumfusi
1701 4414 1864 4479 eStis,

254 4505 380 4575 quia
414 4505 504 4559 ubi
537 4504 786 4575 perﬁdia,
815 4505 896 4562 ibi
926 4507 1146 4563 caecitas
1176 4515 1281 4564 est.
1308 4506 1500 4562 Merito
1527 4521 1657 4578 ergo
1688 4521 1866 4563 caecus

253 4605 374 4653 erat
403 4598 679 4654 exercitus
708 4597 1030 4655 inﬁdelium.
1069 4597 1171 4656 Ubi
1204 4608 1387 4656 autem
1416 4598 1577 4667 ﬁdes,
1615 4599 1686 4656 ibi
1710 4615 1866 4657 exer-

259 4783 420 4859 vcrit,
461 4799 563 4859 qua
599 4785 704 4841 ﬁde
750 4786 802 4841 in
849 4787 968 4856 ipso
1007 4787 1308 4842 certamine
1327 4787 1401 4859 ad
1429 4803 1588 4859 opem
1620 4787 1855 4842 divinam
1885 4791 1938 4852 D

258 4856 585 4929 confugerit,
617 4867 817 4928 quanta
853 4859 1088 4929 denique
1114 4873 1143 4913 a
1173 4859 1283 4914 Deo
1323 4856 1698 4927 impetraverit
1729 4874 1856 4926 pro-

259 4928 424 5000 digia,
451 4928 679 4984 Ruﬁnus
707 4928 1163 4996 luculentis’sime,
1199 4939 1253 4985 et
1275 4931 1512 4985 maxime
1540 4931 1604 4984 ad
1627 4931 1859 4986 Ambro-

261 5003 329 5056 sii
379 5015 599 5057 sensum
631 5001 871 5073 explicat
918 5002 1013 5058 lib.
1049 5019 1082 5058 ll
1126 5003 1263 5056 llist.
1296 5018 1417 5073 cap.
1465 5002 1554 5057 52.
1593 5001 1855 5057 Eumdem

260 5074 837 5146 eventumidiligenter
869 5089 1084 5146 quoque
1113 5073 1435 5146 describunt
1478 5074 1730 5130 Socrates
1761 5074 1856 5129 lib.

260 5160 314 5211 v,
344 5161 467 5216 cap.
505 5145 600 5203 25.
634 5145 972 5203 Sozomerius
1000 5145 1102 5203 lib.
1131 5161 1205 5200 vu
1231 5161 1384 5214 .cap.
1415 5145 1507 5211 Ἡ,
1539 5147 1599 5200 Ρ.
1634 5147 1860 5202 Orosius

260 5217 358 5274 lib.
390 5233 460 5274 vn
487 5260 502 5287 ,
533 5233 658 5290 cap.
689 5221 779 5278 35.
803 5219 1012 5289 Quibus
1033 5219 1270 5290 adjunge
1295 5234 1419 5288 qua:
1447 5233 1544 5274 nos
1567 5219 1634 5274 ad
1658 5218 1855 5274 Enarr.

261 5291 401 5359 psal.
442 5306 636 5356 χχχιιι,
667 5308 816 5348 num.
839 5292 933 5359 25,
961 5293 1366 5348 annotavimus.

335 5360 659 5437 {Theodosii
679 5380 799 5435 ergo
817 5365 1014 5432 ﬁdes...
1031 5363 1286 5437 fortitudo
1306 5365 1394 5429 sit,
1415 5364 1466 5437 in
1493 5379 1628 5419 mss.
1658 5364 1860 5437 nostris

264 5432 633 5490 desideratur:
655 5432 838 5492 verum
859 5452 888 5493 e
904 5432 1180 5494 contrario
1202 5438 1253 5491 in
1271 5435 1525 5492 omnibus
1541 5444 1713 5492 exstat
1728 5435 1859 5492 edit.

333 5504 361 5545 δ
389 5507 549 5561 Rom.
579 5505 711 5564 edit.
741 5509 878 5573 sola,
905 5521 952 5564 et
976 5511 1174 5566 vocavit
1198 5507 1382 5565 Castra
1415 5507 1527 5564 Dei.

340 5589 361 5616 ε
407 5577 972 5654 llanc__etymologiam
1009 5591 1254 5654 argutam
1285 5581 1458 5654 magis
1478 5597 1645 5654 quam
1674 5595 1860 5654 veram

265 5662 388 5706 esse
407 5651 786 5726 dicitVossius
813 5651 864 5707 in
892 5655 1059 5711 verbo
1075 5651 1202 5726 ﬁdo,
1227 5655 1320 5711 ubi
1347 5651 1552 5726 reiecto
1578 5653 1742 5726 etiam
1770 5652 1862 5709 illo

265 5728 478 5800 etymo,
522 5724 806 5800 quoﬁdes
839 5724 1083 5782 citharas
1107 5727 1232 5800 ideo
1260 5724 1455 5790 dictas,
1491 5725 1635 5800 quod,
1662 5733 1862 5780 tantum

264 5795 398 5871 inter
415 5811 468 5849 se
485 5795 697 5871 chorda
719 5802 853 5869 ejus,
884 5808 1131 5866 quantum
1149 5799 1284 5855 inter
1305 5795 1536 5856 homines
1560 5799 1714 5871 ﬁdes,
1742 5815 1865 5853 con-

267 5865 1028 5942 candent,‘Festus'autumat,
1062 5885 1248 5926 verum
1281 5865 1573 5942 profertur.

343 5933 370 5973 ά
392 5933 620 6008 Quidam
660 5955 819 6013 mss.,
850 5940 1048 5998 vivendi
1075 5933 1434 6001 munere-satis
1463 5946 1621 6000 simus
1649 5942 1858 6017 ingrati.

1929 547 2162 612 quenter
2191 547 2451 610 operatur
2483 535 2538 591 in
2568 535 2818 592 mortuis.
2859 534 3100 606 Denique
3147 535 3500 592 adversarius
3520 577 3537 604 ,

1929 642 1984 690 et
2033 633 2278 704 legiones
2323 646 2434 687 suae
2477 629 2796 702 quotidiana
2841 639 3145 702 martyrum
3177 630 3380 687 virtute
3429 641 3543 686 tor-

1929 737 2188 800 quentur.
2215 725 2370 783 Unde
2392 725 2628 781 arbitror
2651 724 2796 797 quod
2813 734 2834 765 ε
2851 724 2938 780 ﬁla
2960 724 3291 782 chordarum
3313 726 3538 783 citharm

1933 822 2060 877 ideo
2077 820 2212 877 ﬁdes
2227 820 2765 893 dicantur,quoniam
2779 829 3057 876 ettuortua
3074 837 3269 878 sonum
3285 822 3538 880 reddant.

2010 917 2096 971 ll.
2140 915 2261 983 Quo
2291 916 2464 986 magis
2488 930 2550 970 ac
2583 915 2757 988 magis
2781 915 3107 971 enitendum
3132 925 3237 985 est,
3264 933 3333 973 ne
3364 917 3416 973 in
3441 916 3546 973 hoc

1935 1008 1962 1048 ά
1989 1009 2208 1066 vivendi
2238 1025 2464 1066 munere
2496 1010 2608 1075 siti,
2642 1010 2812 1066 simus
2839 1009 3038 1081 ingrati
3069 1027 3080 1063 :
3116 1009 3214 1066 sed
3246 1011 3318 1082 pii
3351 1011 3543 1082 pignu-

1937 1104 2092 1162 ribus
2124 1104 2390 1177 principis
2413 1105 2662 1162 sedulum
2693 1120 2756 1160 ac
2784 1105 3018 1176 patrium
3049 1105 3433 1176 impendamus
3464 1107 3547 1162 af-

1935 1202 2160 1258 fectum.
2193 1201 2401 1258 Solvite
2436 1201 2564 1257 ﬁliis
2593 1201 2712 1272 ejus
2737 1243 2750 1266 ,
2779 1202 2923 1272 quod
2961 1200 3176 1258 debetis
3209 1203 3373 1274 patri.
3420 1202 3550 1258 Plus

1937 1297 2150 1353 debetis
2185 1295 2440 1352 defuncto
2460 1339 2474 1362 ,
2505 1311 2664 1366 quam
2695 1295 2966 1352 debuistis
2991 1296 3218 1352 viventi.
3255 1297 3472 1352 Etenim
3505 1297 3547 1352 si

1939 1391 1994 1446 in
2014 1389 2207 1446 liberis
2226 1391 2565 1461 privatorum
2590 1405 2701 1444 non
2725 1390 2842 1445 sine
2865 1389 3016 1460 gravi
3039 1389 3250 1445 scelere
3272 1389 3546 1444 minorum

1935 1487 2058 1559 jura
2086 1494 2462 1554 temerantur;
2485 1496 2694 1558 quanto
2716 1486 2890 1560 magis
2915 1486 2968 1540 iu
3004 1485 3129 1540 ﬁliis
3158 1483 3550 1555 imperatoris?

2019 1579 2105 1634 l2.
2146 1577 2395 1635 Addatur
2442 1594 2506 1635 eo
2557 1577 2716 1648 cujus
2773 1577 3158 1647 imperatoris?
3203 1577 3557 1648 Imperatoris

1944 1674 2042 1746 pii,
2068 1673 2414 1746 imperatoris
2443 1673 2842 1739 misericordis,
2877 1669 3230 1745 imperatoris
3256 1671 3453 1740 ﬁdelis,
3489 1671 3560 1728 de

1944 1784 2052 1840 quo
2084 1785 2193 1824 non
2224 1768 2502 1825 mediocre
2531 1769 2714 1824 locuta
2746 1777 2830 1823 est
2857 1765 3142 1838 Scriptura
3175 1765 3364 1824 dicens
3392 1787 3404 1820 :
3438 1765 3558 1821 Ma-

3331 1860 3561 1915 invenire

1947 1967 2118 2011 autent
2140 1957 2306 2011 virum
2331 1955 2538 2026 ﬁdelem
2568 1953 2786 2023 difficile
2808 1964 2880 2012 est
2913 1953 3098 2026 (Prov.
3121 1971 3212 2020 xx,
3241 1953 3320 2027 6).
3352 1954 3409 2012 Si
3445 1969 3558 2010 ma-

1946 2069 2112 2126 gnum
2140 2063 2224 2110 est
2251 2051 2666 2108 misericordem
2689 2060 2781 2106 aut
2801 2050 3011 2108 ﬁdelem
3038 2067 3438 2123 quemcumque
3461 2051 3559 2105 ho-

1950 2149 2153 2204 minem
2183 2147 2472 2214 invenire;
2510 2156 2716 2219 quanto
2748 2147 2917 2218 magis
2950 2147 3363 2219 imperatorem,
3398 2163 3561 2218 quem

1951 2253 2196 2314 potestas
2225 2243 2291 2300 ad
2323 2243 2699 2300 ulciscendum
2725 2242 2980 2314 impellit,
3006 2241 3102 2298 sed
3127 2250 3351 2299 revocat
3381 2253 3562 2297 tamen

1949 2340 2019 2394 ab
2051 2340 2256 2395 ultione
2288 2337 2607 2395 miseratio?
2635 2335 2772 2404 Quid
2804 2337 3155 2408 prmstantius
3187 2337 3294 2394 ﬁde
3328 2338 3565 2408 impera-

1953 2433 2110 2496 toris,
2137 2448 2299 2503 quem
2333 2449 2438 2487 non
2471 2431 2700 2488 extollat
2729 2431 2994 2502 potentia,
3028 2431 3282 2502 superbia
3311 2447 3418 2486 non
3453 2433 3564 2487 cri-

1951 2536 2061 2597 gat,
2100 2525 2196 2581 sed
2229 2526 2402 2596 pietas
2435 2524 2700 2580 inclinet?
2728 2523 2796 2580 de
2833 2540 2941 2595 quo
2988 2524 3250 2594 praeclare
3300 2523 3562 2580 Salomon

1951 2621 2071 2676 ait:
2107 2631 2129 2658 ε’
2160 2619 2338 2689 Iniqui
2381 2620 2518 2692 regis
2563 2618 2820 2674 minitatio
2868 2618 3054 2674 similis
3102 2619 3298 2690 rugitui
3345 2618 3507 2674 leonis
3550 2633 3568 2672 :

1955 2715 2090 2769 sicut
2116 2723 2284 2768 autem
2316 2729 2401 2768 ros
2431 2713 2483 2767 in
2513 2711 2690 2779 herba,
2723 2712 2797 2766 sic
2827 2722 2876 2767 et
2905 2712 3143 2766 hilaritas
3187 2715 3301 2785 ejus
3352 2713 3369 2782 (
3399 2711 3561 2767 Prov.

1958 2823 2076 2875 nx,
2108 2807 2220 2878 12).
2250 2805 2528 2874 Quantum
2564 2805 2732 2878 igitur
2763 2815 2848 2861 est
2879 2806 3156 2876 deponere
3184 2815 3448 2862 terrorem
3471 2821 3570 2877 po-

1957 2901 2165 2966 tentia),
2199 2900 2464 2970 praeferre
2503 2899 2829 2954 suavitatem
2859 2899 3096 2969 gratiae?

2033 2993 2120 3049 l3.
2165 2991 2502 3048 Beneﬁcium
2536 3007 2596 3046 sc
2631 2990 2858 3062 putabat
2884 2990 3166 3062 accepisse
3187 3000 3432 3062 augustae
3457 3007 3571 3048 me-

1959 3087 2148 3143 marite
2203 3086 2568 3155 Theodosius,
2623 3103 2747 3142 cum
2799 3099 3088 3158 rogaretur
3147 3089 3460 3160 ignoscere;
3517 3102 3573 3147 et

1958 3190 2089 3237 tunc
2133 3180 2353 3252 propior
2395 3190 2512 3236 erat
2555 3181 2727 3237 venia:
2754 3223 2769 3248 ,
2807 3196 2930 3236 cum
2984 3181 3222 3237 fuissetf
3265 3185 3572 3242 commotio

1963 3273 2138 3344 major
2153 3273 2470 3329 iracundiae.
2491 3272 2859 3344 Prmrugativa
2880 3274 3092 3348 1202
3115 3275 3431 3346 ignoscendi
3447 3288 3572 3333 erat

1965 3368 2300 3440 indignatum
2319 3368 3040 3440 fuissezetOptabaturinco
3058 3413 3072 3439 ,
3097 3369 3319 3442 quodin
3350 3371 3476 3427 aliis
3501 3373 3568 3428 ti-

1963 3465 2233 3531 mebatur,
2260 3475 2316 3519 ut
2334 3463 2690 3520 irasceretur.
2719 3463 2831 3521 Hoc
2849 3475 2967 3521 erat
2988 3467 3292 3522 remedium
3316 3483 3538 3524 reorum
3563 3488 3576 3536 ;

1963 3560 2224 3632 quoniam
2279 3576 2403 3616 cum
2466 3557 2695 3616 haberet
2750 3576 2914 3631 supra
2966 3577 3156 3618 omnes
3208 3572 3578 3634 potestatem,

1963 3656 2117 3728 quasi
2143 3670 2342 3727 parens
2370 3655 2725 3726 expostulare
2749 3655 3011 3725 malebat,
3041 3672 3206 3729 quam
3230 3660 3385 3730 quasi
3409 3658 3580 3730 judex

1961 3750 2347 3822 punire.SEpe
2367 3750 2936 3822 trementesjvidimus,
2963 3767 3102 3823 quos
3117 3753 3446 3826 objurgabat
3469 3796 3484 3822 ,
3511 3769 3568 3811 et

1962 3847 2240 3903 convictos
2265 3845 2540 3919 sceleris,
2580 3861 2705 3902 cum
2751 3846 3180 3919 desperassent,
3211 3851 3421 3906 solutos
3472 3852 3586 3907 cri-

1967 3940 2135 3996 mine.
2164 3939 2398 3996 Vincere
2428 3939 2573 3996 enim
2606 3940 2862 4009 volebat,
2895 3957 3000 3997 non
3033 3943 3272 4014 plectere
3305 3944 3580 4016 aequitatis

1962 4031 2152 4103 judex,
2180 4049 2287 4087 non
2311 4047 2487 4102 poenae
2509 4031 2737 4097 arbiter,
2764 4034 2856 4103 qui
2888 4049 3185 4104 numquam
3207 4037 3427 4092 veniam
3455 4051 3582 4094 con-

1967 4129 2136 4183 ﬁtenti
2161 4136 2390 4199 negaret
2416 4147 2429 4183 :
2459 4135 2556 4183 aut
2589 4128 2634 4184 si
2668 4128 2796 4199 quid
2823 4139 2994 4197 esset,
3026 4130 3169 4202 quod
3201 4133 3415 4189 occulta
3441 4148 3579 4191 con-

1968 4221 2196 4277 scientia
2228 4220 2562 4287 involverat,
2611 4221 2721 4277 Deo
2753 4223 3035 4280 servabat.
3074 4222 3223 4281 lianc
3245 4242 3433 4283 vocem
3462 4228 3583 4299 ejus

1970 4315 2222 4372 homines
2253 4314 2445 4385 magis,
2480 4329 2641 4385 quam
2677 4329 2895 4384 poenam
2933 4316 3228 4374 timebant:
3263 4321 3406 4388 quod
3433 4329 3584 4380 tanta

1969 4410 2271 4482 imperator
2297 4417 2486 4481 ageret
2509 4409 2865 4477 verecundia,
2899 4421 2956 4465 ut
2983 4411 3172 4468 mallet
3195 4413 3296 4470 sibi
3325 4411 3581 4475 homines

1969 4505 2233 4578 religione
2261 4520 2422 4576 quam
2456 4505 2656 4560 timore
2684 4506 3014 4577 astringere.

2043 4599 2130 4655 M.
2167 4609 2191 4648 8
2219 4597 2517 4655 Maximum
2561 4597 3016 4671 philosophorum
3064 4599 3444 4674 impunitatem
3499 4607 3579 4666 l'e-

2039 4796 2062 4823 ε
2097 4786 2219 4862 Vet.
2268 4785 2402 4862 edit.
2426 4826 2441 4854 ,
2477 4782 2658 4862 Iniqui
2698 4787 2834 4862 regis
2874 4788 3136 4862 imitatio,-
3168 4804 3296 4844 mss.
3331 4793 3526 4860 partim
3561 4840 3576 4862 ,

1964 4859 2220 4936 minutio;
2253 4858 2469 4936 partitn.
2487 4858 2745 4936 minitalip
2761 4875 2781 4914 :
2797 4869 2853 4913 at
2882 4859 3040 4936 Rom.
3065 4861 3197 4915 edit.
3217 4858 3427 4936 recepit
3451 4858 3574 4936 qui;

1962 4930 2087 4985 dem
2113 4944 2300 4984 vocem
2326 4929 2605 5004 minitatio,
2629 4930 2724 5004 sed
2755 4933 3018 5002 expunxit
3045 4947 3233 4988 vocem
3265 4929 3448 5004 iniqui.
3470 4929 3574 4994 "At-

1965 5010 2146 5057 tamen
2178 5003 2429 5075 quamvis
2461 5002 2512 5056 iu
2545 5003 2719 5075 sacris
2745 5004 3024 5075 codicibus
3049 5045 3065 5070 ,
3104 5019 3240 5075 quos
3272 5002 3418 5062 nunc
3445 5024 3570 5066 ver-

1963 5087 2177 5139 samus,
2227 5072 2597 5147 (desideretur,
2640 5073 2986 5131 Ambrosium
3039 5075 3092 5129 in
3123 5072 3424 5147 exemplari
3466 5095 3569 5140 suo

1963 5161 2088 5221 eam
2101 5145 2333 5221 “legisse
2380 5157 2604 5217 propter
2651 5161 2978 5204 consensum
3012 5162 3144 5204 mss.
3185 5145 3353 5221 ‘hujits
3397 5153 3568 5213 libelli

1963 5217 2224 5272 credibile
2253 5227 2355 5273 est.

2041 5289 2058 5328 ί
2105 5290 2242 5366 Reg.
2284 5288 2458 5366 codex
2489 5305 2662 5366 unus,
2693 5291 3020 5366 commotior.
3071 5290 3568 5366 Majoriracundia

1967 5361 2308 5437 pra'_rogatt"va
2345 5361 2645 5437 ignoscendi
2683 5371 2812 5437 erat.
2837 5361 3191 5437 (Indignamur
3234 5365 3395 5437 fuisse
3443 5385 3565 5425 exo-

1969 5433 2210 5505 ptabatur
2232 5434 2284 5488 in
2316 5433 2396 5500 eo,
2426 5435 2563 5505 quod
2588 5436 2639 5487 in
2669 5434 2787 5488 aliis
2810 5433 3104 5500 timebatur,
3135 5433 3266 5503 etc.,
3295 5454 3402 5493 non
3431 5444 3566 5500 satis

1967 5517 2136 5563 recte.
2170 5506 2306 5562 Cum
2336 5505 2439 5562 hoc
2472 5520 2632 5577 porro
2663 5506 2784 5561 loco
2807 5505 2873 5561 de
2904 5507 3244 5577 proclivitate
3269 5511 3568 5574 Theodosii

1966 5580 2032 5657 ad
2066 5577 2424 5657 iracundiam,
2457 5576 2823 5657 dequeipsius
2853 5576 3212 5657 placabilitate
3227 5598 3418 5657 cpera:
3440 5601 3570 5657 pre-

1968 5653 2100 5708 tium
2144 5649 2324 5707 fuerit:
2356 5665 2477 5721 quae
2512 5649 2613 5704 hac
2641 5649 2755 5719 ipsa
2785 5648 2854 5706 de
2881 5667 2942 5706 re
2971 5651 3130 5725 epist.
3180 5654 3243 5710 51
3265 5648 3288 5723 ,’
3311 5648 3459 5712 ηιιηιῖ
3491 5659 3526 5713 4
3550 5704 3564 5725 ,

1967 5725 2605 5796 dicuntttracomponere
2628 5737 2775 5796 inec
2798 5737 2916 5796 (non
2941 5724 3102 5796 etiam
3135 5725 3223 5781 illa
3251 5724 3563 5796 consulere,

1967 5812 2088 5873 qum
2132 5796 2200 5873 de
2248 5794 2465 5873 iisd_em_
2489 5793 2750 5873 principis
2797 5794 2957 5866 hujus
2997 5795 3286 5856 affectibus
3328 5793 3571 5873 prodidit

1967 5872 2098 5925 Aur.
2133 5868 2316 5924 Victor
2347 5867 2398 5920 in
2427 5866 2696 5936 Epitome.

2043 5950 2067 5988 ε
2102 5941 2156 5997 ln
2212 5939 2456 6010 margine
2509 5938 2667 5996 Rom.
2702 5939 2832 5997 edit.
2892 5941 3184 6017 ascriptum
3232 5955 3350 6004 erat
3394 5946 3568 6007 Arist.
