3866 6288
384 271 516 330 1591

1736 265 1984 327 SANC’I‘I
2013 266 2343 329 AMBROSH

3639 231 3684 246 ,,
3776 200 3789 261 ς

379 399 508 446 runt
537 384 759 444 dedisse
783 383 851 443 iis
879 384 1247 452 facinoribus,
1263 396 1385 455 quae
1407 394 1505 456 per
1533 383 1667 440 iram
1693 384 1984 442 commissa
2012 390 2063 452 Α
2090 403 2197 445 vox
2226 387 2326 444 ista
2347 396 2432 445 est
2451 386 2636 447 dicere
2665 407 2680 446 :
2710 387 2910 447 Dilexi.
2943 387 3232 447 Plenitudo
3251 389 3382 447 enim
3401 389 3558 464 Legit,
3579 395 3640 448 di-

378 482 597 548 forent;
631 480 728 538 sed
759 479 1045 551 Scriptura
1076 479 1262 535 divina
1292 477 1490 534 melius
1517 479 1594 533 ait
1620 495 1633 532 :
1661 475 1981 541 Irascimini.

371 587 423 634 et
445 576 607 632 nolite
631 590 844 646 peccare
876 572 1052 645 (Psal.
1080 588 1156 641 tv,
1189 570 1270 644 5).
1305 570 1495 626 Maluit
1531 581 1812 642 peccatum
1845 573 1988 628 reci-

375 667 534 732 dere,
575 682 738 739 quam
766 680 1056 723 excusare.
1079 665 1262 722 Satius
1284 673 1368 719 est
1396 665 1449 720 in
1475 663 1854 735 indignatione
1874 664 1988 720 latt-

374 762 500 820 dem
530 761 837 819 clementia:
865 759 1143 832 reperire,
1178 772 1340 830 quam
1373 758 1457 814 ira
1488 758 1541 814 in
1582 758 1846 815 ultionem
1890 773 1987 815 ex-

376 857 558 914 citari.

442 950 534 1006 15.
575 949 710 1020 Quis
731 962 866 1020 ergo
904 946 1179 1004 dubitabit
1207 944 1335 1002 ﬁliis
1362 945 1484 1017 ejus
1518 945 1662 1018 apud
1690 944 1978 1002 Dominum

369 1045 674 1103 maximum
705 1042 1026 1116 praesidium
1057 1039 1219 1098 fore?
1252 1041 1484 1097 Domino
1521 1040 1743 1096 favente
1768 1081 1782 1105 ,
1815 1039 1982 1096 Arca-

369 1142 494 1200 dius
519 1141 819 1212 imperator
850 1142 877 1172 ⁸
898 1136 1013 1208 jam
1039 1135 1256 1192 validus
1287 1134 1515 1206 juventa
1542 1142 1630 1191 est
1660 1152 1674 1188 :
1707 1132 1981 1190 Honorius

367 1234 634 1292 coatinuo
658 1232 841 1303 pulsat
864 1229 1253 1287 adolescentiae
1277 1228 1446 1294 fores,
1479 1227 1794 1300 provectior
1821 1235 1980 1284 tetate

366 1343 533 1400 quam
558 1325 762 1383 Josias.
790 1323 891 1380 Ille
915 1325 1060 1380 enim
1085 1323 1382 1379 destitutus
1408 1331 1588 1395 patre,
1617 1335 1776 1378 orsus
1803 1321 1979 1392 impe-

365 1424 508 1480 rium
534 1436 711 1493 usque
739 1419 808 1477 ad
850 1419 1189 1476 tricesimum
1222 1427 1276 1475 et
1317 1419 1554 1488 primum
1582 1431 1783 1472 annum
1825 1415 1980 1487 regni

364 1519 449 1575 sui
481 1515 738 1590 perduxit
780 1522 997 1572 aetatem
1023 1555 1040 1581 ,
1073 1520 1132 1570 et
1171 1512 1376 1585 placuit
1406 1511 1674 1578 Domino;
1717 1510 1975 1582 quoniam

361 1627 477 1685 prae
501 1611 720 1668 caeteris
738 1608 962 1680 regibus
991 1605 1164 1663 Israel
1184 1605 1401 1661 Domini
1427 1603 1626 1676 pascha
1651 1601 1974 1670 celebravit,

361 1714 419 1763 et
441 1701 884 1762 commoniarum
906 1699 1148 1757 abolevit
1167 1713 1392 1756 errores
1417 1697 1510 1768 (IV
1541 1696 1675 1769 Reg.
1711 1713 1845 1765 xxn,
1880 1697 1903 1751 1
1930 1705 1977 1751 et

2091 481 2243 536 lectio
2263 491 2338 538 est
2359 479 2536 550 (Rom.
2555 499 2672 550 xm,
2700 483 2810 556 10).
2837 483 2948 542 Sed
2974 484 3068 557 qui
3088 483 3362 552 dilexerit,
3383 485 3640 543 audiamus.

2088 573 2114 612 ἀ
2142 575 2278 632 Cum
2297 585 2508 634 tacetur
2532 593 2705 651 genus
2725 578 3064 645 dilectionis,
3093 581 3278 652 utique
3301 579 3493 636 divina:
3505 579 3644 638 chari-

2087 670 2214 728 tatis
2239 672 2411 744 gratia
2442 673 2803 744 signiﬁcatur,
2824 689 2930 747 qua
2950 673 3230 746 diligimus
3257 675 3411 742 illud,
3435 675 3566 747 quod
3584 687 3648 734 est

2086 776 2252 834 super
2275 763 2457 821 omnia
2476 764 2864 823 desiderabilia
2882 765 3276 833 desiderabile,
3305 768 3375 825 de
3389 784 3496 841 quo
3515 768 3648 841 scrip-

2088 864 2198 911 tum
2222 865 2306 913 est
2336 874 2349 910 :
2377 855 2580 932 Diliges
2605 855 2893 915 Dominum
2919 858 3092 916 Deum
3117 869 3262 916 tuum
3294 859 3475 932 (Deut.
3505 877 3571 930 rt,
3586 863 3649 934 5).

2159 947 2246 1005 18.
2293 948 2438 1022 Ergo
2464 951 2752 1009 discedens
2780 967 2811 1009 e
2851 953 3014 1010 terris
3045 953 3133 1024 pia
3161 953 3344 1011 anima
3369 996 3386 1020 ,
3419 963 3478 1012 et
3501 965 3654 1010 saeta

2084 1041 2292 1112 repleta
2342 1041 2589 1114 Spiritu,
2621 1045 2778 1116 quasi
2829 1046 3298 1120 interrogantibus
3344 1047 3444 1114 iis,
3471 1049 3553 1120 qui
3576 1048 3655 1105 sibi

2081 1144 2459 1202 occurrerunt,
2490 1151 2614 1194 cum
2644 1153 2767 1195 sese
2795 1138 2863 1195 ad
2909 1139 3162 1196 sublimia
3203 1150 3260 1198 et
3297 1155 3535 1212 superna
3559 1141 3659 1198 sub-

2083 1229 2319 1300 rigeret,
2351 1230 2615 1288 dicebat:
2656 1231 2854 1290 Dilexi.
2913 1235 3059 1292 Nihil
3105 1235 3208 1292 hoc
3251 1235 3500 1307 plenius,
3549 1236 3659 1293 nihil

2082 1323 2415 1393 evpressius.
2470 1322 2882 1399 lnterrogabant
2933 1327 3116 1400 angeli
3174 1329 3280 1385 veil
3315 1327 3660 1400 archangeli:

2081 1415 2222 1486 Quid
2246 1417 2405 1488 egisti
2435 1416 2490 1473 in
2514 1418 2716 1476 terris?
2740 1420 3074 1477 occultorum
3097 1420 3245 1477 enim
3271 1419 3430 1477 solus
3450 1421 3664 1493 cognitor

2083 1509 2249 1566 Deus.
2279 1509 2540 1578 Dicebat,
2573 1509 2788 1580 Dilexi;
2819 1512 2924 1570 hoc
2951 1521 3038 1570 est
3079 1512 3267 1570 dicere
3300 1531 3316 1570 :
3348 1512 3548 1586 Legem
3585 1513 3665 1570 ita-

2081 1602 2260 1674 plevi,
2293 1603 2647 1676 Evangelium
2693 1620 2800 1679 non
2837 1607 3148 1678 praeterivi;
3179 1606 3286 1663 hoc
3330 1617 3420 1664 est
3461 1607 3662 1664 dicere:

2079 1695 2236 1753 Morti
2271 1713 2358 1756 me
2385 1697 2558 1755 obtuli
2577 1740 2594 1767 ,
2625 1709 2673 1755 et
2705 1709 2812 1755 tota
2847 1700 2933 1756 die
2960 1701 3244 1757 aestimatus
3274 1717 3397 1758 sum
3426 1700 3555 1756 sicut
3579 1701 3666 1758 ovis

357 1800 516 1873 ηιμ).
559 1797 670 1856 Asa
695 1810 917 1870 quoque
942 1795 1123 1852 adhuc
1149 1792 1422 1850 invalidus
1463 1791 1714 1863 corporis
1741 1791 1938 1848 robore
1956 1833 1972 1858 ,
2004 1798 2054 1860 Β
2079 1791 2350 1846 occisionis
2391 1790 2412 1864 (
2439 1789 2584 1847 Psal.
2633 1808 2766 1849 mn
2787 1834 2803 1860 ,
2843 1791 2939 1866 2‘2)
2966 1834 2981 1848 .
3009 1793 3079 1850 Et
3105 1793 3250 1863 ideo
3295 1792 3543 1862 conﬁdo,
3569 1796 3668 1866 quia

359 1907 484 1954 cum
507 1887 774 1964 regnandi
789 1887 1063 1945 curricula
1087 1885 1414 1957 recepisset,
1437 1884 1468 1924 ι»
1488 1883 1852 1957 quadraginta
1878 1899 1977 1940 an-

362 1987 450 2045 nis
471 1986 722 2059 regnavit
749 1983 801 2040 in
830 1982 1183 2039 Hierusalem
1218 1997 1234 2036 :
1261 1979 1353 2052 qui
1384 1994 1510 2036 cum
1539 1979 1861 2047 Ethiopum
1893 1979 1978 2035 in-

361 2083 517 2140 ﬁnita
545 2091 836 2153 urgeretur
859 2087 1025 2148 atque
1043 2075 1433 2134 innumerabili
1457 2075 1826 2142 multitudine,
1853 2090 1978 2146 spe—

359 2176 504 2232 ravit
533 2187 554 2214 ο
585 2191 615 2230 a
648 2173 885 2230 Domino
925 2181 982 2228 et
1021 2171 1075 2226 in
1117 2171 1308 2242 paucis
1336 2184 1398 2226 se
1429 2183 1593 2240 posse
1635 2168 1835 2224 salvari
1862 2167 1883 2241 (
1911 2167 1980 2224 llt

360 2268 496 2344 Reg.
527 2285 625 2336 xv,
657 2267 740 2338 8).
765 2264 987 2324 Utinam
1017 2276 1126 2322 tam
1159 2264 1340 2322 ﬁdelis
1368 2277 1654 2336 processu,
1687 2278 1850 2336 quam
1875 2261 1978 2318 de-

359 2374 526 2420 votus
553 2359 822 2420 exordio!
862 2359 996 2415 Nam
1051 2369 1306 2415 servatus
1350 2357 1406 2413 in
1456 2357 1642 2429 paucis
1680 2367 1736 2414 et
1777 2356 1976 2424 victor,

361 2463 554 2527 postea
579 2469 608 2508 a
636 2452 791 2516 Svris
814 2450 1049 2517 auxilia,
1069 2449 1268 2506 relicto
1292 2449 1548 2516 Domino,
1575 2449 1900 2521 postulavit,
1923 2455 1982 2504 et

367 2545 615 2602 medicos
643 2541 899 2599 adhibuit
925 2539 995 2596 ad
1028 2540 1229 2611 pedum
1257 2537 1538 2604 dolorem;
1577 2546 1806 2609 accepto
1833 2537 1980 2592 enim

363 2647 521 2694 tanto
554 2634 760 2693 indicio
787 2633 964 2691 divini
1010 2632 1238 2701 favoris,
1272 2631 1660 2688 auxiliatorem
1697 2646 1856 2687 suum
1885 2629 1981 2686 tle-

359 2732 678 2806 relinquere
708 2745 818 2787 non
857 2727 1089 2796 debuit,
1121 2726 1217 2785 sed
1251 2735 1464 2784 tenere.
1495 2725 1627 2782 Ideo
1657 2725 1706 2781 ei
1735 2740 1836 2782 nec
1865 2738 1980 2781 me-

363 2826 475 2884 dici
523 2823 887 2898 profuerunt,
934 2830 990 2879 et
1031 2820 1193 2894 quasi
1238 2819 1555 2878 incredulus
1598 2827 1830 2877 mortem
1875 2819 1978 2875 itu-

367 2921 562 2993 plevit.

442 3014 532 3072 16.
576 3013 684 3072 Sed
717 3012 939 3069 illorum
969 3017 1157 3081 patres
1184 3008 1354 3065 Abias
1385 3015 1440 3065 et
1468 3007 1638 3063 Amos
1664 3005 1827 3063 ambo
1851 3004 1978 3061 inﬁ-

365 3109 521 3166 deles
551 3126 567 3164 :
599 3103 947 3165 Theodosius
974 3119 1107 3161 vero
1146 3103 1342 3175 plenus
1382 3101 1596 3158 timoris
1620 3099 1755 3167 Dei,
1785 3098 1983 3170 plenus

366 3199 786 3266 misericordiae,
813 3211 1102 3268 speramus
1128 3193 1275 3266 quod
1295 3193 1487 3249 liberis
1513 3192 1630 3249 suis
1657 3189 1801 3262 apud
1823 3189 1984 3246 Chri-

2082 1899 2243 1954 neque
2273 1899 2411 1939 mors
2430 1926 2445 1950 ,
2470 1900 2633 1956 neque
2656 1885 2792 1955 vita,
2825 1901 2986 1958 neque
3007 1886 3195 1958 Augeli
3210 1928 3224 1954 ,
3243 1902 3414 1958 neque
3443 1886 3668 1954 Virtutes,

2082 1991 2242 2047 neque
2265 1976 2492 2032 altitudo
2513 2019 2527 2042 ,
2562 1995 2728 2050 neque
2755 1979 3106 2052 profundunt,
3133 1996 3297 2050 neque
3321 1989 3564 2036 creatura
3584 1981 3672 2036 alia

2081 2069 2270 2139 poterit
2295 2087 2390 2125 nos
2411 2087 2657 2142 separare
2680 2088 2714 2126 a
2734 2073 2985 2130 charitate
3014 2071 3144 2140 Dei,
3168 2091 3286 2144 quia
3312 2084 3388 2130 est
3416 2075 3474 2130 in
3495 2075 3671 2132 Christe

2079 2159 2209 2218 Jesu
2240 2161 2466 2220 Domino
2491 2175 2669 2221 nostro
2694 2164 2875 2239 (Rom.
2905 2183 3020 2236 vnt,
3044 2167 3133 2234 58,
3166 2167 3282 2240 39).

2156 2257 2245 2314 19.
2275 2258 2390 2316 Hoc
2419 2259 2736 2317 mandatum
2758 2261 2922 2334 Legis
2962 2263 3128 2320 etiam
3171 2265 3224 2319 in
3257 2262 3564 2337 Evangelia
3591 2265 3674 2322 Do-

2083 2352 2266 2410 minus
2307 2353 2464 2412 Jesus
2501 2355 2662 2413 docet
2700 2371 2826 2415 esse
2870 2357 3235 2426 servandum,
3288 2375 3418 2417 cum
3459 2359 3589 2416 dicit
3621 2359 3672 2416 ad

2083 2445 2302 2504 Petrum
2337 2467 2350 2504 :
2385 2449 2572 2505 Simon
2594 2448 2856 2520 Ioannis,
2885 2451 3064 2524 diligis
3093 2453 3292 2510 ηκτοι
3327 2453 3430 2511 ille
3469 2469 3674 2527 respou-

2083 2537 2164 2594 dit
2186 2556 2200 2594 :
2222 2537 2306 2594 Tu
2331 2541 2434 2596 scis
2449 2583 2465 2608 ,
2491 2539 2714 2598 Domine
2733 2585 2749 2609 ,
2769 2545 2894 2616 quia
2915 2545 3078 2617 diligo
3103 2556 3171 2602 te.
3197 2546 3268 2602 Et
3295 2547 3501 2604 iterum
3518 2547 3676 2604 dixit:

2085 2633 2272 2691 Simon
2317 2634 2573 2706 Joannis,
2621 2638 2800 2714 diligis
2848 2641 2974 2696 me.’
3015 2647 3074 2696 et
3120 2641 3324 2698 iterum
3369 2641 3677 2714 respondit:

2084 2723 2303 2796 Etiam,
2331 2725 2585 2798 Domine,
2619 2738 2675 2785 tu
2700 2732 2802 2786 scis
2843 2733 2967 2804 quia
2996 2733 3161 2806 diligo
3205 2743 3275 2790 te.
3311 2734 3383 2791 Et
3413 2737 3576 2792 tertio
3615 2737 3678 2792 itt-

2086 2831 2395 2893 tcrrogatus
2422 2822 2496 2878 ait
2525 2839 2538 2876 :
2573 2819 2828 2894 Domine,
2876 2825 3053 2882 omnia
3075 2836 3131 2881 tu
3159 2826 3264 2882 scis
3284 2869 3301 2895 ,
3333 2835 3394 2882 tu
3417 2829 3554 2884 nosti
3579 2828 3679 2899 quis

2083 2929 2200 2969 amo
2230 2923 2278 2968 te
2320 2913 2506 2987 (Joan.
2555 2931 2668 2985 xxi,
2703 2917 2771 2972 15
2817 2927 2867 2974 et
2912 2917 3068 2990 seq.).
3107 2916 3482 2978 Conﬁrmavit
3525 2921 3680 2994 itaque

2080 3005 2406 3062 charitatem
2436 3007 2574 3064 trina
2600 3008 2922 3080 responsio,
2955 3011 3043 3068 vel
3077 3009 3319 3069 abolevit
3345 3013 3510 3070 trina:
3535 3028 3680 3086 nega.

2085 3099 2250 3154 tionis
2281 3115 2546 3156 errorem.
2584 3099 2651 3156 Et
2683 3101 2774 3160 hic
2801 3104 2996 3160 trinam
3024 3105 3450 3177 responsionem
3479 3106 3530 3163 si
3553 3123 3680 3180 qua:

2085 3191 2258 3247 rimus
2279 3233 2294 3259 ,
2317 3190 2662 3250 invenimus:
2689 3193 2882 3261 Dilexi,
2905 3198 3152 3269 quoniam
3174 3199 3422 3255 exaudiet
3447 3197 3682 3256 Dominus

364 3304 513 3352 stum
543 3293 744 3365 pracsul
765 3291 1013 3358 assistat,
1043 3289 1091 3345 si
1123 3288 1386 3344 Dominus
1414 3286 1684 3358 propitius
1711 3285 1783 3340 sit
1813 3283 1979 3340 rebus
2004 3283 2051 3347 C
2083 3298 2256 3339 vocem
2277 3286 2527 3342 orationis
2542 3303 2668 3344 mete
2687 3287 3028 3359 (Psal.cxtv,
3054 3291 3082 3346 1
3112 3302 3161 3347 et
3180 3290 3339 3365 seq.).
3368 3291 3550 3350 Dilexi
3569 3308 3682 3365 quo-

369 3385 643 3442 hutnanis.
675 3383 886 3440 Bonum
909 3391 996 3437 est
1021 3379 1338 3436 misericors
1369 3379 1556 3445 homo,
1582 3377 1673 3448 qui
1695 3375 1826 3433 dum
1855 3374 1980 3432 aliis

368 3480 646 3549 subvenit,
675 3478 783 3535 sibi
807 3476 1070 3544 consulit,
1104 3484 1162 3533 et
1191 3475 1403 3548 1203
1433 3475 1486 3530 in
1519 3472 1704 3530 alieno
1731 3471 1980 3530 remedio

369 3575 598 3632 vulnera
619 3588 718 3628 sua
741 3580 916 3628 curat.
949 3569 1220 3643 Agnoscit
1245 3570 1391 3624 enim
1421 3582 1482 3624 se
1511 3581 1637 3624 esse
1657 3565 1939 3623 hominem
1961 3607 1978 3635 ,

369 3669 462 3741 qui
496 3667 648 3724 novit
675 3665 1003 3737 ignoscere:
1045 3671 1102 3718 et
1150 3661 1267 3716 vias
1313 3660 1521 3716 Christi
1569 3660 1841 3732 sequitur,
1887 3659 1981 3730 qui

371 3776 540 3819 carne
560 3767 839 3830 suscepta,
876 3757 1072 3812 maluit
1099 3755 1154 3812 in
1185 3756 1333 3812 hunc
1369 3753 1632 3810 mundum
1665 3751 1984 3824 redemptor

372 3855 566 3912 venire
587 3896 602 3920 ,
625 3868 790 3925 quam
812 3851 1006 3924 judex.

447 3942 534 4006 17.
567 3947 727 4007 Unde
757 3945 983 4019 pulchre
1007 3943 1300 4001 Psalmista
1328 3942 1507 4000 dixit:
1539 3941 1716 3999 Dilexi
1740 3941 1980 4014 quoniam

371 4045 613 4104 exaudiet
634 4043 892 4098 Dominus
912 4057 1087 4098 vocem
1114 4040 1366 4095 orationis
1386 4055 1514 4095 mea:
1532 4037 1706 4112 (Psal.
1730 4053 1874 4105 cxtv,
1903 4037 1982 4108 1).

375 4139 430 4194 ln
463 4151 571 4210 quo
611 4135 821 4208 psalmo
867 4133 996 4190 dum
1045 4132 1278 4204 legitur,
1311 4131 1462 4187 velut
1510 4132 1688 4202 ipsum
1735 4128 1987 4186 Theodo-

2081 3379 2226 3434 niam
2259 3378 2543 3437 inclinavit
2562 3395 2748 3438 aurem
2777 3398 2931 3440 suam
2961 3383 3135 3451 mihi,
3170 3395 3231 3442 ut
3260 3385 3316 3441 in
3342 3385 3548 3443 diebus
3571 3387 3684 3442 meis

2081 3471 2391 3530 invocarem
2411 3488 2560 3530 eum.
2581 3474 2780 3543 Dilexi,
2801 3475 2929 3548 quia
2949 3475 3360 3535 tribulationem
3379 3489 3440 3534 et
3458 3479 3684 3537 dolores

2081 3565 2261 3622 inveni
2281 3607 2298 3630 ,
2327 3574 2383 3622 et
2413 3581 2510 3637 pro
2540 3567 2763 3625 nomine
2787 3567 2887 3626 Dei
2930 3569 3040 3626 mei
3093 3571 3334 3642 pericula
3362 3572 3568 3630 inferni
3593 3589 3683 3628 non

2081 3658 2276 3732 refugi,
2303 3659 2398 3717 sed
2422 3661 2739 3732 exspectavi
2773 3671 2833 3720 ut
2874 3663 3346 3736 comprehendere
3373 3675 3431 3724 et
3458 3665 3687 3725 invenite

2082 3773 2170 3816 me
2198 3768 2446 3830 possent.

2153 3853 2242 3909 20.
2273 3852 2344 3908 Ει
2371 3853 2595 3924 pulchre
2621 3854 2698 3910 ait
2728 3870 2744 3910 :
2775 3853 2984 3924 Dilexi,
3009 3855 3137 3927 quia
3157 3855 3273 3928 jam
3315 3870 3550 3914 cursum
3579 3857 3687 3914 vita

2084 3947 2243 4020 hujus
2289 3947 2636 4020 impleverat.
2670 3947 2828 4006 Unde
2870 3959 2926 4006 et
2976 3948 3280 4022 Apostolus
3329 3951 3390 4006 in
3445 3953 3690 4026 passione

2079 4040 2190 4112 jam
2245 4041 2455 4114 positus
2478 4042 2599 4098 ait:
2650 4041 2920 4098 Certamen
2963 4042 3154 4099 bonum
3203 4044 3404 4100 certari
3430 4087 3447 4113 ,
3499 4058 3690 4102 cura!!!

2082 4136 2466 4202 consummavi,
2499 4134 2656 4205 ﬁdem
2682 4137 2914 4204 servavi;
2940 4137 3080 4206 quod
3117 4137 3378 4208 reliquum
3407 4147 3490 4194 est
3507 4180 3525 4206 ,
3555 4153 3692 4209 repo-

375 4233 515 4289 sium
545 4233 856 4304 loquentem
885 4227 1212 4308 audivimus.
1248 4225 1456 4295 Dilexi,
1492 4225 1667 4296 inquit
1699 4241 1711 4278 :
1747 4237 1986 4296 agnosco
2083 4229 2185 4284 sita
2206 4236 2278 4284 est
2304 4228 2434 4282 mihi
2453 4243 2646 4284 corona
2673 4229 2887 4297 iustitia:
2911 4228 2980 4300 (ll
3008 4228 3149 4284 Tim.
3178 4246 3257 4299 ιν,
3281 4231 3338 4296 7,
3371 4231 3455 4304 8).
3481 4231 3693 4304 Magnas

375 4343 568 4384 vocem
617 4327 792 4398 piam,
844 4325 1001 4393 cujus
1049 4321 1360 4380 testimonia
1411 4323 1562 4377 vocis
1612 4319 1867 4391 agnosco.
1918 4318 1986 4374 Et
2087 4321 2395 4390 Dominus,
2423 4321 2518 4394 qui
2540 4320 2700 4378 nobis
2725 4321 2877 4379 dedit
2907 4325 3466 4396 certamina,quibus
3499 4338 3696 4383 met-ca.

375 4437 504 4479 vere
525 4419 746 4486 dilexit,
777 4419 870 4491 qui
894 4417 1076 4474 ofﬁcia
1105 4415 1423 4488 diligentius
1447 4415 1716 4486 implevit,
1741 4413 1832 4486 qui
1865 4427 1986 4470 ser-
2087 4423 2175 4472 tur
2197 4457 2212 4483 ,
2241 4415 2332 4488 qui
2355 4415 2573 4485 vicerit,
2595 4416 2870 4474 coronari.
2897 4413 3098 4486 Dilexi,
3127 4417 3345 4492 ιω
3368 4419 3554 4491 inquit
3578 4433 3696 4475 cou-

377 4515 526 4570 vavit
555 4514 740 4569 hostes
759 4555 773 4580 ,
809 4511 938 4583 quid
962 4508 1156 4567 dilexit
1195 4507 1482 4572 inimicos,
1513 4506 1605 4578 qui
1635 4507 1702 4562 iis
1729 4521 1760 4560 a
1788 4505 1987 4578 quibus
2086 4508 2541 4580 ﬁdens,quoniam
2555 4510 2800 4566 exaudiet
2823 4509 3080 4566 Dominus
3092 4526 3269 4568 vocem
3287 4513 3694 4569 arationismect'.

377 4619 463 4668 est
501 4609 800 4680 appetitus,
833 4605 1076 4676 ignovit,
1107 4604 1197 4676 qui
1246 4599 1402 4674 regni
1429 4599 1779 4658 affectatores
1806 4600 1989 4672 perire
2157 4601 2250 4658 21.
2286 4601 2504 4671 Dilexi,
2527 4611 2583 4659 et
2608 4602 2729 4660 ideo
2751 4603 3034 4660 inclinavit
3056 4618 3244 4662 aurem
3273 4619 3437 4662 suam
3459 4605 3695 4671 mihi;ut

377 4723 486 4764 non
508 4714 594 4764 est
621 4716 834 4776 passus.
866 4700 983 4756 Non
1022 4699 1346 4768 mediocris,
1373 4697 1468 4755 sed
1502 4697 1731 4770 perfecti
1759 4697 1814 4754 in
1846 4697 1990 4770 Lege
2015 4686 2067 4750 Ι)
2090 4694 2360 4768 iacentem
2387 4693 2624 4768 erigeret
2647 4736 2664 4764 ,
2699 4705 2974 4754 mortuum
3003 4696 3385 4756 resuscitaret.
3405 4697 3532 4755 Non
3560 4696 3696 4754 enim

381 4823 476 4881 lib.
504 4840 575 4880 vn
613 4821 794 4878 Ethic.
827 4833 951 4888 cap.
979 4815 1035 4873 6.
1060 4815 1166 4873 Sed
1194 4825 1559 4888 praeterquam
1585 4815 1731 4888 quod
1757 4815 1978 4888 eo‘loci,

376 4911 498 4968 qua:
525 4895 613 4951 hic
638 4885 988 4968 dicuntur'ab
1014 4885 1329 4968 Ambrosio,
1350 4885 1468 4968 non
1491 4885 1626 4968 satis
1653 4889 1802 4968 clare
1827 4885 1982 4944 inve-

379 4959 632 5030 niuntur,
657 4965 710 5020 id
739 4961 1194 5034 temporisuplaue
1222 4959 1541 5034 inusitatum
1573 4959 1825 5034 ljatribus
1862 4969 1983 5034 erat

383 5050 492 5095 tam
534 5035 833 5093 honoriﬁce
855 5031 1138 5104 appellare
1166 5031 1542 5104 Aristotelem.
1573 5031 1818 5104 Et_certe
1845 5031 1980 5104 Am-

381 5110 636 5166 brosiana
660 5106 826 5164 verba
849 5102 960 5162 non
984 5105 1162 5160 minus
1186 5112 1314 5174 apte
1333 5103 1402 5158 ad
1428 5103 1522 5158 lib.
1562 5118 1616 5157 ιχ
1639 5102 1886 5160 Platonis
1912 5102 1984 5158 de

385 5182 614 5254 Legibus
645 5177 834 5254 referri
876 5185 1124 5247 possent,
1153 5176 1200 5230 si
1225 5174 1548 5230 Ambrosius
1574 5175 1754 5230 locum
1799 5175 1896 5230 abs
1925 5189 1986 5231 se

383 5250 580 5311 lectum
611 5250 968 5321 signiﬁcaret.

456 5335 484 5363 ι
514 5325 637 5382 Vet.
664 5317 824 5396 edn...
848 5326 962 5396 jam
991 5319 1196 5396 validu_s
1218 5319 1453 5374 inventus
1473 5326 1579 5385 est;
1613 5317 1860 5396 quaedam
1884 5317 1986 5396 P_a-

385 5397 506 5462 ris.,
523 5399 640 5470 jam
663 5389 870 5470 validus
887 5394 1127 5464 juvenis;
1151 5391 1312 5446 Rom.
1345 5399 1402 5446 et
1428 5405 1564 5470 mss.
1589 5389 1872 5470 nobiscum
1903 5389 1986 5470 fa-

385 5461 552 5525 ciunt'.
586 5461 1095 5534 Arcadium'porro,
1123 5478 1248 5519 cum
1279 5470 1432 5530 patre
1452 5462 1676 5534 orbatus
1695 5471 1800 5534 est,
1821 5461 1984 5516 annis

384 5539 457 5595 20
483 5548 669 5596 natum
707 5537 880 5594 fuisse
906 5532 1176 5592 Baronius
1220 5535 1456 5589 afﬁrmat
1477 5574 1492 5597 ,
1523 5533 1651 5589 licet
1679 5532 1729 5588 ei
1769 5541 1979 5589 tantum

385 5609 773 5680 septemdecim
815 5607 1238 5680 aliiitribuant:
1275 5605 1578 5680 Honorium
1610 5619 1746 5660 vero
1785 5605 1986 5680 decen-

386 5675 510 5737 nem
537 5681 815 5737 exstitisse
853 5679 979 5736 inde
1006 5691 1329 5749 cognoscas,
1370 5676 1516 5748 quod
1545 5675 1824 5749 Sperates,
1865 5675 1985 5732 Ida-

387 5753 494 5808 tius
517 5762 574 5807 et
599 5749 946 5806 Marcellinus
972 5746 1100 5807 eum
1141 5746 1451 5804 Richomere
1479 5757 1527 5804 et
1569 5746 1819 5805 Clearcho
1847 5763 1984 5806 coss.

387 5821 440 5878 id
467 5830 573 5889 est,
607 5835 739 5878 ann.
768 5820 900 5890 581,
929 5829 1118 5878 natum
1144 5829 1471 5878 memorant.

2157 4813 2185 4852 ιι
2217 4813 2377 4890 Rom.
2402 4813 2537 4890 edit.
2585 4815 3178 4890 sola,_quadraginta_e_t
3200 4833 3311 4890 uno
3341 4832 3486 4890 anno
3517 4830 3694 4890 regu-

2089 4887 2180 4942 vit.
2211 4885 2366 4953 Quod
2393 4885 2558 4960 etiam
2582 4885 2900 4960 “prteferunt
2923 4885 3270 4960 sacraibiblia
3299 4905 3314 4942 :
3347 4888 3446 4944 sed
3477 4885 3696 4960 plenum

2090 4973 2378 5014 numerum
2402 4959 2726 5015 Ambrosius
2754 4959 2928 5016 voluit
2946 4959 3230 5016 exhibere.

2165 5041 2188 5069 ο
2213 5029 2305 5086 Sic
2323 5045 2516 5086 omnes
2532 5031 2688 5096 edit.;
2711 5045 2992 5088 mss.vero
3009 5045 3179 5102 prope
3198 5030 3269 5087 ad
3291 5046 3460 5087 unum
3479 5045 3512 5086 a
3534 5029 3696 5102 verba

2088 5103 2314 5173 speravit
2340 5117 2514 5172 usque
2543 5102 2610 5158 ad
2641 5103 2948 5174 postulavit,
2978 5113 3028 5159 et
3053 5101 3277 5159 medicos
3319 5103 3577 5160 lacunam
3607 5101 3694 5156 ha-

2090 5174 2252 5239 bent;
2273 5189 2436 5244 quam
2456 5185 2636 5231 tamen
2659 5175 2833 5241 Prat.,
2857 5174 3038 5241 Genu,
3058 5183 3116 5230 et
3131 5174 3254 5230 Alb.
3277 5175 3383 5230 hoc
3394 5174 3564 5231 modo
3584 5186 3697 5244 sar-

2087 5246 2203 5332 cire
2226 5243 2360 5302 conn
2441 5255 2604 5332 sunt,.
2614 5248 2919 5332 speravit'in
2936 5245 3186 5332 Domino,
3205 5247 3526 5332 postulavit,
3555 5253 3610 5302 et
3625 5243 3698 5297 vi-

2086 5318 2178 5385 cit,
2209 5328 2256 5374 et
2287 5317 2514 5374 medicos
2534 5317 2795 5375 adhibuit.
2825 5319 2978 5375 Haud
3003 5320 3080 5375 ita
3109 5319 3276 5375 male.

2132 5387 2188 5462 γέ
2217 5389 2351 5462 Vet.
2378 5389 2535 5458 edit.,
2566 5390 2698 5446 Cum
2727 5400 2895 5458 tacet,
2931 5399 3082 5462 urget
3106 5407 3204 5446 nos
3218 5391 3458 5462 dilectio.
3507 5388 3698 5454 Utique

2085 5461 2277 5536 diving
2292 5460 2573 5536 citat-italis
2591 5464 2761 5536 gratia
2773 5480 2803 5536 ;_
2814 5462 2976 5536 Rom.
2998 5460 3170 5536 edit"
3198 5461 3328 5520 Cum
3349 5471 3487 5518 tacet
3509 5503 3528 5526 ,
3551 5465 3700 5530 urge!

2086 5549 2200 5587 nos.
2233 5531 2542 5618 Dilectionis
2571 5531 2750 5618 sitique
2769 5534 3190 5618 divinum-otia;
3363 5548 3576 5618 magno
3595 5545 3696 5618 ua:

2085 5619 2238 5680 mero
2273 5603 2446 5680 :_C_um
2467 5602 2807 5680 tacet,urget
2829 5623 2923 5680 nos
2945 5602 3273 5680 dilectionis,
3299 5602 3478 5680 utiqu
3503 5602 3698 5680 diving

2088 5675 2390 5750 (nonnulli,
2420 5680 2596 5749 utique
2615 5671 2689 5734 'in
2715 5671 2818 5750 qua
2855 5678 3088 5749 divinae)
3113 5671 3406 5746 charitatis',
3433 5685 3558 5737 etc.
3589 5671 3700 5730 Sed

2087 5749 2335 5806 omnium
2363 5750 2572 5821 optime
2597 5750 2721 5809 cod.
2752 5749 2890 5824 Reg.
2919 5765 3094 5819 unus,
3121 5751 3258 5808 utin
3284 5757 3582 5810 contextu.

3536 270 3688 336 ιωιί
3780 270 3793 333 i

3780 344 3804 467 l
