3866 6288
226 348 367 407 1595

1329 347 1420 405 DE
1459 346 1666 407 OBITU
1709 345 2081 406 THEODOSII
2118 347 2404 407 ORATIO.

3392 350 3536 410 1594

224 438 368 523 Deus
396 467 624 525 inclinat
652 483 840 526 aurem
867 481 1024 524 suam
1049 510 1065 538 ,
1094 474 1151 523 ut
1193 465 1381 524 audiat
1420 466 1782 539 corporaliter
1814 483 1827 520 :
1857 466 2127 530 Ade'sua
2170 468 2369 525 virtute
2412 467 2713 539 praesumit.
2761 468 2873 526 Cur
2912 469 3061 527 enim
3104 484 3214 528 non
3245 485 3547 543 prtesumas

221 558 318 615 sed
349 568 410 617 ut
428 561 830 620 condescendat
853 560 1042 628 nobis,
1071 576 1183 633 quo
1205 575 1309 618 nos
1338 559 1528 618 audire
1552 560 1827 632 dignetur,

223 661 251 690 ιι
276 661 333 709 et
361 654 692 712 infirmitatis
720 664 919 712 nostra:
960 656 1205 712 relevare
1241 653 1627 712 substantiam.
1667 654 1830 711 lncli-

222 758 315 802 nat
334 763 395 804 se
422 748 603 817 nobis,
636 759 693 805 ut
717 759 901 805 nostra
932 749 1001 804 ad
1022 764 1146 805 eum
1170 748 1434 805 ascendat
1456 748 1657 805 oratio.
1680 748 1831 805 Voce

220 854 327 896 non
355 840 597 914 indiget,
629 844 722 914 qui
764 842 1198 899 misericordiam
1232 842 1444 910 defert;
1476 858 1653 915 neque
1682 844 1827 899 enim

218 947 355 991 voce
381 934 642 1007 indiguit,
676 936 771 1008 qui
809 937 996 994 Mosen
1029 944 1302 993 tacentem
1334 936 1543 992 audivit
1575 953 1589 991 :
1632 946 1686 992 et
1718 951 1827 991 non

218 1029 528 1099 loquentem
554 1071 570 1098 ,
604 1029 701 1087 sed
741 1030 1179 1102 interpellantem
1213 1030 1508 1103 gemitibus
1543 1029 1831 1087 ineffabili-

217 1120 320 1177 bus
364 1122 431 1177 ad
476 1137 537 1181 se
582 1124 819 1180 clamare
845 1123 1063 1181 dicebat
1094 1123 1292 1197 (Exod.
1337 1139 1450 1190 xtv,
1499 1122 1616 1194 15).
1669 1122 1829 1179 Novit

219 1213 361 1271 Dens
386 1225 442 1272 et
481 1217 801 1289 sanguinem
844 1217 1038 1274 audire
1083 1216 1238 1291 (Gen.
1291 1232 1365 1285 tv,
1399 1215 1512 1288 10),
1544 1218 1628 1273 cui
1680 1216 1827 1272 nulla

219 1319 322 1362 vox
353 1306 570 1377 subest,
599 1308 781 1382 lingua
822 1325 930 1367 non
960 1310 1200 1382 suppetit
1232 1328 1246 1365 :
1273 1310 1371 1368 sed
1402 1310 1612 1383 accepit
1638 1323 1825 1366 vocem

216 1412 390 1457 sacra:
416 1400 572 1458 titulo
593 1402 885 1475 passionis.
911 1403 1178 1459 Clamavit
1209 1405 1264 1459 in
1292 1403 1587 1477 martyrio,
1620 1404 1824 1459 clama-

216 1493 293 1549 vit
318 1494 371 1550 in
413 1495 703 1566 parricidio
722 1537 741 1565 ,
773 1494 919 1569 quod
942 1497 1171 1570 pertulit
1200 1513 1298 1569 pro
1319 1498 1608 1556 sacrificio.

286 1587 379 1643 22.
412 1588 619 1659 Dilexi,
657 1592 873 1662 inquit,
906 1601 961 1649 et
1010 1591 1133 1648 ideo
1160 1591 1392 1664 diligens
1424 1591 1529 1648 feci
1573 1591 1825 1650 volunta-

212 1692 324 1740 tem
355 1685 606 1755 Domini,
632 1694 687 1742 et
717 1687 967 1743 invocavi
993 1702 1118 1743 eum
1148 1702 1255 1744 non
1296 1686 1351 1743 in
1388 1686 1609 1759 paucis,
1640 1686 1738 1744 sed
1770 1688 1824 1743 in

209 1783 469 1839 omnibus
497 1782 689 1840 diebus
718 1784 841 1840 vita:
869 1800 1024 1841 mete.
1053 1784 1185 1841 Nam
1215 1786 1383 1843 certis
1426 1786 1624 1843 diebus
1671 1786 1825 1842 invo-

1930 563 2160 633 gratiam
2182 603 2196 630 ,
2226 576 2349 618 eum
2381 561 2584 618 habeas
2622 563 2905 634 praesulem
2930 563 3249 620 certaminis
3275 560 3304 602 ἀ
3332 564 3543 621 miscri-

1931 656 2151 712 cordem
2179 673 2196 723 ;
2228 654 2531 711 Misericors
2552 656 2689 711 enim
2737 666 2800 740 et.
2810 658 2981 725 iustus
3004 654 3291 725 Dominus,
3322 666 3372 712 et
3400 655 3544 712 Deus

1931 764 2104 811 noster
2123 757 2401 811 miseretur
2422 754 2594 827 (Psal.
2620 771 2695 822 st,
2718 753 2837 827 45).
2864 754 2957 810 Bis
2984 753 3418 811 misericordiam
3446 767 3541 823 po-

1929 850 2068 916 suit,
2102 848 2272 906 semel
2294 850 2561 920 justitiam
2594 867 2607 904 :
2642 847 2696 904 in
2724 848 2905 905 medio
2932 849 3143 919 justitia
3170 856 3288 918 est,
3327 847 3540 921 1205

1928 945 2147 1017 gemino
2190 955 2349 1017 septo
2390 945 2597 1001 inclusa
2631 943 3055 1011 misericordiae;
3092 942 3544 1016 superabundant

1927 1040 2073 1097 enim
2102 1048 2324 1111 peccata
2341 1082 2355 1106 ,
2382 1038 2786 1110 superabundet
2803 1052 2936 1109 ergo
2961 1036 3359 1093 misericordia.
3382 1033 3542 1106 Apud

1932 1134 2219 1189 Dominum
2276 1135 2521 1190 omnium
2570 1132 2829 1198 virtutum
2875 1129 3204 1188 abundantia
3244 1140 3367 1197 est;
3412 1129 3540 1201 quia

1928 1226 2191 1282 Dominus
2214 1225 2471 1282 virtutum
2499 1236 2581 1282 est
2609 1223 2783 1300 (Psat.
2815 1240 2966 1291 nm,
2996 1223 3109 1290 10).
3136 1221 3323 1294 Neque
3355 1231 3537 1277 tamen

1924 1321 2135 1393 justitia
2162 1322 2283 1377 sine
2310 1321 2687 1378 misericordia
2708 1330 2815 1389 est,
2847 1335 3024 1390 neque
3048 1318 3169 1373 sine
3191 1316 3539 1377 miseratione

1923 1416 2165 1487 justitia;
2195 1416 2321 1485 quia
2354 1415 2616 1486 scriptum
2648 1425 2733 1471 est
2766 1431 2780 1468 :
2816 1413 2943 1469 Noli
2988 1428 3098 1468 esse
3126 1410 3342 1465 nimium
3359 1412 3538 1481 justus

1929 1507 2157 1581 (Eccles.
2186 1524 2290 1577 vtt,
2325 1508 2439 1581 17).
2473 1517 2496 1545 ε
2526 1506 2681 1576 Quod
2710 1521 2874 1578 supra
2906 1519 3217 1562 mensuram
3246 1511 3365 1570 est,
3400 1510 3456 1557 et
3494 1501 3541 1556 si

1927 1602 2131 1658 bonum
2158 1610 2241 1657 est
2260 1643 2273 1667 ,
2306 1612 2485 1657 tamen
2515 1612 2569 1656 tu
2597 1615 2705 1656 non
2732 1599 2991 1663 sustines.
3017 1597 3327 1656 Mensuram
3355 1609 3535 1661 serva,

1928 1703 1988 1750 ut
2011 1694 2309 1751 secundum
2329 1709 2640 1751 mensuram
2665 1693 2918 1763 recipias.

1996 1790 2089 1846 26.
2121 1788 2240 1846 Non
2269 1789 2550 1860 impedivit
2595 1798 2777 1844 tamen
2804 1786 3073 1857 justitiam
3117 1782 3535 1848 misericordia;

207 1890 339 1932 care
361 1918 377 1944 ,
407 1891 513 1932 non
543 1876 828 1945 omnibus,
859 1877 1185 1935 fastidientis
1211 1889 1327 1945 est,
1361 1894 1469 1935 non
1498 1880 1772 1951 sperantis
1804 1897 1817 1934 :
1851 1881 1898 1942 B
1923 1884 2051 1956 quia
2096 1882 2471 1939 misericordia
2504 1882 2622 1952 ipsa
2664 1880 2874 1951 justitia
2907 1888 2991 1933 est
3022 1896 3034 1931 :
3084 1875 3345 1950 Dispersit
3393 1875 3540 1931 dedit

205 1979 264 2026 et
315 1983 422 2042 pro
470 1985 572 2027 usu
618 1970 958 2027 afﬂuentium
1007 1973 1450 2041 commodorum,
1509 1973 1841 2030 mercedem-

200 2065 513 2137 gratiarum
553 2064 795 2132 referre,
844 2082 951 2121 non
996 2081 1095 2136 pro
1138 2067 1446 2124 devotionis
1484 2065 1702 2123 allectu.
1755 2065 1823 2122 Et

198 2161 328 2217 ideo
356 2160 563 2216 Paulus
586 2177 599 2215 :
619 2159 687 2215 In
705 2161 966 2230 omnibus,
985 2161 1182 2233 inquit,
1205 2163 1399 2233 gratias
1420 2162 1557 2234 agite
1577 2160 1619 2234 (ι
1640 2160 1819 2217 Thess.

199 2270 232 2308 v
254 2296 271 2320 ,
299 2254 374 2309 l7
394 2253 436 2323 ).
466 2253 694 2321 Quando
717 2255 864 2311 enim
896 2270 1001 2311 non
1034 2254 1204 2311 habes
1249 2256 1393 2327 quod
1421 2256 1533 2312 Deo
1574 2255 1824 2312 debeas?

201 2343 232 2382 ι)
255 2346 585 2417 autquando
598 2347 716 2403 sine
743 2348 834 2402 Dei
852 2363 1076 2404 munere
1105 2364 1187 2415 es,
1215 2348 1303 2404 cui
1329 2348 1574 2420 qu0tidie
1603 2348 1822 2405 vivendi

200 2450 339 2491 usus
366 2451 398 2491 a
423 2438 653 2494 Domino
682 2439 799 2494 est?
833 2438 972 2506 Quid
998 2439 1136 2494 enim
1154 2437 1312 2495 habes
1334 2480 1347 2507 ,
1376 2441 1513 2509 quod
1537 2445 1821 2495 non'acce-

198 2529 329 2601 pisti
357 2528 403 2602 (ι
426 2528 545 2586 Cor.
576 2546 651 2598 tv,
673 2530 774 2603 7)?
800 2532 944 2605 Ergo
961 2532 1082 2604 quia
1106 2547 1323 2604 semper
1343 2533 1547 2604 accipis
1563 2574 1579 2602 ,
1603 2547 1821 2605 semper

196 2623 401 2678 invoca
434 2636 451 2678 :
480 2633 534 2679 et
562 2624 685 2695 quia
719 2624 864 2697 quod
912 2624 1082 2682 habes
1101 2667 1117 2694 ,
1147 2641 1178 2681 a
1207 2626 1438 2683 Domino
1467 2638 1579 2695 est,
1609 2628 1822 2683 debito-

194 2732 317 2774 rem
352 2726 409 2773 te
453 2731 669 2789 semper
696 2730 817 2776 esse
855 2734 1146 2792 cognosce.
1178 2719 1317 2777 llan
1356 2730 1535 2778 tamen
1568 2731 1625 2778 ut
1662 2722 1821 2793 quasi

191 2811 443 2883 diligens
463 2854 480 2882 ,
514 2828 676 2884 quam
706 2822 932 2871 coactus
958 2813 1202 2872 debitum
1235 2823 1387 2872 tuum
1417 2816 1617 2873 solvas.

268 2904 366 2961 25.
413 2905 587 2961 Audis
627 2905 897 2964 dicentem
933 2924 947 2962 :
994 2904 1455 2963 Circumdederunt
1494 2925 1575 2963 me
1616 2908 1820 2964 dolores

189 3001 383 3055 mortis
422 2998 612 3070 (Psal.
644 3014 791 3069 cxtv,
820 2999 926 3072 δη
957 3001 1072 3071 Ego
1108 3011 1289 3056 tamen
1320 3012 1375 3055 et
1402 3001 1455 3054 in
1489 2999 1681 3055 mortis
1715 2999 1817 3055 do-

187 3093 315 3149 lore
340 3089 640 3146 Dominum
666 3090 856 3148 dilexi.
892 3091 1137 3147 Pericula
1162 3093 1354 3163 inferni
1383 3093 1683 3147 invenerunt
1704 3108 1783 3147 me
1800 3133 1817 3161 ,

189 3202 307 3243 non
342 3186 638 3240 timentem
663 3186 879 3257 utique,
899 3186 996 3243 sed
1021 3194 1294 3243 amantem
1312 3229 1327 3254 ,
1358 3187 1453 3246 sed
1480 3198 1818 3260 sperantem,

1926 1979 2238 2053 pauperibus
2261 2023 2275 2046 ,
2304 1978 2509 2051 justitia
2530 1978 2642 2047 ejus
2663 1984 2832 2030 manet
2861 1976 2915 2028 in
2937 1982 3188 2028 teternum
3214 1970 3389 2046 (Psal.
3419 1986 3533 2037 cst,

1925 2070 2011 2146 9);
2047 2072 2199 2127 novit
2223 2070 2367 2127 enim
2390 2070 2570 2142 justus
2594 2068 2797 2124 debere
2820 2082 2878 2122 se
2905 2064 3136 2121 infirmis
3165 2075 3328 2135 atque
3357 2063 3535 2135 inopi-

1923 2167 2026 2221 bus
2051 2165 2361 2231 subvenire.
2386 2163 2541 2219 Unde
2562 2162 2821 2221 Dominus
2845 2161 3073 2217 veniens
3088 2158 3154 2216 ad
3176 2158 3533 2231 baptismum,

1924 2270 1983 2313 ut
2009 2256 2165 2313 nobis
2197 2256 2595 2313 inﬁrmantibus
2622 2263 2846 2326 peccata
2872 2252 3101 2309 donaret
3126 2293 3141 2319 ,
3172 2252 3246 2307 ait
3272 2250 3340 2307 ad
3369 2250 3533 2307 Joan-

1923 2367 2046 2409 nem
2080 2368 2095 2404 :
2136 2350 2155 2390 ί
2188 2351 2317 2408 Sine
2335 2351 2521 2418 modo;
2551 2351 2626 2405 sic
2653 2351 2789 2405 enim
2815 2350 2958 2403 decet
2982 2364 3075 2402 nos
3099 2347 3313 2417 implere
3333 2362 3533 2402 omnem

1912 2443 2175 2517 justitiam
2203 2442 2417 2516 (Matth.
2439 2458 2518 2511 ιιι,
2550 2441 2666 2515 15).
2696 2442 2893 2513 Liquet
2923 2443 3088 2513 igitur
3112 2439 3384 2511 justitiam
3409 2454 3535 2495 esse

1919 2533 2392 2603 misericordiam,
2448 2542 2506 2591 et
2558 2532 2988 2590 misericordiam
3050 2546 3176 2588 esse
3239 2531 3530 2602 justitiam.

1921 2629 2138 2685 Etenim
2183 2630 2232 2685 si
2282 2627 2380 2686 Dei
2426 2641 2526 2684 nos
2573 2626 2949 2684 misericordia
2997 2641 3105 2682 non
3154 2635 3531 2693 sustentaret,

1919 2722 2195 2792 quomodo
2224 2722 2278 2777 in
2307 2722 2427 2792 ipso
2460 2720 2689 2777 exordio
2720 2720 2934 2792 parvuli
2968 2719 3317 2785 viveremus;
3348 2727 3374 2765 ις
3402 2732 3528 2773 ειιιιι

1918 2816 2077 2873 eﬂ‘usi
2109 2826 2267 2873 utero
2295 2816 2364 2871 de
2393 2815 2583 2872 calidis
2612 2815 2668 2871 in
2697 2814 2892 2887 frigida
2918 2857 2933 2881 ,
2964 2815 3034 2869 de
3066 2813 3303 2868 humidis
3330 2813 3387 2867 in
3415 2814 3529 2866 ari-

1918 2911 1987 2967 da
2006 2952 2024 2979 ,
2051 2911 2279 2982 piscium
2306 2924 2458 2965 more
2474 2952 2489 2977 ,
2510 2910 2811 2979 iactemur,
2835 2922 2972 2979 quos
2992 2906 3284 2976 naufragos
3306 2904 3360 2960 in
3386 2903 3529 2960 hanc

1919 3006 2087 3061 vitam
2113 3003 2333 3075 quidam
2380 3003 2530 3059 velut
2568 3010 2776 3057 natura:
2823 3000 3020 3056 ﬂuctus
3048 2998 3338 3069 exnuerit?
3370 2997 3529 3054 [latio

1920 3098 2117 3167 deest,
2148 3097 2244 3155 sed
2268 3099 2439 3170 gratia
2467 3095 2652 3153 divina
2673 3111 2781 3151 non
2813 3094 3015 3151 deficit.
3048 3093 3168 3165 Ipse
3194 3108 3324 3164 ergo
3344 3101 3529 3149 custo-

1920 3196 2002 3252 dit
2030 3195 2285 3267 parvulos
2312 3191 2487 3266 (Psat.
2515 3207 2659 3258 cstv,
2692 3189 2774 3262 6),
2797 3200 2893 3246 aut
2917 3198 3066 3245 certe
3088 3203 3185 3246 eos
3202 3187 3295 3260 qui
3320 3202 3381 3245 se
3406 3203 3527 3259 par-

185 3276 346 3352 quod
400 3277 571 3334 nullae
619 3293 709 3335 me
751 3280 1044 3351 angustiae,
1092 3281 1239 3336 nulla
1281 3281 1619 3353 persecutio,
1668 3283 1816 3339 nulla
1844 3269 1890 3333 C
1922 3290 2080 3345 νυιοε
2107 3286 2298 3343 humili
2324 3284 2654 3343 conﬁtentur
2684 3282 2905 3340 ali‘ectu.

182 3376 484 3449 pericula,
520 3374 704 3430 nullus
745 3373 955 3446 gladius
996 3384 1215 3447 separet
1241 3390 1268 3429 a
1300 3373 1540 3433 Christo.
1573 3376 1819 3449 Denique

181 3470 392 3526 volens
422 3468 644 3525 invenit
669 3468 1073 3525 tribulationem
1099 3478 1157 3526 et
1182 3470 1463 3539 dolorem,
1489 3472 1671 3527 sciens
1697 3475 1822 3543 quia

180 3563 490 3627 tribulatio
507 3564 825 3636 patientiam
846 3573 1127 3636 operatur,
1147 3564 1402 3636 patientia
1422 3565 1822 3637 probationem,

178 3662 457 3736 probatio
486 3675 667 3733 spem.
705 3660 922 3717 Etenim
948 3661 1104 3732 quasi
1133 3662 1307 3718 bonus
1339 3661 1542 3718 athleta
1570 3663 1824 3733 qutesivit

176 3754 535 3817 certamina,
571 3760 629 3807 ut
657 3765 916 3808 coronam
957 3751 1233 3807 inveniret
1259 3768 1273 3819 ;
1299 3768 1458 3823 quam
1492 3763 1670 3810 tamen
1712 3769 1822 3810 non

174 3849 303 3905 suis
328 3846 555 3904 viribus
576 3885 594 3914 ,
625 3844 722 3902 sed
764 3844 978 3901 Domini
1009 3844 1210 3900 auxilio
1240 3847 1392 3901 novit
1429 3846 1533 3903 sibi
1562 3862 1682 3903 esse
1725 3847 1826 3903 do-

175 3953 400 4000 natam.
448 3939 580 3997 Non
629 3938 776 3995 enim
807 3937 1078 4009 potuisset
1125 3938 1383 4004 vincere,
1417 3938 1517 3994 nisi
1559 3954 1683 3995 eum
1729 3942 1820 4010 qui

172 4045 475 4096 certantes
506 4033 769 4104 adjuvat,
802 4033 1130 4089 invocasset.

244 4132 349 4189 24.
396 4131 579 4187 Miser
628 4126 791 4182 homo
834 4127 1218 4199 congreditur,
1249 4139 1307 4182 ut
1353 4128 1573 4194 vincat;
1604 4137 1659 4184 et
1708 4129 1824 4199 ipse

172 4230 229 4286 in
263 4225 595 4301 periculum
625 4222 765 4288 ruit,
799 4220 899 4276 nisi
931 4222 1144 4277 Domini
1178 4238 1377 4277 nomen
1408 4222 1682 4289 adfuerit,
1718 4224 1821 4281 nisi

169 4341 303 4383 cum
333 4329 604 4383 veretur,
636 4316 875 4372 oraverit
903 4316 1093 4384 dicens
1121 4334 1134 4372 :
1171 4317 1215 4373 0
1243 4317 1491 4383 Domine,
1521 4318 1683 4373 libera
1708 4320 1823 4373 ani-

168 4436 321 4475 mam
352 4431 533 4473 meam
558 4411 740 4485 (Psal.
772 4426 894 4466 cxtv
915 4453 930 4477 ,
955 4410 1035 4483 4).
1069 4411 1205 4467 llinc
1236 4411 1368 4467 illud
1397 4395 1774 4483 Apos‘tolicum
1806 4431 1819 4467 :

174 4513 361 4570 Video
394 4511 574 4581 legem
604 4505 780 4560 carnis
803 4520 931 4560 mea:
951 4515 1325 4577 repugnantem
1342 4506 1443 4576 legi
1463 4507 1646 4561 utentis
1674 4522 1820 4574 mete,

164 4619 218 4665 et
239 4606 617 4678 captivantem
661 4614 741 4652 me
768 4599 819 4653 in
851 4599 1014 4670 legem
1048 4600 1279 4671 peccati,
1307 4598 1444 4668 quod
1470 4608 1544 4653 est
1573 4600 1626 4654 in
1656 4616 1820 4654 mem-

164 4702 280 4759 bris
323 4697 487 4753 meis.
522 4691 731 4763 Infelix
754 4707 845 4762 ego
874 4691 1027 4745 homo
1044 4691 1065 4744 .'
1094 4691 1207 4759 quis
1232 4707 1312 4746 me
1336 4691 1569 4747 liberabit
1599 4694 1664 4747 de
1702 4711 1821 4749 cor-

167 4811 307 4872 pore
356 4788 559 4848 mortis
612 4786 811 4856 hujus?
853 4782 1038 4839 Gratia
1079 4782 1181 4838 Dei
1204 4799 1293 4854 per
1327 4783 1509 4839 Iesum
1558 4784 1825 4841 Christum

168 4888 480 4949 Dominum
511 4889 759 4937 nostrum
780 4876 958 4951 (Rom.
986 4892 1083 4945 vn,
1109 4876 1182 4933 25
1207 4886 1254 4931 et
1283 4877 1443 4949 seq.).

241 4986 344 5045 25.
383 4982 489 5039 Ille
525 4974 736 5043 vincit,
772 4984 794 5013 ο
828 4974 919 5045 qui
951 4972 1183 5045 gratiam
1215 4973 1314 5030 Dei
1340 4986 1554 5046 sperat,
1582 4991 1688 5033 non
1734 4979 1826 5049 qui

244 5140 273 5169 ει
303 5127 444 5185 Mss.
479 5134 599 5177 non
631 5114 827 5186 pauci,
860 5122 909 5169 et
935 5112 1292 5186 inﬁrmitates;
1320 5111 1540 5184 quidam
1560 5152 1577 5180 ,
1605 5123 1652 5169 et
1673 5114 1827 5185 inﬁr-

165 5205 417 5261 mitatem
449 5185 663 5251 nostra:
698 5189 866 5261 levare
892 5185 1178 5261 sententiis.

240 5256 420 5330 sum
465 5263 697 5337 quando
735 5260 847 5312 sine
895 5256 998 5337 Dei
1026 5272 1236 5311 munere
1272 5273 1354 5322 es,
1382 5258 1435 5312 in
1485 5273 1621 5337 mss.
1665 5259 1826 5337 longe

163 5327 437 5425 plurimis
464 5327 832 5395 desideratur
861 5348 875 5383 :
906 5327 1002 5385 sed
1027 5337 1221 5386 contra
1253 5339 1467 5385 exstant
1496 5330 1551 5385 in
1568 5327 1827 5389 omnibus

164 5424 588 5548 edie‘l‘lonnnlli
624 5486 793 5548 "159-:
822 5472 910 5543 (Ιαί
940 5474 1001 5526 de
1030 5473 1201 5548 ἔπαιξα
1231 5470 1554 5548 Dei-spem“

244 5566 274 5604 ιι
301 5544 387 5621 ita
414 5564 539 5614 vet.
592 5545 741 5621 edit.
791 5559 855 5621 ac
884 5559 1017 5621 mss.
1062 5545 1169 5621 nisi
1214 5544 1357 5616 quod
1385 5544 1505 5621 :pro
1534 5547 1827 5621 misericor-

167 5615 526 5706 diam—{gum
559 5635 672 5706 vox
711 5615 1219 5706 ﬁlthbelu‘rhinedit;
1250 5617 1504 5701 omnibus
1549 5619 1829 5706 talpam}§

341 5688 734 5776 rgposuitnus
759 5704 830 5773 ex
857 5688 1029 5776 multo
1050 5689 1296 5776 pluribus
1320 5688 1728 5776 misericordem.
1750 5693 1831 5775 .At

169 5760 365 5844 ἱὲἰὲἶιίιί
393 5760 577 5834 Vl'lom.
618 5762 762 5844 edi};
795 5760 1143 5843 interpolavit
1166 5761 1248 5844 his
1276 5761 1608 5844 interjectis:
1641 5762 1829 5844 sei-ig-

171 5828 425 5921 'élu'
437 5828 601 5921 enim
616 5854 649 5921 _:
700 5828 863 5921 lianc
881 5832 1246 5921 misericordia
1264 5904 1274 5921 ¹
1284 5828 1639 5921 sapam-7,31,?)
1673 5828 1831 5921 λη.

176 5895 625 5990 ίῗξίίῖνιῖυἲινὶιῖιὺί
653 5924 670 5962 :
708 5898 1032 5958 Misericors.
1070 5902 1177 5959 Sed
1212 5895 1449 5962 cdito'res
1489 5904 1573 5964 hic
1602 5895 1834 5962 iu'ft'ali-

1992 3382 2083 3438 27.
2117 3383 2265 3437 Bona
2298 3380 2460 3451 igitur
2497 3378 2811 3442 humilitas,
2841 3391 2962 3447 quae
2990 3375 3186 3431 liberat
3218 3373 3530 3444 periclitan-

1922 3489 2033 3545 tes,
2062 3479 2308 3550 jaeentes
2354 3474 2533 3547 erigit.
2574 3473 2733 3531 Novit
2761 3487 2881 3528 eam
2925 3472 3017 3527 ille
3057 3470 3151 3541 qui
3190 3469 3362 3526 dixit:
3398 3468 3535 3523 Ecce

1918 3590 2032 3627 sum
2053 3615 2067 3639 ,
2112 3588 2205 3643 ego
2234 3570 2468 3641 peccaui,
2498 3579 2547 3625 et
2591 3585 2683 3640 ego
2709 3577 2891 3638 pastor
2933 3565 3070 3621 male
3099 3564 3227 3636 feci;
3257 3573 3307 3617 et
3347 3563 3435 3617 isti
3476 3564 3533 3617 in

1920 3668 2017 3723 hoc
2036 3683 2189 3740 grege
2208 3666 2333 3737 quid
2355 3663 2614 3737 fecerunt?
2637 3661 2967 3717 Fiatmanus
2996 3669 3087 3714 tua
3113 3659 3168 3713 in
3197 3672 3279 3712 me
3301 3654 3369 3729 (ll
3392 3653 3525 3725 Reg.

1920 3776 2072 3829 xxxv,
2106 3761 2171 3815 l7
2202 3760 2241 3831 ).
2285 3759 2435 3815 Bene
2466 3759 2570 3813 hoc
2598 3755 2760 3821 dicit,
2800 3754 2893 3826 qui
2933 3767 3161 3824 regnum
3208 3764 3367 3806 suum
3413 3748 3531 3822 DeQ

1919 3858 2184 3930 subjecit,
2220 3865 2277 3913 et
2318 3853 2695 3927 paenitentiam
2722 3852 2923 3924 gessit,
2952 3861 3007 3906 et
3035 3855 3322 3920 peccatum
3368 3858 3527 3900 suum

1917 3955 2205 4007 confessus
2231 3993 2245 4019 ,
2272 3950 2489 4006 veniam
2515 3946 2818 4018 postulavit
2850 3962 2863 4000 :
2895 3944 3013 4015 ipse
3042 3957 3139 4013 per
3162 3938 3530 3995 humilitatem

1922 4046 2175 4116 pervenit
2226 4043 2295 4099 ad
2337 4042 2592 4100 salutem.
2650 4038 2970 4095 llumiliavit
3019 4051 3078 4092 se
3129 4033 3416 4098 Christus,
3471 4043 3534 4087 ut

1920 4154 2115 4195 omnes
2144 4139 2387 4195 elevaret
2418 4154 2433 4191 :
2465 4136 2583 4207 ipse
2614 4134 2682 4190 ad
2711 4133 2914 4189 Christi
2958 4129 3207 4202 pervenit
3248 4126 3529 4199 requiem,

1919 4235 2014 4306 qui
2047 4233 2405 4289 humilitatem
2434 4229 2639 4288 Christi
2672 4227 2833 4284 fuerit
2862 4236 3106 4284 secutus.

1992 4327 2086 4385 28.
2117 4327 2187 4384 Et
2223 4327 2349 4384 ideo
2380 4326 2506 4397 quia
2538 4323 2803 4380 humilem
2839 4337 2900 4378 se
2931 4319 3159 4392 praebuit
3185 4315 3531 4374 Theodosius

1924 4423 2223 4493 imperator
2247 4463 2261 4487 ,
2291 4429 2349 4477 et
2377 4419 2469 4477 ubi
2494 4427 2775 4488 peccatum
2799 4416 3073 4487 obrepsit,
3097 4412 3313 4470 veniam
3343 4421 3531 4483 postu-

1923 4513 2090 4581 lavit,
2132 4527 2400 4571 conversa
2443 4521 2530 4568 est
2565 4511 2745 4567 anima
2775 4510 2895 4579 ejus
2947 4508 2999 4563 in
3057 4507 3302 4577 requiem
3345 4518 3529 4572 suam,

1925 4606 2065 4662 sicut
2088 4606 2252 4662 habet
2293 4605 2575 4676 Scriptura
2621 4618 2742 4674 qua:
2777 4600 2906 4658 dicit
2939 4617 2952 4654 :
3000 4598 3325 4663 Convertere,
3356 4595 3533 4651 anima

1880 4667 2075 4764 )mea,
2120 4699 2173 4752 in
2224 4667 2453 4768 requiem
2495 4667 2669 4762 tuam;
2699 4696 2823 4767 quia
2868 4692 3123 4749 Dominus
3170 4689 3415 4761 benefecit
3440 4689 3531 4743 tibi

1926 4790 2101 4862 (Psal.
2136 4806 2292 4856 cxtv,
2324 4790 2412 4861 7).
2466 4789 2703 4845 Pulchre
2731 4789 2867 4845 dicit
2894 4788 3092 4842 anima:
3123 4802 3137 4839 :
3187 4780 3497 4839 Convertere
3517 4823 3532 4847 ,

1924 4881 1952 4921 ¹ι
1967 4883 2121 4955 quasi
2142 4882 2400 4939 diuturno
2421 4882 2689 4954 cujusque
2704 4882 2888 4953 operis
2904 4879 3108 4938 sudore
3124 4874 3478 4943 exercituum
3502 4888 3534 4930 a

1923 4979 2116 5037 labore
2132 4986 2484 5035 convertatur
2505 4978 2573 5034 ad
2606 4977 2878 5050 requiem.
2899 4974 3253 5032 Convertitur
3272 4985 3446 5044 equus
3465 4969 3535 5026 ad

1929 5117 2055 5173 dem
2087 5117 2337 5190 induxit,
2371 5115 2653 5190 quodnon
2684 5115 2940 5190 viderunt
2976 5110 3289 5166 continuam
3336 5109 3535 5190 psalmi

1928 5204 2051 5246 cxtv
2078 5190 2148 5245 ab
2187 5179 2480 5246 Ambrosio
2510 5189 2628 5245 fieri
2658 5186 3055 5258 expositionem
3075 5224 3094 5252 ,
3117 5192 3174 5239 et
3197 5196 3318 5237 eam
3339 5179 3535 5239 ’Tbeo-

1927 5261 2083 5317 dosio
2112 5260 2533 5318 accommodari.

2003 5343 2027 5371 ο
2048 5331 2409 5415 Regiuseod.
2438 5346 2611 5398 unus,
2638 5330 2789 5415 Quod
2813 5346 2974 5415 supra
2997 5340 3288 5415 mensuram
3316 5336 3418 5390 est,
3441 5339 3535 5415 uo-

1927 5415 2027 5472 cet,
2046 5401 2158 5461 etc:
2180 5405 2393 5476 Reliqui
2416 5416 2705 5476 veroimss.
2728 5401 2934 5476 et_edit.
2959 5401 3103 5456 inter
3121 5414 3182 5457 se
3202 5405 3534 5476 congruunt,

1926 5467 2169 5548 exceptis
2187 5467 2508 5549 quibusdam
2535 5473 2711 5531 Paris.
2729 5472 2864 5530 edit.
2889 5488 3013 5546 qua:
3035 5486 3137 5542 pro
3156 5467 3379 5525 sustines
3394 5467 3539 5526 male

1928 5560 2255 5622 posuerunt,
2284 5550 2515 5622 festines.

2009 5619 2028 5659 ί
2056 5620 2191 5692 Reg.
2214 5617 2368 5687 cod.,
2402 5618 2651 5692 Sinenos
2673 5617 2887 5692 implere
2903 5658 2918 5681 ,
2934 5625 3055 5692 (etc.

2006 5702 2031 5741 8
2060 5685 2217 5749 Philo
2255 5692 2326 5749 de
2355 5685 2551 5749 Mundi
2600 5685 2788 5762 OpifI:
2819 5690 2953 5768 Παρὸ
2994 5691 3079 5746 καὶ
3106 5686 3436 5744 ἁποκλαίεται
3480 5685 3542 5741 τὸ

1930 5766 2143 5841 βρέφος,
2177 5773 2287 5820 etc.
2893 5766 2901 5768 ’
3488 5828 3492 5835 _

1946 5836 2031 5916 mh
2056 5834 2210 5916 .Cud.
2250 5835 2409 5912 ’Prat.
2460 5834 2746 5916 et_Cem“
2779 5837 3029 5892 diuturno
3072 5842 3173 5890 usu
3213 5829 3544 5890 exertam...

1937 5900 2269 5962 trbnéwmur
2289 5918 2448 5973 equus
2473 5907 2541 5960 ad
2566 5900 2799 5961 s'alnlent.
