3866 6288
276 5950 373 6016 τι.

455 315 595 376 15οὸ

1811 307 2060 374 SANC’I'I
2097 307 2425 370 Αιίιιιιυδιι

3529 311 3616 372 1591

447 428 723 496 stabulum
747 470 761 493 .
791 428 882 485 ubi
906 443 1124 486 cursum
1153 427 1502 501 impleverit:
1532 427 1688 486 navis
1713 424 1781 484 ad
1811 434 2051 498 portum,
2079 427 2134 502 Α
2156 439 2294 480 mam
2320 422 2382 478 ab
2407 422 2572 482 oculis
2599 438 2775 480 eorum
2791 465 2806 490 ,
2832 431 2880 480 et
2907 436 3048 478 iners
3069 435 3167 474 mm
3186 421 3275 476 erit
3299 421 3502 494 amplius,
3519 443 3618 495 nequ

449 523 540 580 ubi
569 523 637 580 ad
669 523 962 582 stationem
993 521 1156 580 ﬁdam
1183 536 1213 578 a
1244 520 1504 578 fluctuum
1538 519 1682 578 mole
1714 517 2058 578 subducitur.

449 615 558 673 Sed
581 615 710 688 quid
734 626 850 684 est,
874 615 1020 690 quod
1043 615 1159 672 ait:
1185 613 1252 669 In
1274 615 1500 685 requiem
1521 622 1665 672 tuam
1685 655 1702 684 ,
1731 613 1836 672 nisi
1864 626 2062 670 secun-

447 708 578 766 dum
610 709 742 768 illttd
777 708 1045 784 intelligas
1068 751 1082 778 ,
1114 707 1260 781 quod
1301 708 1380 763 ait
1409 707 1672 766 Dominus
1702 705 1863 766 Jesus
1892 723 1905 762 :
1955 705 2059 763 Ve-

445 805 574 872 nite,
599 804 854 862 benedicti
867 802 1047 862 Patris
1067 803 1186 871 mei,
1217 801 1520 858 haereditate
1538 801 1796 876 possidete
1817 809 2060 874 paratum

444 898 591 953 vobis
615 915 830 971 regnum
856 915 888 952 a
918 896 1286 955 constitutione
1310 896 1489 950 mundi
1520 895 1740 969 (Matth.
1767 912 1871 952 xxv
1894 938 1910 966 ,
1939 894 2056 968 54).

449 994 750 1066 Tamquam
780 993 926 1056 enim
966 999 993 1029 α
1025 990 1430 1062 possessionem
1471 989 1877 1048 hmreditariam
1921 990 2063 1048 reci-

447 1091 630 1162 pimus
671 1104 735 1147 ea
763 1130 778 1155 .
809 1103 932 1160 quae
963 1087 1232 1160 promissa
1280 1095 1409 1145 sunt
1458 1085 1652 1156 nobis;
1687 1085 1868 1142 fidelis
1909 1087 2058 1142 enim

447 1185 626 1252 Deus,
655 1182 748 1256 qui
768 1180 937 1238 semel
959 1179 1133 1238 sertis
1158 1179 1273 1236 suis
1295 1187 1596 1251 praeparata
1628 1195 1737 1239 non
1764 1178 2054 1236 subtrahit.

446 1276 503 1332 Si
536 1276 670 1332 fides
703 1283 890 1330 nostra
919 1283 1171 1343 maneat,
1197 1271 1226 1312 ι)
1257 1281 1440 1330 manet
1469 1283 1524 1330 et
1547 1273 1795 1345 sponsio.

515 1369 607 1426 29.
637 1367 800 1438 Vide,
825 1381 859 1424 ο
886 1366 1083 1434 homo,
1108 1367 1256 1424 circa
1279 1375 1331 1424 te
1357 1367 1586 1438 gratiam
1615 1365 1819 1422 Christi
1845 1383 1857 1420 :
1881 1364 2060 1422 adhuc

445 1463 504 1520 in
553 1463 717 1519 terris
765 1461 1054 1534 quateris,
1085 1468 1142 1516 et
1185 1461 1244 1518 in
1288 1461 1432 1518 ctelo
1482 1461 1752 1533 possides.
1800 1460 1878 1516 lbi
1930 1475 2060 1532 ergo

451 1555 666 1631 1m
693 1554 764 1614 sit
783 1569 880 1612 cor
908 1563 1098 1625 tuum,
1132 1554 1224 1612 ubi
1251 1565 1338 1614 est
1362 1557 1642 1628 possessio
1674 1565 1787 1616 tua.
1821 1555 1946 1613 llaec
1975 1565 2062 1613 est

441 1651 662 1720 requies
691 1663 814 1720 qua:
837 1648 1000 1720 justis
1044 1647 1302 1716 debetur,
1333 1659 1562 1722 negatur
1612 1649 1867 1722 indignis.
1901 1647 2061 1706 Unde

445 1741 522 1798 ait
555 1741 864 1804 Dominus:
910 1740 1062 1798 Sicut
1081 1743 1267 1816 juraui
1294 1742 1347 1798 in
1385 1745 1467 1798 ira
1493 1759 1607 1800 mea
1629 1784 1643 1810 ,
1690 1743 1734 1799 si
1777 1743 2060 1800 introibant

2160 515 2361 584 luctus,
2388 531 2555 586 neque
2581 516 2778 574 clamor
2798 556 2814 583 ,
2851 529 3018 586 neque
3053 513 3200 570 dolor
3226 511 3385 586 (Apoc.
3405 517 3567 588 nul).
3585 519 3620 576 Si

2158 626 2292 684 ergo
2321 625 2470 668 mors
2501 627 2608 666 non
2655 628 2702 668 et
2718 611 2792 679 it,
2834 609 3052 681 lapsum
3099 607 3289 663 sentire
3324 621 3416 664 non
3437 612 3625 682 peteritis

2159 707 2251 764 illa
2289 707 2480 779 requie
2506 707 2839 762 constitutus
2871 722 2884 760 :
2915 702 3016 762 sed
3049 701 3271 774 placebit
3288 702 3386 758 Deo
3417 705 3458 759 in
3483 706 3628 776 regione

2159 801 2433 858 vivorum.
2466 799 2584 856 Non
2625 801 2771 858 enim
2804 808 2865 856 ut
2894 797 2986 854 hic
3017 797 3181 853 homo
3205 795 3442 854 involutus
3461 806 3630 856 estmor-

2159 898 2230 954 tis
2251 911 2483 968 corpore
2504 895 2744 953 obnoxio
2765 893 3012 966 lapsibus
3030 900 3190 964 atque
3201 890 3413 958 delictis;
3427 892 3485 950 ita
3497 901 3534 948 et
3549 892 3629 950 illis

2160 991 2396 1064 Ideoque
2422 991 2575 1064 regio
2599 991 2688 1046 illa
2708 990 2962 1048 vivorum
2985 995 3094 1056 est,
3117 987 3206 1044 ubi
3223 986 3383 1042 anima
3400 994 3484 1052 est,
3497 1001 3578 1058 qua
3593 987 3634 1044 ul

2161 1086 2454 1158 imaginem
2468 1095 2524 1141 et
2536 1083 2954 1140 similitudinem
2976 1081 3071 1138 Dei
3092 1079 3228 1135 facta
3241 1087 3338 1148 est,
3349 1091 3437 1132 non
3446 1091 3540 1134 caro
3555 1076 3636 1149 ﬁgu-

2162 1187 2279 1238 rata
2292 1178 2502 1235 delimo
2522 1175 2679 1252 (Gen.
2695 1193 2732 1244 l,
2748 1175 2864 1248 27).
2887 1173 3156 1230 ldeocaro
3169 1174 3221 1228 itt
3235 1181 3411 1228 terram
3421 1169 3638 1238 revertitur,

2161 1273 2340 1330 anima
2354 1270 2420 1328 ad
2435 1271 2680 1344 requiem
2703 1269 2927 1326 festinat
2946 1263 3348 1338 supernam,cui
3362 1261 3520 1319 dicitur
3531 1260 3639 1318 :Cor-

2161 1376 2373 1434 vertere,
2405 1365 2584 1420 animo
2614 1380 2757 1432 mea,
2788 1362 2845 1418 in
2882 1361 3118 1432 requiem
3145 1367 3278 1416 tuam
3300 1355 3449 1428 (Psal.
3469 1354 3641 1428 cuni).

2233 1459 2326 1516 5t.
2358 1457 2416 1513 ln
2445 1473 2608 1531 quam
2657 1454 2938 1513 festinavit
2965 1454 3176 1514 intrare
3200 1447 3523 1516 Theodosius,
3543 1457 3646 1520 atque

2161 1551 2370 1626 ingredi
2391 1552 2670 1610 civitatem
2699 1550 3042 1608 Hierusalem
3063 1591 3080 1618 ,
3105 1547 3174 1604 de
3199 1560 3298 1619 qua
3317 1543 3491 1602 dictum
3505 1552 3568 1600 est
3585 1541 3648 1598 εει

2160 1665 2306 1722 reges
2326 1658 2472 1707 terra:
2499 1649 2668 1722 ferent
2707 1646 2930 1720 gloriam
2965 1659 3120 1700 suam
3149 1642 3204 1698 in
3228 1642 3361 1698 illam
3387 1638 3539 1712 (Apoc.
3564 1654 3651 1705 ut,

2159 1741 2275 1816 24).
2317 1741 2410 1797 llla
2447 1750 2533 1797 est
2560 1753 2687 1798 vera
2718 1739 2894 1812 gloria
2915 1780 2931 1805 ,
2962 1751 3090 1810 quae
3121 1736 3193 1791 ibi
3229 1734 3464 1821 sumitur;
3488 1730 3653 1788 illudn-

443 1837 500 1892 in
529 1837 756 1900 requiem
794 1852 959 1900 meam
984 1833 1163 1912 (Psat.
1203 1851 1347 1903 serv,
1375 1836 1485 1908 ll);
1509 1837 1599 1909 qui
1622 1836 1768 1894 enim
1797 1851 1905 1896 non
1933 1852 2060 1908 cog-
2090 1839 2138 1900 B
2163 1853 2328 1912 gnum
2373 1835 2752 1894 beatissimum
2772 1877 2788 1902 ,
2829 1831 2977 1906 quod
3023 1831 3100 1888 ibi
3133 1827 3450 1902 possidetur,
3483 1826 3535 1882 ad
3565 1825 3654 1895 quod

447 1939 722 1989 noverunt
751 1929 868 1989 vias
903 1929 1150 1998 Domini,
1186 1946 1291 1989 tton
1325 1930 1706 2002 ingrediuntur
1731 1931 1782 1986 in
1818 1931 2061 2002 requiem

447 2021 686 2081 Domini.
735 2023 840 2094 Qui
890 2033 1073 2082 autem
1126 2025 1326 2082 bonum
1371 2035 1654 2084 certamen
1699 2027 1962 2095 certavit,
2009 2035 2066 2086 et

447 2129 668 2172 cursum
701 2117 1104 2174 consummavit
1150 2117 1220 2190 (ll
1271 2117 1404 2174 Tim.
1453 2134 1530 2186 tv,
1563 2117 1642 2190 7),
1674 2119 1777 2188 ipsi
1824 2118 2061 2174 dicitur:

451 2207 758 2266 Convertere
781 2209 836 2264 in
864 2211 1093 2282 requiem
1134 2221 1278 2267 tuam
1302 2210 1480 2286 (Psal.
1513 2229 1656 2281 cxtv,
1688 2211 1766 2284 7).
1793 2213 1942 2272 Bona
1973 2230 2064 2272 re-

447 2302 604 2372 quies
633 2303 915 2375 praeterire
941 2320 1065 2377 qua:
1105 2305 1291 2363 mundi
1329 2317 1489 2375 sunt,
1518 2317 1575 2364 et
1612 2307 1721 2364 illis
1749 2323 1871 2382 qua:
1901 2323 2065 2382 supra

451 2395 715 2454 mundum
743 2409 872 2454 sunt
893 2443 907 2466 ,
938 2399 1256 2458 caelestibus
1286 2402 1581 2459 consortiis
1609 2405 1953 2478 requiescere
1977 2419 2064 2460 se-

449 2500 748 2548 cretorum.
781 2491 909 2551 Ηςεο
931 2501 1016 2550 est
1043 2493 1260 2564 requies
1280 2536 1295 2562 ,
1324 2495 1391 2556 ad
1423 2511 1584 2566 quam
1631 2496 1894 2569 propheta
1934 2513 2060 2568 pro-

453 2583 702 2651 peravit,
754 2583 993 2640 dicens:
1043 2583 1171 2652 Quis
1215 2585 1358 2648 dabit
1397 2588 1524 2647 mihi
1571 2605 1764 2657 pennas
1805 2589 1940 2645 sicut
1980 2606 2069 2646 eo-

454 2673 679 2742 lumbte,
705 2684 753 2730 et
782 2675 964 2732 volabo
999 2688 1048 2740 et
1098 2679 1413 2749 requiescam
1442 2679 1626 2748 (Psal.
1661 2697 1778 2749 Ltv,
1807 2681 1882 2750 7).
1917 2682 2067 2740 lianc

455 2779 683 2824 sanctus
744 2770 990 2844 requiem
1049 2786 1202 2830 suam
1260 2775 1459 2841 novit,
1510 2774 1578 2832 ad
1627 2776 1767 2832 hanc
1818 2776 2065 2849 requiem

461 2873 484 2900 ε
501 2862 932 2920 convertendum
953 2864 1152 2920 animzn
1183 2880 1296 2922 suae
1325 2865 1481 2922 dicit.
1513 2867 1789 2941 Eratergo
1810 2869 1986 2925 anima
2012 2871 2064 2926 in

458 2955 648 3026 requie
676 2971 795 3022 sua,
826 2956 890 3012 ad
921 2973 1081 3029 quam
1113 2958 1247 3014 dicit
1281 2974 1406 3016 esse
1438 2960 1799 3018 redeundum.
1833 2963 1960 3020 llaec
1982 2971 2071 3022 est

2161 1929 2459 1989 festinabat
2502 1927 2800 2000 Apostolus
2823 1969 2840 1998 ,
2886 1927 3082 1984 dicens
3113 1944 3127 1980 :
3189 1922 3443 1980 Audemus
3480 1935 3597 1994 ergo,
3624 1927 3657 1976 et

2163 2024 2542 2083 consentimus
2565 2023 2735 2096 magis
2763 2019 3106 2094 peregrinari
3129 2019 3198 2075 de
3219 2030 3458 2090 corpore,
3477 2023 3519 2070 et
3537 2011 3658 2068 adesse

2165 2118 2232 2176 ad
2261 2117 2554 2174 Dominum
2585 2116 2650 2192 (ll
2682 2115 2803 2172 Cor.
2833 2131 2901 2182 ν,
2942 2111 3032 2186 6);
3061 2123 3120 2170 et
3151 2111 3274 2168 ideo
3300 2104 3660 2164 connitimursit't

2163 2213 2452 2278 absentes,
2479 2209 2597 2266 sive
2637 2216 2934 2282 praesentes
2968 2206 3194 2278 placere
3221 2203 3297 2258 illi
3325 2201 3490 2276 (Ibid.,
3513 2199 3574 2271 9).

2235 2305 2326 2361 '52.
2362 2303 2662 2360 Absolutus
2687 2301 2850 2374 igitur
2875 2298 3045 2355 dubio
3067 2297 3381 2360 certamine,
3405 2293 3664 2351 fruiturum

2165 2407 2408 2472 augustae
2448 2396 2729 2454 memoria:
2758 2392 3108 2452 Theodosius
3151 2392 3272 2448 luce
3301 2395 3665 2462 perpetua,tr:a-

2167 2491 2438 2566 quillitate
2465 2490 2748 2556 diuturna,
2777 2498 2834 2544 et
2863 2503 2962 2560 pro
2993 2486 3061 2542 iis
3089 2499 3218 2558 qua:
3242 2485 3294 2542 in
3324 2482 3420 2538 hoc
3443 2478 3572 2553 gessit
3589 2491 3664 2532 car-

2170 2603 2301 2660 pore
2366 2585 2825 2644 remunerationis
2875 2583 3075 2640 divinae
3125 2580 3384 2639 fructibus
3441 2575 3664 2649 gratulatur.

2168 2683 2314 2755 Ergo
2370 2682 2500 2756 quia
2549 2679 2741 2736 dilexit
2795 2685 3041 2750 augusta:
3105 2675 3378 2732 meruerim
3428 2669 3666 2728 Theodosius

2168 2776 2458 2832 Dominum
2489 2775 2660 2830 Deum
2690 2787 2880 2840 suum,
2905 2771 3109 2828 meruit
3137 2777 3444 2827 sanctorum
3465 2761 3666 2820 consulit.

2237 2871 2330 2930 33.
2365 2871 2432 2926 Et
2458 2883 2593 2942 ego,
2634 2867 2652 2906 τ
2684 2877 2742 2924 ut
2771 2865 3005 2940 quadam
3037 2880 3354 2922 sermonem
3387 2876 3538 2916 meum
3572 2870 3667 2930 pero-

2169 2966 2383 3024 ratione
2439 2963 2764 3022 concludam
2802 3005 2817 3030 ,
2876 2962 3040 3018 dilexi
3099 2963 3275 3022 virum
3331 2957 3667 3018 misericordem,

456 3049 675 3120 requies
707 3049 734 3088 (ί
766 3051 977 3106 sabbati
1011 3054 1226 3124 magni,
1260 3063 1317 3110 ιιι
1348 3057 1726 3128 unusquisque
1753 3067 2067 3118 sanctorum
2176 3059 2384 3132 1207
2420 3057 2680 3116 humilem
2709 3058 2762 3112 in
2795 3055 3063 3128 imperio,
3095 3052 3263 3108 corde
3287 3068 3440 3124 puro.
3468 3065 3508 3104 et
3533 3055 3668 3118 parum

458 3155 622 3214 supra
643 3143 829 3200 mundi
858 3145 1140 3202 sensibilis
1169 3147 1276 3216 sit,
1302 3146 1356 3202 in
1382 3147 1474 3202 illo
1496 3147 1823 3221 intelligihili
1852 3161 2068 3208 secreto
2170 3162 2462 3212 mansueto
2487 3151 2798 3224 praeditum,
2823 3149 3040 3224 qualem
3073 3148 3338 3210 Dominus
3358 3153 3674 3205 amittemus"?-

459 3244 606 3292 totus
637 3237 900 3305 intentus,
923 3249 1090 3311 atque
1112 3239 1401 3298 adhaerens
1429 3242 1562 3300 Deo.
1589 3242 1719 3300 Haec
1743 3253 1831 3300 est
1851 3246 2070 3318 requies
2095 3235 2142 3300 C
2175 3248 2251 3304 vit
2269 3290 2286 3316 ,
2316 3248 2507 3305 dicens
2541 3265 2554 3301 :
2588 3245 2763 3319 Supra
2791 3261 2938 3318 quem
2971 3243 3296 3314 requiescam
3314 3284 3330 3310 ,
3362 3240 3454 3296 nisi
3480 3251 3602 3308 supra
3619 3233 3672 3286 it-

461 3329 551 3384 illa
585 3331 794 3386 sabbati
821 3375 837 3400 ,
871 3348 980 3403 quo
1023 3333 1296 3406 requievit
1347 3335 1486 3392 Deus
1515 3336 1584 3395 ab
1610 3337 1864 3401 omnibus
1885 3340 2068 3410 cperi-

459 3423 562 3480 bus
596 3427 784 3482 mundi
811 3427 968 3484 istius
1000 3427 1152 3501 (Gen.
1187 3446 1224 3488 rt
1245 3473 1260 3496 ,
1285 3429 1368 3502 2).

534 3521 623 3578 5.0.
654 3521 907 3584 Feriatus
939 3523 1022 3580 bis
1047 3525 1230 3584 saeculi
1263 3526 1412 3582 curis
1437 3525 1784 3586 Theodosius
1822 3545 1882 3587 se
1912 3544 2069 3604 erep-

463 3623 580 3670 tum
611 3615 850 3686 gaudet,
899 3620 922 3644 "
969 3627 1026 3678 et
1073 3618 1254 3678 elevat
1299 3620 1534 3678 animam
1579 3638 1768 3692 suam,
1811 3633 1973 3696 atque
2011 3625 2079 3682 ad

464 3708 614 3766 illam
657 3721 974 3782 perpetuam
1004 3712 1192 3786 dirigit
1233 3713 1511 3786 requiem,
1547 3715 1774 3786 pulchre
1817 3718 1917 3774 sibi
1949 3733 2082 3776 con-

465 3802 670 3858 sultum
701 3818 958 3862 asserens
983 3847 998 3873 ,
1031 3806 1177 3877 quod
1219 3807 1486 3879 eripuerit
1515 3809 1755 3868 animam
1786 3810 1906 3882 ejus
1935 3812 2082 3871 Deus

463 3895 534 3951 de
577 3906 787 3962 morte,
832 3914 994 3972 quam
1029 3910 1262 3958 mortem
1305 3901 1624 3974 frequenter
1649 3905 1702 3960 in
1745 3905 1850 3962 hoc
1893 3905 2080 3964 smculi

463 3989 626 4046 istius
657 3989 867 4048 lubrico
893 3991 1236 4061 sustinebat,
1282 3994 1561 4066 inquietus
1589 3995 1844 4054 ﬂuctibus
1880 4013 2076 4072 pecca-

469 4092 648 4140 torum
676 4101 688 4138 :
719 4085 986 4157 eripuerit
1009 4087 1172 4142 etiam
1204 4087 1398 4144 oculos
1419 4089 1542 4164 ejus
1567 4105 1596 4146 a
1628 4089 1884 4166 lacrymis
1905 4092 2078 4165 (Psal.

469 4193 614 4246 cxtv,
643 4176 720 4248 8);
741 4176 910 4249 fugiet
929 4181 1075 4236 enim
1099 4181 1260 4238 dolor
1279 4190 1334 4238 et
1364 4183 1584 4240 tristitia
1599 4193 1654 4240 et
1673 4187 1909 4256 gemitus
1925 4187 2078 4260 (Ean.

2179 3343 2386 3410 mitem,
2416 3351 2460 3396 et
2485 3350 2806 3398 mansuetum
2837 3337 3009 3414 (Esai.
3041 3355 3199 3404 uri,
3232 3336 3326 3409 2)?

2251 3440 2344 3496 54.
2387 3437 2562 3495 Dilexi
2609 3437 2821 3500 virum,
2857 3433 2948 3507 qui
2994 3434 3172 3502 magis
3221 3438 3544 3504 arguentem,
3577 3435 3676 3496 quia

2181 3533 2492 3589 adulantem
2541 3530 2811 3600 probaret.
2849 3538 2873 3574 ις
2917 3525 3125 3584 Stravit
3178 3523 3368 3598 omnef,
3395 3539 3489 3596 quo
3514 3519 3680 3574 utebatur

2183 3627 2396 3699 insigne
2425 3625 2627 3696 regium
2648 3666 2663 3689 ,
2694 3621 2912 3680 deﬂevit
2957 3620 3009 3676 in
3046 3619 3294 3682 Ecclesia
3326 3616 3518 3688 publice
3553 3623 3676 3686 pecca-

2185 3732 2296 3778 tum
2346 3734 2541 3784 suum,
2600 3716 2743 3790 quod
2796 3716 2845 3772 ei
2894 3714 3124 3770 aliorutu
3179 3713 3369 3769 fraude
3419 3709 3678 3777 obrepserat:

2181 3814 2386 3887 gemitu
2415 3821 2471 3868 ct
2496 3808 2751 3882 lacrymis
2773 3807 2952 3866 oravit
2976 3807 3217 3863 veniam.
3258 3802 3409 3874 Quod
3437 3798 3679 3872 privatim:-

2183 3908 2413 3966 bescunt
2437 3948 2452 3974 ,
2497 3919 2604 3960 non
2629 3901 2850 3960 erubuit
2880 3903 3206 3971 imperator,
3245 3898 3448 3971 publice
3471 3907 3598 3966 agere
3615 3901 3683 3959 pth

2184 4000 2505 4057 nitentium:
2565 4011 2741 4067 neque
2789 3995 2930 4051 ullus
2977 4003 3169 4066 postea
3216 3992 3336 4048 dies
3367 3991 3590 4060 fuit,quo
3620 3993 3681 4036 not

2185 4093 2337 4150 illum
2351 4091 2564 4148 doleret
2583 4103 2828 4146 errorem
2839 4129 2852 4142 .
2868 4085 3034 4155 Quid,
3049 4085 3198 4156 quod
3225 4084 3522 4159 prmclaram
3535 4078 3684 4146 sclcptns

2187 4185 2508 4250 victoriam;
2542 4191 2723 4238 tamen
2753 4181 2876 4252 quia
2907 4179 3093 4237 hostes
3123 4179 3178 4234 itt
3208 4179 3328 4234 acie
3357 4171 3682 4250 prouratisnnt.

469 4285 652 4339 xxxv,
685 4271 807 4344 10).
848 4273 915 4329 Et
941 4272 1070 4330 alibi
1098 4273 1368 4332 habemus
1396 4294 1409 4330 :
1444 4275 1650 4334 Detebit
1679 4295 1882 4335 omnem
1909 4258 2086 4354 tacry-
2111 4258 2166 4320 Ῑ)
2193 4280 2217 4317 δ
2241 4280 2502 4338 abstinuit
2525 4292 2556 4334 a
2581 4275 2864 4334 consortio
2901 4283 3409 4339 sacramentorum,
3448 4270 3589 4324 donec
3624 4260 3684 4316 Dc-

543 4419 576 4488 ‘_
602 4409 768 4488 Iidem
799 4411 922 4467 eod.
955 4422 1012 4468 et
1037 4412 1128 4488 alii
1155 4413 1438 4488 nonnulli,
1464 4417 1719 4486 possessio
1746 4427 1822 4474 est
1843 4458 1858 4484 ,
1889 4417 1953 4472 de
1977 4434 2081 4488 qua

468 4482 751 4554 recipimus
779 4499 892 4552 qua
912 4485 1167 4554 prmissa
1194 4495 1314 4542 sunt
1344 4482 1491 4542 nobis
1514 4527 1528 4552 ,
1552 4497 1661 4544 etc.

542 4552 570 4594 δ
593 4553 727 4638 Reg.
759 4552 930 4610 codex
958 4570 1124 4638 unus,
1175 4567 1346 4613 manet
1389 4560 1666 4630 possessio.
1700 4559 1806 4617 Sed
1855 4561 2080 4621 omnino

474 4625 766 4699 legendum
783 4667 798 4690 ,
825 4627 1058 4698 sponsio.
1389 4625 1400 4630 ⁷

546 4710 570 4784 ξ
600 4697 730 4784 glas:
762 4697 1008 4784 aliquot,
1041 4700 1436 4784 conseruandam
1464 4703 1690 4784 animam
1719 4705 2039 4784 suamaicit.

543 4768 896 4844 “(Sahhatum
921 4785 1174 4842 maguum
1201 4773 1332 4844 quid
1358 4783 1668 4844 vocaretur,
1701 4790 1730 4832 a
1759 4777 1919 4832 nobis
1946 4777 2076 4834 alibi

473 4843 804 4912 explicatum
833 4852 937 4900 est.

479 4987 498 5042 ι
549 4925 574 4953 θ
605 4915 722 5042 Νιίη
757 4915 912 4988 pauci
958 4930 1118 4985 mss.,
1149 4925 1198 4973 et
1240 4917 1442 4974 elevans
1481 4919 1709 4974 animant
1734 4935 1883 4975 suam
1917 4919 1989 4976 ad
2013 4920 2078 4974 ilo

500 5001 607 5042 am.
634 5002 667 5042 e
693 5001 743 5042 c.
1394 5041 1399 5042 ,

500 5001 607 5050 am,
634 4995 743 5043 etc.
1394 5041 1400 5047 .

551 5058 570 5097 ί
602 5058 723 5114 Vet.
747 5060 884 5135 edit.
904 5068 961 5135 et
981 5059 1404 5135 pleriquemss.,
1436 5071 1493 5117 ut
1511 5062 1814 5135 quidem...
1841 5079 1931 5135 per
1959 5079 2080 5118 ora-

474 5130 698 5197 tionem;
735 5131 866 5188 edit.
903 5130 1058 5187 Roin.
1089 5130 1154 5190 et
1172 5132 1262 5188 alii
1294 5130 1540 5190 nonnulli
1573 5149 1732 5201 mss.,
1763 5130 2078 5201 nt'quidem

479 5203 636 5278 (iteg.
661 5203 810 5278 cod,
841 5204 1182 5274 quadam)....
1224 5205 1578 5278 peroratione.
1629 5205 1846 5278 Optima
1882 5203 2077 5274 lectio;

472 5275 618 5346 idem
658 5274 801 5329 enim
825 5285 911 5330 est
938 5283 1100 5346 atque
1125 5278 1170 5332 si
1188 5276 1346 5344 dicat
1366 5318 1382 5343 ,
1415 5286 1476 5332 ιιι
1502 5275 1645 5334 hunc
1672 5274 1748 5334 set
1765 5279 1944 5334 monis
1969 5281 2076 5334 mci

474 5345 656 5401 locum
670 5347 988 5424 concludam
1010 5345 1584 5424 virtutum'l'heodnsii
1603 5349 1946 5424 recapitulari
1985 5366 2077 5416 ne,

477 5417 932 5492 quemadmodum
962 5419 1016 5474 in
1046 5421 1398 5492 peroratione
1428 5419 1544 5476 fieri
1570 5421 1732 5492 solet.

551 5490 928 5564 sr‘Scriptores
958 5490 1157 5564 omnes
1180 5535 1195 5558 ,
1222 5494 1312 5564 qui
1343 5491 1686 5564 splendidam
1718 5492 1868 5548 illam
1897 5492 2080 5550 Theo-

478 5559 620 5615 dosii
655 5561 722 5633 in
746 5559 1029 5618 subeunda
1075 5559 1291 5633 publica
1343 5559 1662 5633 poenitentia
1711 5565 2076 5620 humilitatem

482 5648 588 5685 non
620 5632 737 5686 sine
778 5632 1142 5690 meritissimis
1194 5632 1446 5692 laudibus
1487 5638 1787 5706 posteritati
1822 5638 2078 5692 transmi-

481 5716 604 5756 sere
627 5741 640 5763 ,
669 5717 789 5757 cum
818 5706 898 5778 eis
918 5719 1048 5778 qua:
1077 5707 1164 5762 hic
1187 5709 1445 5762 dicuntur
1471 5709 1539 5762 ab
1563 5709 1852 5764 Ambrosio
1871 5749 1888 5774 ,
1911 5707 2074 5778 plane

482 5772 967 5850 cppgf'llunl._Vit_ie
985 5815 999 5838 ,
1031 5778 1075 5832 si
1098 5787 1288 5850 vacat,
1312 5779 1598 5850 Paulinum
1624 5781 1678 5836 in
1700 5772 2076 5835 sattctiAntis-

490 5837 780 5904 titisVita;
813 5837 1084 5914 Ruﬁnum,
1137 5847 1229 5903 tib.
1275 5837 1336 5907 it.
1373 5849 1507 5906 llist.
1539 5865 1659 5925 cap.
1692 5851 1793 5920 l8;
1823 5851 2078 5926 Angusti-

2192 4433 2344 4483 nttm,
2400 4415 2494 4470 lib.
2548 4431 2581 4470 ν
2626 4414 2696 4470 tle
2741 4413 2904 4468 Civil.
2931 4409 3050 4477 Dei,
3081 4425 3207 4482 cap.
3256 4410 3366 4483 36;,
3397 4408 3683 4483 Summonuit.

2191 4469 2406 4544 libriiut
2444 4469 2584 4561 llist.
2613 4469 2735 4555 cap.
2775 4483 2872 4550 25;
2902 4469 3442 4561 Tlteodnrfetumﬂtb.
3473 4469 3685 4561 rettuli}.

2188 4570 2244 4616 et
2270 4561 2442 4622 alios,
2475 4551 2798 4629 quibuscum
2845 4557 3007 4613 etiam
3049 4555 3326 4612 Ambrosii
3368 4551 3517 4608 nostri
3555 4551 3686 4629 epulo;

2189 4609 2297 4688 iam
2428 4609 2820 4702 iuitgé’r'é't'iéét,
2837 4609 3033 4702 (ntiqua
3056 4609 3281 4682 ratione
3309 4609 3630 4702 imperatorem
3644 4609 3687 4702 fl

2189 4691 2558 4776 paenitendum
2586 4691 2816 4758 sanctus
2834 4691 3036 4755 Praesit!
3059 4691 3462 4770 prmparaverit,
3485 4691 3686 4756 intelligas

2261 4775 2288 4814 ιι
2313 4776 2440 4832 llzrc
2467 4773 2762 4830 Theodosii
2789 4781 2910 4842 post
2931 4771 3240 4842 Eugenium
3269 4769 3557 4842 devicimus
3571 4769 3688 4842 sam-

2261 4789 2288 4814 ιι
2313 4789 2440 4832 tltrc
2467 4789 2762 4830 't‘uenoosn
2789 4789 2910 4843 post
2932 4789 3240 4842 ungentum
3269 4789 3520 4826 uenatum
3534 4789 3557 4816 ιι
3571 4789 3687 4816 saw

2185 4864 2305 4904 rum
2347 4845 2734 4905 communione
2778 4843 3104 4900 abstinentia
3132 4841 3202 4898 ad
3249 4840 3416 4897 solam
3453 4836 3595 4908 ipsius
3611 4841 3689 4906 ertg

2185 4921 2369 4976 divina
2401 4903 2664 4992 mysteria
2683 4915 3090 4992 venerationem
3107 4956 3125 4992 ,_
3147 4923 3241 4970 aut
3264 4911 3402 4969 forte
3399 4903 3483 4992 ἑά
3500 4903 3688 4992 Ambrosii

2185 5005 2402 5063 qtmqtte
2447 4983 2886 5063 exhortationem
2911 4986 3127 5063 Areferri
3168 4993 3368 5063 potest.
3399 4983 3690 5063 Eteitiltlflll‘}:

2187 5041 2674 5122 EiariiIcciJJréid
2688 5041 2827 5132 bello
2839 5041 3187 5132 aduersarios:
3221 5069 3297 5113 est
3318 5059 3562 5132 justumet

2185 5117 2434 5208 dignum,
2469 5145 2524 5188 ut
2566 5134 2718 5208 epist.
2759 5129 2828 5208 ad
2857 5129 3098 5208 Ammon.
3129 5117 3380 5208 Monach.
3423 5117 3688 5208 tradit

2187 5181 2404 5273 Baiis}
2419 5181 2536 5260 ἠ’ἑὶ
2568 5181 3448 5326 sagitti'iiiag'faai.13......
3487 5209 3563 5262 pro
3589 5181 3690 5264 cate

2187 5279 2278 5326 bus
2319 5289 2651 5326 renulmrere-
2683 5283 2742 5326 tit.
2768 5271 2931 5326 docet
2961 5274 3066 5326 Bas
3092 5275 3191 5326 lius
3237 5275 3396 5326 onist.
3437 5269 3496 5322 ad
3525 5255 3686 5326 Aulim":

2187 5255 2742 5344 ii£"}2,3ui&ier'é',]ii
2768 5255 3191 5329 docetiBasilitts
3220 5255 3409 5344 epist.

2185 5323 3686 5416 3.2;:isti-aiatait;inanissima...inuam

2187 5399 2718 5495 X.;;i..‘o's’a'.sfjspia_‘._
2741 5399 2862 5495 2:5“.
2882 5399 3262 5495 άοόειιδτιινιιιη
3306 5399 3689 5495 εθιιίιιτιῖξιιὲξέὶδξῗ

2185 5473 2632 5564 ,⁷
2666 5473 2965 5564 Malueram
2993 5487 3178 5564 Patres
3201 5473 3400 5564 nostri,

2185 5545 3072 5638 latvevrriaqis'(abstinentia,quam
3113 5562 3166 5638 in
3201 5545 3687 5638 necessitate}?!

2184 5611 2494 5708 ἔξιῖιῖήίῗώ
2523 5611 2902 5708 οἲὶεἱιξῖἰέᾲξῖιῐί
2917 5611 3162 5702 Easton
3176 5611 3383 5703 ,'..’..,.i
3399 5631 3507 5708 sunt

2183 5685 2286 5764 non
2334 5685 2481 5780 pitris
2503 5751 2518 5774 ,
2547 5707 2662 5780 sola
2695 5706 2868 5780 ⁸ινὲιιηι
2921 5685 3191 5780 ιιῆιισνιεπί
3224 5685 3686 5780 ιοᾶιικιξὶσεεξε

2183 5759 2660 5848 iamimsiiiiiéig
2695 5759 2839 5832 hunc
2867 5776 3087 5848 quidem
3132 5789 3290 5830 usum
3331 5773 3384 5828 in
3419 5759 3687 5828 Reddi"?

2184 5847 2402 5930 ceptum
2435 5867 2541 5914 non
2571 5850 2742 5907 fuisse
2774 5847 3057 5914 Balsamon
3089 5855 3280 5904 auctor
3312 5849 3412 5914 at.
