3866 6288
177 248 329 311 1897
1307 240 1398 301 DE
1434 239 1642 305 οΒιτυ
1681 240 1764 307 ΤΗ

1883 238 2052 302 90$]!
2091 238 2373 301 ORATIO.
3280 270 3293 285 ο
3344 244 3486 307 1598

169 363 316 421 mini
344 361 494 420 circa
514 375 576 419 se
600 362 627 393 ⁸
648 358 879 434 gratiam
896 356 1130 415 ﬁliorum
1155 355 1496 427 experiretur
1523 354 1777 413 adventu.
1808 355 1862 419 Α
1887 352 2067 417 bitur:
2099 353 2337 427 denique
2377 368 2540 427 supra
2573 355 2628 412 iu
2655 363 2850 426 quarto
2882 357 3098 415 decimo
3124 359 3343 433 psalmo
3366 376 3492 433 per-

247 454 341 514 55.
383 454 563 512 Dilexi
604 454 822 519 virum,
865 451 960 523 qui
1000 465 1088 507 me
1119 450 1177 507 in
1215 448 1485 520 supremis
1512 448 1626 505 suis
1655 446 1783 503 ulti—
1887 444 2184 503 fectionem
2231 446 2470 504 hominis
2509 449 2850 520 accepimus.
2884 450 2995 509 Sed
3043 451 3157 509 illic
3192 453 3489 523 formatus,

168 562 270 604 tuo
306 547 506 620 spiritu
554 546 893 620 requirebat.
941 543 1125 603 Dilexi
1162 543 1371 611 virum,
1402 541 1494 614 qui
1522 557 1644 598 cum
1667 541 1781 613 jam
1884 539 2160 612 perfectus
2213 541 2342 599 licet
2394 543 2498 613 vir,
2549 542 2649 603 sed
2695 543 2873 601 adhuc
2917 553 3141 617 peccato
3184 546 3487 625 obnoxius;

166 653 411 710 corpore
460 640 806 707 solveretur,
840 636 1015 710 magis
1062 636 1130 692 de
1184 645 1330 699 statu
1370 633 1779 702 Ecclesiaruut,
1882 636 2009 708 quia
2054 635 2187 699 vivit
2228 635 2284 695 in
2330 636 2571 693 smculo:
2619 636 2707 692 hic
2739 652 2864 694 vera
2912 636 3180 709 perfectio
3224 649 3338 707 est,
3392 640 3487 699 ubi

165 747 341 804 quam
371 731 442 789 de
485 732 599 787 suis
632 731 894 803 periculis
933 730 1254 803 angebatur.
1283 727 1459 785 Dilexi
1504 741 1657 800 ergo,
1702 725 1781 782 fa-

166 836 319 894 teor,
344 836 398 885 et
421 826 545 884 ideo
572 826 818 883 dolorem
850 840 1032 883 meum
1058 824 1252 880 intimo
1283 822 1491 879 viscere
1510 820 1694 891 dolui,
1722 830 1779 878 et

162 920 479 994 prolixinre
508 920 775 977 sermonis
819 918 1202 990 prosecutione
1248 914 1539 972 solandum
1567 913 1771 986 putavi.

166 1015 385 1087 Dilexi,
417 1024 472 1072 ct
504 1030 777 1087 praesumo
819 1014 888 1070 de
928 1012 1158 1069 Domino
1196 1009 1338 1081 quod
1371 1009 1632 1080 suscipiat
1676 1023 1777 1064 vo-

164 1123 296 1166 cem
345 1108 612 1169 orationis
645 1123 810 1174 meat,
844 1123 948 1180 qua
998 1118 1301 1181 prosequor
1339 1103 1577 1159 animam
1610 1099 1773 1174 piam.

241 1206 335 1263 56.
377 1203 845 1267 Circumdederunt
863 1219 941 1258 me
963 1201 1172 1258 dolores
1194 1199 1375 1255 mortis
1390 1238 1406 1267 ,
1430 1196 1666 1271 pericula
1695 1196 1777 1251 in-

159 1299 308 1369 ferni
335 1300 636 1356 inuenerunt
659 1316 740 1354 me
779 1297 967 1370 (Psal.
998 1312 1146 1366 cxtv,
1179 1293 1278 1367 3);
1306 1294 1600 1351 multorum
1628 1294 1776 1351 enim

160 1395 412 1467 pericula
459 1404 618 1463 sunt,
646 1394 744 1452 sed
774 1392 1018 1451 remedia
1064 1405 1386 1463 paucorum.
1413 1389 1471 1446 In
1522 1388 1776 1445 omnibus

158 1486 428 1544 sacerdos
456 1482 825 1558 periclitatur,
850 1485 903 1541 in
932 1483 1187 1540 omnibus
1215 1483 1325 1539 reis
1354 1481 1598 1554 angitur;
1630 1479 1775 1553 quod

159 1576 317 1634 enim
349 1578 440 1635 alii
468 1578 775 1651 patiuntur,
806 1578 921 1648 ipse
964 1576 1232 1633 sustinet:
1261 1585 1316 1635 et
1345 1575 1546 1631 iterum
1574 1573 1777 1630 libera-

161 1680 281 1739 tur,
303 1685 428 1729 cum
448 1672 538 1728 alii
566 1671 659 1744 qui
688 1678 970 1739 tenentur,
1004 1669 1258 1744 periculis
1282 1668 1604 1726 liberantur.
1632 1664 1774 1725 Con-

1874 731 1988 804 jam
2017 732 2181 805 culpa
2212 732 2484 799 cessavit,
2514 733 2686 803 gratia
2714 744 2994 807 perpetuae
3031 733 3235 805 quietis
3260 734 3484 793 aﬂ‘nlsit.

1952 823 2044 883 38.
2086 825 2215 882 Ideo
2252 824 2592 883 centesimus
2636 834 2863 898 quartus
2908 827 3158 885 decimus
3202 830 3485 900 psalmus,

1880 920 2008 992 quia
2033 921 2409 978 remuneratio
2437 920 2726 977 charitatis
2763 930 2883 979 est:
2929 922 3077 980 unde
3103 924 3321 980 Domini
3362 938 3486 996 pas-

1879 1013 1983 1071 cha
2009 1024 2205 1089 quarta
2230 1014 2444 1072 decima
2474 1014 2598 1071 luna
2622 1013 2853 1075 formam
2880 1016 3215 1073 celebritatis
3243 1018 3477 1088 accepit;

1878 1109 2140 1182 quoniam
2168 1109 2261 1183 qui
2292 1110 2496 1181 pascha
2527 1108 2810 1179 celebrat,
2842 1110 3007 1168 debet
3034 1125 3158 1168 esse
3187 1112 3480 1183 perfectus,

1876 1202 2044 1261 debet
2072 1219 2258 1262 amare
2297 1203 2586 1261 Dominum
2637 1201 2857 1271 Jesum,
2889 1204 2978 1274 qui
3021 1205 3255 1274 diligens
3300 1221 3481 1278 popu-

1877 1297 1988 1355 lum
2021 1313 2180 1354 suum
2216 1296 2456 1369 perfecta
2483 1294 2785 1368 charitate,
2818 1310 2945 1353 sese
2978 1294 3175 1353 obtulit
3212 1298 3477 1368 passioni.

1876 1391 1945 1448 Et
1973 1407 2073 1448 nos
2103 1390 2184 1447 sic
2214 1391 2538 1463 diligamus,
2571 1395 2633 1457 ut
2659 1387 2707 1446 si
2735 1403 2965 1445 necesse
3002 1387 3166 1447 fuerit
3187 1431 3204 1458 ,
3233 1404 3333 1463 pro
3359 1390 3471 1447 Du-

1876 1486 2007 1542 mini
2034 1485 2255 1543 nomine
2287 1493 2521 1545 mortem
2550 1500 2657 1543 non
2681 1482 2981 1557 fugiamus,
3004 1484 3209 1540 nullum
3234 1486 3476 1542 testimo-

1872 1562 1993 1636 mus
2015 1580 2294 1648 dolorem,
2328 1579 2460 1636 niltil
2488 1588 2835 1636 metuamus:
2871 1576 3115 1649 Perfecta
3166 1580 3303 1635 enim
3342 1581 3470 1638 cha-

1875 1673 2007 1737 ritas
2035 1673 2271 1729 timorem
2311 1673 2523 1746 expellit
2547 1677 2692 1746 foras
2714 1671 2766 1747 (Ι
2794 1671 2956 1729 Joan.
2980 1688 3065 1742 tv,
3094 1671 3217 1746 l8).
3255 1672 3476 1732 Grande

159 1776 320 1825 teror
348 1767 541 1836 corde;
574 1767 697 1839 quia
730 1775 952 1838 ereptus
973 1776 1059 1824 est
1086 1766 1190 1834 vir,
1220 1763 1248 1804 ι)
1267 1779 1431 1838 quem
1461 1764 1549 1820 vix
1575 1778 1772 1836 possu-
1798 1789 1847 1850 Β
1876 1765 2083 1822 numeri
2141 1765 2490 1837 mysterium,
2543 1765 2763 1839 quando
2813 1764 2975 1822 Pater
3016 1766 3214 1823 Filium
3257 1768 3476 1825 unicum

158 1878 290 1921 mus
320 1863 569 1920 invenire
595 1882 608 1919 :
636 1862 733 1919 sed
775 1873 958 1920 tamen
991 1871 1047 1919 tu
1090 1860 1275 1928 solus,
1306 1860 1569 1928 Domine,
1616 1860 1767 1916 invo-

157 1954 372 2013 candus
409 1971 471 2013 es
492 1998 507 2024 ,
539 1966 596 2012 tu
629 1956 900 2029 rogandus
925 1996 939 2020 ,
976 1963 1035 2012 ut
1057 1970 1181 2012 eum
1212 1954 1267 2010 in
1300 1954 1429 2011 ﬁliis
1466 1968 1771 2025 reprmseti.

160 2056 268 2106 tes.
313 2049 428 2119 Tu,
452 2049 714 2118 Domine,
747 2048 1065 2113 custodiens
1092 2049 1256 2105 etiam
1287 2047 1545 2119 parvulos
1581 2046 1633 2102 in
1667 2044 1770 2103 ltac

158 2144 475 2203 humilitate
502 2145 681 2220 (Ibid.
706 2189 722 2216 ,
754 2147 808 2210 5,
838 2145 908 2220 6)
946 2157 968 2195 σ
996 2147 1178 2203 salvos
1205 2144 1372 2202 facito
1399 2152 1687 2217 sperantes
1714 2143 1769 2200 in

155 2244 234 2293 te.
266 2236 346 2292 Da
397 2238 643 2308 requiem
670 2237 966 2309 perlectam
995 2253 1152 2295 servo
1185 2246 1277 2297 tuo
1308 2236 1656 2307 Theodosio,
1680 2252 1768 2293 re-

151 2328 340 2400 quiem
390 2328 574 2397 illam,
606 2327 631 2365 ά
662 2345 824 2400 quam
881 2331 1203 2403 praeparasti
1253 2331 1457 2387 sanctis
1489 2330 1615 2389 tuis.
1667 2329 1765 2387 lllo

151 2429 506 2479 convertatur
532 2422 713 2478 anima
742 2422 896 2495 ejus,
924 2422 1069 2485 unde
1094 2422 1374 2482 descendit
1400 2444 1416 2492 ;
1450 2424 1538 2481 ubi
1571 2425 1765 2485 mortis

151 2513 407 2570 aculeum
436 2514 643 2572 sentire
673 2531 782 2572 non
832 2518 1034 2588 possit,
1060 2517 1152 2574 ubi
1179 2526 1477 2589 cognoscat
1529 2526 1758 2577 mortem

154 2602 302 2662 hanc
329 2621 440 2665 non
470 2618 678 2664 natura:
707 2609 869 2665 liuent
899 2624 1049 2677 esse,
1080 2608 1175 2666 sed
1206 2610 1397 2682 culpas.
1430 2609 1586 2680 Quod
1614 2611 1759 2671 enim

155 2707 410 2757 mortuus
425 2709 544 2769 est,
580 2711 803 2773 peccato
830 2712 1077 2771 mortuus
1101 2711 1185 2761 est
1216 2702 1402 2777 (Rom.
1436 2719 1486 2759 vt
1506 2744 1520 2770 ,
1542 2700 1669 2774 10);
1704 2711 1762 2760 ut

150 2796 268 2867 jam
297 2796 512 2871 1208
542 2806 766 2869 peccato
793 2798 944 2855 locus
975 2812 1097 2856 esse
1134 2813 1240 2865 non
1270 2798 1476 2871 possit:
1513 2808 1763 2870 resurget

155 2898 365 2957 autem,
385 2897 443 2946 ut
462 2889 756 2961 perfectior
776 2900 1037 2948 renovato
1056 2906 1283 2949 munere
1312 2893 1421 2948 vita
1449 2900 1754 2963 repnretur.

229 2982 321 3037 57.
366 2983 569 3050 Dilexi,
596 2997 651 3041 et
689 2984 813 3043 ideo
845 3000 1147 3059 prosequor
1186 3001 1310 3043 eum
1363 3000 1532 3058 usque
1572 2985 1639 3042 ad
1672 3001 1759 3042 re-

157 3075 377 3144 gionem
407 3075 687 3144 vivorum,
722 3092 824 3133 nec
851 3078 1130 3146 deseram,
1160 3078 1335 3136 donec
1376 3077 1505 3134 ﬂetu
1533 3088 1589 3135 et
1630 3092 1757 3150 pre-

1872 1873 1972 1931 pro
2023 1857 2182 1915 nobis
2209 1857 2466 1915 omnibus
2497 1857 2754 1926 tradidit,
2784 1872 2907 1917 cum
2939 1859 3101 1930 pleno
3141 1859 3364 1927 luminis
3394 1864 3476 1918 sui

1869 1953 2002 2011 orba
2047 1952 2173 2009 luna
2207 1952 2457 2025 fulgeret.
2489 1952 2568 2011 lta
2598 1961 2684 2010 est
2711 1951 2859 2011 enim
2892 1953 3176 2021 Ecclesia,
3223 1969 3345 2026 quae
3385 1957 3476 2029 pie

1870 2045 2071 2119 pascha
2108 2046 2355 2105 celebrat
2398 2046 2617 2111 Domini
2666 2048 2844 2105 nostri
2894 2046 3028 2118 Jesu
3056 2045 3298 2120 Christi,
3337 2051 3481 2108 sicut

1867 2140 1998 2196 luna
2026 2137 2267 2212 perfecta
2297 2139 2354 2196 in
2382 2150 2650 2199 aeternum
2678 2149 2881 2197 manet.
2912 2140 3172 2213 Quisquis
3214 2140 3357 2200 bene
3385 2143 3475 2201 hic

1867 2233 2083 2290 Domini
2111 2233 2314 2306 pascha
2346 2233 2726 2302 celebraverit,
2756 2234 2811 2291 in
2831 2234 3039 2295 lumine
3058 2244 3321 2307 perpetuo
3345 2238 3470 2294 erit.

1865 2325 1997 2405 Quis
2024 2325 2365 2398 splendidius
2392 2325 2725 2397 celebravit,
2752 2343 2914 2400 quam
2937 2327 3031 2401 qui
3059 2330 3359 2404 sacrilegos
3387 2347 3471 2387 re-

1864 2420 2035 2475 movit
2065 2434 2313 2486 errores,
2338 2418 2540 2477 clausit
2578 2420 2809 2491 templa,
2838 2420 3135 2491 simulacra
3165 2422 3473 2483 destruxit?

1863 2510 1923 2568 In
1974 2510 2081 2568 hoc
2126 2511 2307 2568 Josias
2352 2527 2451 2579 rex
2496 2512 2874 2585 superioribus
2920 2514 3193 2573 antelatus
3238 2527 3321 2572 est
3365 2516 3465 2589 (IV

1864 2604 1998 2678 Reg.
2034 2620 2193 2673 χχιιι,
2225 2602 2353 2677 25).

1932 2696 2026 2755 59.
2069 2697 2253 2757 Manet
2280 2714 2411 2772 ergo
2434 2699 2489 2755 iu
2511 2698 2723 2758 lumine
2749 2698 3095 2761 Theodosius
3117 2744 3131 2769 ,
3166 2712 3225 2762 et
3252 2714 3470 2771 sancto-

1862 2805 1982 2847 rum
2014 2789 2251 2846 cratibus
2290 2790 2577 2861 gloriatur.
2613 2791 2730 2849 Illic
2757 2808 2901 2859 nunc
2925 2794 3311 2866 complectitur
3335 2795 3470 2853 Cra-

1863 2885 2069 2941 tianum
2091 2884 2206 2952 jam
2240 2899 2337 2940 sua
2364 2885 2592 2941 vulnera
2637 2900 2744 2942 non
2771 2896 3094 2945 mt'erentem
3116 2928 3130 2955 ,
3162 2889 3291 2961 quia
3320 2890 3470 2946 inve-

1862 2975 1942 3031 ttit
1984 2975 2216 3033 ultorem
2242 2993 2254 3030 :
2287 2977 2379 3048 qui
2409 2975 2538 3032 licet
2570 2973 2590 3014 τ
2622 2977 2840 3053 indigna
2881 2979 3095 3061 1209
3121 2989 3300 3038 morte
3330 2997 3469 3052 pra:-

1860 3079 2050 3142 reptus
2073 3069 2175 3138 sit,
2200 3070 2445 3147 requiem
2473 3071 2671 3129 anima:
2698 3087 2812 3128 suae
2838 3074 3110 3144 possidet.
3143 3073 3261 3131 Illic
3290 3075 3468 3134 bonus

157 3165 317 3224 cibus
364 3165 621 3224 inducam
674 3169 879 3235 virum,
912 3184 1023 3241 quo
1050 3184 1144 3226 sua
1196 3171 1392 3229 merita
1419 3180 1615 3227 vocant
1636 3214 1651 3240 ,
1701 3171 1755 3227 in
1784 3183 1830 3249 ρ
1861 3171 2094 3235 uterque
2115 3173 2169 3219 et
2194 3163 2414 3236 pietatis
2438 3164 2708 3236 interpres
2730 3163 2914 3238 largus
2935 3166 3330 3225 misericordiae
3352 3184 3465 3225 sua:

160 3268 403 3319 montem
447 3260 664 3318 Domini
707 3271 998 3319 sanctum:
1042 3262 1134 3321 ubi
1182 3263 1437 3335 perennis
1477 3264 1622 3332 vita,
1668 3262 1759 3320 ubi

157 3356 473 3431 corruptela
519 3357 692 3423 nulla,
745 3357 893 3417 nulla
939 3357 1226 3430 contagio,
1271 3358 1445 3425 nullus
1490 3358 1760 3430 gemitus,

159 3450 343 3507 nullus
374 3450 555 3520 dolor,
590 3452 798 3507 nullum
846 3453 1186 3508 consortium
1222 3461 1598 3520 mortuorum;
1630 3468 1759 3510 vera

160 3543 313 3616 regio
352 3544 690 3614 viventium,
734 3546 822 3602 ubi
869 3546 1102 3602 mortale
1144 3546 1247 3601 hoc
1295 3547 1484 3602 induat
1534 3547 1761 3603 immor-

162 3633 425 3693 talitatem
451 3680 464 3702 ,
508 3645 564 3693 et
603 3638 959 3709 corruptibile
1002 3637 1105 3695 hoc
1149 3639 1337 3696 induat
1384 3639 1755 3712 incorruptioo

160 3744 289 3786 nem
317 3728 370 3803 (ι
401 3729 522 3789 Cor.
576 3748 671 3802 xv,
700 3733 833 3806 54).
868 3733 1062 3806 Magna
1107 3736 1356 3806 requies,
1404 3751 1528 3807 qua:
1570 3744 1754 3793 votum

162 3823 384 3895 impleat
410 3825 718 3898 diligentis,
751 3827 1120 3897 pulcherrima
1145 3827 1456 3898 promissio.
1484 3827 1612 3885 Ideo
1637 3844 1757 3887 cen-

160 3915 387 3974 tesimus
425 3928 653 3991 quartus
696 3919 947 3976 decimus
981 3930 1003 3957 °
1038 3920 1278 3992 psalmus
1305 3920 1527 3978 alleluia
1558 3922 1756 3979 inscri-

236 4031 262 4061 ⁸
300 4030 379 4087 Ita
409 4046 542 4087 mss.
597 4032 730 4088 edit.
779 4030 908 4090 Gill.
939 4031 993 4087 itt
1042 4033 1206 4089 variis
1234 4034 1364 4089 lect.
1399 4043 1453 4089 et
1494 4033 1653 4091 Rom.
1707 4035 1759 4091 in

162 4110 443 4178 contextu.
474 4104 700 4159 Amerb.
731 4113 942 4178 autem.
978 4105 1133 4178 Eras.
1165 4117 1219 4161 et
1248 4105 1378 4178 Gill.
1408 4106 1461 4162 in
1495 4120 1758 4178 corpore,

163 4174 329 4243 gratia
357 4173 590 4245 ﬁliorum
617 4177 994 4246 exprimeretur
1012 4177 1253 4234 aduentu.
1284 4177 1486 4235 Verum
1516 4173 1660 4246 quod
1690 4177 1761 4235 de

164 4245 454 4318 Theodosii
496 4246 729 4302 liliorum
761 4247 997 4303 adventu
1030 4247 1118 4303 hic
1163 4251 1237 4305 ait
1272 4261 1491 4305 sanctus
1518 4245 1756 4318 Pmsul,

165 4333 269 4392 non
293 4316 625 4392 mediocrem
656 4319 858 4387 patitur
877 4319 1275 4376 difﬁcultatem.
1303 4321 1513 4377 Etenim
1541 4322 1634 4392 qui
1659 4316 1757 4377 v04

164 4390 280 4464 [ulli
304 4388 632 4457 Arcadium,
662 4406 783 4446 cunt
816 4402 971 4464 pater
996 4393 1242 4463 spiritqu
1277 4388 1570 4459 redderet,
1592 4395 1758 4448 inter-

1860 3255 2140 3312 consortio
2172 3254 2541 3314 delectantur.
2578 3258 2653 3315 De
2678 3259 2876 3332 quibus
2906 3259 3046 3319 bene
3070 3260 3306 3319 dicitur:
3342 3262 3467 3320 Dies

1861 3346 1965 3413 diei
2012 3359 2212 3419 eructat
2256 3349 2466 3405 verbum
2496 3347 2680 3424 (Psal.
2716 3367 2869 3419 xrttt,
2902 3351 2993 3427 3).
3040 3351 3240 3410 Contra
3277 3366 3463 3417 autem

1861 3441 2130 3499 Maximus
2154 3452 2212 3500 et
2236 3442 2512 3517 Eugenius
2538 3445 2595 3501 in
2626 3443 2844 3503 iufertto
2862 3490 2877 3515 ,
2900 3446 3060 3519 quasi
3085 3464 3190 3504 nos:
3213 3449 3355 3504 nocti
3383 3449 3467 3503 iu-

1862 3536 2001 3591 dicat
2027 3537 2331 3607 scientiam;
2359 3538 2625 3596 docentes
2660 3540 2916 3612 exemplo
2960 3539 3259 3598 miserabili
3301 3557 3463 3614 quam

1862 3631 2059 3688 durum
2088 3633 2156 3689 sit
2188 3647 2339 3689 arma
2367 3633 2483 3690 suis
2507 3633 2842 3713 principibus
2875 3634 3139 3707 irrogare.
3167 3634 3245 3693 De
3269 3636 3468 3711 quibus

1866 3727 2090 3800 pulchre
2112 3728 2313 3787 dicitur
2330 3727 2737 3801 :;l’idi,impium
2763 3732 3207 3802 supercxaltatttm
3225 3741 3275 3788 et
3298 3733 3469 3789 eleva-

1864 3836 1973 3881 tum
1998 3826 2133 3881 sicut
2157 3826 2339 3881 cedrus
2368 3823 2599 3891 Libani;
2640 3835 2688 3881 et
2714 3825 2931 3880 transivi
2946 3865 2961 3893 ,
2989 3835 3038 3880 et
3067 3842 3185 3883 scca
3212 3841 3319 3882 non
3359 3838 3471 3883 erat

1869 3917 2063 3993 (Psal.
2102 3920 2283 3988 xxxvi,
2314 3918 2440 3994 35).
2472 3916 2755 3974 Transivit
2800 3920 2944 3976 enim
2976 3920 3098 3993 pius
3140 3919 3208 3976 de
3235 3921 3467 3994 caligine
3565 3974 3580 3987 .

1867 4032 2065 4089 mantis
2093 4040 2280 4100 aperta
2308 4045 2458 4099 esse;
2485 4032 2652 4088 imnto
2681 4047 2814 4089 vero
2836 4034 3006 4103 ipsius
3034 4032 3320 4092 Claudiani
3343 4052 3463 4094 car-

1865 4106 2042 4170 mina,
2089 4118 2211 4173 quae
2256 4116 2419 4172 supra
2471 4118 2540 4160 ex
2588 4104 2685 4160 lib.
2741 4105 2811 4161 de
2861 4105 3138 4162 Laudibus
3184 4108 3463 4165 Stiliconis

1861 4176 2250 4240 exhibuimus,
2306 4175 2450 4230 idem
2509 4176 2833 4244 ostendere,
2886 4176 2982 4232 sed
3033 4187 3092 4234 et
3149 4179 3243 4234 lib.
3297 4181 3463 4237 etiam

1863 4248 1933 4305 de
1978 4261 2040 4303 ttt
2087 4245 2314 4316 Consul.
2354 4245 2615 4316 Honorii,
2645 4248 2725 4304 sic
2772 4264 2899 4305 eum
2950 4244 3238 4307 Theodosii
3289 4253 3470 4311 verbis

1862 4320 2064 4389 alloqui
2091 4314 2413 4374 Stiliconem
2438 4336 2453 4373 :

1955 4398 2030 4464 In
2054 4397 2186 4464 euris
2206 4397 2588 4464 suocedefmeis,
2607 4403 2661 4450 tu
2686 4399 2892 4463 pignora
2914 4400 3067 4464 solus,

166 4460 358 4525 fuisse.
402 4472 601 4532 prater
628 4458 987 4519 Amltrosiana
1028 4458 1198 4520 verba
1243 4477 1299 4521 et
1352 4458 1559 4521 Paulini
1603 4466 1757 4522 testi-
1782 4466 1838 4528 D
1952 4460 2126 4515 Nostra
2152 4458 2286 4524 love,
2310 4463 2537 4525 geminos
2556 4458 2812 4515 dextra'tu
2839 4458 3278 4532 protege'fratres,
3298 4471 3400 4521 etc.

167 4534 403 4588 monium
422 4575 437 4600 ,
463 4550 573 4603 quo
605 4536 1017 4593 commendatos
1040 4552 1070 4592 a
1110 4536 1419 4593 Theodosio
1448 4538 1589 4593 ﬁlios
1629 4540 1757 4593 Am-

169 4606 383 4660 brosius
428 4607 483 4660 in
532 4605 777 4661 Ecclesia
813 4608 1108 4678 (excepisse
1155 4619 1428 4673 narratur,
1473 4610 1570 4665 niti
1599 4609 1761 4667 etiam

170 4678 763 4749 possuntfauctoritate
807 4677 1137 4735 Theodoreti
1179 4680 1275 4735 lib.
1326 4696 1359 4730 ν
1404 4696 1525 4749 cap.
1569 4682 1674 4741 25.
1710 4690 1766 4737 et

171 4747 424 4805 Chronici
455 4748 840 4809 Alexandrini.
871 4765 981 4818 quo
1010 4749 1223 4806 Arcadii
1268 4751 1338 4807 ab
1368 4747 1611 4807 Honorio
1655 4752 1768 4809 dis-

171 4828 569 4893 cessus_aperte
596 4820 850 4893 traditur.
878 4822 1081 4877 Contra
1105 4837 1238 4877 vero
1263 4823 1354 4893 qui
1384 4823 1560 4878 solum
1589 4823 1770 4879 Hnno-

174 4893 309 4948 rium
338 4890 811 4961 Constantinopoli
850 4907 879 4947 a
910 4902 1068 4963 patre
1109 4890 1344 4949 accitum
1391 4908 1515 4949 esse
1539 4904 1768 4950 conten—

174 4964 334 5033 dunt,
364 4980 464 5036 pro
494 4978 554 5022 se
575 4963 839 5036 Rufinum
866 4964 960 5020 lib.
993 4980 1052 5030 tt,
1082 4979 1203 5035 cap.
1235 4964 1767 5036 34,Philostorgium

175 5037 266 5092 lib.
296 5035 374 5100 1t,
399 5035 622 5105 nnm.2,
645 5036 929 5094 Socratem
956 5036 1051 5091 lib.
1081 5052 1135 5103 v,
1168 5052 1290 5104 cap.
1316 5038 1411 5103 26,
1439 5048 1494 5092 et
1523 5035 1771 5093 Claudia—

176 5124 299 5164 num
332 5109 398 5165 de
428 5125 485 5164 ttt
521 5109 736 5165 consul.
769 5108 994 5164 llonorii
1035 5109 1410 5164 tantummodo
1430 5107 1594 5178 hujus
1625 5110 1772 5179 prin-

174 5180 305 5247 cipis
332 5181 627 5237 adventum
673 5184 726 5235 in
755 5180 1094 5236 occidentem
1138 5193 1667 5247 commemorantes;
1691 5182 1770 5237 ei-

175 5262 284 5307 tare
326 5264 594 5324 possunt:
624 5254 821 5321 quibus
851 5253 1097 5320 accedit,
1122 5253 1269 5324 quod
1313 5252 1609 5309 Arcadium
1642 5253 1769 5310 huic

174 5323 406 5379 orationi
434 5334 753 5396 presentem
786 5341 891 5379 non
922 5325 1088 5380 fuisse
1109 5323 1461 5381 manifestum
1483 5335 1589 5380 est.
1618 5327 1772 5381 Atta-

175 5411 293 5451 men
330 5395 684 5468 qui’primam
721 5396 1041 5468 Opinionem
1070 5396 1401 5463 defendunt,
1432 5398 1771 5468 respondere

179 5468 226 5541 in
252 5466 500 5541 promptu
522 5467 721 5522 habent
742 5466 1024 5535 Rulinttm,
1043 5479 1097 5524 et
1116 5466 1539 5541 Pliilostorgittni
1556 5512 1571 5534 ,
1600 5470 1771 5526 Solius

179 5538 397 5612 Honorii
429 5541 766 5594 mentionem
797 5549 1085 5609 propterea
1120 5541 1320 5597 fecisse
1339 5583 1354 5609 ,
1378 5538 1521 5612 quod
1545 5542 1595 5598 ei
1625 5542 1773 5598 occi-

179 5610 351 5666 dentis
379 5612 671 5681 imperium
697 5620 852 5680 pater
878 5613 1233 5681 attribuerat,
1262 5610 1615 5669 Claudianum
1639 5628 1772 5670 vero

182 5698 296 5738 cum
328 5681 451 5754 loco
480 5681 576 5737 cit.
609 5683 1001 5754 panegyricum
1032 5682 1255 5740 llonorii
1288 5687 1583 5752 scriberet,
1608 5685 1776 5743 Arca-

184 5755 255 5811 dii
280 5752 572 5827 adventum
589 5752 987 5827 celebrandum
1020 5772 1125 5810 non
1165 5759 1473 5827 potavisse;
1515 5770 1774 5814 caeterum

191 5824 345 5882 verba
391 5824 601 5884 Paulini
645 5825 1059 5883 commendatos
1106 5824 1393 5887 Ambrosio
1438 5830 1579 5887 lilios
1627 5829 1773 5901 affir-

1867 4534 2069 4610 Yerum
2106 4535 2358 4610 negantis
2409 4535 2681 4610 opinionis
2731 4548 3168 4608 propugnatores
3204 4548 3474 4610 reportent

1868 4607 1970 4663 ista
2023 4616 2242 4676 negotto
2285 4605 2512 4662 dissolvi
2544 4605 3161 4676 possez’eomm'endatos
3183 4605 3332 4665 enim
3354 4613 3468 4668 Sti-

1868 4677 2035 4734 liconi
2060 4694 2090 4731 a
2119 4676 2430 4733 Theodosio
2472 4678 2613 4734 lilios
2634 4719 2650 4744 ,
2681 4679 2804 4736 licet
2830 4696 3022 4735 eorum
3050 4681 3186 4737 alter
3211 4682 3463 4738 abesset:

1870 4751 1936 4805 ad
1976 4747 2254 4805 Ambrosii
2303 4764 2433 4804 vero
2462 4751 2842 4805 auctoritatem
2872 4765 2937 4807 ea
2966 4750 3192 4808 forsitan
3232 4754 3467 4810 indicari

1872 4836 1977 4877 una
2008 4835 2131 4875 cum
2163 4819 2404 4876 Honorio
2427 4821 2591 4876 etiam
2623 4825 2841 4877 venisse
2871 4837 3116 4880 sororem
3138 4822 3466 4881 Placidiam:

1870 4892 2018 4964 quod
2046 4890 2117 4947 ad
2157 4891 2436 4947 Socratem
2464 4901 2521 4949 et
2557 4891 2856 4949 chronicon
2904 4895 3367 4964 Alexandrinum,
3399 4897 3470 4953 ab

1868 4965 1951 5019 eis
1995 4963 2098 5017 hoc
2128 4964 2249 5035 loro
2274 4971 2511 5035 erratum
2539 4978 2680 5020 esse.
2713 4964 2822 5022 Sed
2850 4965 3230 5025 difﬁcultatem
3266 4963 3360 5025 hic
3386 4970 3471 5035 in-

1868 5034 2080 5091 dicasse
2108 5033 2265 5089 ttobis
2304 5034 2558 5091 sufficiat.

1940 5105 1968 5146 ιι
2008 5104 2167 5182 llum.
2192 5105 2347 5182 edit.,
2378 5106 2584 5177 qualem
2601 5108 2694 5182 uix
2719 5126 2993 5182 possumus
3011 5111 3258 5170 invenire.

1949 5190 1971 5218 ε
2018 5177 2176 5233 Vind.
2204 5178 2407 5257 codex,
2440 5191 2491 5257 e_t
2519 5177 2742 5251 quidam
2756 5182 2898 5257 ἰι-ἰῇ,
2926 5184 3098 5257 solues
3118 5186 3296 5257 facies.
3328 5184 3473 5243 Infra

1874 5264 2156 5325 vero_pru
2186 5251 2377 5325 δωρειὰ
2404 5252 2539 5317 tuis,
2568 5267 2708 5307 unus
2746 5252 2906 5308 Colb.
2954 5251 3129 5325 legit,
3147 5260 3305 5313 servis
3346 5260 3470 5315 tuis.

1946 5319 1972 5359 (ί
2011 5319 2148 5379 God.
2181 5322 2365 5394 Colb.,
2393 5339 2547 5394 quant
2570 5319 3059 5394 prteparastiservis
3087 5319 3207 5383 tuis.

1951 5404 1973 5468 ἐ
2019 5395 2259 5468 Ιιαίερα.
2290 5393 2426 5466 Reg.
2460 5393 2632 5461 unus,
2662 5396 2717 5449 in
2747 5397 2963 5452 caeteris
2985 5413 3151 5468 vero,
3183 5409 3240 5455 et
3264 5403 3477 5457 cunctis

1880 5465 2014 5524 edit.
2046 5466 2265 5523 alleluia
2312 5465 2768 5537 pra'term'tttitur,
2814 5468 2910 5523 sed
2962 5465 3327 5528 incommode.
3373 5473 3480 5529 lte-

1880 5555 2000 5596 rum
2030 5548 2214 5595 autem
2241 5554 2340 5611 pro
2367 5539 2421 5592 in
2442 5546 2624 5610 quarto
2651 5538 2847 5593 decimo
2870 5543 3102 5611 psalmo,
3132 5543 3295 5600 habrt
3320 5544 3477 5601 \‘ittd.

1875 5613 2025 5677 cod.,
2058 5612 2115 5667 in
2146 5610 2423 5667 centesimo
2451 5611 2723 5666 undecimo
2751 5610 2974 5682 psalmo.

1956 5682 1979 5760 ξ
2018 5683 2264 5760 Arn_erb.,
2295 5682 2516 5753 indigna
2537 5693 2700 5738 morte
2729 5695 3021 5760 grassatus
3067 5703 3127 5760 ac
3153 5698 3435 5760 parcamus
3460 5729 3477 5756 ,

1877 5754 2004 5813 Glll.
2025 5756 2294 5811 etEras...
2313 5770 2375 5809 ac
2390 5757 2888 5832 prtereptus:Rom.
2912 5758 3045 5832 edit.
3075 5754 3290 5832 indigna
3318 5754 3482 5815 inerte

1879 5836 2199 5903 peremptus:
2231 5842 2365 5884 mss.
2389 5842 2518 5884 vero
2544 5830 2994 5901 frequentissimi.
3019 5842 3076 5887 ttt
3094 5830 3205 5889 nos
3222 5833 3277 5889 in
3308 5843 3476 5890 tt-xtu.
