3866 6288
383 234 523 293 1599
576 246 589 261 ³
1739 233 1987 293 SANCTI

2130 234 2345 293 BROSII
3543 235 3655 292 μω

375 353 630 412 saeculari
670 355 740 413 ad
768 360 949 412 lumen
975 364 1275 424 :eternum,
1332 362 1388 411 et
1442 367 1551 411 non
1601 361 1721 409 erat
1749 351 1975 425 impius,
2008 353 2363 430 AChristum
2419 352 2769 412 lucrifaceret
2818 352 3065 427 (Philip.
3119 367 3205 420 tn,
3256 350 3345 421 8).
3378 350 3495 408 ideo
3538 350 3657 407 illan

379 450 473 519 qui
501 461 625 507 esse
654 448 853 506 desivit
876 449 1118 522 iniquus.
2082 445 2335 506 Christus
2361 447 2430 504 de
2475 456 2720 505 stercore
2759 447 2967 504 levavit
2995 446 3068 503 ad
3104 461 3371 518 regnum,
3398 446 3661 501 secundum

452 539 549 598 40.
588 541 742 600 Nunc
782 558 845 600 se
883 552 1132 616 augusta:
1180 542 1460 599 memoria:
1489 540 1829 599 Theodosius
1856 557 1979 611 reg-
2082 543 2229 617 quod
2256 544 2520 615 scriptum
2548 552 2665 599 est:
2701 543 2839 612 Quia
2872 542 3099 598 suscitat
3120 540 3191 595 de
3211 549 3352 594 terra
3376 540 3603 617 inopem,
3628 556 3665 595 et

384 651 520 695 nare
545 638 860 709 cognoscit,
878 637 1101 710 quando
1123 638 1178 693 in
1202 651 1369 708 regno
1396 635 1613 692 Domini
1632 635 1763 693 Jesu
1781 632 1984 691 Christi
2085 640 2148 693 de
2185 650 2411 694 stercore
2438 638 2590 709 erigit
2613 653 2897 708 pauperem
2926 635 3130 709 (Psal.
3156 649 3292 701 exn,
3327 632 3414 705 7).

383 740 471 788 est
490 773 506 798 ,
534 741 591 788 et
610 732 926 790 considerat
957 732 1219 802 templum
1249 731 1391 803 ejus.
1425 729 1579 786 Nunc
1607 730 1713 787 sibi
1741 746 1837 786 rex
1861 737 1947 785 est
1969 769 1984 794 ,
2157 732 2253 789 l3.
2289 731 2448 789 Venit
2468 746 2600 803 ergo
2623 731 2852 798 llelena,
2873 731 3044 801 ccepi:
3074 729 3323 785 revisere
3344 728 3462 784 loca
3486 739 3670 788 sancta.

383 825 602 897 quando
644 827 838 893 recipit
876 827 1040 883 etiam
1073 827 1102 857 ⁸
1146 827 1320 883 illium
1366 826 1687 883 Gratianum
1711 869 1725 892 ,
1760 836 1816 883 et
1860 825 1989 882 Pul-

386 919 630 977 eheriam
651 963 668 991 ,
695 922 1010 979 dulcissima
1053 922 1157 979 sibi
1205 924 1434 994 pignora
1457 964 1472 991 ,
1504 937 1624 993 qua:
1654 921 1741 976 hic
1787 921 1988 977 amise-

386 1024 505 1081 rat,
538 1014 759 1085 quando
788 1015 839 1071 ei
869 1030 964 1071 sua
999 1014 1262 1071 Flaccilla
1302 1013 1578 1082 adhmret,
1607 1013 1781 1070 ﬁdelis
1808 1010 1987 1068 anima

387 1107 530 1174 Deo;
559 1108 776 1179 quando
799 1117 1011 1179 patrem
1033 1108 1139 1165 sibi
1162 1107 1437 1164 redditum
1465 1108 1794 1180 gratulatur,
1820 1123 1990 1178 quan.

383 1201 454 1255 do
508 1200 926 1258 Constantinob
959 1202 1228 1259 adhaeret.
1308 1202 1409 1258 Cui
1463 1202 1593 1258 licet
1644 1201 1991 1272 baptismatis

386 1293 559 1362 gratia
585 1293 638 1349 in
670 1294 877 1351 ultimis
902 1296 1207 1351 constituto
1237 1295 1419 1350 omnia
1447 1304 1666 1365 peccata
1697 1286 1987 1359 dimiserit,

385 1398 567 1442 tanien
599 1387 747 1459 quod
792 1389 1004 1460 primus
1042 1390 1439 1460 imperatorum
1472 1387 1743 1455 credidit,
1786 1396 1841 1445 et
1872 1396 1997 1459 post

385 1499 445 1540 se
478 1482 854 1541 haereditatem
889 1484 1015 1543 ﬁdei
1065 1485 1405 1557 principibus
1450 1483 1783 1555 dereliquit,
1815 1483 1996 1551 magni

386 1576 568 1632 meriti
598 1576 780 1637 locum
821 1577 1045 1649 reperit.
1079 1577 1247 1649 Cujus
1279 1577 1621 1649 temporibus
1661 1576 1996 1646 completum

391 1680 479 1725 est
523 1670 653 1726 illud
684 1671 1067 1743 prOpheticum
1095 1691 1108 1727 :
1139 1672 1206 1727 In
1247 1672 1343 1727 illo
1388 1673 1474 1727 die
1523 1673 1649 1739 erit,
1677 1671 1816 1740 quod
1845 1688 1998 1743 super

2088 825 2289 882 infudit
2319 827 2366 882 ei
2398 826 2631 897 Spiritus
2659 835 2717 880 ut
2752 824 2963 896 lignum
3005 822 3194 879 crucis
3225 822 3565 892 requireret,
3597 838 3675 876 ac-

2089 920 2258 978 cessit
2297 919 2366 974 ad
2412 918 2679 990 Golgotlta
2701 960 2716 985 ,
2747 929 2803 974 et
2829 918 2936 973 ait:
2968 916 3119 972 Ecce
3162 916 3322 972 locus
3351 930 3567 985 pugnat,
3602 916 3677 970 ubi

2089 1024 2172 1069 est
2202 1011 2474 1068 victoria?
2499 1013 2697 1079 Qumro
2729 1011 2993 1067 vexillum
3037 1010 3238 1066 salutis
3261 1051 3275 1075 ,
3318 1020 3377 1066 et
3407 1024 3515 1064 non
3553 1011 3681 1065 inve»

2092 1108 2205 1164 nio.
2239 1107 2354 1178 Ego
2374 1148 2388 1174 ,
2423 1106 2598 1177 inquit
2618 1148 2633 1173 ,
2664 1106 2719 1162 in
2744 1107 2960 1177 regnis.
2990 1113 3050 1161 et
3078 1118 3219 1160 crux
3256 1102 3477 1160 Domini
3503 1104 3559 1158 in
3582 1104 3685 1175 pulo

2092 1203 2261 1260 vere?
2305 1201 2323 1241 τ
2372 1218 2474 1274 ego
2516 1203 2571 1258 in
2615 1202 2821 1268 aureis,
2853 1213 2910 1259 et
2946 1201 3001 1256 in
3035 1200 3219 1256 ruinis
3261 1198 3475 1256 Christi
3516 1200 3688 1254 trium-

2094 1295 2270 1367 phus?
2300 1295 2394 1352 ille
2424 1295 2601 1351 adhuc
2633 1295 2798 1363 latet,
2830 1305 2887 1350 et
2918 1294 3056 1350 latet
3085 1293 3266 1364 palma
3293 1290 3428 1346 vita:
3456 1294 3689 1346 aeterna?

2094 1388 2384 1457 Quomodo
2408 1404 2498 1446 me
2524 1387 2859 1460 redemptam
2881 1386 3151 1455 arbitror,
3177 1386 3221 1441 si
3252 1384 3571 1456 redemptio
3596 1385 3692 1455 ipsa

2098 1500 2210 1542 non
2236 1484 2515 1541 cernitur?

2170 1580 2261 1636 ιι.
2294 1579 2469 1635 Video
2510 1578 2640 1651 quid
2679 1578 2896 1649 egeris,
2934 1577 3199 1642 diabole,
3241 1586 3305 1631 ut
3347 1574 3573 1646 gladius
3606 1590 3696 1644 quo

2102 1683 2419 1745 peremptus
2449 1688 2546 1741 es,
2579 1672 2978 1728 obstrueretur.
3013 1681 3040 1719 ε
3074 1670 3185 1727 Sed
3210 1670 3370 1725 Isaac
3403 1668 3698 1724 obslmclos

343 1831 347 1835 ν
392 1766 602 1835 frenum
653 1765 797 1837 equi,
847 1775 1083 1821 sanctum
1132 1765 1356 1821 Domino
1405 1765 1748 1837 onmipotenti
1797 1763 1994 1837 (Zaclt.

2130 1772 2173 1828 .b
2200 1769 2524 1842 alienigenis
2554 1781 2753 1840 puteos
2793 1768 3109 1824 eruderavit
3132 1809 3148 1833 ,
3183 1782 3289 1822 nec
3318 1767 3501 1821 latere
3528 1779 3699 1834 aquam

394 1872 509 1927 xrv,
557 1856 681 1932 20).
714 1858 872 1928 Quod
901 1859 994 1915 illa
1038 1869 1243 1916 sancite
1273 1860 1559 1916 meruerim
1585 1858 1790 1916 Helena
1829 1867 2002 1914 mater
2103 1880 2302 1937 passus
2329 1873 2416 1920 est
2448 1862 2613 1935 (Gen.
2647 1878 2804 1929 xxvi,
2836 1860 2969 1933 18).
3002 1860 3262 1917 Tollatur
3309 1859 3488 1931 igitur
3534 1858 3699 1919 ruina,

392 1952 512 2023 ejus
532 1951 717 2009 infuso
747 1952 853 2010 sibi
882 1954 980 2011 Dei
1011 1954 1219 2025 Spiritu
1250 1955 1544 2011 revelavit.
2105 1968 2163 2015 ut
2190 1958 2299 2013 vita
2329 1966 2620 2029 appareat:
2656 1965 2943 2027 promatur
2969 1954 3225 2025 gladius,
3253 1968 3370 2024 quo
3397 1951 3518 2007 veri
3557 1950 3704 2007 Colla:

462 2042 556 2100 41.
601 2044 803 2102 Beatus
829 2044 1222 2105 Constantinus
1249 2048 1343 2104 tali
1371 2058 1604 2119 parente
1624 2091 1639 2115 ,
1666 2066 1789 2121 qua:
1833 2052 2004 2121 impe-
2105 2063 2269 2124 caput
2299 2061 2387 2109 est
2430 2059 2769 2123 amputatum
2800 2048 2860 2121 (1
2886 2046 3019 2122 Reg.
3074 2064 3216 2113 xvit,
3246 2048 3354 2121 51)
3381 2066 3396 2102 :
3449 2048 3705 2117 aperiatur

397 2139 541 2194 ranti
588 2137 703 2195 [ilio
733 2140 904 2197 divini
941 2141 1189 2198 muneris
1218 2152 1241 2181 ο
1269 2142 1530 2214 quaesivit
1560 2143 1862 2213 auxilium,
1900 2160 2008 2217 quo
2109 2148 2329 2212 humus,
2363 2154 2423 2201 ut
2462 2145 2611 2201 salus
2633 2143 2837 2215 fulgeat
2866 2142 3048 2217 (Esai.
3082 2158 3210 2208 va,
3237 2140 3335 2213 8).
3368 2140 3521 2209 Quid
3547 2141 3701 2211 egisti,

396 2231 545 2290 inter
583 2233 769 2305 praelia
816 2250 1035 2307 quoque
1079 2246 1227 2294 tutus
1257 2237 1580 2305 assisteret,
1614 2248 1670 2295 et
1700 2240 2005 2309 periculum
2109 2240 2365 2307 diabole,
2415 2251 2475 2296 ut
2525 2238 2897 2296 absconderes
2943 2236 3195 2309 lignum;
3252 2236 3365 2292 nisi
3414 2244 3476 2290 ut
3537 2235 3706 2290 iterum

402 2344 513 2386 non
534 2328 773 2386 timeret.
808 2330 1003 2399 Magna
1033 2331 1233 2388 femina
1256 2374 1271 2400 ,
1303 2347 1428 2404 quae
1457 2332 1631 2389 multo
1659 2334 1896 2405 amplius
1921 2334 2003 2389 in-

402 2424 555 2479 venit
606 2425 754 2496 quod
808 2426 1129 2497 imperatori
1172 2426 1481 2490 conferret,
1535 2443 1697 2499 quam
1747 2428 1893 2500 quod
1943 2429 2013 2484 ab

406 2517 741 2589 imperatore
788 2519 1087 2590 acciperet.
1151 2519 1326 2575 Anxia
1379 2529 1555 2577 mater
1614 2535 1715 2590 pro
1751 2520 1897 2587 lilio,
1928 2524 2014 2578 cui

406 2624 640 2679 regnum
678 2608 827 2666 orbis
857 2609 1090 2667 Romani
1119 2621 1393 2678 cesserat,
1440 2611 1724 2669 festinavit
1756 2613 2013 2670 Hieroso-

409 2702 613 2776 lymam
638 2744 654 2771 ,
681 2713 737 2760 et
759 2713 998 2761 scrutata
1028 2711 1114 2761 est
1144 2705 1321 2761 locum
1346 2705 1644 2762 Dominieae
1669 2707 1962 2779 passionis.

479 2798 571 2854 42.
606 2796 634 2835 ἀ
664 2798 1032 2856 Stabulariam
1065 2799 1206 2856 hanc
1235 2801 1412 2872 primo
1438 2801 1606 2858 fuisse
1630 2811 1915 2867 asserunt,
1939 2802 2018 2858 sic

408 2893 685 2965 cognitam
735 2890 1061 2951 Constantio
1101 2895 1349 2963 seniori,
1400 2895 1492 2967 qui
1550 2906 1741 2966 postea
1789 2911 2017 2968 regnum

409 2989 642 3061 adeptus
688 2997 797 3047 est.
829 2990 976 3045 Bona
1024 2990 1362 3057 stabularia,
1413 3007 1534 3062 qua:
1582 3000 1688 3047 tam
1730 2992 2023 3064 diligenter

406 3099 658 3156 pra-sepe
699 3083 918 3142 Domini
967 3086 1277 3157 requisivit.
1323 3085 1471 3142 Bona
1515 3086 1854 3156 slabularia,
1900 3103 2022 3159 qum

2113 2334 2447 2392 vineereris?
2480 2332 2619 2390 Vicit
2650 2340 2703 2388 te
2732 2330 2933 2397 Maria,
2966 2344 3093 2401 qum
3128 2329 3331 2401 genuit
3359 2327 3707 2399 triumphato-

2114 2444 2254 2497 rem,
2279 2443 2406 2499 qua:
2432 2427 2552 2483 sine
2578 2426 2959 2483 imminutione
2981 2424 3353 2495 virginitatis,
3382 2423 3561 2480 edidit
3578 2437 3706 2477 eum.

2114 2523 2206 2592 qui
2238 2520 2536 2577 crucifixus
2573 2520 2821 2576 vinceret
2868 2529 2921 2575 te
2943 2559 2957 2585 ,
2991 2527 3046 2574 et
3078 2526 3341 2573 mortuus
3386 2516 3705 2587 subiugata.

2116 2614 2368 2671 Vinceris
2391 2623 2446 2670 et
2477 2613 2670 2678 hodie,
2698 2621 2756 2668 ut
2780 2612 2978 2668 mulier
3008 2622 3129 2667 tuas
3168 2610 3411 2667 insidias
3436 2610 3707 2681 deprehm-

2116 2712 2229 2768 dat.
2258 2709 2355 2767 Illa
2379 2710 2530 2781 quasi
2555 2717 2743 2766 sancta
2773 2708 3060 2764 Dominum
3086 2705 3365 2778 gestavit,
3391 2721 3501 2777 ego
3520 2719 3708 2761 ornem

2118 2805 2236 2877 ejus
2263 2802 2643 2874 investigabo:
2677 2801 2769 2857 illa
2798 2810 3127 2873 generatum
3159 2800 3390 2867 docuit,
3420 2816 3528 2872 ego
3562 2813 3709 2856 resus-

2118 2901 2383 2956 citatum:
2415 2898 2505 2954 illa
2534 2897 2669 2954 fecit
2696 2907 2755 2952 ut
2787 2895 2935 2953 Deus
2966 2896 3116 2951 inter
3139 2895 3408 2952 homines
3437 2894 3702 2951 videretur.

2121 3008 2223 3065 ego
2244 2992 2311 3047 ad
2343 3001 2655 3048 nostrorum
2677 2989 2979 3047 remedium
3012 3000 3379 3061 peccatorum
3403 2988 3637 3045 divinum
3653 2988 3701 3041 ἐξ

2122 3086 2299 3143 ruinis
2324 3084 2555 3141 elevabo
2579 3083 2856 3140 vexillum.

410 3177 773 3235 stabularium
808 3194 917 3235 non
954 3180 1235 3251 ignoravit
1262 3179 1410 3236 illum
1438 3224 1455 3250 ,
1488 3181 1579 3253 qui
1608 3182 1834 3238 vulnera
1865 3196 2023 3237 cura-
2048 3180 2094 3242 C
2194 3180 2285 3237 45.
2322 3179 2512 3252 Aperit
2538 3178 2722 3249 itaque
2749 3179 3010 3245 humum,
3040 3178 3264 3235 decutit
3289 3180 3607 3251 pulverem:
3631 3178 3709 3232 tria

416 3275 497 3329 vit
525 3288 557 3328 a
588 3273 897 3332 latronibus
945 3274 1217 3332 vulnerati
1250 3274 1417 3346 (Luc.
1462 3292 1518 3343 x,
1551 3276 1620 3333 54
1641 3276 1680 3348 ).
1714 3278 1865 3333 Bona
1909 3289 2021 3333 sta-

418 3365 629 3422 bularia
651 3407 668 3434 ,
700 3377 722 3404 ε
750 3382 874 3439 qua:
906 3368 1100 3425 maluit
1123 3370 1385 3426 aestimari
1413 3380 1688 3441 stercora,
1722 3373 1936 3445 1210
1960 3382 2021 3428 ut

489 3521 518 3551 α
558 3511 679 3570 Vet.
704 3511 864 3580 edit.,
885 3512 1053 3581 filium
1076 3510 1417 3577 Gratianum,
1442 3521 1490 3567 et
1523 3513 1741 3580 pulchra
1756 3517 1873 3581 jam
1901 3513 2020 3568 dul-

417 3585 656 3651 cissima;
678 3583 839 3639 Rom.
870 3584 1027 3649 edit.,
1051 3584 1219 3651 ﬁlium
1244 3581 1575 3648 Gratianum.
1601 3594 1648 3639 et
1675 3581 2021 3656 pulcherrima

424 3673 486 3714 ac
536 3656 873 3727 dulcissima:
916 3656 996 3727 sic
1042 3656 1204 3712 etiam
1235 3656 1423 3725 scripti
1464 3656 1589 3713 cod.
1638 3668 1870 3727 excepto
1898 3657 2018 3713 Vat.

421 3741 564 3793 uno,
596 3724 814 3781 Thuan.
846 3736 901 3782 et
929 3726 1108 3791 Belv.,
1139 3727 1191 3782 in
1220 3724 1447 3796 quibus,
1479 3728 1646 3797 ﬁlium
1676 3724 2018 3793 Gratianum,

416 3812 469 3858 et
497 3797 832 3853 Pulcheriam
857 3798 1157 3854 dulcissima
1177 3841 1191 3863 ,
1221 3809 1327 3854 etc.
1357 3798 1640 3866 Quomodo
1670 3811 1851 3855 autem
1885 3800 2021 3857 Gra-

421 3875 600 3928 tianus
621 3868 917 3926 Theodosii
945 3870 1090 3925 filius
1111 3870 1218 3926 dici
1245 3870 1513 3940 potuerit,
1537 3887 1565 3926 a
1590 3872 1745 3928 nobis
1765 3873 1832 3927 ad
1853 3873 2016 3940 epist.

422 3944 486 4000 5|
517 3941 846 4012 explicatum
874 3949 982 3997 est.
1017 3941 1072 3997 Si
1107 3950 1287 3997 tamen
1331 3943 1528 4012 aliquis
1562 3954 1682 4012 post
1726 3943 2019 3999 Baronium

422 4011 703 4073 existimet
727 4011 1045 4070 Gratianum
1072 4013 1216 4069 hunc
1239 4030 1368 4070 vere
1391 4011 1453 4069 ac
1479 4011 1703 4085 proprie
1726 4014 2021 4072 Theodosii

420 4086 595 4144 lilium
624 4086 887 4155 appellari
909 4126 925 4149 ,
958 4086 1059 4155 ipsi
1095 4086 1288 4141 saltem
1317 4098 1507 4142 contra
1543 4087 1795 4142 eumdem
1826 4088 2021 4142 Cardi-

423 4159 602 4215 nalem
628 4156 917 4213 dicendum
957 4157 1064 4212 erit
1094 4157 1247 4213 illum
1287 4157 1607 4214 Gratianum
1657 4173 1764 4213 non
1798 4174 1829 4214 e
1867 4158 2024 4214 Flac-

422 4231 579 4294 cilla,
605 4229 691 4284 cui
720 4239 832 4284 tres
855 4229 1055 4284 liberos
1079 4227 1375 4301 Gregorius
1398 4229 1558 4301 Nyss.
1589 4232 1642 4285 in
1667 4230 1786 4301 ejus
1809 4230 2022 4287 funebri

425 4303 676 4357 oratione
727 4309 934 4355 tantum
986 4300 1251 4371 assignat,
1279 4300 1523 4370 genitum
1573 4300 1727 4367 esse,
1768 4316 1959 4358 verum
1990 4317 2022 4358 e

427 4372 582 4429 Galla
631 4371 868 4427 secunda
920 4371 1165 4441 ejusdem
1214 4372 1476 4442 principis
1526 4389 1729 4437 uxore,
1764 4390 1924 4443 quam
1966 4376 2021 4429 in

426 4448 548 4513 ipso
574 4451 727 4512 partu
760 4444 948 4508 paucis
986 4442 1178 4499 diebus
1208 4450 1498 4513 antequam
1530 4445 1621 4499 ille
1669 4445 1736 4500 ad
1785 4444 2024 4501 inferen-

427 4515 560 4588 dum
589 4513 832 4588 Eugenio
858 4513 1146 4588 bellumin
1200 4514 1408 4588 Italiam
1442 4517 1681 4588 veniret,
1716 4518 2025 4588 exspirasse

431 4586 652 4643 tradunt
680 4584 945 4640 historici.
968 4584 1146 4656 Hujus
1168 4601 1332 4655 porro
1361 4584 1531 4642 Gallae
1557 4587 1646 4643 hic
1694 4584 2022 4645 meniinnem

432 4673 542 4715 non
569 4656 699 4715 fecit
727 4655 1085 4729 Ambrosius,
1120 4656 1261 4714 forte
1296 4657 1442 4729 quod
1471 4673 1593 4714 cum
1634 4660 1861 4716 educata
1892 4661 2026 4718 fuis-

432 4741 516 4788 set
558 4729 701 4798 apud
752 4736 981 4801 matrem
1022 4727 1323 4801 ᾼιῄἰτιιιειιιι,⁷
1362 4729 1568 4799 aliquid
1598 4734 1831 4801 contagii
1860 4749 1930 4788 ex
1959 4750 2021 4788 ea

430 4808 817 4873 contraxerat,
852 4800 993 4873 unde
1041 4800 1174 4873 fides
1198 4800 1368 4870 ipsius
1416 4802 1595 4859 minus
1624 4800 1831 4873 integra
1859 4804 2023 4861 habe-

432 4884 607 4930 retur.
639 4871 827 4943 Neque
852 4872 1013 4944 renim
1049 4871 1428 4944 Philostorgio
1457 4871 1787 4930 credendum
1821 4893 2027 4942 remur,

433 4945 526 5016 qui
561 4959 683 5016 eam
714 4943 941 5016 omnino
968 4943 1183 4999 Arianis
1237 4943 1483 5015 partibus
1517 4946 1787 5002 addictam
1816 4946 2028 5003 scribit.

434 5014 591 5084 Quod
622 5030 752 5089 vero
778 5014 847 5071 ad
878 5014 1183 5089 Flaccillam
1205 5056 1221 5081 ,
1242 5014 1465 5089 'summa
1498 5018 1698 5073 virtute
1724 5033 1788 5072 ac
1814 5019 2035 5089 religio-

436 5103 507 5162 ne
532 5087 812 5162 praeditam
833 5102 954 5162 eam
981 5085 1150 5162 fuisse
1170 5088 1569 5162 cognoscimus:
1588 5089 1656 5146 de
1678 5103 1784 5162 qua
1809 5085 2033 5148 consule

437 5158 843 5215 Theodoretum
878 5159 974 5215 lib.
1006 5174 1039 5213 v
1062 5158 1293 5226 Histor’.,
1319 5174 1438 5230 cap.
1474 5160 1563 5217 i9.

508 5230 538 5270 δ
577 5230 698 5285 Non
726 5230 899 5301 potuit
943 5230 1266 5286 Ambrosius
1295 5232 1619 5288 clarioribus
1668 5233 1852 5289 verbis
1878 5248 2034 5289 suam

441 5306 510 5357 de
553 5302 891 5374 Constantini
931 5301 1201 5374 baptismo
1243 5303 1567 5358 sententiam
1619 5319 1892 5374 promere.
1924 5304 2034 5362 Sed

447 5374 615 5428 nihilo
641 5372 926 5429 obscurius
947 5372 1199 5429 eumdem
1230 5374 1526 5444 principem
1550 5375 1604 5429 in
1623 5372 1889 5432 extremis
1916 5387 2035 5433 tan-

443 5452 558 5497 tum
586 5456 653 5498 eo
674 5444 1303 5518 sacramentoinitiatum
1326 5460 1448 5502 esse
1465 5445 1556 5501 alii
1582 5448 1878 5518 scriptores
1901 5464 2033 5505 con—

446 5521 735 5585 testantur,
763 5525 823 5569 ut
849 5516 1392 5585 putaEusebius,lib.
1417 5533 1473 5572 tv
1501 5517 1570 5573 de
1598 5516 1719 5575 Vita
1746 5517 2029 5577 Constant.

446 5597 568 5661 cap.
599 5584 663 5661 ﬁt
695 5594 750 5640 et
777 5584 866 5661 ϐξ
868 5602 896 5661 ςΔ
910 5585 1288 5661 Hieronymus,
1315 5591 1366 5644 in
1417 5587 1720 5656 Chronico;
1753 5591 2031 5661 Socrates,

452 5651 545 5733 lib.
568 5652 736 5733 Illist.
761 5670 811 5710 c.
834 5656 904 5713 59
920 5673 935 5720 ;
952 5651 1309 5733 Sozomenus,
1327 5660 1502 5733 lib.tt,
1528 5651 1753 5729 cap.‘5£;
1782 5651 2034 5721 Theodo;

455 5730 626 5785 retus,
643 5723 736 5778 lib.
761 5741 797 5791 ι,
823 5742 944 5794 cap.
967 5726 1040 5781 32
1070 5736 1124 5782 et
1147 5729 1268 5795 alii;
1294 5723 1350 5786 ut
1367 5723 1562 5787 mirum
1585 5723 1837 5789 videatur
1857 5736 2035 5794 adhuc

454 5795 701 5861 exstare,
723 5796 816 5865 qui
856 5796 1266 5856 Censtantiuum
1301 5817 1330 5856 a
1376 5803 1661 5874 Sylvcstro
1688 5819 1827 5879 papa
1854 5807 2029 5881 bapti-

2125 3275 2364 3348 patibula
2396 3272 2627 3330 confusa
2654 3273 2887 3343 reperit,
2921 3288 3045 3344 qua:
3070 3274 3236 3329 ruina
3261 3283 3608 3340 contexerat,
3632 3271 3709 3327 iui-

2126 3372 2300 3428 mieus
2326 3368 2710 3427 absconderat.
2732 3368 2840 3427 Sed
2866 3385 2974 3425 non
2997 3368 3183 3441 potuit
3208 3369 3525 3427 oblitterari
3543 3367 3712 3425 Christi

2123 3521 2302 3568 zatum
2332 3527 2401 3567 ex
2431 3509 2581 3566 Actis
2627 3508 2953 3581 apocryphis
2976 3551 2991 3574 ,
3040 3518 3115 3581 et,
3140 3524 3270 3579 quae
3302 3510 3411 3577 ipsi
3450 3509 3513 3581 in
3561 3504 3712 3581 multis

2122 3584 2417 3654 depravata
2435 3578 2705 3652 coguntur
2724 3578 3048 3654 agnoscere,
3070 3578 3411 3654 obStinatius
3431 3578 3708 3636 defendant.

2200 3652 2221 3695 δ
2262 3655 2540 3711 Habemus
2592 3653 2696 3707 hoc
2748 3653 2909 3707 etiam
2972 3653 3095 3706 loco
3154 3652 3573 3714 venerationis,
3605 3665 3709 3721 qua-

2123 3728 2288 3799 prisci
2318 3725 2603 3782 christiani
2643 3739 2832 3799 sacras
2859 3724 3123 3794 reliquias
3156 3724 3647 3799 prosequebantur,
3669 3731 3713 3775 et

2127 3796 2230 3858 uia:
2274 3798 2484 3854 ﬁducia:
2531 3812 2692 3868 quam
2716 3796 2773 3851 in
2820 3811 3008 3868 earum
3040 3796 3308 3866 praesidio
3360 3796 3709 3868 reponebat.

2124 3872 2339 3943 insigne
2386 3866 2788 3943 testimonium.
2823 3866 2951 3943 Sed
3009 3883 3276 3943 quorsum
3304 3910 3321 3934 ,
3380 3868 3625 3943 inquies,
3671 3866 3710 3943 in

2125 3939 2419 3999 Theodosii
2467 3941 2781 3997 laudatione
2823 3939 3136 4009 Itujusmodi
3184 3941 3452 3995 excursio
3482 3942 3535 3993 in

2127 4014 2527 4070 inventionem?
2548 4011 2961 4083 Respondemus
2984 4013 3124 4068 satis
3147 4010 3456 4067 Ambrosio
3476 4010 3712 4066 familiare

2127 4102 2250 4142 esse
2279 4102 2309 4142 a
2339 4086 2613 4156 proposita
2654 4084 2880 4157 materia
2913 4083 3163 4155 digredi,
3192 4100 3321 4157 cum
3351 4084 3444 4153 pia
3473 4083 3710 4157 quaquam

2126 4160 2321 4215 invitat
2340 4153 2567 4213 occasio
2592 4200 2607 4222 ,
2648 4154 2826 4227 qualis
2854 4153 2956 4210 fuit
2981 4153 3204 4211 'mentio
3231 4154 3583 4211 Constantini
3599 4194 3625 4227 ,_
3641 4153 3707 4219 qui

2126 4234 2335 4302 primus
2374 4225 2747 4302 Cmsarumfin
2775 4227 2938 4302 bouis
2967 4227 3152 4302 crucis
3179 4227 3446 4302 vexillum
3496 4225 3707 4302 praefert.

2126 4297 2330 4357 voluit:
2357 4316 2459 4372 qua
2483 4300 2536 4355 iu
2567 4316 2627 4356 re
2652 4300 2828 4368 ipsum
2850 4297 3197 4372 Theodosius
3223 4300 3276 4353 in
3304 4299 3461 4372 bello
3478 4300 3711 4372 adversus

2131 4370 2429 4444 Eugenium
2454 4372 2697 4427 imitatus
2708 4379 2812 4435 est.
2829 4370 3293 4444 quemadmodum
3308 4386 3383 4426 ex
3399 4370 3705 4444 Theodoreti

2130 4442 2295 4512 libfv,
2310 4460 2431 4512 cap.
2446 4444 2540 4509 24,
2560 4444 2807 4500 etOrusii
2836 4443 2930 4497 lib.
2949 4445 3004 4508 7,
3019 4458 3142 4509 cap.
3160 4442 3709 4513 56,Cognoscaslic:L

2201 4515 2227 4554 ἀ
2270 4516 2635 4576 Stabulariam
2661 4514 2983 4572 Ambrosius
3011 4513 3278 4570 Helenam
3308 4514 3478 4581 dicit,
3499 4513 3643 4585 quod
3662 4526 3709 4563 ex

2130 4600 2283 4660 patre
2301 4589 2390 4659 qui
2416 4587 2634 4660 publico
2660 4586 2964 4642 diversorio
2988 4588 3236 4660 hospites
3255 4587 3593 4660 excipiebat,
3612 4590 3709 4660 nata

2127 4654 2465 4718 crederetur.
2495 4658 2683 4729 Neque
2710 4670 2890 4714 tamen
2932 4657 3323 4728 sumuslnescii
3353 4654 3639 4713 Baronium
3661 4654 3709 4707 ad

2129 4749 2221 4788 an.
2253 4732 2359 4789 306
2386 4730 2631 4787 scribere
2672 4742 2903 4786 matrem
2932 4730 3276 4787 Constantini
3309 4731 3478 4785 ﬁliam
3508 4730 3660 4784 unius
3687 4738 3710 4776 ε

2131 4806 2339 4878 regulis
2385 4803 2685 4878 Britannia:
2714 4804 2936 4878 nomine
2964 4802 3095 4859 Coel
3123 4803 3439 4878 exstitisse,
3471 4800 3631 4878 idque
3658 4798 3708 4850 ab

2134 4873 2373 4947 antiquis
2401 4875 2579 4944 gentis
2611 4874 2887 4931 historicis
2916 4889 3043 4930 esse
3073 4873 3577 4947 proditumamqui
3604 4883 3705 4947 cum

2134 4944 2325 5005 omnes
2352 4947 2719 5002 Romanarum
2750 4961 2936 5003 rerum
2969 4944 3269 5013 scriptores
3301 4944 3564 5001 Helenam
3593 4945 3705 4999 Con-

2134 5020 2321 5076 stantii
2365 5018 2730 5074 concubinam
2754 5017 2973 5083 dicant,
3001 5027 3058 5072 et
3082 5017 3498 5074 Constantinum
3538 5031 3603 5071 ex
3632 5015 3705 5068 itu-

2138 5092 2360 5162 paribus
2419 5090 2622 5160 nuptiis
2669 5098 2855 5145 natum
2902 5089 3382 5162 asserant,_hanc
3429 5105 3459 5162 a
3502 5085 3704 5162 Baroaiﬁ

2136 5158 2619 5219 commemoratam
2676 5161 2990 5233 opinionem
3048 5176 3150 5233 pro
3195 5159 3373 5216 fabula
3432 5158 3701 5233 habendam

2137 5236 2403 5293 credibile
2450 5244 2553 5289 est.
2587 5230 2749 5300 Vide,
2798 5234 2844 5288 si
2889 5230 3067 5297 lubet;
3101 5231 3371 5288 Chronica
3421 5230 3631 5287 Eusebii
3665 5234 3702 5281 et

2136 5307 2472 5366 Cassiodori:
2502 5306 2769 5362 Historias
2799 5306 2999 5370 Orosii,
3018 5305 3115 5361 lib.
3148 5321 3243 5369 vn,
3273 5301 3698 5373 cap.16;Eutro-

2139 5380 2211 5448 pii
2236 5379 2327 5435 lib.
2359 5395 2413 5443 x;
2443 5377 2644 5434 Zosimi
2668 5377 2763 5433 lib.
2788 5393 2848 5441 tt;
2872 5375 3165 5448 Nicephori
3189 5376 3285 5431 lib.
3302 5392 3399 5439 vn,
3420 5390 3537 5448 cap.
3560 5373 3698 5448 ίεςξι

2138 5438 2280 5507 inter
2294 5438 2646 5516 recentiores,
2663 5438 2859 5506 Morini
2874 5450 2966 5503 lib.
2988 5438 3024 5503 ti
3045 5451 3113 5504 de
3129 5448 3369 5504 Liberat.
3385 5438 3585 5502 Eccles.
3603 5438 3693 5498 ιϐ.

2214 5526 2236 5595 ‘f
2277 5522 2412 5593 Reg.
2435 5521 2607 5595 codex
2627 5563 2641 5587 ,
2663 5538 2778 5593 qua:
2807 5522 2986 5577 omnia
3008 5522 3310 5585 testimonii,
3337 5532 3392 5573 ut
3412 5527 3668 5595 stercora.-

2214 5585 2232 5625 ί
2275 5585 2476 5667 υιιῇιειε
2516 5585 2883 5667 edit.,jegoiu
2924 5594 3098 5657 aulis;
3124 5606 3316 5667 utnnes
3350 5605 3519 5667 _mss.,

2132 5668 2326 5723 aureis.
2349 5665 2457 5721 Sed
2482 5662 2916 5720 subaudiendum
2941 5675 3025 5721 est
3048 5665 3258 5732 palatiis
3284 5662 3368 5720 vel
3392 5664 3687 5732 orum,
3644 5662 3677 5729 "

2207 5749 2232 5785 ε
2271 5737 2427 5797 Cuib.
2472 5736 2624 5801 cod.,
2675 5736 2784 5794 Sed
2825 5735 2936 5793 luce
2974 5730 3288 5795 obstructos.
3438 5746 3525 5789 aer
3554 5730 3685 5786 lata?

2136 5824 2319 5883 aquam
2344 5824 2497 5881 passa
2530 5817 2623 5865 est.
