3866 6288
50 306 190 363 MOI

1163 304 1251 361 DE
1288 301 1496 361 OBITU
1537 300 1903 360 THEODOSII
1941 300 2227 360 ORATIO.

3215 303 3357 362 “0‘2

47 426 385 498 triumphus.
435 427 644 484 Incerto
665 428 836 483 haeret
872 442 887 481 :
947 425 1118 483 lueret
1138 469 1154 496 ,
1204 434 1262 482 ιιι
1289 425 1518 493 mulier;
1550 424 1645 482 scd
1671 424 1723 487 A
1753 423 1914 481 dema
1942 424 2174 497 gemmis
2216 424 2556 497 insignitum,
2585 438 2723 497 quas
2752 425 3050 496 pretiosior
3096 425 3244 484 ferro
3275 427 3362 482 in-

43 529 261 576 certam
293 520 607 591 indaginem
634 519 867 592 Spiritus
897 528 1125 578 sanctus
1152 519 1388 592 inspirat
1415 534 1482 577 eo
1504 520 1648 592 quod

45 615 161 670 duo
192 614 435 670 latrones
466 630 588 669 cum
634 614 869 671 Domino
898 615 1145 672 cruciﬁxi
1196 614 1416 671 fuerint.
1447 614 1653 684 Quaerit

47 724 184 781 ergo
215 708 454 765 medium
484 708 711 781 lignum.
734 709 841 768 Sed
862 719 1075 780 poterat
1099 710 1216 767 fieri
1240 720 1298 766 ut
1318 710 1554 782 patibula
1571 710 1652 765 in-

49 810 132 858 ter
154 816 216 859 se
245 801 403 858 ruina
429 802 813 870 confunderet,
835 814 860 841 ει
878 818 1039 860 casus
1069 805 1387 861 inverteret.
1408 803 1567 860 Redit
1583 803 1650 859 ad

45 893 339 967 Evangelii
368 897 659 954 lectionem
679 941 693 966 ,
726 898 936 955 invenit
960 899 1088 970 quia
1120 899 1175 956 in
1204 900 1387 956 medio
1410 899 1652 969 patibulo

44 990 314 1059 praelatus
339 989 528 1047 titulus
548 999 697 1047 erat:
720 989 878 1047 Jesus
918 990 1226 1048 Nazarenus
1245 1034 1261 1061 ,
1286 991 1402 1048 Rea:
1429 992 1651 1048 Judwo-

43 1100 163 1137 rnm
196 1081 393 1156 (Joan.
427 1095 547 1151 xxx,
579 1081 701 1158 t9).
735 1084 873 1141 Hinc
899 1085 1131 1142 collecta
1178 1095 1263 1141 est
1291 1088 1464 1143 series
1505 1088 1650 1144 veri-

45 1175 179 1231 tatis
202 1216 215 1241 ,
252 1175 411 1232 titulo
439 1191 574 1233 crux
613 1181 786 1248 patuit
813 1179 1092 1235 salutaris.
1122 1179 1238 1236 Hoc
1262 1188 1347 1236 est
1387 1180 1531 1251 quod
1558 1197 1653 1253 pe-

48 1267 297 1324 tentibus
344 1268 546 1326 Judzcis
596 1270 806 1327 Pilatus
860 1272 1142 1342 respondit
1181 1291 1194 1328 :
1230 1272 1385 1339 Quod
1432 1275 1651 1345 scripsi,

50 1368 265 1440 1211
297 1366 482 1435 scripsi
509 1364 717 1439 (Ibid.,
740 1364 877 1437 22),
912 1367 965 1423 id
1014 1379 1132 1432 est,
1168 1384 1277 1425 non
1322 1384 1383 1424 ea
1432 1368 1652 1439 scripsi,

46 1474 173 1529 qua:
199 1458 357 1515 vobis
386 1459 669 1530 placerent
697 1500 710 1525 ,
757 1459 851 1515 scd
882 1475 1003 1531 qum
1034 1471 1169 1515 tetas
1218 1463 1396 1517 futura
1428 1478 1657 1535 cognos—

47 1560 245 1608 ceret:
276 1567 384 1607 non
416 1551 571 1608 vobis
613 1552 805 1622 scripsi
831 1593 845 1619 ,
873 1552 968 1608 sed
994 1553 1335 1624 posteritati;
1362 1570 1659 1626 propemo-

47 1645 183 1700 dum
210 1644 437 1701 dicens:
464 1644 670 1701 Habeat
695 1644 901 1701 Helena
933 1645 1080 1717 quod
1109 1646 1280 1718 legat,
1303 1646 1330 1685 ι)
1358 1648 1501 1704 unde
1531 1662 1656 1704 cru-

42 1755 166 1796 cem
203 1740 417 1796 Domini
452 1748 834 1811 recognoscat.

1753 532 1923 575 nexas
1953 518 2136 575 crucis
2166 518 2561 591 redemptionis
2583 518 2788 575 divinae
2814 534 3027 591 gemma
3060 532 3361 578 connecte-

1753 620 1859 666 rct.
1881 609 2110 681 Misit_et
2132 610 2367 667 frenum.
2402 610 2649 681 Utroque
2675 625 2806 668 usus
2831 620 2917 667 est
2936 610 3352 681 Constantinus,

1752 712 1808 757 et
1855 676 2346 759 ﬁdem'transmisit
2394 703 2461 759 ad
2493 676 2743 775 posteros
2789 720 2967 777 reges.
3012 676 3353 779 Principium

1755 798 1938 869 itaque
1963 797 2306 855 credentium
2338 799 2732 869 imperatorum
2768 809 2792 837 θ
2823 809 3071 857 sanctum
3104 811 3190 857 cst
3215 801 3361 873 quod

1755 907 1922 965 super
1956 893 2170 950 frenum
2204 893 2393 965 (Zach.
2421 910 2536 962 xw,
2582 893 2676 966 20)
2705 911 2721 951 :
2753 910 2821 951 ex
2854 895 2954 953 illo
2984 894 3143 965 ﬁdes,
3168 906 3225 952 ut
3251 910 3371 967 per-

1755 989 1966 1044 secutio
1988 996 2252 1055 cessaret,
2276 988 2496 1046 devotio
2537 989 2883 1047 succederet.

1825 1067 1918 1140 Ᾱέ.
1955 1083 1975 1123 ί
2010 1084 2305 1156 Sapienter
2332 1084 2560 1150 Helena,
2584 1101 2705 1157 quae
2735 1101 2954 1144 crucem
2986 1087 3039 1142 in
3064 1088 3241 1157 capite
3268 1104 3357 1144 rc—

1754 1192 1919 1249 gnum
1951 1178 2186 1244 locavit;
2219 1185 2277 1233 ut
2304 1193 2435 1234 crux
2468 1179 2668 1236 Christi
2700 1179 2753 1234 in
2805 1179 3027 1251 regibus
3075 1178 3358 1238 adoretur.

1755 1269 1874 1327 Non
1898 1271 2188 1327 insolentia
2222 1271 2350 1340 ista,
2376 1271 2470 1328 sed
2503 1272 2676 1343 pietas
2702 1281 2787 1328 cst
2809 1289 2824 1338 ;
2850 1288 2975 1329 cum
3005 1270 3254 1329 defertur
3276 1287 3363 1328 sa-

1752 1380 1859 1422 cra:
1886 1365 2270 1436 redemptioni.
2316 1365 2500 1422 Bonus
2546 1366 2730 1436 itaque
2773 1366 2963 1422 clavus
2992 1364 3224 1421 Romani
3255 1368 3359 1423 im-

1755 1459 1913 1531 perii,
1945 1460 2035 1530 qui
2065 1469 2235 1516 totum
2268 1461 2408 1532 regit
2460 1461 2672 1529 orbem,
2721 1475 2785 1517 ac
2833 1459 2999 1517 vestit
3045 1459 3356 1532 principum

1752 1554 2023 1619 frontem;
2053 1562 2111 1609 ut
2137 1553 2247 1609 sint
2277 1551 2687 1623 praedicatores,
2711 1552 2801 1623 qui
2827 1562 3211 1624 persecutores
3234 1568 3358 1609 esse

1755 1656 2180 1703 consueverunt.
2210 1646 2379 1703 Recte
2402 1647 2454 1702 in
2483 1647 2663 1717 capite
2683 1646 2900 1711 clavus,
2928 1654 2990 1702 ut
3022 1647 3112 1704 ubi
3163 1660 3359 1703 sensus

1757 1750 1865 1807 est,
1891 1739 1963 1795 ibi
1994 1741 2064 1795 sit
2095 1739 2433 1812 praesidium.
2466 1742 2524 1797 ιιι
2555 1741 2761 1797 vertice
2810 1754 3016 1796 corona
3048 1749 3073 1790 Β
3101 1739 3156 1796 ἰιι
3184 1741 3362 1796 mani-

115 1831 211 1888 46.
244 1831 457 1887 Invenit
488 1845 619 1902 ergo
648 1831 894 1898 titulum,
928 1832 1130 1905 Regem
1153 1834 1424 1903 adoravit,
1460 1852 1565 1892 non
1594 1836 1659 1892 li-
1688 1834 1737 1896 B
1763 1833 1864 1889 bus
1893 1834 2126 1892 habena.
2160 1834 2375 1891 Corona
2424 1835 2494 1892 de
2521 1849 2706 1902 cruce,
2730 1845 2789 1889 ut
2818 1834 2955 1891 ﬁdes
3001 1833 3183 1890 luceat
3212 1851 3226 1890 :
3263 1832 3362 1888 ba-

40 1941 215 1995 gnum
244 1925 437 1997 utique
464 1941 477 1992 ;
509 1926 635 1997 quia
665 1925 755 1982 hic
784 1928 1004 1997 gentilis
1042 1938 1127 1984 est
1157 1945 1332 1997 error,
1362 1941 1417 1986 et
1444 1934 1656 1988 vanitas

45 2018 345 2088 impiortnn
373 2035 387 2069 τ
416 2017 513 2074 sed
563 2017 810 2075 adoravit
850 2020 1024 2087 illum,
1067 2022 1157 2093 qui
1193 2023 1446 2094 pependit
1498 2024 1554 2080 in
1588 2026 1656 2081 li-

46 2125 182 2181 gno,
211 2111 449 2181 scriptus
475 2111 533 2167 in
566 2112 758 2169 titulo:
803 2114 954 2170 illum
988 2116 1231 2188 inquam,
1256 2119 1349 2191 qui
1372 2120 1515 2175 sicut
1537 2137 1654 2178 sca-

48 2204 270 2260 rabzeus
320 2206 619 2272 clamavit.
680 2216 739 2263 ut
777 2197 1230 2279 persecutoribus
1285 2210 1447 2268 suisc
1495 2214 1656 2272 Pater

44 2306 274 2366 peccata
304 2298 536 2355 donaret
559 2298 716 2371 (Luc.
744 2317 900 2368 χχιιι,
933 2302 1044 2373 54).
1074 2304 1244 2361 Avida
1280 2306 1476 2363 mulier
1507 2308 1658 2365 festi-

46 2390 218 2446 nabat
267 2399 492 2461 tangere
525 2393 833 2449 remedium
886 2396 1331 2465 immortalitatis,
1383 2404 1658 2460 metuebat

46 2482 273 2539 calcare
308 2494 712 2541 sacramentum
764 2486 975 2543 salutis.
1007 2488 1159 2546 Laeto
1186 2493 1376 2560 corde,
1405 2505 1461 2550 et
1491 2498 1658 2566 trepi-

50 2576 206 2632 danti
239 2577 491 2649 vcstigio,
518 2579 647 2651 quid
684 2580 906 2645 faceret.
938 2583 1237 2640 nesciebat.
1268 2586 1551 2645 Pertendit
1580 2599 1658 2645 ta-

53 2685 177 2724 men
236 2669 306 2725 ad
359 2671 538 2728 cubile
566 2673 834 2740 veritatis,
871 2674 1076 2746 lignum
1132 2677 1366 2746 refulsit,
1398 2691 1452 2736 et
1479 2683 1652 2754 gratia

47 2763 262 2820 micuit.
290 2766 363 2822 Et
387 2766 513 2836 quia
536 2767 650 2838 jam
700 2767 956 2825 feminam
991 2770 1572 2831 visitaveratChristus
1602 2778 1654 2834 in

49 2859 243 2929 Maria,
267 2859 504 2931 Spiritus
527 2862 579 2917 in
613 2862 815 2920 Helena
844 2864 1087 2921 visitavit
1112 2885 1124 2920 :
1149 2867 1336 2923 docuit
1366 2885 1484 2926 eam
1509 2872 1654 2941 quod

48 2954 249 3010 mulier
276 2955 583 3025 ignorabat,
606 2967 660 3013 et
691 2956 914 3014 deduxit
938 2960 991 3014 in
1016 2960 1362 3033 viam,quam
1405 2965 1656 3021 mortalis

48 3049 193 3105 scire
226 3065 338 3105 non
377 3060 609 3120 poterat.

120 3143 215 3199 47.
249 3142 517 3212 Quaesivit
545 3145 749 3213 clavos,
781 3148 977 3214 quibus
1015 3148 1311 3206 crucifixus
1359 3162 1442 3207 cst
1470 3153 1656 3209 Domi-

50 3253 177 3304 nus,
199 3248 255 3293 et
272 3238 500 3292 invenit.
528 3238 602 3292 De
625 3254 734 3293 uno
759 3239 913 3295 clavo
940 3242 1126 3298 frenos
1149 3244 1266 3299 fieri
1296 3247 1572 3316 praecepit,
1590 3248 1656 3305 de

49 3330 226 3386 altero
257 3329 511 3385 diadema
541 3330 810 3388 intexuit:
843 3348 1008 3388 unum
1052 3335 1117 3389 ad
1160 3336 1443 3403 decorem,
1466 3336 1490 3375 d
1522 3340 1658 3397 alte-

53 3441 173 3481 rum
215 3423 283 3480 ad
318 3425 669 3481 devotionem
717 3428 900 3481 vertit.
950 3426 1179 3485 Visitata
1237 3440 1321 3486 est
1365 3431 1533 3488 Maria
1559 3475 1574 3501 ,
1602 3444 1662 3490 ut

50 3519 229 3575 Evam
261 3518 525 3575 liberaret
555 3537 567 3573 :
600 3520 817 3575 visitata
844 3528 930 3576 est
952 3520 1179 3588 Helena,
1210 3533 1267 3579 ut
1298 3525 1657 3595 imperatores

52 3616 482 3672 redimerentur.
512 3613 653 3670 Misit
672 3614 857 3687 itaque
884 3615 997 3672 filio
1021 3632 1123 3673 suo
1150 3617 1514 3676 Constantino
1539 3622 1656 3677 dia-

124 3734 152 3763 ⁸
191 3730 395 3788 Omnes
424 3730 580 3794 edit.,
611 3747 764 3785 casus
797 3741 1015 3788 mutaret
1046 3743 1094 3788 et
1119 3734 1407 3790 inverteret.
1455 3736 1658 3793 Omnes

54 3819 215 3869 mss.,
243 3820 401 3858 casus
428 3804 719 3858 inverteret.

121 3874 149 3914 ι’
173 3875 330 3944 Quod
363 3889 395 3928 a
446 3882 640 3930 sancto
666 3874 911 3929 Prccsnle
959 3876 1045 3931 hic
1076 3887 1412 3933 memoratur
1440 3878 1658 3935 Domini

51 3962 277 4005 crucem
310 3962 341 4001 a
372 3947 649 4002 latronum
706 3947 959 4015 patibulis
1019 3948 1179 4003 titulo
1234 3965 1334 4003 suo
1365 3951 1654 4007 discretam

54 4034 200 4085 esse,
238 4019 295 4075 id
324 4018 549 4093 quidem
575 4018 788 4093 videtur
815 4018 1128 4093 discrepare
1149 4021 1217 4075 ab
1239 4022 1466 4076 aliorum
1487 4024 1660 4093 scrip-

58 4101 234 4147 torum
266 4092 600 4155 sententiis;
635 4091 725 4144 alii
756 4091 956 4161 quippe
986 4102 1257 4146 mortuum
1289 4094 1352 4148 ad
1380 4095 1542 4148 vitam
1577 4091 1658 4151 rc-

56 4174 332 4228 Vocatum,
361 4163 454 4217 alii
488 4162 721 4217 nobilem
765 4161 1020 4217 feminam
1053 4180 1081 4217 a
1123 4166 1313 4219 morbo
1342 4165 1651 4233 liberatam,

58 4236 149 4290 alii
180 4236 420 4303 denique
449 4244 744 4304 utrumque
775 4235 1094 4290 miraculum
1127 4236 1330 4292 indicio
1356 4236 1523 4295 fuisse
1548 4250 1656 4293 tra-

59 4307 213 4372 dunt,
242 4321 352 4378 quo
407 4321 440 4362 e
492 4306 665 4361 tribus
717 4307 971 4361 crucibus
1009 4323 1129 4378 quae
1179 4308 1458 4365 DODIittiCJ
1487 4319 1655 4375 esset,

59 4378 501 4452 dignosceretur.
546 4379 798 4452 Attamen
835 4378 962 4433 illttd
1007 4378 1286 4436 historicis
1315 4398 1653 4452 nequaquam

59 4460 144 4524 est
168 4450 413 4524 insolens
442 4493 457 4518 ,
492 4457 551 4524 ut
576 4450 823 4505 eamdem
871 4467 984 4507 rem
1040 4452 1302 4508 memoria
1336 4450 1652 4524 prodentes,

61 4523 149 4576 alii
180 4524 281 4576 alia
306 4522 425 4589 ejus
454 4521 707 4591 adjuncta
735 4532 1296 4585 commemorent.ant
1327 4521 1656 4591 practermit-

63 4603 197 4648 tant.
244 4592 520 4648 Caeterum
554 4604 634 4649 tot
684 4595 1012 4664 scriptorum
1058 4598 1389 4653 testimoniis
1417 4598 1659 4653 inventio

1755 1928 1899 1984 bena
1936 1944 2154 2000 quoque
2188 1928 2257 1985 de
2298 1944 2463 1985 cruce
2495 1971 2509 1997 ,
2562 1939 2620 1984 ut
2660 1937 2902 2000 potestas
2953 1937 3103 1999 regat
3140 1926 3357 1997 :sitque

1750 2021 1893 2093 justa
1929 2020 2276 2078 moderatiob
2318 2037 2426 2079 non
2479 2021 2686 2093 injusta
2728 2022 3044 2093 praeceptio.
3114 2018 3359 2076 [labeant

1760 2117 1970 2188 1212
2006 2114 2108 2172 hoc
2148 2115 2314 2171 etiam
2367 2116 2641 2188 principes
2672 2114 2871 2172 Christi
2900 2114 3002 2171 sibi
3031 2113 3361 2170 liberalitate

1755 2223 2097 2268 concessum.
2122 2217 2181 2264 ut
2201 2207 2271 2264 ad
2298 2208 2659 2265 imitationem
2689 2206 2910 2263 Domini
2934 2204 3229 2263 dicaturde
3255 2203 3358 2259 im-

1758 2309 2013 2372 peratore
2039 2302 2287 2359 Romano
2319 2321 2333 2358 :
2360 2300 2594 2358 Posuisti
2623 2303 2679 2359 in
2702 2302 2872 2373 capite
2893 2302 3005 2375 ejus
3026 2316 3273 2356 coronam
3295 2300 3362 2355 de

1762 2399 1941 2471 lapide
1967 2402 2189 2470 pretioso
2221 2399 2342 2470 (Ps.
2370 2417 2461 2466 xx,
2488 2400 2568 2472 5).

1823 2495 1913 2551 49.
1931 2495 2006 2551 Es
2022 2483 2431 2565 illogratulatur
2449 2490 3360 2560 Ecclesia,erubescitJudazus:nec

1748 2585 1928 2641 solum
1964 2585 2372 2653 erubescit,sed
2406 2586 2570 2643 etiam
2603 2584 3083 2657 torquetur;quod
3108 2584 3227 2658 ipse
3253 2583 3363 2640 sibi

1750 2692 1944 2738 auctor
1972 2681 2307 2739 confusionis
2338 2691 2441 2739 est.
2465 2682 2602 2737 Dum
2628 2680 2851 2737 insultat
2875 2679 3121 2747 Christo,
3143 2677 3364 2735 confes-

1751 2789 1844 2831 sus
1864 2786 2086 2832 cstcum
2108 2791 2291 2848 regem
2315 2776 2474 2831 :dom
2497 2791 2681 2848 regem
2704 2774 3016 2831 Judaaorum
3032 2771 3355 2845 appellavit,

1752 2869 2103 2941 sacrilegium
2130 2868 2417 2941 suum,qui
2447 2884 2555 2925 non
2577 2866 2832 2935 credidit,
2852 2868 3167 2923 confitetur.
3191 2862 3355 2929 Ecce,

1752 2961 2027 3033 inquiunt,
2046 2960 2420 3018 cruciﬁxitnus
2450 2961 2634 3017 Jesum
2661 2978 2675 3026 ;
2709 2970 2767 3014 ut
2814 2958 3122 3021 christiani,
3154 2965 3209 3013 et
3237 2964 3362 3026 post

1756 3065 1987 3112 mortem
2005 3063 2375 3127 resurgant,et
2392 3054 2595 3111 mortui
2612 3052 2976 3126 regnent.Nos
2992 3049 3363 3108 crucifiximus

1758 3164 1923 3217 quem
1952 3163 2111 3220 reges
2132 3148 2399 3204 adorant:
2432 3163 2594 3219 quem
2620 3163 2726 3202 non
2751 3147 3070 3214 adoramus,
3094 3143 3197 3213 ipsi
3224 3142 3362 3199 ado-

1764 3253 1902 3299 rant.
1915 3243 2057 3300 Ecce
2081 3252 2135 3299 et
2151 3243 2333 3300 clavus
2362 3242 2415 3298 in
2431 3243 2640 3299 honore
2652 3252 2735 3298 est
2753 3258 2767 3308 ;
2784 3252 2839 3298 et
2860 3255 3022 3313 quem
3041 3238 3109 3295 ad
3124 3248 3357 3294 mortem

1762 3338 2162 3411 impressimus,
2210 3336 2516 3394 remedium
2548 3335 2740 3393 salutis
2768 3343 2872 3401 est,
2907 3342 3069 3405 atque
3101 3330 3363 3388 invisibili

1759 3430 1995 3503 quadam
2027 3437 2300 3502 potestate
2320 3429 2603 3486 daemones
2632 3435 2870 3499 torquet.
2900 3425 3233 3482 Pntahamus
3259 3439 3362 3479 nos

1759 3527 1981 3596 vicisse,
2007 3526 2103 3582 sed
2138 3527 2313 3581 victos
2336 3523 2592 3583 fatemur.
2640 3522 2843 3579 lterum
2893 3518 3145 3575 Christus
3185 3531 3362 3574 resnr-

1760 3620 1921 3691 rexit,
1941 3629 1995 3676 et
2017 3617 2387 3675 resurrexisse
2416 3632 2539 3674 eum
2570 3615 2848 3690 principes
2878 3622 3238 3685 agnoverunt.
3260 3608 3369 3665 lte-

1764 3734 2053 3791 memorari
2109 3732 2177 3789 ab
2224 3740 2445 3787 auctore
2488 3730 2649 3799 hujus
2683 3728 2954 3785 Orationis
2986 3727 3358 3799 superstitioso,

1761 3809 2077 3862 vehementer
2095 3804 2532 3861 contumeliosnin
2558 3798 2792 3858 meritum
2811 3799 3024 3865 Christi,
3045 3798 3093 3853 et
3118 3814 3236 3852 cum
3257 3798 3363 3866 [ide

1763 3877 2180 3950 pugnantia.Sed
2200 3878 2318 3932 istis
2343 3876 2738 3950 hominibusca
2771 3872 2949 3928 omnia
2976 3885 3098 3926 cum
3130 3870 3235 3925 title
3262 3884 3362 3939 pu-

1757 3946 1927 4022 gnam
1956 3965 2079 4021 quae
2111 3949 2324 4022 illorum
2356 3946 2635 4022 perfidiam
2664 3946 3000 4022 impugnant.
3160 4012 3171 4022 _
3248 4010 3281 4022 ﬂ
3378 4002 3379 4005 η

1830 4020 1858 4059 ά
1888 4010 2023 4092 Reg.
2040 4021 2211 4077 codex
2233 4010 2394 4087 unus,
2413 4018 2634 4072 alterum
2651 4018 2719 4092 od
2743 4010 3015 4092 tuitionem
3044 4012 3210 4092 vertit.
3242 4010 3355 4092 Ca:-

1762 4104 1936 4150 terntn
1971 4082 2117 4162 'qnte
2169 4092 2255 4147 hic
2293 4082 2583 4145 narrantur
2635 4090 2703 4162 de
2731 4087 2900 4143 sacris
2950 4086 3142 4162 clavis,
3169 4082 3358 4138 eadem

1764 4171 1925 4221 etiam
1960 4155 2270 4221 referuntur
2313 4179 2341 4216 a
2392 4162 2611 4229 Rtttino,
2645 4160 2738 4215 lib.
2771 4175 2828 4227 tt,
2857 4174 2975 4228 cap.
3006 4156 3039 4212 8
3067 4174 3081 4223 ;
3110 4155 3358 4229 Socrate,

1762 4239 1801 4292 Ι.
1828 4255 1866 4303 ι,
1893 4255 1944 4296 c.
1983 4238 2086 4301 l7;
2133 4236 2454 4290 Sozomcno.
2484 4234 2517 4287 l;
2547 4226 2606 4296 tt,
2645 4248 2695 4286 c.
2732 4233 2755 4285 l
2787 4226 3209 4295 :"I'lteodoreto,
3248 4226 3287 4284 l.
3321 4242 3361 4292 ι,

1766 4326 1815 4366 c.
1853 4312 1944 4371 18.
1976 4319 2027 4365 et
2050 4306 2277 4363 Paulino
2305 4305 2510 4372 Aquil.,
2546 4306 2581 4359 Ι.
2605 4321 2657 4359 χι
2686 4304 2886 4359 llistor.

1842 4392 1863 4419 ο
1890 4381 2251 4450 llierooymus
2296 4376 2348 4431 in
2380 4376 2523 4450 hunc
2573 4376 2749 4450 locum
2779 4374 3055 4450 lat-horia:
3083 4373 3240 4427 istam
3272 4372 3357 4426 in-

1767 4446 2206 4523 tcrprctationem
2238 4450 2307 4503 ita
2330 4448 2538 4523 rejicit:
2565 4449 2752 4523 Audiri
2771 4467 2801 4502 (ι
2822 4446 3050 4523 quodam
3079 4460 3186 4523 rem
3209 4460 3357 4523 sensu

1765 4515 1973 4595 quidem
2001 4521 2333 4597 pio‘dictqm,
2383 4515 2497 4597 ἱράΔ
2530 4515 2844 4585 ridiculum,
2874 4518 3046 4597 clavos
3072 4515 3360 4571 Dominiccc

1767 4591 1932 4653 crucis
1955 4591 2182 4666 coitibus
2227 4591 2599 4666 constantinus
2625 4602 2887 4666 angustus
2902 4591 3080 4666 frenos
3107 4602 3359 4666 (σξιο-δυο

62 4664 364 4740 salutiferm
401 4664 584 4740 crucis
609 4656 895 4731 asset-itur,
921 4669 1431 4740 utrviquuidquam
1467 4670 1664 4724 habeat
1690 4663 1740 4722 D
1768 4671 1965 4740 fecerit,
1995 4656 2230 4740 sanctum
2262 4656 2774 4740 Domiuiuppetltfri.
2793 4656 2999 4740 Quibus
3031 4656 3209 4740 verbis
3230 4656 3359 4712 Atu-

64 4735 312 4810 ltisto_ri:e
343 4736 515 4810 magis
543 4746 904 4804 compertum.
937 4736 1074 4792 Vide
1100 4735 1358 4810 Cyrillum
1380 4741 1658 4808 llier.,cp.

63 4809 130 4863 ad
188 4807 597 4874 Constantium,
628 4818 684 4862 et
737 4810 1009 4864 catecbesi
1043 4826 1094 4864 tv
1122 4807 1474 4879 (Paulinum,
1497 4807 1661 4877 epist.

67 4881 131 4933 ad
178 4880 370 4935 Sever.
406 4921 421 4943 ,
468 4894 623 4934 nova:
651 4879 786 4933 edit.
819 4881 879 4935 51
918 4896 933 4943 ;
978 4880 1107 4935 Sev.
1138 4881 1456 4948 Sulpitium,
1487 4883 1583 4939 lib.
1627 4899 1662 4938 ιι

67 4952 232 5010 llist..
265 4967 387 5021 eap.
417 4949 527 5015 48;
576 4949 852 5017 Rufinum,
889 4951 983 5006 lib.
1035 4968 1097 5019 ιι,
1129 4967 1180 5007 c.
1215 4952 1246 5005 7
1277 4964 1329 5009 et
1358 4954 1392 5007 8
1421 4971 1434 5015 ;
1467 4954 1666 5009 Socra-

68 5035 197 5089 tem,
231 5024 265 5078 l.
298 5039 335 5080 ι.
367 5039 416 5077 c.
454 5023 543 5085 17,
572 5031 628 5078 ct
675 5023 834 5078 alios.
876 5022 1062 5092 Neque
1112 5038 1243 5078 vero
1293 5025 1661 5094 objiciendum

71 5095 284 5151 Eusebii
315 5094 583 5166 Pamphili
616 5096 892 5151 silentium
923 5113 937 5159 ;
968 5111 1092 5149 nam
1126 5103 1489 5166 praeterquam
1517 5096 1660 5164 quod

69 5183 185 5237 quae
217 5167 309 5222 ille
340 5168 375 5220 Ι.
398 5182 455 5221 ιιι
484 5166 702 5231 ᾱθῖςνίιει
728 5166 1016 5224 Constant.
1041 5168 1206 5223 variis
1236 5168 1370 5222 locis
1402 5168 1567 5223 tradit
1593 5169 1661 5223 de

68 5239 302 5306 sepulcri
357 5237 620 5293 Dominici
675 5239 990 5295 inventione
1015 5279 1029 5304 .
1063 5254 1378 5308 supponere
1404 5240 1664 5295 videntur

70 5311 245 5365 crucis
276 5311 667 5380 inventionem,
695 5311 856 5368 unius
881 5312 1108 5368 omissio
1137 5322 1210 5367 ιοι
1229 5312 1459 5366 aliorum
1483 5327 1662 5370 asser-

74 5380 202 5436 tioni
227 5382 383 5437 cedat
410 5396 636 5437 necesse
664 5393 768 5438 est.

145 5464 167 5491 ο
198 5452 357 5507 Pater
385 5454 577 5509 aberat
608 5470 635 5507 a
668 5456 876 5510 cunctis
925 5455 1058 5512 edit.
1108 5470 1173 5511 ac
1217 5455 1387 5511 multo
1419 5455 1662 5526 pluribus

74 5538 228 5591 mss.,
254 5540 419 5598 quam
441 5539 629 5581 vocem
654 5542 718 5581 ex
736 5527 869 5598 Reg.
894 5528 1014 5585 cod.
1045 5528 1403 5585 restituimus.
1427 5527 1663 5584 Adverte

76 5606 249 5650 autem
282 5598 385 5653 hoc
411 5597 529 5650 loco
556 5613 739 5652 veram
767 5597 1029 5654 ECclesite
1058 5599 1343 5655 catholica:
1356 5599 1659 5656 doctrinam

76 5665 364 5740 desanctm
393 5669 573 5723 crucis
595 5678 688 5723 aut
715 5669 1011 5731 imaginum
1036 5671 1181 5726 cultu
1208 5671 1540 5733 exhibendo,
1571 5673 1662 5740 qui

79 5737 325 5815 videlicet
353 5755 457 5794 non
483 5742 804 5815 terminatur
833 5741 910 5815 in_
916 5743 1034 5815 ipso
1059 5744 1237 5814 signo,
1261 5745 1356 5800 sed
1387 5744 1453 5798 ad
1493 5737 1664 5815 signi-

82 5806 293 5886 ficatum
316 5820 526 5886 _m_engteL
560 5810 812 5886 refertae.
871 5806 1091 5886 Etihinc
1110 5806 1303 5870 "videas
1333 5832 1493 5886 quam
1526 5806 1667 5876 bona

84 5877 187 5936 llde
224 5865 668 5954 scripturtitﬂfucrit
686 5865 723 5939 av
748 5865 1299 5956 ιιέιεέιέιέὺῖέὲιίέῐιὶιῖἑ
1317 5865 1493 5947 τιςὶῖἱῶ
1519 5865 1667 5945 Edidi

1763 4729 2007 4797 brosium
2040 4738 2109 4792 ab
2136 4752 2203 4791 co
2226 4738 2386 4791 tacite
2411 4729 2648 4790 vellicari
2679 4750 2783 4789 non
2806 4729 3356 4802 ambigimuchrutn

1767 4813 1869 4867 hac
1906 4824 2136 4866 censura
2166 4808 2301 4862 nihil
2331 4808 2599 4867 obSIante.
2633 4807 2785 4861 multi
2831 4800 3089 4872 deinceps
3123 4800 3359 4872 Ambro-

1765 4884 1977 4938 sianam
2013 4878 2428 4949 eXplicationem
2477 4879 2770 4948 amplexati
2824 4886 2989 4941 sunt,
3022 4871 3082 4929 ut
3122 4871 3361 4949 Cygillus

1766 4955 1923 5010 Alex.
1949 4955 2000 5008 in
2028 4943 2217 5007 eadem
2248 4948 2529 5005 Zaeltarite
2558 4943 2752 5014 verba;
2779 4949 3118 5005 Sozomcnus
3142 4961 3155 5009 ;
3179 4943 3358 4998 Tlteo~

1766 5025 2023 5091 doretus;
2053 5019 2308 5079 Paulinus
2340 5020 2543 5089 Aquil.,
2579 5021 2760 5076 citatis
2800 5020 2955 5091 lueis,
2983 5027 3040 5091 et
3067 5015 3361 5091 Gregorius

1766 5086 2019 5164 Turon.,
2067 5094 2134 5149 de
2180 5091 2362 5147 Gloria
2409 5086 3033 5164 'Martyrtnn,c.6.AScd
3086 5086 3356 5164 exegcsim

1764 5184 1981 5239 quoque
2002 5158 2471 5239 'tnoralem,_quam
2496 5158 2648 5239 seqtti
2673 5162 3267 5239 omittitllieronymus,
3291 5158 3359 5212 ab

1763 5232 2054 5297 Ambrosio
2081 5238 2246 5293 etiam
2290 5232 2378 5292 hic
2430 5232 2762 5307 prepositam
2786 5233 3034 5289 videmus
3063 5232 3213 5288 hisce
3240 5245 3363 5284 ver-

1766 5313 1849 5368 bis
1879 5329 1893 5366 :
1925 5311 2030 5368 Sed
2080 5325 2253 5379 quwro
2278 5325 2435 5375 quare
2460 5318 2691 5363 sanctum
2728 5322 2882 5378 super
2902 5308 3139 5379 frenum,
3161 5312 3266 5357 etc.

1840 5383 1859 5423 ί
1890 5384 2018 5439 Mss.
2052 5374 2299 5437 nonnulli
2338 5392 2393 5437 et
2416 5380 2574 5451 edit.,
2599 5374 2856 5450 sapienter
2903 5374 3005 5449 egit
3036 5374 3355 5431 Helena.....

1764 5472 1977 5528 regnum
2005 5455 2205 5528 levavit.

1837 5519 1862 5575 8
1889 5529 2017 5584 Mss.
2050 5527 2208 5597 longe
2228 5524 2465 5596 plurimi,
2494 5524 2547 5578 in
2572 5519 2805 5597 manibus
2827 5519 3189 5597 ﬁdes.Habe_nt
3212 5534 3363 5597 coro-

1766 5617 1885 5655 nant
1914 5600 1977 5655 de
2000 5593 2273 5655 cruce'...'..
2300 5597 2483 5650 habent
2509 5609 2710 5666 quoque
2730 5593 2794 5647 de
2824 5608 2978 5647 cruce
3000 5610 3019 5660 ;
3049 5593 3144 5648 sed
3169 5593 3364 5647 melius

1768 5672 1883 5737 alii,
1916 5681 1969 5726 et
1993 5686 2183 5728 omnes
2213 5668 2345 5723 edit.
2375 5669 2510 5723 utin
2538 5674 2822 5722 contextu.

1843 5734 1880 5781 ιί
1895 5744 2024 5800 Mss.
2050 5744 2280 5813 aliquot,
2306 5754 2409 5795 non
2455 5740 2650 5814 injusta
2683 5736 2930 5808 precatio.
2978 5736 3047 5794 Et
3071 5734 3235 5806 infra,
3267 5734 3373 5793 Po-

1770 5815 1924 5874 suisti
1943 5817 1997 5872 in
2028 5816 2204 5886 capite
2230 5826 2364 5868 meo.
