3866 6288
36 272 214 331 uos
1333 272 1577 333 ovum.
1621 271 2021 333 sanorum.
3213 238 3375 344 ἠαδ

32 401 171 458 que
216 389 575 458 accesserint,
601 388 848 462 reliquiae
872 387 1251 461 triumphales.
1270 386 1392 447 Non
1417 387 1523 451 hoc
1547 402 1674 446 sen-
1696 400 1751 462 Α
1775 387 1960 444 ctahat
2003 385 2169 445 totius
2213 386 2364 446 orbis
2407 387 2816 459 imperatorem,
2846 388 3103 461 stipatum
3132 394 3375 449 exercitu

31 478 116 535 tit
146 479 342 548 Italia,
374 496 497 556 qua:
525 482 996 553 clarosspectavit
1024 479 1357 553 triumphos,
1385 496 1507 554 qua:
1530 496 1561 539 a
1595 490 1649 555 ty
1773 479 2081 547 Gallicana,
2100 480 2336 537 ettotius
2361 481 2508 538 orbis
2532 480 2824 539 subnixum
2854 482 3079 539 viribus.
3102 482 3209 542 Sed
3232 502 3378 543 nunc

30 575 263 632 rannis
289 576 484 635 iterum
510 575 1551 646 liberata,concelebratsuaelihertatis
1570 589 1670 631 au-
1771 574 1891 630 illic
1920 573 2263 631 Theodosius
2311 576 2610 647 potentior,
2654 589 2799 635 nunc
2852 575 3143 649 gloriosior
3184 578 3323 636 redit
3359 597 3375 635 :

27 674 280 723 olorem
310 686 323 722 :
358 683 464 725 non
497 668 601 725 hoc
628 668 1155 741 Constantinopolis,
1185 683 1307 741 quae
1334 667 1575 725 secundo
1600 666 1669 723 ad
1773 683 1932 740 quem
1966 669 2281 740 angelorum
2311 678 2533 725 caterva
2578 669 2822 739 deducit,
2870 685 3032 742 quem
3061 682 3374 729 sanctorum

28 756 354 817 victoriam
382 761 687 839 principem
710 760 860 818 misit
882 779 898 817 :
918 776 1083 834 quem
1113 776 1236 818 cum
1266 758 1433 818 vellet
1459 769 1669 829 tenere,
1773 762 1929 823 turba
1958 762 2508 835 prosequitur.Bcata
2527 761 2704 836 plane,
2734 778 2853 835 quae
2876 763 3110 835 paradisi
3134 764 3369 821 incolam

27 868 162 909 non
201 855 404 927 potuit.
422 855 791 929 Exspectabat
809 856 1030 930 quidem
1049 858 1102 915 in
1132 856 1313 914 reditu
1334 856 1453 928 ejus
1479 855 1671 913 trium—
1771 858 2028 927 suscipis,
2050 866 2105 913 et
2131 856 2489 915 habitatorem
2507 871 2759 930 supernae
2780 856 2927 914 illius
2951 858 3191 916 civitatis
3210 857 3237 897 δ
3267 874 3367 915 au-

27 942 258 1016 phales
282 932 748 1019 Eolemnitatesmt
780 949 967 1007 titulos
993 949 1346 1009 victoriarum
1374 967 1388 1005 :
1423 958 1451 987 ιι
1472 964 1670 1022 exspe—
1770 960 1932 1023 gusto
1959 951 2157 1022 sepulti
2185 952 2438 1025 corporis
2468 952 2682 1011 tenebis
2720 951 2982 1023 hospitio.

116 1073 150 1141 ξι
185 1064 327 1141 yss.
360 1066 509 1123 Prat.
542 1083 607 1141 ac
651 1067 837 1135 Gem.,
865 1068 1194 1141 exspectabat
1215 1075 1357 1124 totus
1382 1068 1542 1141 orbis.
1572 1102 1579 1109 ο
1779 1067 2017 1138 sepulcro
2037 1069 2314 1141 marmoris
2338 1068 2555 1141 ;eaeter_i
2577 1082 2713 1141 mss.
2739 1076 2795 1124 et
2820 1067 3166 1141 omnesedit.
3190 1068 3376 1125 nobis-

112 1132 343 1214 b_Edit.
374 1140 598 1203 Amerh.
625 1132 835 1214 etrduo
862 1132 1022 1209 mss,
1075 1150 1294 1214 angusta
1335 1140 1526 1214 sepulti
1557 1155 1673 1194 cor—
1778 1132 1929 1214 cum,
1960 1141 2196 1214 faciunt,
2252 1132 2356 1214 nisi
2400 1139 2556 1214 quod
2573 1139 2870 1214 inillorum
2921 1139 3248 1214 quibusdam
3280 1155 3381 1213 pro

28 1207 226 1278 poris,
290 1224 450 1281 mss.,
482 1212 711 1286 sepulcri
758 1207 1033 1284 corporis;
1088 1207 1210 1268 vn.
1257 1207 1407 1280 cod.,
1453 1220 1672 1285 augusta
1779 1212 1973 1283 sepulti
1992 1212 2159 1268 etiam
2183 1210 2380 1287 legitur
2410 1207 2658 1283 sepulcri.

417 1461 539 1545 IN
612 1457 1107 1545 HYMNOS
1181 1456 1605 1545 SANCTI
1678 1455 2242 1543 AMBROSII
2317 1452 3027 1543 ADMONITIO.

1551 1620 1880 1635 ———-

104 1689 478 1748 Ambrosium
537 1689 775 1765 hymnos
828 1688 1187 1746 elucubrasse
1245 1690 1452 1746 nemini
1500 1689 1796 1747 obscurum
1847 1698 1954 1751 est.
2002 1689 2116 1747 Hoc
2146 1703 2387 1765 namque
2419 1689 2537 1762 ipse
2564 1686 2844 1761 signiﬁcat
2883 1703 3147 1746 sermone
3186 1700 3383 1746 contra

19 1782 394 1839 Auxentium
438 1782 492 1839 in
524 1782 642 1839 btcc
667 1781 832 1839 verba
859 1799 873 1836 :
902 1779 1233 1854 Hymnarum
1257 1797 1458 1854 quoque
1483 1799 1713 1838 mearum
1742 1779 2057 1838 carminibus
2101 1781 2376 1853 deceptum
2418 1780 2672 1857 populum
2725 1780 2921 1850 ferunt.
2960 1778 3129 1837 Plane
3159 1799 3251 1837 nec
3281 1784 3378 1837 hac

15 1877 236 1933 abnuo.
261 1874 481 1933 Grande
507 1893 715 1933 carmen
739 1875 900 1945 illud,
944 1884 1121 1947 estquo
1148 1874 1282 1932 nihil
1311 1877 1593 1947 patentius.
1615 1876 1754 1944 Quid
1779 1877 1914 1932 enim
1942 1878 2226 1947 potentius,
2253 1891 2408 1946 quam
2434 1874 2687 1946 confessio
2715 1872 3010 1943 Trinitatis,
3042 1884 3147 1931 etc.
3182 1873 3378 1947 (Serm.

20 1969 94 2023 de
126 1967 399 2022 Basilicis
425 1983 565 2023 num.
598 1966 714 2042 54).
746 1966 1009 2024 Paulinus
1038 1982 1252 2040 quoque
1284 1968 1418 2024 illud
1450 1974 1682 2026 testatur
1712 1970 1767 2026 in
1798 1967 1920 2025 Vita
1952 1969 2202 2041 ejusdem
2236 1966 2516 2024 Antistitis
2537 2008 2551 2034 ,
2584 1966 2671 2023 ubi
2701 1966 2930 2023 Jusﬁna:
2971 1978 3161 2023 contra
3203 1969 3382 2039 ipsum

21 2062 383 2119 insanientis
412 2064 848 2134 persecutionem
880 2079 1146 2132 narrans,
1180 2065 1255 2122 ita
1285 2065 1567 2138 loquitur:
1602 2065 1720 2121 Hoc
1755 2067 1811 2120 in
1850 2074 2075 2137 tempore
2118 2065 2344 2138 primum
2382 2062 2714 2135 antiphonw,
2759 2060 2972 2134 hymni,
3005 2077 3067 2116 ac
3104 2060 3294 2133 vigilite
3324 2061 3380 2116 in

23 2153 296 2211 Ecclesia
328 2153 713 2211 Mediolanensi
738 2156 987 2213 celebrari
1014 2165 1299 2231 eruperunt.
1341 2154 1507 2229 Cuius
1547 2157 1863 2213 celebritatis
1905 2155 2111 2212 devotio
2152 2172 2313 2226 usque
2357 2154 2412 2209 in
2454 2153 2767 2209 hodiernum
2804 2153 2942 2207 diem
2981 2168 3085 2209 non
3121 2151 3291 2207 solum
3318 2151 3376 2207 in

17 2249 223 2303 eadem
274 2246 549 2314 Ecclesia,
596 2263 772 2303 verum
812 2264 904 2321 per
949 2264 1124 2304 omnes
1155 2247 1450 2304 Occidentis
1492 2246 1763 2305 Ecclesias
1805 2256 1995 2303 manet.
2043 2246 2285 2302 lnstituti
2331 2245 2492 2316 hujus
2536 2244 2753 2300 initium
2794 2244 2988 2298 eodem
3023 2246 3183 2315 plane
3213 2242 3379 2299 modo

19 2348 271 2397 sanctus
305 2340 680 2413 Augustinus,
714 2342 871 2399 testis
910 2343 1164 2398 oculatus
1201 2343 1462 2399 describit
1500 2343 1596 2399 lib.
1628 2359 1683 2399 Ix
1712 2341 1946 2414 Coufess.
1980 2357 2100 2412 cap.
2136 2342 2189 2407 7,
2223 2341 2311 2412 qui
2344 2349 2400 2396 et
2431 2338 2559 2394 alibi
2593 2336 2754 2411 (Lac.
2786 2338 2929 2410 infra
2955 2336 3081 2406 cit.)
3116 2352 3225 2393 non
3252 2351 3380 2394 raro

16 2435 374 2494 earumdem
407 2437 734 2510 hymnorum
764 2436 1017 2494 versibus
1047 2436 1103 2492 in
1131 2437 1210 2493 rei
1239 2452 1402 2506 quam
1436 2445 1673 2504 tractat,
1704 2434 2192 2492 confirmationem
2216 2434 2414 2490 iubens
2445 2433 2639 2489 utitur.

96 2529 350 2587 Constat
385 2529 556 2603 igitur
592 2530 927 2587 auctoritate
965 2539 1241 2586 tantorum
1282 2531 1502 2588 testium
1542 2538 1596 2585 et
1633 2527 2006 2586 canendorum
2049 2527 2374 2599 hymnorum
2414 2525 2873 2582 consuetudinem
2916 2527 2970 2582 in
2999 2541 3193 2582 omnes
3232 2528 3379 2584 occi-

20 2624 298 2682 dentales
336 2622 614 2680 Ecclesias
641 2637 672 2680 e
697 2621 1088 2680 Mediolanensi
1121 2636 1245 2680 esse
1275 2631 1627 2695 propagatam
1653 2662 1669 2690 ,
1702 2629 1758 2678 et
1786 2617 2112 2676 earumdem
2146 2626 2523 2690 argumentum
2555 2632 2619 2673 ac
2650 2619 2933 2674 materiem
2968 2618 3023 2673 in
3054 2617 3377 2689 explicando

22 2719 242 2776 divinm
289 2717 578 2774 Trinitatis
625 2717 886 2790 mysterio
923 2717 1132 2774 versari
1179 2719 1548 2773 consuevisse.
1599 2713 1708 2772 Sed
1753 2728 1855 2771 nec
1893 2714 2074 2769 minus
2112 2712 2453 2783 exploratum
2486 2721 2570 2767 est
2599 2710 2741 2767 alios
2771 2712 2936 2767 etiam
2971 2710 3239 2784 hymnos,
3272 2713 3369 2769 ubi

21 2817 63 2869 A
77 2812 241 2869 riana
261 2810 359 2867 illa
385 2821 684 2882 tempestas
702 2810 892 2867 szevire
912 2809 1128 2877 desiit,a
1152 2817 1339 2865 sancto
1358 2809 1587 2864 Doetore
1603 2822 1722 2864 com
1732 2809 1938 2878 positos
1961 2806 2146 2873 fuisse;
2170 2803 2608 2876 quandoquidem
2634 2806 2762 2879 hocj
2771 2821 2927 2874 psum
2945 2821 3275 2876 cognoscere
3302 2809 3367 2864 li-

22 2914 148 2962 ceat
169 2920 241 2960 ex
271 2902 602 2974 Augustino,
621 2902 952 2960 Cassiodoro
969 2902 1113 2977 (Lib.
1139 2903 1205 2958 de
1232 2901 1394 2975 Ofﬁc.
1420 2900 1562 2955 Eccl.
1593 2915 1709 2969 cap.
1731 2898 1809 2972 6).
1827 2899 2053 2967 Isidoro,
2078 2898 2314 2954 concilio
2330 2897 2595 2953 Toletano
2617 2913 2667 2952 ιν
2684 2897 2834 2969 (Can.
2863 2900 2971 2969 15),
2995 2899 3207 2956 Bedttel
3225 2901 3366 2957 aliis.

98 3002 300 3071 itaque
329 2994 671 3053 difficultatis
696 2995 864 3052 cardo
885 2996 943 3053 in
972 2998 1075 3052 hoc
1102 2997 1353 3063 vertitur,
1389 3004 1445 3049 nt
1480 2994 1666 3065 hymni
1697 3009 1827 3049 vere
1857 2993 2205 3049 Ambrosiani
2237 3003 2574 3063 seponantur
2599 2993 2669 3047 ab
2699 2995 2894 3049 alienis
2916 3036 2930 3061 ,
2959 2996 3026 3050 ab
3058 2996 3166 3052 illis
3197 2997 3351 3053 vide-

22 3095 161 3153 licet
187 3105 337 3166 quos
361 3089 599 3146 Hilarius
627 3090 985 3147 Pictaviensis
1003 3130 1019 3155 ,
1047 3087 1305 3145 Sedulius
1326 3129 1341 3155 ,
1373 3086 1704 3143 Prudentius
1722 3130 1737 3154 ,
1767 3086 2101 3142 Fortunatus
2120 3127 2135 3153 ,
2163 3085 2316 3156 Elpis
2346 3084 2516 3141 Boetii
2543 3084 2749 3156 conjux
2778 3128 2793 3152 ,
2825 3085 3124 3158 Gregorius
3142 3130 3157 3158 ,
3188 3089 3370 3147 Theo-

21 3190 277 3263 dulphus
317 3186 770 3253 Aurelianensis,
808 3184 1071 3240 Alcuinus
1098 3197 1163 3240 ac
1193 3180 1395 3238 Paulus
1422 3182 1690 3238 diaconus
1721 3191 2172 3251 composuerunt.
2206 3179 2462 3237 Gillotius
2488 3179 2581 3252 qui
2621 3181 2829 3250 primus
2853 3181 3096 3238 omnium
3137 3181 3372 3256 hymnos

24 3281 317 3342 Ambrosii
346 3280 571 3338 nomine
591 3281 821 3337 seorsim
847 3280 1129 3351 evulgatos
1158 3279 1212 3335 in
1245 3278 1507 3336 editionis
1533 3293 1646 3334 sua:
1676 3278 1979 3349 appendice
2009 3277 2273 3334 collectos
2305 3278 2588 3344 exhibuit,
2623 3278 2899 3336 sexdecim
2934 3287 3210 3351 tamquam
3240 3283 3371 3336 Am-

24 3378 332 3437 brosianos
364 3373 609 3431 admisit.
646 3373 847 3431 Horum
883 3388 1169 3431 numerum
1198 3374 1399 3431 additis
1429 3373 1731 3430 octodecim
1777 3374 1898 3429 aliis
1938 3372 2170 3429 Romani
2202 3373 2442 3430 editores
2474 3376 2749 3431 adauxere
2777 3394 2789 3430 :
2819 3390 2979 3445 quem
3012 3390 3149 3429 nova
3181 3389 3368 3430 acces-

24 3477 187 3531 sione
214 3472 630 3545 ampliiicarunt
656 3480 951 3543 sequentes
980 3470 1241 3528 Parisinus
1267 3471 1559 3529 editiones.
1590 3471 1790 3528 Verum
1820 3487 1941 3526 cum
1972 3471 2025 3526 in
2057 3468 2143 3526 his
2171 3471 2426 3529 omnibus
2454 3469 2786 3527 editionibus
2818 3471 3005 3527 inserti
3037 3470 3143 3525 sint
3176 3469 3362 3544 hymni

32 3568 251 3626 Vexilla
278 3567 449 3640 Regis
471 3564 752 3635 prodeunt,
785 3565 918 3620 Veni
939 3573 1140 3622 creator
1164 3565 1401 3637 Spiritus
1421 3577 1474 3621 et
1504 3566 1596 3621 alii
1627 3580 1763 3637 quos
1783 3563 2058 3621 Ambrosii
2092 3579 2199 3619 non
2229 3579 2351 3620 esse
2379 3580 2542 3622 nemo
2571 3580 2677 3621 non
2708 3565 2989 3636 agnoscit,
3016 3563 3361 3619 manifestum

26 3673 114 3720 est
142 3665 199 3720 in
230 3675 436 3719 eorum
465 3675 695 3716 censura
722 3659 993 3717 delectum
1028 3660 1234 3717 nullum
1266 3676 1389 3717 esse
1417 3661 1720 3718 adhibitum
1750 3680 1762 3714 :
1796 3659 1890 3717 sed
1933 3660 2262 3732 quicumque
2306 3661 2491 3734 hymni
2534 3660 2778 3732 ejusdem
2826 3660 3096 3717 Ambrosii
3141 3661 3363 3717 nomine

26 3754 279 3829 insigniti
312 3754 572 3811 venerint
603 3753 655 3808 in
689 3766 883 3809 manus
909 3752 1177 3809 editorum
1202 3796 1216 3821 ,
1249 3740 1557 3826 promiscue
1587 3756 1877 3810 admissos.
1915 3755 1995 3809 Re
2026 3755 2243 3825 quidam
2277 3755 2391 3824 ipsa
2423 3770 2595 3824 neque
2622 3754 2898 3822 Gillotins,
2929 3771 3105 3827 neque
3134 3754 3363 3812 Ποιηθηί

21 3854 220 3911 vadem
251 3852 433 3909 ullum
465 3852 620 3909 nobis
652 3850 991 3923 producunt,
1019 3851 1177 3923 cujus
1206 3849 1330 3908 lldei
1362 3851 1696 3908 credendum
1724 3849 2077 3923 putaverint:
2110 3851 2200 3923 qui
2229 3866 2361 3907 vero
2387 3867 2573 3906 curam
2601 3860 2962 3919 susceperunt
2990 3850 3358 3906 Parisinarum

21 3947 333 4005 editionum
355 3990 370 4013 ,
400 3945 479 4002 ab
506 3945 572 4001 iis
600 3945 905 4002 istiusmodi
938 3953 1105 4003 testes
1128 3945 1506 4018 proferuntur,
1538 3947 1737 4018 quibus
1756 3988 1770 4013 ,
1800 3946 1846 4001 si
1878 3945 2076 4001 Bedam
2103 3962 2271 4002 unum
2300 3946 2540 4017 excipias
2563 3989 2576 4011 ,
2606 3946 2754 4001 nulla
2785 3945 2922 4001 iides
2948 3945 3134 4002 haberi
3167 3947 3359 4016 possit.

17 4038 151 4112 Quis
177 4041 328 4098 enim
356 4038 631 4113 hymnum
659 4037 957 4110 quemlibet
990 4047 1278 4111 propterea
1310 4039 1453 4095 inter
1480 4039 1877 4095 Ambrosianus
1903 4046 2128 4095 censeat
2158 4039 2501 4097 referendum
2527 4083 2538 4103 .
2568 4040 2710 4109 quod
2752 4040 2836 4095 vel
2879 4041 2930 4095 in
2975 4039 3180 4095 cborali
3222 4055 3359 4108 quo--

22 4135 146 4191 dam
177 4132 568 4204 manuscripto
592 4131 787 4188 iisdem
816 4131 1121 4189 editoribus
1148 4133 1485 4200 occurrerit,
1518 4132 1604 4189 vel
1630 4131 1806 4204 ipsum
1833 4131 2156 4204 iladulphus
2181 4128 2517 4204 Tungrensis
2548 4130 2651 4205 (De
2679 4130 2876 4188 observ.
2908 4148 3095 4186 canon.
3131 4130 3356 4203 Propos.

27 4229 123 4297 l5)
143 4273 158 4297 ,
188 4229 283 4299 qui
312 4229 544 4283 ineunte
572 4226 772 4281 saeculo
799 4224 1204 4297 quintodecimo
1231 4225 1489 4298 scripsit,
1521 4224 1701 4280 Roma:
1720 4226 1775 4280 in
1798 4226 2086 4297 Itymnariis
2113 4228 2339 4298 antiquis
2360 4269 2376 4294 ,
2408 4233 2500 4282 aut
2526 4228 2690 4282 etiam
2719 4228 2773 4281 in
2805 4223 2986 4297 Ofﬁcia
3013 4224 3358 4281 Ambrosiano

27 4320 260 4390 reperiri
291 4315 578 4374 afﬁrmet?
605 4315 794 4390 Neque
821 4318 967 4375 enim
999 4318 1133 4375 satis
1162 4319 1420 4390 probatur
1450 4316 1659 4374 nullum
1700 4317 2024 4391 hymnorum
2046 4362 2061 4390 ,
2091 4319 2181 4393 qui
2216 4321 2567 4377 continentur
2594 4320 2645 4375 in
2683 4319 2803 4377 istis
2832 4320 2988 4375 libris
3009 4362 3023 4388 ,
3065 4319 3357 4377 Ambrosio

28 4424 320 4481 perperam
352 4423 481 4465 esse
513 4408 858 4480 inscriptum.

101 4501 398 4575 Dionysius
425 4499 820 4559 Chartusianus
848 4501 1179 4576 hymnorum
1201 4546 1216 4572 ,
1243 4518 1381 4577 quos
1407 4503 1800 4563 Ambrosianus
1828 4507 2163 4564 existimavit
2186 4551 2201 4575 ,
2231 4506 2543 4580 eatalogum
2572 4507 2745 4564 texuit
2773 4505 3063 4582 (Hynmor.
3093 4505 3314 4577 Enarr.)
3341 4525 3354 4562 :

26 4595 121 4651 sed
151 4610 253 4651 cur
279 4594 510 4651 eosdem
542 4594 759 4651 Ductori
786 4602 978 4651 nostra
1005 4596 1365 4668 adiudicarit,
1398 4609 1760 4672 praeterquam
1790 4600 1856 4657 de
1885 4603 2119 4675 hymno,
2158 4600 2295 4659 Deus
2327 4612 2530 4658 creator
2555 4604 2784 4657 omnium
2804 4645 2817 4668 ,
2848 4604 3117 4660 rationem
3149 4604 3353 4659 nullam

10 4687 88 4743 in
121 4687 368 4745 medium
398 4685 641 4758 profert,
684 4687 786 4743 nisi
824 4687 968 4759 quod
1010 4690 1286 4747 Ambrosii
1323 4690 1543 4763 phrasin
1582 4702 1637 4749 et
1673 4693 2045 4751 characterem
2082 4695 2137 4751 in
2176 4696 2499 4767 quibusdam
2539 4698 2636 4751 abs
2672 4712 2729 4751 se
2758 4698 2977 4768 agnosci
3011 4696 3350 4755 testificatur.

26 4783 185 4852 Quod
212 4786 599 4855 argumentum
624 4780 841 4852 quoties
866 4782 1044 4837 solum
1070 4789 1190 4852 est,
1219 4798 1382 4856 quam
1412 4784 1466 4840 in
1495 4784 1600 4841 hoc
1626 4801 1828 4857 genere
1856 4803 2045 4859 parum
2075 4798 2247 4843 tutum
2276 4790 2382 4857 sit,
2411 4789 2571 4845 facile
2599 4790 2894 4862 intelligas.

98 4873 221 4929 Non
255 4871 455 4944 majori
482 4883 635 4928 curae
666 4871 767 4925 fuit
795 4870 1145 4941 Clictltoveo,
1174 4881 1237 4928 ut
1263 4887 1401 4945 quos
1432 4874 1667 4947 hymnos
1695 4876 1798 4933 sub
1827 4876 2101 4934 Ambrosii
2137 4878 2296 4934 titulo
2325 4891 2607 4936 enumerat
2639 4880 2739 4955 (In
2768 4884 3111 4938 elucidatorio
3131 4884 3149 4954 )
3169 4924 3183 4949 ,
3227 4882 3354 4939 illos

29 4968 210 5025 eidem
238 4966 489 5023 vindicet
514 4964 695 5022 allatis
715 4967 1092 5038 argumentis;
1123 4978 1353 5040 excepto
1379 4968 1526 5025 enim
1556 4970 1758 5043 hymno
1778 5012 1791 5034 ,
1820 4970 2039 5027 lEterne
2064 4990 2235 5027 rerum
2263 4975 2520 5041 conditor,
2550 4991 2711 5046 quem
2741 4978 2809 5033 ob
2839 4977 2956 5045 eius
2984 4964 3108 5033 eum
3140 4978 3355 5036 Hexae-

33 5076 189 5122 mero
218 5066 643 5138 cognationem,
677 5064 919 5122 indidem
953 5065 1184 5137 petitum
1215 5065 1531 5136 existimat;
1563 5066 1630 5124 ad
1662 5068 1975 5141 probandos
2003 5070 2141 5125 alios
2172 5086 2279 5126 non
2316 5073 2475 5127 aliam
2508 5077 2774 5129 rationem
2807 5075 2975 5140 citat,
3009 5089 3168 5144 quam
3202 5090 3353 5131 com-

33 5174 258 5216 munem
281 5158 629 5230 opinionem.

103 5252 253 5309 ldem
288 5253 499 5325 pariter
527 5252 875 5311 statuendum
906 5262 992 5311 est
1018 5254 1087 5313 de
1113 5255 1345 5314 Gavanti
1378 5255 1685 5333 (Comment.
1717 5261 1771 5315 in
1796 5258 1990 5328 Rubr.,
2021 5261 2048 5335 ᾗ
2079 5261 2135 5326 5,
2166 5280 2283 5335 cap.
2313 5265 2370 5337 6)
2402 5267 2736 5321 auctoritate
2759 5307 2773 5332 ,
2808 5267 3012 5338 quippe
3041 5268 3131 5339 qui
3164 5268 3352 5337 explo-

35 5347 222 5403 randis
238 5346 463 5420 hymnis
494 5344 871 5404 Ambrosianis
902 5364 1009 5406 non
1042 5348 1251 5423 lydium
1284 5352 1523 5423 lapidem
1552 5354 1846 5423 adhibeat,
1878 5358 1972 5413 sed
2007 5360 2383 5415 tzmtunnnodo
2415 5363 2527 5431 jam
2570 5363 2862 5417 citatorum
2910 5362 3179 5431 itatlulphi
3205 5364 3353 5419 Tun-

35 5441 285 5508 greusis,
319 5441 561 5512 Dionysii
590 5439 940 5498 Cbartusiani
963 5485 978 5510 ,
1007 5444 1308 5503 Clicthovci
1333 5488 1348 5513 ,
1380 5449 1669 5506 autetiam
1708 5453 1941 5508 aliorum
1984 5452 2163 5509 adhuc
2201 5454 2300 5510 aevi
2343 5454 2660 5526 posterioris
2698 5455 2964 5525 judicium
3008 5458 3350 5528 sequentium

39 5535 141 5591 sibi
175 5543 472 5609 proponat.

104 5628 381 5686 Habemus
409 5628 688 5701 antiquius
713 5632 781 5690 de
811 5631 1028 5707 hymnis
1062 5634 1314 5694 Doctoris
1344 5639 1514 5696 nostri
1549 5638 1923 5698 testimonium
1956 5642 2009 5699 in
2042 5643 2244 5716 Regula
2277 5645 2422 5702 beati
2455 5644 2739 5703 Benedicti
2767 5664 2782 5716 ;
2815 5645 2902 5703 hic
2934 5648 3084 5702 enim
3128 5659 3350 5708 sanctus

36 5718 161 5777 dum
199 5725 251 5779 in
283 5738 344 5781 ea
378 5722 549 5780 divini
578 5722 756 5784 Ofﬁcii
789 5729 1059 5787 rationem
1088 5733 1205 5788 suis
1237 5734 1545 5806 praescrihit
1575 5734 1747 5813 (Cap.
1778 5738 1842 5805 9,
1876 5739 1971 5806 12,
2011 5739 2075 5797 16
2103 5751 2148 5797 et
2186 5742 2246 5796 l7
2272 5740 2288 5816 )
2312 5784 2326 5809 ,
2367 5740 2785 5812 Ambrosianum,
2829 5744 3045 5801 scilicet
3085 5761 3348 5815 carmen,

38 5817 179 5891 quod
209 5827 263 5876 et
282 5820 389 5876 iam
422 5821 555 5880 alibi
582 5822 830 5900 hymnum
859 5827 1093 5909 vocitat,
1129 5826 1196 5887 ad
1224 5831 1467 5908 singulas
1496 5833 1659 5895 horas
1687 5836 1899 5909 cantari
1922 5834 2098 5925 jubet.
2133 5835 2332 5905 Verum
2365 5847 2544 5906 tamen
2574 5841 2663 5916 qui
2696 5839 3090 5915 conimentaria
3122 5843 3359 5918 scripse-
