3866 6288
513 294 655 356 ιιοτ
1831 291 2040 353 5ΔΝΟΊ

2190 292 2440 352 lBROSII
3650 300 3717 358 με

506 423 638 472 runt
663 414 722 473 in
763 415 1015 474 eamdem
1045 413 1313 489 Regulam
1335 456 1350 482 ,
1383 428 1574 473 vocem
1603 413 2000 470 Ambrosianum
2025 425 2149 487 post
2174 415 2380 472 dictum
2407 413 2753 486 Radulphum
2786 414 2862 472 ita
2893 414 3380 487 interpretantur,
3411 421 3470 469 ut
3491 427 3575 471 eos
3593 415 3728 489 lay-ut

508 509 597 567 vel
635 525 766 581 quos
803 513 1028 584 confecit
1060 510 1362 567 Ambrosius
1383 553 1398 579 ,
1428 511 1507 567 vel
1531 510 1668 568 alios
1695 512 1765 567 ad
1811 511 2156 568 imitationem
2194 513 2658 570 Ambrosianorum
2698 515 3018 587 compositos
3063 512 3354 586 designet.
3386 512 3613 586 Alioquin
3641 515 3730 568 etin

509 620 620 662 non
652 607 791 663 satis
819 618 1070 676 constat,
1104 625 1172 665 an
1201 608 1366 666 iideut
1394 608 1616 682 hymni,
1647 607 1848 682 quibus
1879 608 1934 666 in
1963 609 2210 668 Ecclesia
2240 609 2515 684 hodieque
2545 611 2773 679 utimur,
2802 609 2916 682 jam
2950 609 3087 667 inde
3117 623 3151 664 a
3181 615 3448 682 tempore
3473 608 3622 664 sancti
3638 608 3734 666 Βει-

516 697 650 756 dicti
675 700 799 756 cani
826 701 1168 758 consuerint.

587 791 646 848 lu
679 793 780 850 hac
811 802 958 850 tanta
987 793 1305 852 difﬁcultate
1333 794 1659 868 hymnorum
1689 795 1970 855 Ambrosii
1999 798 2172 854 nostri
2203 797 2272 855 ah
2301 797 2500 854 alienis
2527 797 3045 871 distinguendorum
3076 797 3366 871 optimum
3407 810 3531 853 esse
3560 795 3676 851 nobis
3697 813 3738 851 n-

513 901 634 944 sum
664 895 784 954 est,
819 901 877 944 ut
904 903 1002 960 pro
1031 889 1400 946 Ambrosiano
1425 890 1638 947 nullum
1665 891 2021 948 admittamus
2040 934 2056 962 ,
2089 894 2180 965 qui
2212 892 2499 963 locupletis
2524 893 2753 964 alicujus
2784 893 2944 950 testis
2973 892 3322 950 auctoritate
3377 905 3492 946 non
3531 899 3748 958 asserunt,

508 983 682 1038 satius
709 981 964 1039 videlicet
989 982 1369 1042 existimantes
1411 983 1762 1056 paucioribus
1805 994 1861 1042 at
1900 985 2234 1042 certioribus
2280 985 2383 1042 hoc
2426 986 2484 1042 in
2524 986 2802 1043 volumine
2833 987 3016 1043 locum
3049 985 3349 1053 tribuere,
3382 998 3549 1056 quam
3573 992 3754 1040 utetm

512 1090 775 1134 numerus
804 1075 1221 1146 multiplicetur,
1255 1077 1729 1136 indiscrintinatim
1758 1094 1922 1137 veros
1948 1093 2073 1136 cum
2103 1079 2259 1136 falsis
2288 1082 2340 1136 in
2374 1096 2541 1136 unum
2572 1081 2937 1138 confundere.

587 1170 831 1228 Primum
861 1186 1056 1228 eorum
1077 1214 1093 1241 ,
1125 1188 1265 1245 quos
1290 1172 1382 1230 hic
1409 1173 1659 1244 edimus,
1686 1173 1812 1246 jure
1839 1174 2072 1232 dicimus
2097 1172 2372 1232 Ambrosii
2399 1191 2543 1233 esse.
2575 1175 2796 1233 TeStem
2835 1176 3113 1235 habemus
3143 1185 3422 1232 sanctum
3455 1174 3759 1247 Augustin“,

514 1266 672 1338 cujus
703 1265 990 1338 sequentia
1015 1267 1178 1323 verba
1209 1268 1507 1340 leguntur:
1539 1266 1608 1324 In
1636 1270 1736 1324 hoc
1763 1268 1898 1324 libro
1925 1267 2039 1323 dixi
2068 1269 2124 1324 in
2150 1269 2379 1340 quodam
2407 1268 2522 1323 loco
2549 1269 2612 1325 de
2650 1271 2891 1339 apostolo
2937 1267 3128 1336 Petro,
3175 1267 3332 1339 quod
3376 1268 3439 1320 in
3469 1266 3560 1320 illo
3599 1275 3766 1336 tot-qm

533 1380 566 1417 n
599 1371 745 1433 petra
775 1363 997 1434 fundata
1024 1363 1091 1418 sit
1121 1362 1354 1420 Ecclesia
1373 1407 1388 1432 ,
1420 1364 1508 1438 qui
1535 1379 1715 1420 sensus
1743 1365 1899 1420 etiam
1928 1371 2170 1419 cantatur
2201 1379 2292 1418 ore
2319 1363 2598 1417 multorum
2640 1363 2694 1417 in
2735 1362 2969 1420 versibus
3004 1362 3307 1418 beatissimi
3353 1359 3642 1425 Ambrosii,
3662 1361 3770 1416 the

514 1453 670 1513 Gallo
695 1456 988 1528 gallinaceo
1013 1458 1087 1512 ait
1111 1473 1132 1513 :
1163 1455 1281 1512 Hoc
1309 1459 1428 1529 ipsa
1453 1466 1600 1529 petra
1629 1456 1880 1513 Ecclesia
1907 1465 2126 1512 canente
2151 1454 2364 1527 culpam
2394 1455 2550 1510 diluit
2580 1453 2734 1526 (Lib.
2765 1471 2782 1510 t
2809 1454 3048 1512 Retract.
3084 1473 3135 1514 c.
3166 1454 3308 1527 21).
3347 1454 3426 1510 Et
3454 1468 3586 1508 sane
3606 1456 3768 1512 canta

516 1555 778 1626 hymnum
806 1569 873 1612 ex
903 1553 1245 1612 Hexaemero
1275 1554 1417 1629 (Lib.
1448 1570 1504 1625 v,
1537 1571 1657 1628 cap.
1685 1553 1784 1628 24)
1814 1553 2166 1626 desumptum
2196 1567 2318 1610 esse
2348 1567 2379 1609 a
2410 1551 2598 1610 multis
2626 1551 2949 1610 auctoribus
2983 1561 3112 1624 post
3143 1549 3371 1607 Bedam
3406 1545 3522 1623 (De
3546 1549 3772 1622 Arte-eq

513 1647 888 1704 venerabilem
915 1649 1268 1704 observatum
1297 1658 1405 1705 est.

585 1740 866 1800 Secundus
895 1741 1132 1816 hymnus
1161 1743 1230 1800 ab
1257 1743 1450 1800 eodem
1477 1744 1788 1816 Augustino
1817 1745 1982 1802 etiam
2011 1743 2304 1814 indicatur,
2333 1745 2424 1803 ubi
2451 1759 2610 1801 suum
2637 1744 2708 1801 de
2733 1755 2990 1801 materno
3015 1757 3262 1801 excessu
3297 1742 3529 1798 luctum
3559 1741 3625 1796 ita
3647 1757 3778 1796 ιιεειερ

509 1848 634 1895 rat:
669 1835 828 1892 Eram
848 1879 864 1904 ,
899 1837 1075 1909 inquit
1099 1837 1240 1911 (Lib.
1269 1853 1354 1906 ts,
1383 1855 1503 1909 cap.
1533 1837 1659 1910 {2),
1687 1840 1744 1894 in
1775 1839 1907 1896 lecto
1934 1855 2051 1896 meo
2076 1839 2220 1895 solus
2242 1880 2257 1907 ,
2288 1840 2592 1896 recordatus
2621 1840 2876 1896 veridicos
2905 1854 3085 1896 uersus
3110 1838 3396 1894 Ambrosii
3425 1838 3511 1892 tui
3533 1855 3555 1902 ;
3579 1846 3628 1891 ts
3647 1841 3778 1894 esu-it

509 1928 653 1988 Deus
678 1941 881 1987 creator
907 1932 1161 1987 omnium.
1192 1929 1365 2000 Quem
1395 1931 1657 2004 hymnum
1689 1933 1853 1988 etiam
1880 1931 1977 1988 lib.
2007 1947 2064 1987 Vl
2105 1932 2170 1987 de
2197 1931 2402 1987 Musica
2422 1973 2439 1999 ,
2471 1947 2592 2004 cap.
2625 1930 2661 1988 9
2685 1973 2701 1998 ,
2733 1931 3015 2003 designari
3046 1946 3160 1987 nou
3192 1929 3580 2002 ambigimus.

582 2022 778 2081 Tertiii
809 2040 1027 2097 quoque
1059 2025 1246 2098 hymni
1277 2025 1478 2082 citatus
1503 2025 1696 2082 doctnr
1725 2027 1799 2082 ita
1832 2024 2082 2082 meminit
2110 2026 2252 2100 (Lib.
2285 2027 2349 2083 de
2379 2025 2511 2081 Nat.
2539 2037 2587 2082 et
2613 2024 2763 2082 Grut.
2794 2043 2843 2082 c.
2871 2024 2966 2099 63)
2991 2042 3007 2082 :
3053 2025 3230 2092 Quem
3259 2026 3532 2094 spiritum
3568 2039 3784 2081 mea:

509 2119 786 2192 episcopus
811 2119 970 2175 etiam
999 2120 1239 2193 precibus
1266 2119 1652 2192 impetrandum
1680 2119 1962 2176 admonet.
1989 2159 2004 2175 .
2033 2161 2047 2175 .
2075 2161 2090 2176 .
2112 2120 2200 2175 ubi
2231 2121 2288 2176 in
2315 2120 2510 2193 hymno
2539 2137 2636 2176 suo
2665 2120 2792 2175 dicit
2819 2137 2838 2176 :
2880 2120 3124 2194 Votisquc
3151 2130 3385 2193 praestet
3411 2119 3617 2176 sedulis
3638 2130 3788 2174 suum

513 2213 702 2269 mereri
729 2211 1011 2286 Spiritum.
1042 2213 1140 2286 llic
1169 2213 1406 2286 hymnus
1433 2213 1692 2270 similiter
1721 2211 1960 2270 refertur
1989 2212 2132 2270 inter
2162 2211 2559 2269 Ambrosianus
2583 2226 2616 2266 a
2641 2211 2945 2268 venerabili
2974 2210 3121 2268 Beda
3157 2210 3340 2285 (Loco
3365 2209 3502 2284 cit.)
3521 2254 3538 2280 ,
3571 2222 3623 2267 et
3644 2210 3790 2266 haben

511 2324 640 2366 cunt
669 2309 724 2365 in
756 2307 1052 2366 Breviariis
1070 2303 1574 2380 Cistersiensibus,
1622 2317 1736 2366 tum
1783 2308 1840 2366 in
1886 2306 2093 2365 ultimis
2138 2306 2476 2365 editionibus
2521 2305 2789 2363 Parisiuis
2835 2303 3076 2378 Operam
3119 2303 3678 2371 Ambrosianum,
3709 2304 3792 2360 tua

519 2404 675 2462 illum
713 2404 820 2462 huc
852 2405 1253 2463 transtulimus.

594 2501 670 2559 De
691 2511 888 2574 quarto
915 2501 1120 2575 hymno
1140 2503 1393 2561 dubitare
1417 2518 1530 2560 non
1552 2501 1723 2575 magis
1752 2500 1919 2568 licet,
1944 2515 2105 2573 quam
2128 2499 2198 2558 de
2223 2500 2398 2557 tribus
2416 2497 2818 2570 superioribus.
2841 2495 3084 2554 Primam
3112 2495 3241 2567 ejus
3267 2495 3566 2568 strophen
3586 2495 3636 2551 in
3651 2494 3794 2566 εγω»

525 2596 774 2652 llotnana
811 2611 880 2653 ex
919 2596 1211 2654 Baluziana
1248 2595 1588 2653 Collectione
1625 2609 1771 2652 anno
1806 2593 1915 2652 450
1952 2593 2234 2651 celebrata
2271 2593 2568 2650 Ambrosio
2607 2593 2902 2663 ascriptam
2943 2590 3302 2663 reperimus,
3353 2605 3472 2648 nec
3512 2605 3619 2647 non
3640 2588 3794 2645 abhis-

522 2697 738 2767 phonso
769 2693 844 2752 De
870 2693 1084 2767 Perpet.
1113 2694 1317 2767 Virgin.
1345 2693 1520 2749 Beata:
1543 2691 1729 2748 Maria:
1754 2706 1861 2748 non
1889 2691 2062 2749 semel
2095 2690 2430 2763 propositam
2458 2707 2473 2745 :
2504 2699 2756 2762 quartam
2785 2703 2920 2745 vero
2950 2703 3060 2744 non
3089 2685 3261 2743 modo
3295 2687 3460 2758 apud
3490 2683 3796 2742 Cassiode

523 2788 617 2862 (In
642 2788 790 2846 Psal.
817 2806 910 2847 vttt
937 2792 992 2846 in
1012 2789 1193 2846 Concl.
1219 2800 1267 2846 et
1292 2790 1348 2844 in
1373 2787 1523 2844 Psal.
1555 2788 1702 2860 tam)
1723 2831 1740 2857 ,
1763 2787 1860 2844 sed
1890 2787 2059 2845 etiam
2087 2785 2230 2857 apud
2251 2785 2514 2842 Faustum
2542 2784 2870 2856 llegiensent
2898 2783 3051 2855 legas
3074 2823 3090 2848 ,
3111 2781 3211 2854 qui
3241 2781 3569 2853 episcopus
3593 2780 3656 2837 de
3673 2780 3777 2835 eadu

525 2882 614 2940 his
644 2884 830 2940 verbis
854 2884 965 2956 agit
996 2883 1192 2958 (Epist.
1222 2885 1291 2939 ad
1317 2882 1384 2939 (ἱ.
1413 2883 1628 2954 Diac.):
1661 2883 1850 2955 Accipe
1871 2882 2028 2938 etiant
2053 2882 2107 2937 in
2135 2883 2326 2953 hymno
2356 2881 2522 2936 sancti
2561 2881 2810 2936 antistitis
2849 2888 2899 2934 et
2939 2878 3260 2950 confessoris
3307 2877 3747 2948 Ambrosii,”
3765 2876 3798 2928 is

525 2978 692 3034 natali
720 2977 996 3034 Dominico
1023 2993 1114 3050 per
1140 2994 1314 3034 omnes
1340 2975 1514 3034 Italae
1539 2987 1585 3033 et
1611 2974 1803 3033 Gallia!
1829 2977 2066 3049 regiones
2095 2975 2347 3046 persultat
2379 2974 2616 3030 Ecclesia
2636 2993 2655 3030 :
2687 2973 2922 3029 Procede
2949 2972 3016 3027 de
3043 2970 3289 3028 thalamo
3314 2983 3416 3027 tuo
3433 3013 3454 3037 ,
3483 2980 3598 3028 etc.

599 3071 834 3141 Quintus
861 3071 1134 3128 indicatur
1161 3088 1190 3128 a
1219 3071 1553 3129 Cassiodoro
1573 3115 1590 3140 ,
1621 3071 1753 3128 dum
1782 3072 1863 3129 sic
1892 3071 2138 3144 loquitur
2165 3069 2258 3144 (In
2289 3070 2442 3126 Psal.
2471 3070 2660 3142 Lxxtv)
2684 3087 2698 3124 :
2731 3068 2800 3127 Ut
2829 3071 3013 3125 latices
3042 3067 3276 3140 fontium
3307 3069 3578 3124 ruborem
3599 3067 3800 3132 ἠπίων

527 3173 635 3218 tata
662 3160 950 3233 qualitate,
986 3163 1337 3234 susciperent,
1367 3179 1519 3236 quem
1545 3173 1731 3218 natura
1757 3181 1859 3219 non
1884 3162 2084 3220 habuit.
2118 3161 2272 3219 Unde
2297 3163 2478 3218 beatus
2504 3163 2806 3218 Ambrosius
2829 3163 2885 3218 in
2913 3163 3109 3234 hymno
3134 3171 3342 3217 sancta
3375 3161 3683 3233 Epiphanie
3699 3159 3794 3212 sisto

529 3254 702 3309 biliter
727 3255 1037 3310 declamavit
1064 3257 1489 3327 splendidissima
1517 3258 1632 3312 luce
1656 3256 1945 3313 uerborum.
1993 3257 2072 3313 Ex
2113 3257 2332 3329 hymnis
2358 3267 2543 3313 autem
2571 3256 2790 3314 duobus
2817 3257 3017 3330 quibus
3047 3259 3399 3332 mysterium
3435 3257 3759 3331 Epiphaniae

530 3347 803 3404 lcbratum
831 3351 997 3406 etiam
1031 3365 1175 3406 nunc
1205 3350 1460 3416 habetur,
1493 3352 1634 3408 alter
1661 3367 1826 3423 quem
1855 3352 1911 3408 in
1941 3352 2064 3422 ejus
2089 3352 2200 3408 diei
2241 3351 2440 3409 Olticio
2484 3351 2638 3409 canit
2684 3352 2932 3410 Ecclesia
2954 3393 2972 3418 ,
3023 3352 3242 3412 Sedulii
3281 3363 3380 3412 est
3405 3372 3424 3408 :
3478 3354 3621 3410 alter
3651 3367 3742 3408 rem
3763 3344 3801 3405 si

533 3437 836 3495 Breviariis
859 3437 1080 3497 Ordinis
1107 3439 1497 3498 Cisterciensis
1517 3482 1532 3507 ,
1565 3458 1668 3498 nec
1697 3459 1804 3498 non
1831 3441 1884 3499 in
1914 3443 2206 3514 postremis
2231 3443 2716 3501 Ambrosianorum
2745 3444 2986 3517 Operum
3011 3444 3368 3504 editionibus
3395 3455 3606 3504 exstat.
3632 3444 3678 3502 lu
3695 3452 3795 3515 qui!

533 3548 662 3590 cum
691 3533 976 3604 aptissime
1004 3533 1276 3606 quadrent
1303 3536 1470 3592 citata
1500 3537 1669 3594 verba
1697 3537 2014 3596 Cassiodori
2037 3580 2052 3607 ,
2083 3553 2191 3596 non
2222 3537 2590 3599 dubitavimus
2626 3541 2879 3599 eumdem
2921 3541 3068 3599 inter
3108 3543 3406 3616 legitimos
3454 3545 3592 3601 tanti
3627 3533 3799 3616 Docui

536 3627 680 3685 fetus
709 3627 1026 3686 admittere.

605 3721 830 3780 Sestum
862 3690 1123 3797 hymnum
1152 3734 1245 3782 aut
1275 3727 1459 3799 potius
1490 3727 1677 3801 hymni
1708 3727 2072 3802 fragmentum
2097 3730 2425 3788 auctoritate
2453 3731 2702 3803 ejusdem
2733 3730 3048 3790 Cassiodori
3072 3730 3181 3806 (In
3206 3731 3369 3790 Psal.
3395 3733 3495 3808 Cl)
3523 3701 3801 3808 remeavi

541 3830 663 3872 mus
683 3858 698 3884 ,
729 3816 849 3888 ejus
878 3819 1080 3890 quippe
1107 3819 1174 3876 de
1205 3819 1300 3876 illo
1331 3822 1706 3880 testimonium
1736 3823 1966 3894 legimus
1997 3824 2052 3879 in
2084 3823 2202 3880 lttec
2231 3825 2397 3880 verba
2424 3843 2438 3880 :
2471 3824 2610 3880 Ilinc
2639 3828 2796 3881 etiam
2825 3827 2994 3882 sancti
3023 3827 3295 3884 Ambrosii
3327 3830 3627 3884 secundum
3649 3816 3801 3898 Δῃοαῆ

538 3909 648 3966 lum
675 3909 820 3966 horse
843 3922 1000 3968 sextis
1026 3929 1207 3968 roseus
1234 3915 1456 3986 hymnus
1484 3916 1571 3972 ille
1598 3916 1828 3973 redoluit
1850 3933 1870 3984 ;
1898 3919 1972 3972 ait
1999 3919 2179 3974 enim:
2205 3917 2381 3974 Orabo
2407 3932 2576 3976 mente
2600 3917 2883 3976 Dominum
2903 3965 2919 3989 ,
2951 3929 3062 3980 etc.
3087 3921 3285 3994 Neque
3313 3937 3458 3980 vero
3487 3924 3574 3979 his
3599 3909 3801 3994 εωισε

544 4003 793 4062 laudibus
822 4003 912 4062 hic
942 4005 1178 4079 hymnus
1208 4008 1461 4080 indignus
1486 4019 1605 4076 est,
1637 4009 1686 4066 si
1715 4010 2095 4068 tantummodo
2125 4022 2403 4083 spectetur
2430 4029 2664 4082 sensus;
2697 4025 3074 4074 verumtamen
3108 4017 3168 4073 in
3198 4017 3438 4073 dubium
3471 4032 3582 4072 non
3609 4013 3770 4072 intacti

540 4100 789 4156 revocari
812 4109 1029 4172 potest,
1059 4117 1186 4158 num
1212 4118 1340 4159 vere
1363 4103 1432 4160 ab
1453 4103 1744 4162 Ambrosio
1767 4104 1932 4162 luerit
1951 4109 2312 4178 compositus,
2337 4123 2459 4164 cum
2489 4110 2542 4165 in
2568 4109 2763 4167 eodem
2787 4112 2936 4183 leges
2958 4112 3229 4169 carminis
3256 4128 3498 4185 prorsus
3521 4112 3781 4186 neglig!“

541 4193 760 4252 Etenim
788 4210 857 4252 ex
886 4197 954 4252 iis
980 4196 1269 4266 omnibus,
1298 4197 1368 4254 de
1393 4198 1592 4271 quibus
1615 4197 1729 4270 jam
1756 4210 1883 4256 ante
1911 4215 1940 4254 a
1968 4199 2125 4256 nobis
2151 4200 2357 4258 dictum
2383 4213 2466 4258 cst
2483 4244 2497 4268 ,
2525 4202 2674 4259 clare
2699 4203 3015 4260 ostenditur
3040 4205 3368 4277 peritiorem
3392 4208 3670 4264 exstitisse
3687 4199 3773 4260 isi

543 4301 746 4360 genere
771 4298 1020 4345 sanctum
1047 4289 1366 4348 Antistitem
1389 4331 1406 4356 ,
1434 4305 1598 4360 quam
1625 4300 1681 4346 ut
1707 4300 1816 4347 tam
1845 4291 2046 4350 crebro
2069 4292 2415 4366 impingeret.
2445 4294 2554 4352 Sed
2581 4293 2896 4352 Cassiodori
2922 4311 3034 4353 non
3062 4297 3390 4368 putavimus
3416 4296 3712 4371 negandum
3734 4305 3761 4346 ε

546 4383 758 4439 toritati
783 4425 798 4452 ,
828 4395 888 4440 ut
913 4385 1058 4440 inter
1082 4384 1357 4440 Ambrosii
1387 4385 1564 4441 nostri
1588 4387 1830 4442 carmina
1857 4388 2244 4444 suavissimum
2289 4389 2426 4445 illud
2463 4391 2796 4460 poematium
2826 4391 3148 4462 recipiatur.

623 4477 852 4548 Septimi
884 4477 1070 4552 hymni
1104 4481 1315 4550 primus
1341 4465 1652 4538 versictilus
1678 4481 1753 4537 ita
1779 4490 2117 4538 memoratur
2145 4481 2289 4552 apud
2318 4482 2520 4540 Bedam
2553 4482 2656 4556 (De
2680 4484 2805 4540 Arte
2833 4483 3011 4556 metr.)
3037 4501 3053 4540 :
3085 4483 3196 4542 Sed
3226 4497 3276 4541 et
3305 4487 3648 4542 Ambrositm'
3675 4501 3730 4540 es

547 4571 688 4627 sime
714 4581 932 4627 currunt
955 4588 976 4626 :
1004 4571 1270 4643 Splendor
1299 4583 1534 4646 paternis
1559 4574 1766 4648 gloriae.
1793 4571 1892 4630 Cui
1924 4573 2202 4631 versiculo
2231 4573 2323 4632 ubi
2354 4573 2588 4645 subjecit
2625 4575 2836 4644 primos
2874 4585 2988 4631 tres
3020 4575 3167 4632 alios
3207 4575 3378 4632 trium
3417 4576 3760 4650 hymnorum,

547 4666 746 4738 quibus
772 4666 885 4736 jam
916 4668 1160 4738 egimus,
1191 4667 1295 4724 hoc
1327 4668 1491 4726 modo
1519 4670 1872 4741 prosequitur
1898 4686 1910 4724 :
1943 4668 2008 4724 Et
2035 4671 2208 4724 διειριὶ
2237 4670 2531 4742 perplures,
2564 4670 2618 4724 in
2654 4671 2838 4743 quibus
2857 4671 3213 4741 pulcherrimo
3245 4681 3321 4728 est
3351 4649 3546 4728 decore
3579 4649 3798 4743 conspui

547 4763 772 4836 hynmus
797 4761 1066 4819 beatorum
1093 4776 1385 4838 martyrum
1408 4783 1427 4821 :
1453 4765 1678 4822 zEterna
1699 4764 1895 4822 Christi
1920 4765 2137 4822 mu’nera
2155 4809 2170 4833 ,
2198 4777 2305 4824 etc.
2335 4767 2452 4824 Non
2478 4767 2698 4825 videtur
2721 4778 2905 4824 autem
2929 4769 3302 4827 commodiori
3331 4786 3508 4829 sensu
3531 4771 3696 4842 accipi
3715 4781 3781 4839 με

553 4859 658 4915 hoc
683 4859 1081 4929 testimonium,
1104 4876 1268 4932 quam
1290 4862 1337 4918 si
1365 4861 1621 4919 eumdem
1647 4860 1909 4935 hymnum
1933 4860 2231 4918 Ambrosio
2254 4877 2352 4934 per
2378 4861 2516 4918 illud
2543 4861 2766 4918 attribui
2792 4861 3258 4934 interpretemur:
3282 4879 3397 4936 quo
3419 4865 3644 4936 quidem
3664 4876 3729 4919 Ia

550 4951 732 5024 ipsum
755 4952 1080 5010 admisimus
1109 4963 1305 5012 octavo
1333 4955 1476 5013 loco.

623 5047 836 5106 Nouum
853 5092 870 5119 ,
895 5051 1166 5108 decimum
1189 5093 1204 5120 ,
1231 5063 1397 5123 atque
1419 5051 1774 5110 undecimum
1804 5052 1962 5110 nobis
1990 5051 2254 5109 iudicavit
2278 5051 2602 5109 llincmarus
2630 5051 2930 5110 Remorum
2956 5052 3252 5124 episcOpus
3277 5051 3384 5125 (De
3406 5069 3514 5110 non
3532 5055 3672 5109 tritta
3688 5047 3798 5125 ΐιῆ

551 5142 710 5212 cujus
739 5143 1120 5200 auctoritatem
1152 5143 1256 5200 hac
1286 5145 1338 5200 itt
1372 5159 1431 5200 re
1457 5144 1796 5214 sequendam
1827 5159 1895 5201 co
1925 5159 2100 5214 usque
2129 5141 2377 5199 ducimus
2400 5184 2414 5207 ,
2446 5152 2722 5214 quatenus
2749 5143 2834 5199 vel
2867 5141 3059 5214 hymni
3088 5153 3247 5199 tanto
3274 5143 3501 5200 nomine
3526 5141 3677 5214 digni
3697 5139 3801 5214 vid!

553 5244 662 5301 tur,
695 5239 777 5292 vel
812 5237 959 5291 nulla
997 5237 1136 5292 ratio
1166 5246 1224 5293 ut
1251 5237 1321 5292 ab
1350 5237 1472 5308 ejus
1494 5236 1818 5293 recedamus
1835 5234 2126 5300 sententia,
2147 5235 2389 5291 animum
2417 5233 2668 5306 impellit.
2698 5232 2856 5300 Nam,
2884 5234 3129 5305 exentpli
3155 5233 3358 5306 gratia,
3392 5237 3658 5309 hymn
3681 5249 3700 5286 :
3723 5227 3772 5285 Π

553 5339 734 5384 sancte
759 5329 906 5384 nobis
939 5328 1170 5399 Spiritus
1192 5372 1208 5396 ,
1245 5331 1339 5400 qui
1377 5329 1598 5386 canitur
1633 5330 1701 5384 ad
1740 5331 1929 5385 horam
1971 5327 2186 5384 tertiam
2212 5367 2228 5392 ,
2262 5327 2333 5383 ab
2371 5325 2668 5384 Ambrosio
2703 5323 3010 5398 profectum
3050 5340 3178 5382 esse
3207 5325 3370 5383 nobis
3407 5342 3521 5382 non
3557 5323 3797 5400 pessuli

553 5435 678 5478 cum
705 5422 964 5480 videlicet
991 5424 1154 5478 alium
1185 5423 1482 5480 habeamus
1505 5465 1520 5490 ,
1552 5437 1714 5495 quem
1746 5439 1778 5478 a
1808 5433 2003 5478 sancto
2031 5420 2270 5477 Praesule
2289 5461 2306 5486 ,
2339 5429 2398 5475 ut
2427 5419 2494 5474 ad
2524 5418 2773 5475 eamdem
2808 5420 2998 5474 horam
3026 5421 3442 5482 conciperetur.
3473 5423 3689 5473 constat
3711 5410 3781 5466 [si

553 5515 942 5588 compositum.
984 5515 1180 5575 Caneri
1222 5532 1354 5574 vero
1393 5532 1625 5588 quorum
1669 5515 2006 5580 versiculos,
2045 5523 2140 5569 aut
2181 5512 2348 5570 etiam
2387 5512 2644 5582 strophas
2683 5521 2959 5584 tamquam
2991 5511 3392 5567 Ambrosiauas
3415 5507 3779 5566 subinderele

548 5619 656 5668 tam
689 5612 900 5668 crebris
929 5612 1146 5668 mendis
1177 5611 1447 5684 inquinati
1480 5620 1629 5677 sunt,
1660 5617 1720 5666 ut
1749 5609 1820 5666 ab
1849 5608 1968 5678 ejus
1998 5607 2104 5662 viri
2133 5606 2407 5679 elegantia
2437 5606 2600 5676 longe
2627 5603 3002 5662 abhorreant:
3031 5603 3284 5660 nonnulli
3302 5604 3468 5660 etiam
3495 5599 3801 5684 illiuscou‘

553 5705 744 5763 uitatis
773 5705 909 5764 nihil
941 5706 1262 5778 praeferunt,
1284 5722 1406 5778 quae
1437 5705 1664 5778 singulis
1687 5703 1940 5762 versibus
1960 5701 2206 5774 singulos
2222 5714 2418 5758 sensus
2439 5701 2507 5757 ab
2527 5698 2821 5756 Ambrosio
2848 5695 3056 5756 includi
3085 5698 3448 5756 consuevisse
3467 5693 3606 5752 Beda
3621 5698 3775 5778 ωειιε

628 5797 949 5879 Duodecimi
993 5800 1366 5873 cognitionem
1395 5799 1661 5856 debemus
1686 5799 1849 5879 beato
1875 5785 2244 5879 lldephoitso,
2275 5796 2366 5867 qui
2399 5795 2569 5851 semel
2598 5809 2664 5850 ac
2693 5793 2892 5850 iterum
2922 5793 2976 5849 in
3009 5807 3271 5850 sermone
3309 5793 3378 5848 de
3401 5787 3656 5876 Pastoris.
3679 5793 3742 5879 et.

561 5869 752 5958 iii/ient.
787 5891 848 5947 Β.
885 5869 1252 5963 ήηνὶὶετνὲνᾷι.
1283 5879 1518 5965 priintit'u
1549 5869 1798 5962 tijusdein
1832 5869 2019 5965 hymni
2063 5873 2344 5962 stropham
2389 5885 2665 5961 tamquam
2698 5881 2768 5944 ab
2795 5885 3091 5947 Ambrosio
3132 5881 3496 5958 compositam
3529 5869 3700 5942 uituli
3727 5869 3775 5932 ἃ
