  <div class='ocr_page' id='page_1' title='image "/cluster/home/n/w/nwhite01/storage/ocr_20150623/16/hvd.32044096580444/010.png"; bbox 0 0 4128 6132; ppageno 0'>
   <div class='ocr_carea' id='block_1_1' title="bbox 1520 735 2505 895">
    <p class='ocr_par' dir='ltr' id='par_1_1' title="bbox 1520 735 2505 895">
     <span class='ocr_line' id='line_1_1' title="bbox 1520 735 2505 895; baseline 0.007 -8"><span class='ocrx_word' id='word_1_1' title='bbox 1520 735 2505 895; x_wconf 63' lang='grc' dir='ltr'><strong>ΡΙΗΕΡΑΤΙΟ</strong></span> 
     </span>
    </p>
   </div>
   <div class='ocr_carea' id='block_1_2' title="bbox 1000 1105 2994 1226">
    <p class='ocr_par' dir='ltr' id='par_1_2' title="bbox 1000 1105 2994 1226">
     <span class='ocr_line' id='line_1_2' title="bbox 1000 1105 2994 1226; baseline 0.001 -4"><span class='ocrx_word' id='word_1_2' title='bbox 1000 1112 1146 1226; x_wconf 85' lang='grc' dir='ltr'>ΙΝ</span> <span class='ocrx_word' id='word_1_3' title='bbox 1200 1107 1583 1225; x_wconf 86' lang='lat' dir='ltr'><strong>HUNC</strong></span> <span class='ocrx_word' id='word_1_4' title='bbox 1642 1106 2392 1225; x_wconf 80' lang='lat' dir='ltr'><strong>SECUNDUM</strong></span> <span class='ocrx_word' id='word_1_5' title='bbox 2467 1105 2994 1225; x_wconf 83' lang='lat' dir='ltr'><strong>TOMUM.</strong></span> 
     </span>
    </p>
   </div>
   <div class='ocr_carea' id='block_1_3' title="bbox 338 1634 3752 1725">
    <p class='ocr_par' dir='ltr' id='par_1_3' title="bbox 338 1634 3752 1725">
     <span class='ocr_line' id='line_1_3' title="bbox 338 1634 3752 1725; baseline -0.001 -18"><span class='ocrx_word' id='word_1_6' title='bbox 338 1641 672 1725; x_wconf 86' lang='lat' dir='ltr'><strong>Quidquid</strong></span> <span class='ocrx_word' id='word_1_7' title='bbox 702 1638 1074 1703; x_wconf 90' lang='lat' dir='ltr'><strong>universim</strong></span> <span class='ocrx_word' id='word_1_8' title='bbox 1101 1638 1185 1702; x_wconf 90' lang='lat' dir='ltr'><strong>ad</strong></span> <span class='ocrx_word' id='word_1_9' title='bbox 1211 1638 1497 1719; x_wconf 87' lang='lat' dir='ltr'><strong>Operum</strong></span> <span class='ocrx_word' id='word_1_10' title='bbox 1526 1636 1739 1699; x_wconf 79' lang='lat' dir='ltr'><strong>sancti</strong></span> <span class='ocrx_word' id='word_1_11' title='bbox 1772 1634 2104 1698; x_wconf 80' lang='lat' dir='ltr'><strong>Ambrosii</strong></span> <span class='ocrx_word' id='word_1_12' title='bbox 2147 1636 2660 1715; x_wconf 74' lang='lat' dir='ltr'><strong>castigationem</strong></span> <span class='ocrx_word' id='word_1_13' title='bbox 2708 1636 3017 1719; x_wconf 80' lang='lat' dir='ltr'><strong>pertinet,</strong></span> <span class='ocrx_word' id='word_1_14' title='bbox 3070 1636 3419 1719; x_wconf 79' lang='lat' dir='ltr'><strong>speciatim</strong></span> <span class='ocrx_word' id='word_1_15' title='bbox 3466 1655 3621 1703; x_wconf 82' lang='lat' dir='ltr'><strong>vero</strong></span> <span class='ocrx_word' id='word_1_16' title='bbox 3666 1637 3752 1706; x_wconf 81' lang='lat' dir='ltr'><strong>ad</strong></span> 
     </span>
    </p>
   </div>
   <div class='ocr_carea' id='block_1_4' title="bbox 267 1733 3756 1818">
    <p class='ocr_par' dir='ltr' id='par_1_4' title="bbox 267 1733 3756 1818">
     <span class='ocr_line' id='line_1_4' title="bbox 267 1733 3756 1818; baseline -0.002 -12"><span class='ocrx_word' id='word_1_17' title='bbox 267 1744 533 1806; x_wconf 91' lang='lat' dir='ltr'><strong>illorum</strong></span> <span class='ocrx_word' id='word_1_18' title='bbox 562 1740 907 1818; x_wconf 90' lang='lat' dir='ltr'><strong>librorum,</strong></span> <span class='ocrx_word' id='word_1_19' title='bbox 939 1736 1054 1818; x_wconf 88' lang='lat' dir='ltr'><strong>qui</strong></span> <span class='ocrx_word' id='word_1_20' title='bbox 1085 1734 1424 1798; x_wconf 86' lang='lat' dir='ltr'><strong>volumine</strong></span> <span class='ocrx_word' id='word_1_21' title='bbox 1454 1734 1666 1814; x_wconf 87' lang='lat' dir='ltr'><strong>primo</strong></span> <span class='ocrx_word' id='word_1_22' title='bbox 1696 1733 2141 1812; x_wconf 79' lang='lat' dir='ltr'><strong>continentur,</strong></span> <span class='ocrx_word' id='word_1_23' title='bbox 2178 1752 2309 1796; x_wconf 89' lang='lat' dir='ltr'><strong>non</strong></span> <span class='ocrx_word' id='word_1_24' title='bbox 2344 1733 2438 1796; x_wconf 89' lang='lat' dir='ltr'><strong>ita</strong></span> <span class='ocrx_word' id='word_1_25' title='bbox 2468 1733 2910 1814; x_wconf 80' lang='lat' dir='ltr'><strong>perfunctorie</strong></span> <span class='ocrx_word' id='word_1_26' title='bbox 2940 1738 3013 1800; x_wconf 90' lang='lat' dir='ltr'><strong>in</strong></span> <span class='ocrx_word' id='word_1_27' title='bbox 3042 1736 3433 1801; x_wconf 64' lang='lat' dir='ltr'><strong>Praefatione</strong></span> <span class='ocrx_word' id='word_1_28' title='bbox 3463 1736 3547 1800; x_wconf 89' lang='lat' dir='ltr'><strong>ad</strong></span> <span class='ocrx_word' id='word_1_29' title='bbox 3579 1736 3756 1801; x_wconf 85' lang='lat' dir='ltr'><strong>idem</strong></span> 
     </span>
    </p>
   </div>
   <div class='ocr_carea' id='block_1_5' title="bbox 266 1830 3751 1917">
    <p class='ocr_par' dir='ltr' id='par_1_5' title="bbox 266 1830 3751 1917">
     <span class='ocr_line' id='line_1_5' title="bbox 266 1830 3751 1917; baseline -0.001 -14"><span class='ocrx_word' id='word_1_30' title='bbox 266 1841 433 1903; x_wconf 92' lang='lat' dir='ltr'><strong>illud</strong></span> <span class='ocrx_word' id='word_1_31' title='bbox 453 1840 767 1902; x_wconf 82' lang='lat' dir='ltr'><strong>volumen</strong></span> <span class='ocrx_word' id='word_1_32' title='bbox 788 1835 1238 1917; x_wconf 81' lang='lat' dir='ltr'><strong>exposuimus,</strong></span> <span class='ocrx_word' id='word_1_33' title='bbox 1263 1836 1340 1895; x_wconf 88' lang='lat' dir='ltr'><strong>ut</strong></span> <span class='ocrx_word' id='word_1_34' title='bbox 1369 1833 1439 1894; x_wconf 92' lang='lat' dir='ltr'><strong>in</strong></span> <span class='ocrx_word' id='word_1_35' title='bbox 1467 1831 1594 1894; x_wconf 83' lang='lat' dir='ltr'><strong>hac</strong></span> <span class='ocrx_word' id='word_1_36' title='bbox 1621 1831 1845 1894; x_wconf 88' lang='lat' dir='ltr'><strong>iterari</strong></span> <span class='ocrx_word' id='word_1_37' title='bbox 1872 1830 2017 1894; x_wconf 84' lang='lat' dir='ltr'><strong>sine</strong></span> <span class='ocrx_word' id='word_1_38' title='bbox 2030 1831 2211 1910; x_wconf 91' lang='lat' dir='ltr'><strong>justo</strong></span> <span class='ocrx_word' id='word_1_39' title='bbox 2238 1831 2498 1894; x_wconf 86' lang='lat' dir='ltr'><strong>lectoris</strong></span> <span class='ocrx_word' id='word_1_40' title='bbox 2522 1831 2791 1896; x_wconf 87' lang='lat' dir='ltr'><strong>fastidio</strong></span> <span class='ocrx_word' id='word_1_41' title='bbox 2812 1849 3000 1916; x_wconf 81' lang='lat' dir='ltr'><strong>posse</strong></span> <span class='ocrx_word' id='word_1_42' title='bbox 3020 1832 3349 1898; x_wconf 88' lang='lat' dir='ltr'><strong>videatur.</strong></span> <span class='ocrx_word' id='word_1_43' title='bbox 3376 1835 3515 1899; x_wconf 88' lang='lat' dir='ltr'><strong>Hoc</strong></span> <span class='ocrx_word' id='word_1_44' title='bbox 3538 1834 3751 1914; x_wconf 78' lang='lat' dir='ltr'><strong>igitur</strong></span> 
     </span>
    </p>
   </div>
   <div class='ocr_carea' id='block_1_6' title="bbox 265 1928 3752 2015">
    <p class='ocr_par' dir='ltr' id='par_1_6' title="bbox 265 1928 3752 2015">
     <span class='ocr_line' id='line_1_6' title="bbox 265 1928 3752 2015; baseline -0.002 -13"><span class='ocrx_word' id='word_1_45' title='bbox 265 1940 405 2001; x_wconf 92' lang='lat' dir='ltr'><strong>loco</strong></span> <span class='ocrx_word' id='word_1_46' title='bbox 430 1940 698 2000; x_wconf 89' lang='lat' dir='ltr'><strong>tantum</strong></span> <span class='ocrx_word' id='word_1_47' title='bbox 725 1936 1044 2015; x_wconf 82' lang='lat' dir='ltr'><strong>superest,</strong></span> <span class='ocrx_word' id='word_1_48' title='bbox 1075 1934 1152 1994; x_wconf 88' lang='lat' dir='ltr'><strong>ut</strong></span> <span class='ocrx_word' id='word_1_49' title='bbox 1180 1931 1353 1994; x_wconf 90' lang='lat' dir='ltr'><strong>circa</strong></span> <span class='ocrx_word' id='word_1_50' title='bbox 1380 1947 1489 1993; x_wconf 92' lang='lat' dir='ltr'><strong>eos</strong></span> <span class='ocrx_word' id='word_1_51' title='bbox 1520 1931 1867 1992; x_wconf 83' lang='lat' dir='ltr'><strong>Tractatus</strong></span> <span class='ocrx_word' id='word_1_52' title='bbox 1900 1928 2144 2008; x_wconf 86' lang='lat' dir='ltr'><strong>quibus</strong></span> <span class='ocrx_word' id='word_1_53' title='bbox 2172 1929 2283 1991; x_wconf 91' lang='lat' dir='ltr'><strong>hic</strong></span> <span class='ocrx_word' id='word_1_54' title='bbox 2311 1933 2531 1993; x_wconf 91' lang='lat' dir='ltr'><strong>tomus</strong></span> <span class='ocrx_word' id='word_1_55' title='bbox 2560 1934 2839 2013; x_wconf 84' lang='lat' dir='ltr'><strong>constat,</strong></span> <span class='ocrx_word' id='word_1_56' title='bbox 2888 1936 3030 1995; x_wconf 90' lang='lat' dir='ltr'><strong>tam</strong></span> <span class='ocrx_word' id='word_1_57' title='bbox 3074 1932 3191 2015; x_wconf 90' lang='lat' dir='ltr'><strong>qui</strong></span> <span class='ocrx_word' id='word_1_58' title='bbox 3237 1932 3526 2013; x_wconf 83' lang='lat' dir='ltr'><strong>legitimi</strong></span> <span class='ocrx_word' id='word_1_59' title='bbox 3570 1935 3752 2014; x_wconf 85' lang='lat' dir='ltr'><strong>sunt,</strong></span> 
     </span>
    </p>
   </div>
   <div class='ocr_carea' id='block_1_7' title="bbox 263 2026 3746 2115">
    <p class='ocr_par' dir='ltr' id='par_1_7' title="bbox 263 2026 3746 2115">
     <span class='ocr_line' id='line_1_7' title="bbox 263 2026 3746 2115; baseline -0.001 -16"><span class='ocrx_word' id='word_1_60' title='bbox 263 2054 339 2099; x_wconf 87' lang='lat' dir='ltr'><strong>ac</strong></span> <span class='ocrx_word' id='word_1_61' title='bbox 365 2052 518 2099; x_wconf 91' lang='lat' dir='ltr'><strong>vere</strong></span> <span class='ocrx_word' id='word_1_62' title='bbox 545 2030 990 2111; x_wconf 77' lang='lat' dir='ltr'><strong>Ambrosiani,</strong></span> <span class='ocrx_word' id='word_1_63' title='bbox 1030 2046 1233 2110; x_wconf 90' lang='lat' dir='ltr'><strong>quam</strong></span> <span class='ocrx_word' id='word_1_64' title='bbox 1264 2028 1378 2109; x_wconf 90' lang='lat' dir='ltr'><strong>qui</strong></span> <span class='ocrx_word' id='word_1_65' title='bbox 1405 2026 1816 2109; x_wconf 88' lang='lat' dir='ltr'><strong>supposititii</strong></span> <span class='ocrx_word' id='word_1_66' title='bbox 1845 2029 1910 2088; x_wconf 90' lang='lat' dir='ltr'><strong>et</strong></span> <span class='ocrx_word' id='word_1_67' title='bbox 1932 2026 2310 2108; x_wconf 82' lang='lat' dir='ltr'><strong>adulterini,</strong></span> <span class='ocrx_word' id='word_1_68' title='bbox 2348 2028 2578 2110; x_wconf 87' lang='lat' dir='ltr'><strong>aliqua</strong></span> <span class='ocrx_word' id='word_1_69' title='bbox 2597 2029 3072 2111; x_wconf 83' lang='lat' dir='ltr'><strong>expendamus,</strong></span> <span class='ocrx_word' id='word_1_70' title='bbox 3108 2049 3184 2095; x_wconf 89' lang='lat' dir='ltr'><strong>ac</strong></span> <span class='ocrx_word' id='word_1_71' title='bbox 3199 2031 3281 2096; x_wconf 90' lang='lat' dir='ltr'><strong>de</strong></span> <span class='ocrx_word' id='word_1_72' title='bbox 3302 2031 3437 2096; x_wconf 91' lang='lat' dir='ltr'><strong>illis</strong></span> <span class='ocrx_word' id='word_1_73' title='bbox 3455 2031 3746 2115; x_wconf 91' lang='lat' dir='ltr'><strong>insuper,</strong></span> 
     </span>
    </p>
   </div>
   <div class='ocr_carea' id='block_1_8' title="bbox 262 2123 2157 2214">
    <p class='ocr_par' dir='ltr' id='par_1_8' title="bbox 262 2123 2157 2214">
     <span class='ocr_line' id='line_1_8' title="bbox 262 2123 2157 2214; baseline -0.005 -18"><span class='ocrx_word' id='word_1_74' title='bbox 262 2133 381 2214; x_wconf 91' lang='lat' dir='ltr'><strong>qui</strong></span> <span class='ocrx_word' id='word_1_75' title='bbox 408 2130 725 2212; x_wconf 90' lang='lat' dir='ltr'><strong>temporis</strong></span> <span class='ocrx_word' id='word_1_76' title='bbox 755 2126 1008 2207; x_wconf 87' lang='lat' dir='ltr'><strong>injuria</strong></span> <span class='ocrx_word' id='word_1_77' title='bbox 1038 2125 1456 2206; x_wconf 88' lang='lat' dir='ltr'><strong>interierunt,</strong></span> <span class='ocrx_word' id='word_1_78' title='bbox 1493 2123 1798 2206; x_wconf 63' lang='lat' dir='ltr'><strong>quasdam</strong></span> <span class='ocrx_word' id='word_1_79' title='bbox 1829 2123 2157 2187; x_wconf 86' lang='lat' dir='ltr'><strong>dicamus.</strong></span> 
     </span>
    </p>
   </div>
   <div class='ocr_carea' id='block_1_9' title="bbox 342 2221 3756 2309">
    <p class='ocr_par' dir='ltr' id='par_1_9' title="bbox 342 2221 3756 2309">
     <span class='ocr_line' id='line_1_9' title="bbox 342 2221 3756 2309; baseline 0 -18"><span class='ocrx_word' id='word_1_80' title='bbox 342 2230 556 2293; x_wconf 88' lang='lat' dir='ltr'><strong>Editis</strong></span> <span class='ocrx_word' id='word_1_81' title='bbox 585 2228 658 2290; x_wconf 91' lang='lat' dir='ltr'><strong>in</strong></span> <span class='ocrx_word' id='word_1_82' title='bbox 681 2230 860 2290; x_wconf 90' lang='lat' dir='ltr'><strong>tomo</strong></span> <span class='ocrx_word' id='word_1_83' title='bbox 883 2224 1218 2306; x_wconf 90' lang='lat' dir='ltr'><strong>superiore</strong></span> <span class='ocrx_word' id='word_1_84' title='bbox 1245 2222 1328 2284; x_wconf 91' lang='lat' dir='ltr'><strong>iis</strong></span> <span class='ocrx_word' id='word_1_85' title='bbox 1356 2221 1566 2301; x_wconf 88' lang='lat' dir='ltr'><strong>libris,</strong></span> <span class='ocrx_word' id='word_1_86' title='bbox 1600 2221 1715 2302; x_wconf 91' lang='lat' dir='ltr'><strong>qui</strong></span> <span class='ocrx_word' id='word_1_87' title='bbox 1743 2222 2031 2303; x_wconf 90' lang='lat' dir='ltr'><strong>quodam</strong></span> <span class='ocrx_word' id='word_1_88' title='bbox 2060 2240 2180 2285; x_wconf 90' lang='lat' dir='ltr'><strong>suo</strong></span> <span class='ocrx_word' id='word_1_89' title='bbox 2198 2222 2351 2302; x_wconf 88' lang='lat' dir='ltr'><strong>jure</strong></span> <span class='ocrx_word' id='word_1_90' title='bbox 2380 2223 2462 2287; x_wconf 88' lang='lat' dir='ltr'><strong>ad</strong></span> <span class='ocrx_word' id='word_1_91' title='bbox 2495 2223 2868 2305; x_wconf 89' lang='lat' dir='ltr'><strong>Scripturas</strong></span> <span class='ocrx_word' id='word_1_92' title='bbox 2914 2224 3184 2289; x_wconf 89' lang='lat' dir='ltr'><strong>divinas</strong></span> <span class='ocrx_word' id='word_1_93' title='bbox 3230 2225 3628 2309; x_wconf 86' lang='lat' dir='ltr'><strong>referuntur,</strong></span> <span class='ocrx_word' id='word_1_94' title='bbox 3680 2227 3756 2293; x_wconf 89' lang='lat' dir='ltr'><strong>in</strong></span> 
     </span>
    </p>
   </div>
   <div class='ocr_carea' id='block_1_10' title="bbox 260 2318 3754 2409">
    <p class='ocr_par' dir='ltr' id='par_1_10' title="bbox 260 2318 3754 2409">
     <span class='ocr_line' id='line_1_10' title="bbox 260 2318 3754 2409; baseline -0.001 -17"><span class='ocrx_word' id='word_1_95' title='bbox 260 2330 387 2392; x_wconf 90' lang='lat' dir='ltr'><strong>hoc</strong></span> <span class='ocrx_word' id='word_1_96' title='bbox 414 2331 682 2390; x_wconf 65' lang='lat' dir='ltr'><strong>caeteras</strong></span> <span class='ocrx_word' id='word_1_97' title='bbox 709 2322 1007 2409; x_wconf 88' lang='lat' dir='ltr'><strong>Doctoris</strong></span> <span class='ocrx_word' id='word_1_98' title='bbox 1035 2320 1243 2385; x_wconf 84' lang='lat' dir='ltr'><strong>nostri</strong></span> <span class='ocrx_word' id='word_1_99' title='bbox 1275 2320 1864 2383; x_wconf 79' lang='lat' dir='ltr'><strong>commentationes</strong></span> <span class='ocrx_word' id='word_1_100' title='bbox 1893 2318 2311 2399; x_wconf 82' lang='lat' dir='ltr'><strong>exhibemus,</strong></span> <span class='ocrx_word' id='word_1_101' title='bbox 2344 2339 2456 2384; x_wconf 89' lang='lat' dir='ltr'><strong>eas</strong></span> <span class='ocrx_word' id='word_1_102' title='bbox 2504 2321 2828 2385; x_wconf 89' lang='lat' dir='ltr'><strong>nimirum</strong></span> <span class='ocrx_word' id='word_1_103' title='bbox 2876 2322 3121 2404; x_wconf 90' lang='lat' dir='ltr'><strong>quibus</strong></span> <span class='ocrx_word' id='word_1_104' title='bbox 3163 2324 3443 2408; x_wconf 77' lang='lat' dir='ltr'><strong>pr0priae</strong></span> <span class='ocrx_word' id='word_1_105' title='bbox 3483 2324 3754 2389; x_wconf 82' lang='lat' dir='ltr'><strong>eximiis</strong></span> 
     </span>
    </p>
   </div>
   <div class='ocr_carea' id='block_1_11' title="bbox 263 2415 3751 2508">
    <p class='ocr_par' dir='ltr' id='par_1_11' title="bbox 263 2415 3751 2508">
     <span class='ocr_line' id='line_1_11' title="bbox 263 2415 3751 2508; baseline -0 -20"><span class='ocrx_word' id='word_1_106' title='bbox 263 2425 672 2508; x_wconf 84' lang='lat' dir='ltr'><strong>quibusdam</strong></span> <span class='ocrx_word' id='word_1_107' title='bbox 714 2420 1109 2484; x_wconf 58' lang='lat' dir='ltr'><strong>Christiana</strong></span> <span class='ocrx_word' id='word_1_108' title='bbox 1156 2419 1311 2481; x_wconf 70' lang='lat' dir='ltr'><strong>vitae</strong></span> <span class='ocrx_word' id='word_1_109' title='bbox 1355 2415 1718 2498; x_wconf 82' lang='lat' dir='ltr'><strong>generibus</strong></span> <span class='ocrx_word' id='word_1_110' title='bbox 1768 2417 2049 2481; x_wconf 82' lang='lat' dir='ltr'><strong>virtutes</strong></span> <span class='ocrx_word' id='word_1_111' title='bbox 2089 2419 2288 2499; x_wconf 90' lang='lat' dir='ltr'><strong>atque</strong></span> <span class='ocrx_word' id='word_1_112' title='bbox 2337 2418 2818 2499; x_wconf 88' lang='lat' dir='ltr'><strong>institutiones,</strong></span> <span class='ocrx_word' id='word_1_113' title='bbox 2871 2419 3252 2501; x_wconf 86' lang='lat' dir='ltr'><strong>edocentur,</strong></span> <span class='ocrx_word' id='word_1_114' title='bbox 3309 2425 3376 2486; x_wconf 90' lang='lat' dir='ltr'><strong>et</strong></span> <span class='ocrx_word' id='word_1_115' title='bbox 3407 2421 3751 2487; x_wconf 74' lang='lat' dir='ltr'><strong>Catholica</strong></span> 
     </span>
    </p>
   </div>
   <div class='ocr_carea' id='block_1_12' title="bbox 261 2508 3751 2604">
    <p class='ocr_par' dir='ltr' id='par_1_12' title="bbox 261 2508 3751 2604">
     <span class='ocr_line' id='line_1_12' title="bbox 261 2508 3751 2604; baseline -0.001 -18"><span class='ocrx_word' id='word_1_116' title='bbox 261 2524 589 2602; x_wconf 85' lang='lat' dir='ltr'><strong>dogmata</strong></span> <span class='ocrx_word' id='word_1_117' title='bbox 614 2520 717 2581; x_wconf 92' lang='lat' dir='ltr'><strong>vel</strong></span> <span class='ocrx_word' id='word_1_118' title='bbox 747 2519 1180 2581; x_wconf 86' lang='lat' dir='ltr'><strong>enucleantur</strong></span> <span class='ocrx_word' id='word_1_119' title='bbox 1207 2514 1604 2594; x_wconf 88' lang='lat' dir='ltr'><strong>rudioribus,</strong></span> <span class='ocrx_word' id='word_1_120' title='bbox 1639 2515 1747 2577; x_wconf 88' lang='lat' dir='ltr'><strong>vel</strong></span> <span class='ocrx_word' id='word_1_121' title='bbox 1776 2514 1859 2577; x_wconf 91' lang='lat' dir='ltr'><strong>ab</strong></span> <span class='ocrx_word' id='word_1_122' title='bbox 1889 2514 2230 2595; x_wconf 71' lang='lat' dir='ltr'><strong>impietate</strong></span> <span class='ocrx_word' id='word_1_123' title='bbox 2261 2516 2720 2580; x_wconf 60' lang='lat' dir='ltr'><strong>haereticorum</strong></span> <span class='ocrx_word' id='word_1_124' title='bbox 2747 2508 3220 2584; x_wconf 83' lang='lat' dir='ltr'><strong>defenduntur.</strong></span> <span class='ocrx_word' id='word_1_125' title='bbox 3252 2518 3505 2597; x_wconf 86' lang='lat' dir='ltr'><strong>Quibus</strong></span> <span class='ocrx_word' id='word_1_126' title='bbox 3533 2522 3751 2604; x_wconf 86' lang='lat' dir='ltr'><strong>scrip-</strong></span> 
     </span>
    </p>
   </div>
   <div class='ocr_carea' id='block_1_13' title="bbox 258 2612 3754 2698">
    <p class='ocr_par' dir='ltr' id='par_1_13' title="bbox 258 2612 3754 2698">
     <span class='ocr_line' id='line_1_13' title="bbox 258 2612 3754 2698; baseline -0 -14"><span class='ocrx_word' id='word_1_127' title='bbox 258 2620 561 2685; x_wconf 78' lang='lat' dir='ltr'><strong>tionibus</strong></span> <span class='ocrx_word' id='word_1_128' title='bbox 581 2636 731 2681; x_wconf 91' lang='lat' dir='ltr'><strong>cum</strong></span> <span class='ocrx_word' id='word_1_129' title='bbox 759 2617 1073 2698; x_wconf 88' lang='lat' dir='ltr'><strong>epistolas</strong></span> <span class='ocrx_word' id='word_1_130' title='bbox 1100 2613 1399 2694; x_wconf 90' lang='lat' dir='ltr'><strong>ejusdem</strong></span> <span class='ocrx_word' id='word_1_131' title='bbox 1428 2613 1767 2675; x_wconf 76' lang='lat' dir='ltr'><strong>Antistitis</strong></span> <span class='ocrx_word' id='word_1_132' title='bbox 1797 2612 2362 2695; x_wconf 79' lang='lat' dir='ltr'><strong>subjunxerimus,</strong></span> <span class='ocrx_word' id='word_1_133' title='bbox 2416 2633 2551 2677; x_wconf 88' lang='lat' dir='ltr'><strong>non</strong></span> <span class='ocrx_word' id='word_1_134' title='bbox 2594 2632 2784 2678; x_wconf 89' lang='lat' dir='ltr'><strong>secus</strong></span> <span class='ocrx_word' id='word_1_135' title='bbox 2833 2618 3033 2698; x_wconf 91' lang='lat' dir='ltr'><strong>atque</strong></span> <span class='ocrx_word' id='word_1_136' title='bbox 3075 2617 3423 2681; x_wconf 89' lang='lat' dir='ltr'><strong>Orationes</strong></span> <span class='ocrx_word' id='word_1_137' title='bbox 3459 2617 3545 2682; x_wconf 88' lang='lat' dir='ltr'><strong>ab</strong></span> <span class='ocrx_word' id='word_1_138' title='bbox 3573 2634 3650 2682; x_wconf 91' lang='lat' dir='ltr'><strong>eo</strong></span> <span class='ocrx_word' id='word_1_139' title='bbox 3681 2619 3754 2685; x_wconf 93' lang='lat' dir='ltr'><strong>in</strong></span> 
     </span>
    </p>
   </div>
   <div class='ocr_carea' id='block_1_14' title="bbox 264 2711 3755 2799">
    <p class='ocr_par' dir='ltr' id='par_1_14' title="bbox 264 2711 3755 2799">
     <span class='ocr_line' id='line_1_14' title="bbox 264 2711 3755 2799; baseline -0 -17"><span class='ocrx_word' id='word_1_140' title='bbox 264 2718 484 2799; x_wconf 78' lang='lat' dir='ltr'><strong>Satyri</strong></span> <span class='ocrx_word' id='word_1_141' title='bbox 516 2717 759 2796; x_wconf 87' lang='lat' dir='ltr'><strong>fratris,</strong></span> <span class='ocrx_word' id='word_1_142' title='bbox 795 2721 860 2777; x_wconf 90' lang='lat' dir='ltr'><strong>et</strong></span> <span class='ocrx_word' id='word_1_143' title='bbox 892 2715 1367 2794; x_wconf 88' lang='lat' dir='ltr'><strong>imperatorum</strong></span> <span class='ocrx_word' id='word_1_144' title='bbox 1395 2711 1857 2775; x_wconf 86' lang='lat' dir='ltr'><strong>Valentiniani</strong></span> <span class='ocrx_word' id='word_1_145' title='bbox 1907 2729 1983 2774; x_wconf 89' lang='lat' dir='ltr'><strong>ac</strong></span> <span class='ocrx_word' id='word_1_146' title='bbox 2018 2712 2364 2775; x_wconf 88' lang='lat' dir='ltr'><strong>Theodosii</strong></span> <span class='ocrx_word' id='word_1_147' title='bbox 2414 2713 2760 2777; x_wconf 88' lang='lat' dir='ltr'><strong>funeribus</strong></span> <span class='ocrx_word' id='word_1_148' title='bbox 2803 2712 3108 2794; x_wconf 86' lang='lat' dir='ltr'><strong>habitas;</strong></span> <span class='ocrx_word' id='word_1_149' title='bbox 3157 2732 3239 2778; x_wconf 81' lang='lat' dir='ltr'><strong>ex</strong></span> <span class='ocrx_word' id='word_1_150' title='bbox 3284 2715 3393 2779; x_wconf 89' lang='lat' dir='ltr'><strong>his</strong></span> <span class='ocrx_word' id='word_1_151' title='bbox 3441 2715 3755 2781; x_wconf 85' lang='lat' dir='ltr'><strong>omnibus</strong></span> 
     </span>
    </p>
   </div>
   <div class='ocr_carea' id='block_1_15' title="bbox 262 2810 3756 2896">
    <p class='ocr_par' dir='ltr' id='par_1_15' title="bbox 262 2810 3756 2896">
     <span class='ocr_line' id='line_1_15' title="bbox 262 2810 3756 2896; baseline 0 -17"><span class='ocrx_word' id='word_1_152' title='bbox 262 2818 575 2880; x_wconf 86' lang='lat' dir='ltr'><strong>volumen</strong></span> <span class='ocrx_word' id='word_1_153' title='bbox 604 2815 891 2879; x_wconf 74' lang='lat' dir='ltr'><strong>efﬁcitur</strong></span> <span class='ocrx_word' id='word_1_154' title='bbox 919 2831 1072 2876; x_wconf 88' lang='lat' dir='ltr'><strong>cum</strong></span> <span class='ocrx_word' id='word_1_155' title='bbox 1102 2812 1248 2894; x_wconf 88' lang='lat' dir='ltr'><strong>ipsa</strong></span> <span class='ocrx_word' id='word_1_156' title='bbox 1277 2810 1621 2890; x_wconf 79' lang='lat' dir='ltr'><strong>varietate,</strong></span> <span class='ocrx_word' id='word_1_157' title='bbox 1659 2828 1736 2873; x_wconf 90' lang='lat' dir='ltr'><strong>ac</strong></span> <span class='ocrx_word' id='word_1_158' title='bbox 1762 2810 2178 2873; x_wconf 88' lang='lat' dir='ltr'><strong>diversarum</strong></span> <span class='ocrx_word' id='word_1_159' title='bbox 2210 2812 2332 2873; x_wconf 68' lang='lat' dir='ltr'><strong>aevi</strong></span> <span class='ocrx_word' id='word_1_160' title='bbox 2362 2810 2785 2875; x_wconf 81' lang='lat' dir='ltr'><strong>Ambrosiani</strong></span> <span class='ocrx_word' id='word_1_161' title='bbox 2817 2813 2955 2878; x_wconf 89' lang='lat' dir='ltr'><strong>sive</strong></span> <span class='ocrx_word' id='word_1_162' title='bbox 2986 2813 3055 2877; x_wconf 92' lang='lat' dir='ltr'><strong>in</strong></span> <span class='ocrx_word' id='word_1_163' title='bbox 3083 2814 3408 2896; x_wconf 87' lang='lat' dir='ltr'><strong>Ecclesia,</strong></span> <span class='ocrx_word' id='word_1_164' title='bbox 3444 2816 3585 2880; x_wconf 88' lang='lat' dir='ltr'><strong>sive</strong></span> <span class='ocrx_word' id='word_1_165' title='bbox 3621 2816 3756 2880; x_wconf 88' lang='lat' dir='ltr'><strong>im-</strong></span> 
     </span>
    </p>
   </div>
   <div class='ocr_carea' id='block_1_16' title="bbox 262 2907 3752 2996">
    <p class='ocr_par' dir='ltr' id='par_1_16' title="bbox 262 2907 3752 2996">
     <span class='ocr_line' id='line_1_16' title="bbox 262 2907 3752 2996; baseline -0.001 -17"><span class='ocrx_word' id='word_1_166' title='bbox 262 2916 446 2996; x_wconf 91' lang='lat' dir='ltr'><strong>perio</strong></span> <span class='ocrx_word' id='word_1_167' title='bbox 475 2914 985 2977; x_wconf 90' lang='lat' dir='ltr'><strong>conversionum</strong></span> <span class='ocrx_word' id='word_1_168' title='bbox 1016 2910 1398 2973; x_wconf 84' lang='lat' dir='ltr'><strong>narratione</strong></span> <span class='ocrx_word' id='word_1_169' title='bbox 1418 2907 2004 2988; x_wconf 82' lang='lat' dir='ltr'><strong>jucundissimum,</strong></span> <span class='ocrx_word' id='word_1_170' title='bbox 2037 2910 2184 2970; x_wconf 92' lang='lat' dir='ltr'><strong>tum</strong></span> <span class='ocrx_word' id='word_1_171' title='bbox 2214 2912 2769 2987; x_wconf 87' lang='lat' dir='ltr'><strong>argumentorum</strong></span> <span class='ocrx_word' id='word_1_172' title='bbox 2799 2911 2988 2992; x_wconf 88' lang='lat' dir='ltr'><strong>queis</strong></span> <span class='ocrx_word' id='word_1_173' title='bbox 3016 2911 3184 2976; x_wconf 88' lang='lat' dir='ltr'><strong>bene</strong></span> <span class='ocrx_word' id='word_1_174' title='bbox 3215 2914 3430 2977; x_wconf 88' lang='lat' dir='ltr'><strong>multa</strong></span> <span class='ocrx_word' id='word_1_175' title='bbox 3466 2913 3622 2977; x_wconf 89' lang='lat' dir='ltr'><strong>ﬁdei</strong></span> <span class='ocrx_word' id='word_1_176' title='bbox 3672 2931 3752 2978; x_wconf 85' lang='lat' dir='ltr'><strong>ac</strong></span> 
     </span>
    </p>
   </div>
   <div class='ocr_carea' id='block_1_17' title="bbox 264 3006 3752 3092">
    <p class='ocr_par' dir='ltr' id='par_1_17' title="bbox 264 3006 3752 3092">
     <span class='ocr_line' id='line_1_17' title="bbox 264 3006 3752 3092; baseline -0.001 -16"><span class='ocrx_word' id='word_1_177' title='bbox 264 3012 637 3092; x_wconf 69' lang='lat' dir='ltr'><strong>disciplinas</strong></span> <span class='ocrx_word' id='word_1_178' title='bbox 667 3011 891 3090; x_wconf 87' lang='lat' dir='ltr'><strong>capita</strong></span> <span class='ocrx_word' id='word_1_179' title='bbox 918 3010 1365 3088; x_wconf 87' lang='lat' dir='ltr'><strong>continentur,</strong></span> <span class='ocrx_word' id='word_1_180' title='bbox 1385 3007 1721 3087; x_wconf 73' lang='lat' dir='ltr'><strong>gravitate</strong></span> <span class='ocrx_word' id='word_1_181' title='bbox 1740 3006 2200 3069; x_wconf 84' lang='lat' dir='ltr'><strong>utilissimum.</strong></span> <span class='ocrx_word' id='word_1_182' title='bbox 2235 3010 2312 3068; x_wconf 91' lang='lat' dir='ltr'><strong>In</strong></span> <span class='ocrx_word' id='word_1_183' title='bbox 2333 3006 2523 3086; x_wconf 88' lang='lat' dir='ltr'><strong>cujus</strong></span> <span class='ocrx_word' id='word_1_184' title='bbox 2543 3007 2822 3071; x_wconf 88' lang='lat' dir='ltr'><strong>lectione</strong></span> <span class='ocrx_word' id='word_1_185' title='bbox 2850 3009 3016 3072; x_wconf 93' lang='lat' dir='ltr'><strong>illud</strong></span> <span class='ocrx_word' id='word_1_186' title='bbox 3038 3010 3392 3090; x_wconf 89' lang='lat' dir='ltr'><strong>contingit,</strong></span> <span class='ocrx_word' id='word_1_187' title='bbox 3424 3013 3498 3073; x_wconf 92' lang='lat' dir='ltr'><strong>ut</strong></span> <span class='ocrx_word' id='word_1_188' title='bbox 3521 3014 3752 3075; x_wconf 86' lang='lat' dir='ltr'><strong>utrum</strong></span> 
     </span>
    </p>
   </div>
   <div class='ocr_carea' id='block_1_18' title="bbox 260 3102 3751 3188">
    <p class='ocr_par' dir='ltr' id='par_1_18' title="bbox 260 3102 3751 3188">
     <span class='ocr_line' id='line_1_18' title="bbox 260 3102 3751 3188; baseline 0 -16"><span class='ocrx_word' id='word_1_189' title='bbox 260 3108 591 3173; x_wconf 83' lang='lat' dir='ltr'><strong>Ambrosii</strong></span> <span class='ocrx_word' id='word_1_190' title='bbox 620 3109 691 3171; x_wconf 93' lang='lat' dir='ltr'><strong>in</strong></span> <span class='ocrx_word' id='word_1_191' title='bbox 720 3106 929 3170; x_wconf 89' lang='lat' dir='ltr'><strong>sacris</strong></span> <span class='ocrx_word' id='word_1_192' title='bbox 958 3106 1286 3169; x_wconf 88' lang='lat' dir='ltr'><strong>ministris</strong></span> <span class='ocrx_word' id='word_1_193' title='bbox 1314 3122 1391 3167; x_wconf 88' lang='lat' dir='ltr'><strong>ac</strong></span> <span class='ocrx_word' id='word_1_194' title='bbox 1417 3103 1799 3183; x_wconf 83' lang='lat' dir='ltr'><strong>virginibus</strong></span> <span class='ocrx_word' id='word_1_195' title='bbox 1831 3102 2260 3168; x_wconf 87' lang='lat' dir='ltr'><strong>instituendis</strong></span> <span class='ocrx_word' id='word_1_196' title='bbox 2290 3104 2627 3186; x_wconf 88' lang='lat' dir='ltr'><strong>pietatem,</strong></span> <span class='ocrx_word' id='word_1_197' title='bbox 2657 3108 2858 3187; x_wconf 88' lang='lat' dir='ltr'><strong>atque</strong></span> <span class='ocrx_word' id='word_1_198' title='bbox 2887 3107 2957 3169; x_wconf 92' lang='lat' dir='ltr'><strong>in</strong></span> <span class='ocrx_word' id='word_1_199' title='bbox 2982 3108 3474 3188; x_wconf 86' lang='lat' dir='ltr'><strong>propugnanda</strong></span> <span class='ocrx_word' id='word_1_200' title='bbox 3497 3109 3751 3172; x_wconf 89' lang='lat' dir='ltr'><strong>Christi</strong></span> 
     </span>
    </p>
   </div>
   <div class='ocr_carea' id='block_1_19' title="bbox 261 3201 3756 3289">
    <p class='ocr_par' dir='ltr' id='par_1_19' title="bbox 261 3201 3756 3289">
     <span class='ocr_line' id='line_1_19' title="bbox 261 3201 3756 3289; baseline -0.001 -16"><span class='ocrx_word' id='word_1_201' title='bbox 261 3212 330 3273; x_wconf 91' lang='lat' dir='ltr'><strong>et</strong></span> <span class='ocrx_word' id='word_1_202' title='bbox 355 3207 639 3289; x_wconf 89' lang='lat' dir='ltr'><strong>Spiritus</strong></span> <span class='ocrx_word' id='word_1_203' title='bbox 666 3206 880 3268; x_wconf 90' lang='lat' dir='ltr'><strong>sancti</strong></span> <span class='ocrx_word' id='word_1_204' title='bbox 909 3203 1263 3267; x_wconf 90' lang='lat' dir='ltr'><strong>divinitate</strong></span> <span class='ocrx_word' id='word_1_205' title='bbox 1294 3201 1671 3281; x_wconf 87' lang='lat' dir='ltr'><strong>scientiam;</strong></span> <span class='ocrx_word' id='word_1_206' title='bbox 1708 3221 1796 3264; x_wconf 88' lang='lat' dir='ltr'><strong>an</strong></span> <span class='ocrx_word' id='word_1_207' title='bbox 1825 3219 1979 3264; x_wconf 85' lang='lat' dir='ltr'><strong>vero</strong></span> <span class='ocrx_word' id='word_1_208' title='bbox 2011 3201 2084 3265; x_wconf 90' lang='lat' dir='ltr'><strong>in</strong></span> <span class='ocrx_word' id='word_1_209' title='bbox 2110 3202 2551 3284; x_wconf 78' lang='lat' dir='ltr'><strong>exsequendis</strong></span> <span class='ocrx_word' id='word_1_210' title='bbox 2595 3204 2910 3267; x_wconf 83' lang='lat' dir='ltr'><strong>maximis</strong></span> <span class='ocrx_word' id='word_1_211' title='bbox 2962 3204 3159 3269; x_wconf 88' lang='lat' dir='ltr'><strong>rebus</strong></span> <span class='ocrx_word' id='word_1_212' title='bbox 3204 3205 3520 3287; x_wconf 90' lang='lat' dir='ltr'><strong>peritiam</strong></span> <span class='ocrx_word' id='word_1_213' title='bbox 3554 3224 3756 3271; x_wconf 88' lang='lat' dir='ltr'><strong>cons-</strong></span> 
     </span>
    </p>
   </div>
   <div class='ocr_carea' id='block_1_20' title="bbox 261 3299 1856 3386">
    <p class='ocr_par' dir='ltr' id='par_1_20' title="bbox 261 3299 1856 3386">
     <span class='ocr_line' id='line_1_20' title="bbox 261 3299 1856 3386; baseline -0.006 -16"><span class='ocrx_word' id='word_1_214' title='bbox 261 3306 685 3386; x_wconf 87' lang='lat' dir='ltr'><strong>tantiamque</strong></span> <span class='ocrx_word' id='word_1_215' title='bbox 716 3302 940 3380; x_wconf 87' lang='lat' dir='ltr'><strong>magis</strong></span> <span class='ocrx_word' id='word_1_216' title='bbox 971 3300 1250 3380; x_wconf 88' lang='lat' dir='ltr'><strong>mireris,</strong></span> <span class='ocrx_word' id='word_1_217' title='bbox 1286 3316 1550 3382; x_wconf 88' lang='lat' dir='ltr'><strong>prorsus</strong></span> <span class='ocrx_word' id='word_1_218' title='bbox 1579 3299 1856 3362; x_wconf 87' lang='lat' dir='ltr'><strong>nescias.</strong></span> 
     </span>
    </p>
   </div>
   <div class='ocr_carea' id='block_1_21' title="bbox 346 3394 3755 3485">
    <p class='ocr_par' dir='ltr' id='par_1_21' title="bbox 346 3394 3755 3485">
     <span class='ocr_line' id='line_1_21' title="bbox 346 3394 3755 3485; baseline 0.001 -22"><span class='ocrx_word' id='word_1_219' title='bbox 346 3404 516 3466; x_wconf 88' lang='lat' dir='ltr'><strong>Cum</strong></span> <span class='ocrx_word' id='word_1_220' title='bbox 538 3402 711 3464; x_wconf 88' lang='lat' dir='ltr'><strong>sicut</strong></span> <span class='ocrx_word' id='word_1_221' title='bbox 738 3400 809 3463; x_wconf 90' lang='lat' dir='ltr'><strong>in</strong></span> <span class='ocrx_word' id='word_1_222' title='bbox 840 3399 1053 3483; x_wconf 88' lang='lat' dir='ltr'><strong>priore</strong></span> <span class='ocrx_word' id='word_1_223' title='bbox 1081 3402 1281 3477; x_wconf 87' lang='lat' dir='ltr'><strong>torno,</strong></span> <span class='ocrx_word' id='word_1_224' title='bbox 1317 3397 1411 3460; x_wconf 90' lang='lat' dir='ltr'><strong>ita</strong></span> <span class='ocrx_word' id='word_1_225' title='bbox 1437 3397 1644 3460; x_wconf 89' lang='lat' dir='ltr'><strong>etiam</strong></span> <span class='ocrx_word' id='word_1_226' title='bbox 1673 3399 1743 3459; x_wconf 91' lang='lat' dir='ltr'><strong>in</strong></span> <span class='ocrx_word' id='word_1_227' title='bbox 1772 3397 1896 3460; x_wconf 91' lang='lat' dir='ltr'><strong>hoc</strong></span> <span class='ocrx_word' id='word_1_228' title='bbox 1920 3394 2214 3475; x_wconf 88' lang='lat' dir='ltr'><strong>singulis</strong></span> <span class='ocrx_word' id='word_1_229' title='bbox 2243 3395 2551 3479; x_wconf 87' lang='lat' dir='ltr'><strong>operibus</strong></span> <span class='ocrx_word' id='word_1_230' title='bbox 2571 3414 2697 3461; x_wconf 89' lang='lat' dir='ltr'><strong>sua</strong></span> <span class='ocrx_word' id='word_1_231' title='bbox 2714 3399 3161 3481; x_wconf 83' lang='lat' dir='ltr'><strong>praemittatur</strong></span> <span class='ocrx_word' id='word_1_232' title='bbox 3179 3400 3582 3483; x_wconf 83' lang='lat' dir='ltr'><strong>Admonitio,</strong></span> <span class='ocrx_word' id='word_1_233' title='bbox 3617 3419 3755 3485; x_wconf 82' lang='lat' dir='ltr'><strong>qua</strong></span> 
     </span>
    </p>
   </div>
   <div class='ocr_carea' id='block_1_22' title="bbox 260 3493 3755 3580">
    <p class='ocr_par' dir='ltr' id='par_1_22' title="bbox 260 3493 3755 3580">
     <span class='ocr_line' id='line_1_22' title="bbox 260 3493 3755 3580; baseline -0.001 -14"><span class='ocrx_word' id='word_1_234' title='bbox 260 3500 500 3567; x_wconf 89' lang='lat' dir='ltr'><strong>eadem</strong></span> <span class='ocrx_word' id='word_1_235' title='bbox 531 3499 649 3561; x_wconf 90' lang='lat' dir='ltr'><strong>illa</strong></span> <span class='ocrx_word' id='word_1_236' title='bbox 676 3516 789 3579; x_wconf 91' lang='lat' dir='ltr'><strong>pro</strong></span> <span class='ocrx_word' id='word_1_237' title='bbox 819 3501 1018 3580; x_wconf 88' lang='lat' dir='ltr'><strong>captu</strong></span> <span class='ocrx_word' id='word_1_238' title='bbox 1048 3499 1269 3560; x_wconf 88' lang='lat' dir='ltr'><strong>nostro</strong></span> <span class='ocrx_word' id='word_1_239' title='bbox 1297 3495 1865 3574; x_wconf 81' lang='lat' dir='ltr'><strong>examinavimus;</strong></span> <span class='ocrx_word' id='word_1_240' title='bbox 1894 3493 2304 3575; x_wconf 87' lang='lat' dir='ltr'><strong>superﬂuam</strong></span> <span class='ocrx_word' id='word_1_241' title='bbox 2333 3513 2472 3558; x_wconf 88' lang='lat' dir='ltr'><strong>rem</strong></span> <span class='ocrx_word' id='word_1_242' title='bbox 2490 3496 2600 3559; x_wconf 88' lang='lat' dir='ltr'><strong>hic</strong></span> <span class='ocrx_word' id='word_1_243' title='bbox 2621 3513 2993 3579; x_wconf 87' lang='lat' dir='ltr'><strong>ageremus,</strong></span> <span class='ocrx_word' id='word_1_244' title='bbox 3031 3499 3084 3560; x_wconf 90' lang='lat' dir='ltr'><strong>si</strong></span> <span class='ocrx_word' id='word_1_245' title='bbox 3107 3499 3365 3563; x_wconf 87' lang='lat' dir='ltr'><strong>diutius</strong></span> <span class='ocrx_word' id='word_1_246' title='bbox 3384 3499 3456 3565; x_wconf 88' lang='lat' dir='ltr'><strong>in</strong></span> <span class='ocrx_word' id='word_1_247' title='bbox 3482 3517 3755 3564; x_wconf 90' lang='lat' dir='ltr'><strong>eorum-</strong></span> 
     </span>
    </p>
   </div>
   <div class='ocr_carea' id='block_1_23' title="bbox 259 3592 3753 3677">
    <p class='ocr_par' dir='ltr' id='par_1_23' title="bbox 259 3592 3753 3677">
     <span class='ocr_line' id='line_1_23' title="bbox 259 3592 3753 3677; baseline -0.001 -12"><span class='ocrx_word' id='word_1_248' title='bbox 259 3600 416 3665; x_wconf 90' lang='lat' dir='ltr'><strong>dem</strong></span> <span class='ocrx_word' id='word_1_249' title='bbox 446 3597 832 3662; x_wconf 82' lang='lat' dir='ltr'><strong>excussione</strong></span> <span class='ocrx_word' id='word_1_250' title='bbox 861 3597 1385 3659; x_wconf 88' lang='lat' dir='ltr'><strong>immoraremur.</strong></span> <span class='ocrx_word' id='word_1_251' title='bbox 1418 3592 1729 3656; x_wconf 90' lang='lat' dir='ltr'><strong>Ordinem</strong></span> <span class='ocrx_word' id='word_1_252' title='bbox 1758 3611 1946 3673; x_wconf 91' lang='lat' dir='ltr'><strong>porro</strong></span> <span class='ocrx_word' id='word_1_253' title='bbox 1978 3593 2048 3656; x_wconf 92' lang='lat' dir='ltr'><strong>in</strong></span> <span class='ocrx_word' id='word_1_254' title='bbox 2082 3593 2162 3655; x_wconf 91' lang='lat' dir='ltr'><strong>iis</strong></span> <span class='ocrx_word' id='word_1_255' title='bbox 2184 3593 2605 3674; x_wconf 89' lang='lat' dir='ltr'><strong>collocandis,</strong></span> <span class='ocrx_word' id='word_1_256' title='bbox 2634 3595 2952 3675; x_wconf 89' lang='lat' dir='ltr'><strong>quoniam</strong></span> <span class='ocrx_word' id='word_1_257' title='bbox 2971 3597 3189 3660; x_wconf 63' lang='lat' dir='ltr'><strong>aetatis</strong></span> <span class='ocrx_word' id='word_1_258' title='bbox 3213 3600 3280 3660; x_wconf 89' lang='lat' dir='ltr'><strong>et</strong></span> <span class='ocrx_word' id='word_1_259' title='bbox 3306 3597 3753 3677; x_wconf 73' lang='lat' dir='ltr'><strong>chronologize</strong></span> 
     </span>
    </p>
   </div>
   <div class='ocr_carea' id='block_1_24' title="bbox 261 3690 3754 3778">
    <p class='ocr_par' dir='ltr' id='par_1_24' title="bbox 261 3690 3754 3778">
     <span class='ocr_line' id='line_1_24' title="bbox 261 3690 3754 3778; baseline -0 -17"><span class='ocrx_word' id='word_1_260' title='bbox 261 3696 588 3761; x_wconf 86' lang='lat' dir='ltr'><strong>rationem</strong></span> <span class='ocrx_word' id='word_1_261' title='bbox 623 3694 813 3776; x_wconf 90' lang='lat' dir='ltr'><strong>sequi</strong></span> <span class='ocrx_word' id='word_1_262' title='bbox 842 3693 1118 3756; x_wconf 90' lang='lat' dir='ltr'><strong>minime</strong></span> <span class='ocrx_word' id='word_1_263' title='bbox 1146 3692 1357 3772; x_wconf 89' lang='lat' dir='ltr'><strong>licuit,</strong></span> <span class='ocrx_word' id='word_1_264' title='bbox 1392 3690 1586 3754; x_wconf 89' lang='lat' dir='ltr'><strong>illum</strong></span> <span class='ocrx_word' id='word_1_265' title='bbox 1613 3691 1977 3770; x_wconf 88' lang='lat' dir='ltr'><strong>tenuimus,</strong></span> <span class='ocrx_word' id='word_1_266' title='bbox 2011 3708 2208 3772; x_wconf 90' lang='lat' dir='ltr'><strong>quem</strong></span> <span class='ocrx_word' id='word_1_267' title='bbox 2236 3693 2302 3753; x_wconf 90' lang='lat' dir='ltr'><strong>et</strong></span> <span class='ocrx_word' id='word_1_268' title='bbox 2332 3696 2886 3771; x_wconf 87' lang='lat' dir='ltr'><strong>argumentorum</strong></span> <span class='ocrx_word' id='word_1_269' title='bbox 2917 3694 3214 3758; x_wconf 79' lang='lat' dir='ltr'><strong>afﬁnitas</strong></span> <span class='ocrx_word' id='word_1_270' title='bbox 3242 3697 3577 3778; x_wconf 85' lang='lat' dir='ltr'><strong>postulare</strong></span> <span class='ocrx_word' id='word_1_271' title='bbox 3605 3696 3754 3760; x_wconf 85' lang='lat' dir='ltr'><strong>visa</strong></span> 
     </span>
    </p>
   </div>
   <div class='ocr_carea' id='block_1_25' title="bbox 260 3787 3754 3876">
    <p class='ocr_par' dir='ltr' id='par_1_25' title="bbox 260 3787 3754 3876">
     <span class='ocr_line' id='line_1_25' title="bbox 260 3787 3754 3876; baseline 0 -19"><span class='ocrx_word' id='word_1_272' title='bbox 260 3798 386 3874; x_wconf 89' lang='lat' dir='ltr'><strong>est,</strong></span> <span class='ocrx_word' id='word_1_273' title='bbox 417 3798 485 3857; x_wconf 86' lang='lat' dir='ltr'><strong>et</strong></span> <span class='ocrx_word' id='word_1_274' title='bbox 512 3793 596 3856; x_wconf 90' lang='lat' dir='ltr'><strong>ab</strong></span> <span class='ocrx_word' id='word_1_275' title='bbox 623 3792 994 3856; x_wconf 88' lang='lat' dir='ltr'><strong>editionum</strong></span> <span class='ocrx_word' id='word_1_276' title='bbox 1024 3790 1440 3872; x_wconf 87' lang='lat' dir='ltr'><strong>superiorum</strong></span> <span class='ocrx_word' id='word_1_277' title='bbox 1469 3791 1902 3869; x_wconf 80' lang='lat' dir='ltr'><strong>syntagmate</strong></span> <span class='ocrx_word' id='word_1_278' title='bbox 1927 3789 2155 3851; x_wconf 88' lang='lat' dir='ltr'><strong>minus</strong></span> <span class='ocrx_word' id='word_1_279' title='bbox 2179 3787 2646 3852; x_wconf 86' lang='lat' dir='ltr'><strong>abhorrentem</strong></span> <span class='ocrx_word' id='word_1_280' title='bbox 2659 3789 3135 3869; x_wconf 86' lang='lat' dir='ltr'><strong>judicavimus.</strong></span> <span class='ocrx_word' id='word_1_281' title='bbox 3171 3795 3267 3857; x_wconf 91' lang='lat' dir='ltr'><strong>Ne</strong></span> <span class='ocrx_word' id='word_1_282' title='bbox 3287 3809 3440 3857; x_wconf 91' lang='lat' dir='ltr'><strong>vero</strong></span> <span class='ocrx_word' id='word_1_283' title='bbox 3457 3794 3754 3876; x_wconf 88' lang='lat' dir='ltr'><strong>cuipiam</strong></span> 
     </span>
    </p>
   </div>
   <div class='ocr_carea' id='block_1_26' title="bbox 261 3886 3755 3976">
    <p class='ocr_par' dir='ltr' id='par_1_26' title="bbox 261 3886 3755 3976">
     <span class='ocr_line' id='line_1_26' title="bbox 261 3886 3755 3976; baseline -0 -21"><span class='ocrx_word' id='word_1_284' title='bbox 261 3893 612 3972; x_wconf 79' lang='lat' dir='ltr'><strong>negotium</strong></span> <span class='ocrx_word' id='word_1_285' title='bbox 640 3891 990 3954; x_wconf 88' lang='lat' dir='ltr'><strong>facesseret</strong></span> <span class='ocrx_word' id='word_1_286' title='bbox 1018 3888 1388 3952; x_wconf 90' lang='lat' dir='ltr'><strong>necessario</strong></span> <span class='ocrx_word' id='word_1_287' title='bbox 1419 3886 1693 3951; x_wconf 88' lang='lat' dir='ltr'><strong>inducta</strong></span> <span class='ocrx_word' id='word_1_288' title='bbox 1722 3886 2023 3967; x_wconf 90' lang='lat' dir='ltr'><strong>mutatio,</strong></span> <span class='ocrx_word' id='word_1_289' title='bbox 2059 3886 2362 3949; x_wconf 92' lang='lat' dir='ltr'><strong>omnium</strong></span> <span class='ocrx_word' id='word_1_290' title='bbox 2389 3889 2801 3951; x_wconf 87' lang='lat' dir='ltr'><strong>tractatuum</strong></span> <span class='ocrx_word' id='word_1_291' title='bbox 2833 3889 2949 3971; x_wconf 90' lang='lat' dir='ltr'><strong>qui</strong></span> <span class='ocrx_word' id='word_1_292' title='bbox 2998 3890 3180 3954; x_wconf 88' lang='lat' dir='ltr'><strong>hunc</strong></span> <span class='ocrx_word' id='word_1_293' title='bbox 3222 3893 3441 3954; x_wconf 89' lang='lat' dir='ltr'><strong>totum</strong></span> <span class='ocrx_word' id='word_1_294' title='bbox 3482 3909 3755 3976; x_wconf 53' lang='lat' dir='ltr'><strong>compo.</strong></span> 
     </span>
    </p>
   </div>
   <div class='ocr_carea' id='block_1_27' title="bbox 263 3982 3416 4071">
    <p class='ocr_par' dir='ltr' id='par_1_27' title="bbox 263 3982 3416 4071">
     <span class='ocr_line' id='line_1_27' title="bbox 263 3982 3416 4071; baseline -0 -17"><span class='ocrx_word' id='word_1_295' title='bbox 263 3994 458 4070; x_wconf 88' lang='lat' dir='ltr'><strong>nunt,</strong></span> <span class='ocrx_word' id='word_1_296' title='bbox 494 3988 831 4071; x_wconf 85' lang='lat' dir='ltr'><strong>syllabum</strong></span> <span class='ocrx_word' id='word_1_297' title='bbox 860 4006 1001 4051; x_wconf 90' lang='lat' dir='ltr'><strong>una</strong></span> <span class='ocrx_word' id='word_1_298' title='bbox 1027 3988 1197 4051; x_wconf 88' lang='lat' dir='ltr'><strong>serie</strong></span> <span class='ocrx_word' id='word_1_299' title='bbox 1222 3988 1289 4048; x_wconf 89' lang='lat' dir='ltr'><strong>et</strong></span> <span class='ocrx_word' id='word_1_300' title='bbox 1319 3982 1638 4048; x_wconf 85' lang='lat' dir='ltr'><strong>adnotata</strong></span> <span class='ocrx_word' id='word_1_301' title='bbox 1666 3985 1989 4066; x_wconf 83' lang='lat' dir='ltr'><strong>cujusque</strong></span> <span class='ocrx_word' id='word_1_302' title='bbox 2018 3984 2266 4047; x_wconf 90' lang='lat' dir='ltr'><strong>initiali</strong></span> <span class='ocrx_word' id='word_1_303' title='bbox 2294 3985 2550 4064; x_wconf 84' lang='lat' dir='ltr'><strong>pagina</strong></span> <span class='ocrx_word' id='word_1_304' title='bbox 2576 3988 2962 4050; x_wconf 79' lang='lat' dir='ltr'><strong>contextum</strong></span> <span class='ocrx_word' id='word_1_305' title='bbox 2992 3987 3416 4069; x_wconf 89' lang='lat' dir='ltr'><strong>subjecimus.</strong></span> 
     </span>
    </p>
   </div>
   <div class='ocr_carea' id='block_1_28' title="bbox 345 4081 3753 4167">
    <p class='ocr_par' dir='ltr' id='par_1_28' title="bbox 345 4081 3753 4167">
     <span class='ocr_line' id='line_1_28' title="bbox 345 4081 3753 4167; baseline 0 -18"><span class='ocrx_word' id='word_1_306' title='bbox 345 4089 445 4151; x_wconf 89' lang='lat' dir='ltr'><strong>De</strong></span> <span class='ocrx_word' id='word_1_307' title='bbox 466 4087 640 4150; x_wconf 91' lang='lat' dir='ltr'><strong>notis</strong></span> <span class='ocrx_word' id='word_1_308' title='bbox 668 4085 914 4148; x_wconf 86' lang='lat' dir='ltr'><strong>nostris</strong></span> <span class='ocrx_word' id='word_1_309' title='bbox 939 4103 1088 4167; x_wconf 66' lang='lat' dir='ltr'><strong>qua:</strong></span> <span class='ocrx_word' id='word_1_310' title='bbox 1116 4084 1240 4147; x_wconf 89' lang='lat' dir='ltr'><strong>hoc</strong></span> <span class='ocrx_word' id='word_1_311' title='bbox 1268 4083 1341 4147; x_wconf 93' lang='lat' dir='ltr'><strong>in</strong></span> <span class='ocrx_word' id='word_1_312' title='bbox 1370 4085 1542 4146; x_wconf 89' lang='lat' dir='ltr'><strong>tomo</strong></span> <span class='ocrx_word' id='word_1_313' title='bbox 1567 4082 2047 4165; x_wconf 87' lang='lat' dir='ltr'><strong>frequentiores</strong></span> <span class='ocrx_word' id='word_1_314' title='bbox 2077 4086 2237 4145; x_wconf 88' lang='lat' dir='ltr'><strong>sunt</strong></span> <span class='ocrx_word' id='word_1_315' title='bbox 2265 4081 2343 4145; x_wconf 90' lang='lat' dir='ltr'><strong>dc</strong></span> <span class='ocrx_word' id='word_1_316' title='bbox 2372 4082 2727 4162; x_wconf 79' lang='lat' dir='ltr'><strong>longiores,</strong></span> <span class='ocrx_word' id='word_1_317' title='bbox 2762 4084 2931 4148; x_wconf 88' lang='lat' dir='ltr'><strong>illud</strong></span> <span class='ocrx_word' id='word_1_318' title='bbox 2964 4087 3208 4150; x_wconf 90' lang='lat' dir='ltr'><strong>iterum</strong></span> <span class='ocrx_word' id='word_1_319' title='bbox 3239 4086 3753 4151; x_wconf 83' lang='lat' dir='ltr'><strong>admonebimus</strong></span> 
     </span>
    </p>
   </div>
   <div class='ocr_carea' id='block_1_29' title="bbox 260 4179 3754 4265">
    <p class='ocr_par' dir='ltr' id='par_1_29' title="bbox 260 4179 3754 4265">
     <span class='ocr_line' id='line_1_29' title="bbox 260 4179 3754 4265; baseline -0 -15"><span class='ocrx_word' id='word_1_320' title='bbox 260 4204 378 4249; x_wconf 90' lang='lat' dir='ltr'><strong>eas</strong></span> <span class='ocrx_word' id='word_1_321' title='bbox 406 4182 811 4249; x_wconf 85' lang='lat' dir='ltr'><strong>doctioribus</strong></span> <span class='ocrx_word' id='word_1_322' title='bbox 839 4183 1120 4263; x_wconf 87' lang='lat' dir='ltr'><strong>scriptas</strong></span> <span class='ocrx_word' id='word_1_323' title='bbox 1148 4199 1280 4244; x_wconf 89' lang='lat' dir='ltr'><strong>non</strong></span> <span class='ocrx_word' id='word_1_324' title='bbox 1308 4198 1483 4259; x_wconf 89' lang='lat' dir='ltr'><strong>esse;</strong></span> <span class='ocrx_word' id='word_1_325' title='bbox 1518 4180 1765 4262; x_wconf 89' lang='lat' dir='ltr'><strong>quippe</strong></span> <span class='ocrx_word' id='word_1_326' title='bbox 1798 4180 1976 4262; x_wconf 89' lang='lat' dir='ltr'><strong>apud</strong></span> <span class='ocrx_word' id='word_1_327' title='bbox 2008 4197 2173 4262; x_wconf 90' lang='lat' dir='ltr'><strong>quos</strong></span> <span class='ocrx_word' id='word_1_328' title='bbox 2201 4179 2684 4261; x_wconf 86' lang='lat' dir='ltr'><strong>discipulorum</strong></span> <span class='ocrx_word' id='word_1_329' title='bbox 2712 4181 2905 4245; x_wconf 89' lang='lat' dir='ltr'><strong>nobis</strong></span> <span class='ocrx_word' id='word_1_330' title='bbox 2935 4198 3289 4265; x_wconf 88' lang='lat' dir='ltr'><strong>personam</strong></span> <span class='ocrx_word' id='word_1_331' title='bbox 3317 4185 3542 4264; x_wconf 88' lang='lat' dir='ltr'><strong>magis</strong></span> <span class='ocrx_word' id='word_1_332' title='bbox 3589 4203 3754 4249; x_wconf 89' lang='lat' dir='ltr'><strong>con-</strong></span> 
     </span>
    </p>
   </div>
   <div class='ocr_carea' id='block_1_30' title="bbox 261 4278 3754 4363">
    <p class='ocr_par' dir='ltr' id='par_1_30' title="bbox 261 4278 3754 4363">
     <span class='ocr_line' id='line_1_30' title="bbox 261 4278 3754 4363; baseline -0 -19"><span class='ocrx_word' id='word_1_333' title='bbox 261 4283 491 4346; x_wconf 85' lang='lat' dir='ltr'><strong>venire</strong></span> <span class='ocrx_word' id='word_1_334' title='bbox 516 4299 721 4363; x_wconf 92' lang='lat' dir='ltr'><strong>quam</strong></span> <span class='ocrx_word' id='word_1_335' title='bbox 748 4281 1223 4361; x_wconf 64' lang='lat' dir='ltr'><strong>praeceptorum</strong></span> <span class='ocrx_word' id='word_1_336' title='bbox 1253 4278 1426 4342; x_wconf 90' lang='lat' dir='ltr'><strong>ultro</strong></span> <span class='ocrx_word' id='word_1_337' title='bbox 1454 4278 1812 4341; x_wconf 86' lang='lat' dir='ltr'><strong>fateamur.</strong></span> <span class='ocrx_word' id='word_1_338' title='bbox 1846 4281 2093 4341; x_wconf 85' lang='lat' dir='ltr'><strong>Verum</strong></span> <span class='ocrx_word' id='word_1_339' title='bbox 2118 4295 2271 4341; x_wconf 89' lang='lat' dir='ltr'><strong>cum</strong></span> <span class='ocrx_word' id='word_1_340' title='bbox 2300 4294 2716 4341; x_wconf 87' lang='lat' dir='ltr'><strong>cerneremus</strong></span> <span class='ocrx_word' id='word_1_341' title='bbox 2756 4279 2826 4342; x_wconf 93' lang='lat' dir='ltr'><strong>in</strong></span> <span class='ocrx_word' id='word_1_342' title='bbox 2873 4283 3295 4359; x_wconf 81' lang='lat' dir='ltr'><strong>argumentis</strong></span> <span class='ocrx_word' id='word_1_343' title='bbox 3340 4281 3540 4362; x_wconf 86' lang='lat' dir='ltr'><strong>longe</strong></span> <span class='ocrx_word' id='word_1_344' title='bbox 3583 4299 3754 4360; x_wconf 83' lang='lat' dir='ltr'><strong>gra—</strong></span> 
     </span>
    </p>
   </div>
   <div class='ocr_carea' id='block_1_31' title="bbox 258 4375 3752 4461">
    <p class='ocr_par' dir='ltr' id='par_1_31' title="bbox 258 4375 3752 4461">
     <span class='ocr_line' id='line_1_31' title="bbox 258 4375 3752 4461; baseline -0.001 -20"><span class='ocrx_word' id='word_1_345' title='bbox 258 4379 561 4442; x_wconf 89' lang='lat' dir='ltr'><strong>vissimis</strong></span> <span class='ocrx_word' id='word_1_346' title='bbox 589 4377 1019 4441; x_wconf 84' lang='lat' dir='ltr'><strong>difﬁcultates</strong></span> <span class='ocrx_word' id='word_1_347' title='bbox 1045 4381 1246 4458; x_wconf 90' lang='lat' dir='ltr'><strong>atque</strong></span> <span class='ocrx_word' id='word_1_348' title='bbox 1277 4375 1570 4439; x_wconf 88' lang='lat' dir='ltr'><strong>salebras</strong></span> <span class='ocrx_word' id='word_1_349' title='bbox 1602 4376 1878 4439; x_wconf 88' lang='lat' dir='ltr'><strong>minime</strong></span> <span class='ocrx_word' id='word_1_350' title='bbox 1908 4378 2085 4438; x_wconf 88' lang='lat' dir='ltr'><strong>leves</strong></span> <span class='ocrx_word' id='word_1_351' title='bbox 2111 4375 2396 4439; x_wconf 87' lang='lat' dir='ltr'><strong>subinde</strong></span> <span class='ocrx_word' id='word_1_352' title='bbox 2424 4393 2782 4451; x_wconf 86' lang='lat' dir='ltr'><strong>occurrere,</strong></span> <span class='ocrx_word' id='word_1_353' title='bbox 2815 4379 3109 4457; x_wconf 84' lang='lat' dir='ltr'><strong>gratiam</strong></span> <span class='ocrx_word' id='word_1_354' title='bbox 3142 4380 3441 4461; x_wconf 90' lang='lat' dir='ltr'><strong>aliquam</strong></span> <span class='ocrx_word' id='word_1_355' title='bbox 3473 4398 3514 4441; x_wconf 88' lang='lat' dir='ltr'><strong>a</strong></span> <span class='ocrx_word' id='word_1_356' title='bbox 3560 4376 3752 4441; x_wconf 88' lang='lat' dir='ltr'><strong>novis</strong></span> 
     </span>
    </p>
   </div>
   <div class='ocr_carea' id='block_1_32' title="bbox 261 4468 3757 4558">
    <p class='ocr_par' dir='ltr' id='par_1_32' title="bbox 261 4468 3757 4558">
     <span class='ocr_line' id='line_1_32' title="bbox 261 4468 3757 4558; baseline -0 -19"><span class='ocrx_word' id='word_1_357' title='bbox 261 4476 623 4556; x_wconf 83' lang='lat' dir='ltr'><strong>Theologis</strong></span> <span class='ocrx_word' id='word_1_358' title='bbox 652 4476 1068 4557; x_wconf 89' lang='lat' dir='ltr'><strong>speravimus</strong></span> <span class='ocrx_word' id='word_1_359' title='bbox 1096 4493 1214 4537; x_wconf 88' lang='lat' dir='ltr'><strong>nos</strong></span> <span class='ocrx_word' id='word_1_360' title='bbox 1248 4475 1551 4553; x_wconf 79' lang='lat' dir='ltr'><strong>inituros,</strong></span> <span class='ocrx_word' id='word_1_361' title='bbox 1585 4474 1640 4536; x_wconf 90' lang='lat' dir='ltr'><strong>si</strong></span> <span class='ocrx_word' id='word_1_362' title='bbox 1689 4491 1915 4537; x_wconf 91' lang='lat' dir='ltr'><strong>eorum</strong></span> <span class='ocrx_word' id='word_1_363' title='bbox 1965 4491 2170 4537; x_wconf 88' lang='lat' dir='ltr'><strong>causa</strong></span> <span class='ocrx_word' id='word_1_364' title='bbox 2212 4472 2475 4536; x_wconf 85' lang='lat' dir='ltr'><strong>scabros</strong></span> <span class='ocrx_word' id='word_1_365' title='bbox 2528 4468 2675 4537; x_wconf 89' lang='lat' dir='ltr'><strong>illos</strong></span> <span class='ocrx_word' id='word_1_366' title='bbox 2721 4476 2894 4538; x_wconf 89' lang='lat' dir='ltr'><strong>locos</strong></span> <span class='ocrx_word' id='word_1_367' title='bbox 2939 4478 3537 4558; x_wconf 90' lang='lat' dir='ltr'><strong>complanaremus,</strong></span> <span class='ocrx_word' id='word_1_368' title='bbox 3590 4492 3757 4557; x_wconf 88' lang='lat' dir='ltr'><strong>quos</strong></span> 
     </span>
    </p>
   </div>
   <div class='ocr_carea' id='block_1_33' title="bbox 262 4569 3764 4652">
    <p class='ocr_par' dir='ltr' id='par_1_33' title="bbox 262 4569 3764 4652">
     <span class='ocr_line' id='line_1_33' title="bbox 262 4569 3764 4652; baseline 0 -18"><span class='ocrx_word' id='word_1_369' title='bbox 262 4575 563 4637; x_wconf 86' lang='lat' dir='ltr'><strong>veterani</strong></span> <span class='ocrx_word' id='word_1_370' title='bbox 592 4574 805 4637; x_wconf 70' lang='lat' dir='ltr'><strong>illaeso</strong></span> <span class='ocrx_word' id='word_1_371' title='bbox 830 4574 1117 4652; x_wconf 89' lang='lat' dir='ltr'><strong>vestigio</strong></span> <span class='ocrx_word' id='word_1_372' title='bbox 1147 4574 1401 4636; x_wconf 87' lang='lat' dir='ltr'><strong>calcare</strong></span> <span class='ocrx_word' id='word_1_373' title='bbox 1430 4574 1663 4635; x_wconf 88' lang='lat' dir='ltr'><strong>solent.</strong></span> <span class='ocrx_word' id='word_1_374' title='bbox 1699 4570 1977 4634; x_wconf 88' lang='lat' dir='ltr'><strong>Etiamsi</strong></span> <span class='ocrx_word' id='word_1_375' title='bbox 2012 4573 2238 4633; x_wconf 88' lang='lat' dir='ltr'><strong>autem</strong></span> <span class='ocrx_word' id='word_1_376' title='bbox 2271 4569 2460 4632; x_wconf 89' lang='lat' dir='ltr'><strong>nobis</strong></span> <span class='ocrx_word' id='word_1_377' title='bbox 2490 4587 2642 4633; x_wconf 83' lang='lat' dir='ltr'><strong>vere</strong></span> <span class='ocrx_word' id='word_1_378' title='bbox 2671 4573 2882 4634; x_wconf 91' lang='lat' dir='ltr'><strong>simus</strong></span> <span class='ocrx_word' id='word_1_379' title='bbox 2914 4573 3293 4652; x_wconf 89' lang='lat' dir='ltr'><strong>consciipro</strong></span> <span class='ocrx_word' id='word_1_380' title='bbox 3326 4574 3553 4636; x_wconf 90' lang='lat' dir='ltr'><strong>nostra</strong></span> <span class='ocrx_word' id='word_1_381' title='bbox 3579 4571 3764 4635; x_wconf 89' lang='lat' dir='ltr'><strong>virili</strong></span> 
     </span>
    </p>
   </div>
   <div class='ocr_carea' id='block_1_34' title="bbox 261 4667 3764 4753">
    <p class='ocr_par' dir='ltr' id='par_1_34' title="bbox 261 4667 3764 4753">
     <span class='ocr_line' id='line_1_34' title="bbox 261 4667 3764 4753; baseline -0.001 -19"><span class='ocrx_word' id='word_1_382' title='bbox 261 4672 573 4734; x_wconf 89' lang='lat' dir='ltr'><strong>connisos</strong></span> <span class='ocrx_word' id='word_1_383' title='bbox 619 4688 795 4752; x_wconf 87' lang='lat' dir='ltr'><strong>esse,</strong></span> <span class='ocrx_word' id='word_1_384' title='bbox 854 4689 936 4735; x_wconf 92' lang='lat' dir='ltr'><strong>ne</strong></span> <span class='ocrx_word' id='word_1_385' title='bbox 968 4672 1073 4733; x_wconf 86' lang='lat' dir='ltr'><strong>vel</strong></span> <span class='ocrx_word' id='word_1_386' title='bbox 1100 4675 1561 4733; x_wconf 83' lang='lat' dir='ltr'><strong>transversum</strong></span> <span class='ocrx_word' id='word_1_387' title='bbox 1593 4685 1891 4747; x_wconf 87' lang='lat' dir='ltr'><strong>unguem</strong></span> <span class='ocrx_word' id='word_1_388' title='bbox 1924 4688 1963 4731; x_wconf 92' lang='lat' dir='ltr'><strong>a</strong></span> <span class='ocrx_word' id='word_1_389' title='bbox 1992 4667 2321 4731; x_wconf 86' lang='lat' dir='ltr'><strong>catholica</strong></span> <span class='ocrx_word' id='word_1_390' title='bbox 2348 4668 2478 4732; x_wconf 87' lang='lat' dir='ltr'><strong>ﬁde</strong></span> <span class='ocrx_word' id='word_1_391' title='bbox 2506 4669 2989 4749; x_wconf 89' lang='lat' dir='ltr'><strong>recedemerus;</strong></span> <span class='ocrx_word' id='word_1_392' title='bbox 3041 4668 3257 4733; x_wconf 90' lang='lat' dir='ltr'><strong>sicubi</strong></span> <span class='ocrx_word' id='word_1_393' title='bbox 3303 4672 3558 4752; x_wconf 89' lang='lat' dir='ltr'><strong>tamen,</strong></span> <span class='ocrx_word' id='word_1_394' title='bbox 3613 4688 3764 4753; x_wconf 62' lang='lat' dir='ltr'><strong>quas</strong></span> 
     </span>
    </p>
   </div>
   <div class='ocr_carea' id='block_1_35' title="bbox 262 4763 3765 4849">
    <p class='ocr_par' dir='ltr' id='par_1_35' title="bbox 262 4763 3765 4849">
     <span class='ocr_line' id='line_1_35' title="bbox 262 4763 3765 4849; baseline -0 -17"><span class='ocrx_word' id='word_1_395' title='bbox 262 4770 576 4832; x_wconf 87' lang='lat' dir='ltr'><strong>humana</strong></span> <span class='ocrx_word' id='word_1_396' title='bbox 597 4769 954 4832; x_wconf 90' lang='lat' dir='ltr'><strong>inﬁrmitas</strong></span> <span class='ocrx_word' id='word_1_397' title='bbox 984 4772 1104 4849; x_wconf 89' lang='lat' dir='ltr'><strong>est,</strong></span> <span class='ocrx_word' id='word_1_398' title='bbox 1140 4768 1402 4849; x_wconf 84' lang='lat' dir='ltr'><strong>aliquid</strong></span> <span class='ocrx_word' id='word_1_399' title='bbox 1426 4768 1488 4831; x_wconf 88' lang='lat' dir='ltr'><strong>ei</strong></span> <span class='ocrx_word' id='word_1_400' title='bbox 1515 4767 1740 4830; x_wconf 90' lang='lat' dir='ltr'><strong>minus</strong></span> <span class='ocrx_word' id='word_1_401' title='bbox 1767 4784 2129 4831; x_wconf 86' lang='lat' dir='ltr'><strong>consonum</strong></span> <span class='ocrx_word' id='word_1_402' title='bbox 2158 4766 2650 4848; x_wconf 88' lang='lat' dir='ltr'><strong>protulerimus,</strong></span> <span class='ocrx_word' id='word_1_403' title='bbox 2686 4763 2855 4828; x_wconf 86' lang='lat' dir='ltr'><strong>illud</strong></span> <span class='ocrx_word' id='word_1_404' title='bbox 2900 4766 3115 4830; x_wconf 90' lang='lat' dir='ltr'><strong>delere</strong></span> <span class='ocrx_word' id='word_1_405' title='bbox 3155 4786 3289 4832; x_wconf 90' lang='lat' dir='ltr'><strong>non</strong></span> <span class='ocrx_word' id='word_1_406' title='bbox 3333 4770 3607 4831; x_wconf 90' lang='lat' dir='ltr'><strong>tantum</strong></span> <span class='ocrx_word' id='word_1_407' title='bbox 3654 4770 3765 4831; x_wconf 82' lang='lat' dir='ltr'><strong>1a-</strong></span> 
     </span>
    </p>
   </div>
   <div class='ocr_carea' id='block_1_36' title="bbox 263 4863 3757 4949">
    <p class='ocr_par' dir='ltr' id='par_1_36' title="bbox 263 4863 3757 4949">
     <span class='ocr_line' id='line_1_36' title="bbox 263 4863 3757 4949; baseline -0.001 -20"><span class='ocrx_word' id='word_1_408' title='bbox 263 4866 538 4949; x_wconf 80' lang='lat' dir='ltr'><strong>crymis,</strong></span> <span class='ocrx_word' id='word_1_409' title='bbox 574 4866 684 4929; x_wconf 89' lang='lat' dir='ltr'><strong>sed</strong></span> <span class='ocrx_word' id='word_1_410' title='bbox 713 4867 918 4930; x_wconf 86' lang='lat' dir='ltr'><strong>etiam</strong></span> <span class='ocrx_word' id='word_1_411' title='bbox 949 4866 1284 4945; x_wconf 86' lang='lat' dir='ltr'><strong>sanguine</strong></span> <span class='ocrx_word' id='word_1_412' title='bbox 1313 4865 1531 4946; x_wconf 88' lang='lat' dir='ltr'><strong>parati</strong></span> <span class='ocrx_word' id='word_1_413' title='bbox 1549 4883 1804 4928; x_wconf 90' lang='lat' dir='ltr'><strong>sumus.</strong></span> <span class='ocrx_word' id='word_1_414' title='bbox 1836 4864 2147 4941; x_wconf 83' lang='lat' dir='ltr'><strong>Quinhoc</strong></span> <span class='ocrx_word' id='word_1_415' title='bbox 2165 4864 2368 4926; x_wconf 90' lang='lat' dir='ltr'><strong>etiam</strong></span> <span class='ocrx_word' id='word_1_416' title='bbox 2394 4863 2688 4945; x_wconf 89' lang='lat' dir='ltr'><strong>proﬁteri</strong></span> <span class='ocrx_word' id='word_1_417' title='bbox 2719 4864 2893 4944; x_wconf 89' lang='lat' dir='ltr'><strong>licet,</strong></span> <span class='ocrx_word' id='word_1_418' title='bbox 2921 4864 2991 4927; x_wconf 92' lang='lat' dir='ltr'><strong>in</strong></span> <span class='ocrx_word' id='word_1_419' title='bbox 3015 4865 3099 4927; x_wconf 91' lang='lat' dir='ltr'><strong>iis</strong></span> <span class='ocrx_word' id='word_1_420' title='bbox 3119 4866 3282 4947; x_wconf 90' lang='lat' dir='ltr'><strong>ipsis</strong></span> <span class='ocrx_word' id='word_1_421' title='bbox 3302 4865 3757 4949; x_wconf 91' lang='lat' dir='ltr'><strong>opinionibus,</strong></span> 
     </span>
    </p>
   </div>
   <div class='ocr_carea' id='block_1_37' title="bbox 266 4959 3764 5046">
    <p class='ocr_par' dir='ltr' id='par_1_37' title="bbox 266 4959 3764 5046">
     <span class='ocr_line' id='line_1_37' title="bbox 266 4959 3764 5046; baseline -0.001 -18"><span class='ocrx_word' id='word_1_422' title='bbox 266 4965 342 5028; x_wconf 89' lang='lat' dir='ltr'><strong>in</strong></span> <span class='ocrx_word' id='word_1_423' title='bbox 374 4964 620 5046; x_wconf 89' lang='lat' dir='ltr'><strong>quibus</strong></span> <span class='ocrx_word' id='word_1_424' title='bbox 653 4982 857 5045; x_wconf 90' lang='lat' dir='ltr'><strong>quam</strong></span> <span class='ocrx_word' id='word_1_425' title='bbox 888 4964 1171 5045; x_wconf 92' lang='lat' dir='ltr'><strong>quisque</strong></span> <span class='ocrx_word' id='word_1_426' title='bbox 1202 4966 1585 5044; x_wconf 82' lang='lat' dir='ltr'><strong>anteponat,</strong></span> <span class='ocrx_word' id='word_1_427' title='bbox 1619 4962 1745 5025; x_wconf 90' lang='lat' dir='ltr'><strong>sibi</strong></span> <span class='ocrx_word' id='word_1_428' title='bbox 1777 4965 2064 5026; x_wconf 90' lang='lat' dir='ltr'><strong>statuere</strong></span> <span class='ocrx_word' id='word_1_429' title='bbox 2108 4962 2397 5024; x_wconf 85' lang='lat' dir='ltr'><strong>maxime</strong></span> <span class='ocrx_word' id='word_1_430' title='bbox 2427 4959 2714 5024; x_wconf 92' lang='lat' dir='ltr'><strong>liberum</strong></span> <span class='ocrx_word' id='word_1_431' title='bbox 2755 4965 2877 5042; x_wconf 84' lang='lat' dir='ltr'><strong>est,</strong></span> <span class='ocrx_word' id='word_1_432' title='bbox 2929 4962 3185 5027; x_wconf 88' lang='lat' dir='ltr'><strong>cavisse</strong></span> <span class='ocrx_word' id='word_1_433' title='bbox 3232 4981 3354 5027; x_wconf 90' lang='lat' dir='ltr'><strong>nos</strong></span> <span class='ocrx_word' id='word_1_434' title='bbox 3403 4963 3634 5029; x_wconf 90' lang='lat' dir='ltr'><strong>sedulo</strong></span> <span class='ocrx_word' id='word_1_435' title='bbox 3677 4979 3764 5025; x_wconf 91' lang='lat' dir='ltr'><strong>ne</strong></span> 
     </span>
    </p>
   </div>
   <div class='ocr_carea' id='block_1_38' title="bbox 265 5058 3053 5143">
    <p class='ocr_par' dir='ltr' id='par_1_38' title="bbox 265 5058 3053 5143">
     <span class='ocr_line' id='line_1_38' title="bbox 265 5058 3053 5143; baseline -0.003 -17"><span class='ocrx_word' id='word_1_436' title='bbox 265 5062 429 5126; x_wconf 89' lang='lat' dir='ltr'><strong>ullis</strong></span> <span class='ocrx_word' id='word_1_437' title='bbox 459 5061 716 5142; x_wconf 85' lang='lat' dir='ltr'><strong>abrepti</strong></span> <span class='ocrx_word' id='word_1_438' title='bbox 750 5060 1176 5143; x_wconf 71' lang='lat' dir='ltr'><strong>przejudiciis,</strong></span> <span class='ocrx_word' id='word_1_439' title='bbox 1210 5078 1501 5142; x_wconf 89' lang='lat' dir='ltr'><strong>usquam</strong></span> <span class='ocrx_word' id='word_1_440' title='bbox 1527 5079 1565 5124; x_wconf 87' lang='lat' dir='ltr'><strong>a</strong></span> <span class='ocrx_word' id='word_1_441' title='bbox 1597 5063 1769 5122; x_wconf 89' lang='lat' dir='ltr'><strong>recto</strong></span> <span class='ocrx_word' id='word_1_442' title='bbox 1798 5060 2037 5122; x_wconf 85' lang='lat' dir='ltr'><strong>itinere</strong></span> <span class='ocrx_word' id='word_1_443' title='bbox 2065 5058 2587 5123; x_wconf 83' lang='lat' dir='ltr'><strong>deﬂecteremus.</strong></span> <span class='ocrx_word' id='word_1_444' title='bbox 3042 5110 3053 5117; x_wconf 74' lang='grc'>,</span> 
     </span>
    </p>
   </div>
   <div class='ocr_carea' id='block_1_39' title="bbox 345 5156 3757 5241">
    <p class='ocr_par' dir='ltr' id='par_1_39' title="bbox 345 5156 3757 5241">
     <span class='ocr_line' id='line_1_39' title="bbox 345 5156 3757 5241; baseline 0 -18"><span class='ocrx_word' id='word_1_445' title='bbox 345 5159 648 5223; x_wconf 90' lang='lat' dir='ltr'><strong>Plurima</strong></span> <span class='ocrx_word' id='word_1_446' title='bbox 677 5159 949 5241; x_wconf 90' lang='lat' dir='ltr'><strong>quidem</strong></span> <span class='ocrx_word' id='word_1_447' title='bbox 976 5158 1276 5222; x_wconf 89' lang='lat' dir='ltr'><strong>codicum</strong></span> <span class='ocrx_word' id='word_1_448' title='bbox 1299 5166 1601 5222; x_wconf 86' lang='lat' dir='ltr'><strong>veterum</strong></span> <span class='ocrx_word' id='word_1_449' title='bbox 1631 5156 1949 5221; x_wconf 83' lang='lat' dir='ltr'><strong>beneﬁcio</strong></span> <span class='ocrx_word' id='word_1_450' title='bbox 1977 5156 2485 5220; x_wconf 88' lang='lat' dir='ltr'><strong>emendavimus</strong></span> <span class='ocrx_word' id='word_1_451' title='bbox 2516 5158 3063 5241; x_wconf 76' lang='lat' dir='ltr'><strong>restituimusque</strong></span> <span class='ocrx_word' id='word_1_452' title='bbox 3112 5159 3182 5222; x_wconf 94' lang='lat' dir='ltr'><strong>in</strong></span> <span class='ocrx_word' id='word_1_453' title='bbox 3223 5158 3346 5222; x_wconf 87' lang='lat' dir='ltr'><strong>hoc</strong></span> <span class='ocrx_word' id='word_1_454' title='bbox 3390 5158 3757 5240; x_wconf 89' lang='lat' dir='ltr'><strong>volumine,</strong></span> 
     </span>
    </p>
   </div>
   <div class='ocr_carea' id='block_1_40' title="bbox 259 5253 3766 5339">
    <p class='ocr_par' dir='ltr' id='par_1_40' title="bbox 259 5253 3766 5339">
     <span class='ocr_line' id='line_1_40' title="bbox 259 5253 3766 5339; baseline -0 -19"><span class='ocrx_word' id='word_1_455' title='bbox 259 5256 379 5320; x_wconf 87' lang='lat' dir='ltr'><strong>sed</strong></span> <span class='ocrx_word' id='word_1_456' title='bbox 414 5257 625 5319; x_wconf 87' lang='lat' dir='ltr'><strong>multo</strong></span> <span class='ocrx_word' id='word_1_457' title='bbox 654 5258 867 5339; x_wconf 88' lang='lat' dir='ltr'><strong>plura,</strong></span> <span class='ocrx_word' id='word_1_458' title='bbox 900 5274 1048 5338; x_wconf 84' lang='lat' dir='ltr'><strong>quae</strong></span> <span class='ocrx_word' id='word_1_459' title='bbox 1077 5256 1149 5318; x_wconf 88' lang='lat' dir='ltr'><strong>in</strong></span> <span class='ocrx_word' id='word_1_460' title='bbox 1180 5272 1536 5319; x_wconf 89' lang='lat' dir='ltr'><strong>numerum</strong></span> <span class='ocrx_word' id='word_1_461' title='bbox 1564 5256 1850 5334; x_wconf 88' lang='lat' dir='ltr'><strong>Operum</strong></span> <span class='ocrx_word' id='word_1_462' title='bbox 1877 5253 2462 5318; x_wconf 83' lang='lat' dir='ltr'><strong>Ambrosianorum</strong></span> <span class='ocrx_word' id='word_1_463' title='bbox 2495 5254 2751 5319; x_wconf 89' lang='lat' dir='ltr'><strong>dudum</strong></span> <span class='ocrx_word' id='word_1_464' title='bbox 2786 5257 3205 5339; x_wconf 85' lang='lat' dir='ltr'><strong>irrepserant,</strong></span> <span class='ocrx_word' id='word_1_465' title='bbox 3238 5257 3485 5338; x_wconf 89' lang='lat' dir='ltr'><strong>partim</strong></span> <span class='ocrx_word' id='word_1_466' title='bbox 3525 5257 3766 5321; x_wconf 83' lang='lat' dir='ltr'><strong>omisi—</strong></span> 
     </span>
    </p>
   </div>
   <div class='ocr_carea' id='block_1_41' title="bbox 257 5351 3766 5434">
    <p class='ocr_par' dir='ltr' id='par_1_41' title="bbox 257 5351 3766 5434">
     <span class='ocr_line' id='line_1_41' title="bbox 257 5351 3766 5434; baseline -0.001 -15"><span class='ocrx_word' id='word_1_467' title='bbox 257 5372 442 5430; x_wconf 88' lang='lat' dir='ltr'><strong>mus,</strong></span> <span class='ocrx_word' id='word_1_468' title='bbox 470 5356 719 5434; x_wconf 86' lang='lat' dir='ltr'><strong>partim</strong></span> <span class='ocrx_word' id='word_1_469' title='bbox 744 5354 1092 5434; x_wconf 88' lang='lat' dir='ltr'><strong>recejimus</strong></span> <span class='ocrx_word' id='word_1_470' title='bbox 1124 5354 1194 5416; x_wconf 93' lang='lat' dir='ltr'><strong>in</strong></span> <span class='ocrx_word' id='word_1_471' title='bbox 1224 5353 1691 5434; x_wconf 87' lang='lat' dir='ltr'><strong>Appendicem,</strong></span> <span class='ocrx_word' id='word_1_472' title='bbox 1728 5351 1855 5415; x_wconf 89' lang='lat' dir='ltr'><strong>rati</strong></span> <span class='ocrx_word' id='word_1_473' title='bbox 1891 5351 2151 5416; x_wconf 90' lang='lat' dir='ltr'><strong>scilicet</strong></span> <span class='ocrx_word' id='word_1_474' title='bbox 2182 5352 2492 5434; x_wconf 89' lang='lat' dir='ltr'><strong>iniquum</strong></span> <span class='ocrx_word' id='word_1_475' title='bbox 2522 5352 2651 5415; x_wconf 84' lang='lat' dir='ltr'><strong>fore</strong></span> <span class='ocrx_word' id='word_1_476' title='bbox 2684 5358 2757 5416; x_wconf 88' lang='lat' dir='ltr'><strong>ut</strong></span> <span class='ocrx_word' id='word_1_477' title='bbox 2782 5355 3153 5431; x_wconf 87' lang='lat' dir='ltr'><strong>gloriosum</strong></span> <span class='ocrx_word' id='word_1_478' title='bbox 3182 5354 3360 5417; x_wconf 87' lang='lat' dir='ltr'><strong>tanti</strong></span> <span class='ocrx_word' id='word_1_479' title='bbox 3390 5355 3606 5419; x_wconf 85' lang='lat' dir='ltr'><strong>Patris</strong></span> <span class='ocrx_word' id='word_1_480' title='bbox 3636 5372 3766 5418; x_wconf 87' lang='lat' dir='ltr'><strong>no-</strong></span> 
     </span>
    </p>
   </div>
   <div class='ocr_carea' id='block_1_42' title="bbox 257 5449 3763 5531">
    <p class='ocr_par' dir='ltr' id='par_1_42' title="bbox 257 5449 3763 5531">
     <span class='ocr_line' id='line_1_42' title="bbox 257 5449 3763 5531; baseline -0.001 -16"><span class='ocrx_word' id='word_1_481' title='bbox 257 5468 423 5516; x_wconf 89' lang='lat' dir='ltr'><strong>men</strong></span> <span class='ocrx_word' id='word_1_482' title='bbox 451 5470 590 5515; x_wconf 88' lang='lat' dir='ltr'><strong>una</strong></span> <span class='ocrx_word' id='word_1_483' title='bbox 619 5471 769 5515; x_wconf 91' lang='lat' dir='ltr'><strong>cum</strong></span> <span class='ocrx_word' id='word_1_484' title='bbox 798 5451 1125 5530; x_wconf 84' lang='lat' dir='ltr'><strong>legitimis</strong></span> <span class='ocrx_word' id='word_1_485' title='bbox 1155 5450 1382 5513; x_wconf 87' lang='lat' dir='ltr'><strong>liberis</strong></span> <span class='ocrx_word' id='word_1_486' title='bbox 1401 5449 1734 5513; x_wconf 88' lang='lat' dir='ltr'><strong>subdititii</strong></span> <span class='ocrx_word' id='word_1_487' title='bbox 1759 5453 1959 5531; x_wconf 89' lang='lat' dir='ltr'><strong>atque</strong></span> <span class='ocrx_word' id='word_1_488' title='bbox 1978 5449 2206 5515; x_wconf 81' lang='lat' dir='ltr'><strong>eodem</strong></span> <span class='ocrx_word' id='word_1_489' title='bbox 2225 5467 2495 5530; x_wconf 90' lang='lat' dir='ltr'><strong>prorsus</strong></span> <span class='ocrx_word' id='word_1_490' title='bbox 2518 5451 2784 5531; x_wconf 89' lang='lat' dir='ltr'><strong>indigni</strong></span> <span class='ocrx_word' id='word_1_491' title='bbox 2807 5450 2934 5514; x_wconf 88' lang='lat' dir='ltr'><strong>sibi</strong></span> <span class='ocrx_word' id='word_1_492' title='bbox 2962 5456 3376 5531; x_wconf 81' lang='lat' dir='ltr'><strong>arrogarent.</strong></span> <span class='ocrx_word' id='word_1_493' title='bbox 3406 5452 3763 5516; x_wconf 86' lang='lat' dir='ltr'><strong>Enimvero</strong></span> 
     </span>
    </p>
   </div>
   <div class='ocr_carea' id='block_1_43' title="bbox 253 5545 3763 5632">
    <p class='ocr_par' dir='ltr' id='par_1_43' title="bbox 253 5545 3763 5632">
     <span class='ocr_line' id='line_1_43' title="bbox 253 5545 3763 5632; baseline -0.002 -16"><span class='ocrx_word' id='word_1_494' title='bbox 253 5569 399 5616; x_wconf 85' lang='lat' dir='ltr'><strong>non</strong></span> <span class='ocrx_word' id='word_1_495' title='bbox 444 5568 798 5632; x_wconf 81' lang='lat' dir='ltr'><strong>possumus</strong></span> <span class='ocrx_word' id='word_1_496' title='bbox 845 5549 1011 5613; x_wconf 88' lang='lat' dir='ltr'><strong>satis</strong></span> <span class='ocrx_word' id='word_1_497' title='bbox 1056 5549 1289 5612; x_wconf 87' lang='lat' dir='ltr'><strong>mirari</strong></span> <span class='ocrx_word' id='word_1_498' title='bbox 1337 5551 1434 5611; x_wconf 91' lang='lat' dir='ltr'><strong>tot</strong></span> <span class='ocrx_word' id='word_1_499' title='bbox 1478 5548 1682 5611; x_wconf 92' lang='lat' dir='ltr'><strong>libros</strong></span> <span class='ocrx_word' id='word_1_500' title='bbox 1714 5551 1915 5629; x_wconf 88' lang='lat' dir='ltr'><strong>atque</strong></span> <span class='ocrx_word' id='word_1_501' title='bbox 1937 5563 2273 5611; x_wconf 90' lang='lat' dir='ltr'><strong>sermones</strong></span> <span class='ocrx_word' id='word_1_502' title='bbox 2303 5551 2533 5611; x_wconf 89' lang='lat' dir='ltr'><strong>sancto</strong></span> <span class='ocrx_word' id='word_1_503' title='bbox 2566 5549 2824 5612; x_wconf 89' lang='lat' dir='ltr'><strong>Doctori</strong></span> <span class='ocrx_word' id='word_1_504' title='bbox 2856 5550 3234 5631; x_wconf 90' lang='lat' dir='ltr'><strong>suppositos</strong></span> <span class='ocrx_word' id='word_1_505' title='bbox 3264 5551 3492 5628; x_wconf 87' lang='lat' dir='ltr'><strong>fuisse,</strong></span> <span class='ocrx_word' id='word_1_506' title='bbox 3529 5548 3647 5627; x_wconf 91' lang='lat' dir='ltr'><strong>qui</strong></span> <span class='ocrx_word' id='word_1_507' title='bbox 3677 5545 3763 5609; x_wconf 88' lang='lat' dir='ltr'><strong>ab</strong></span> 
     </span>
    </p>
   </div>
   <div class='ocr_carea' id='block_1_44' title="bbox 249 5643 3764 5732">
    <p class='ocr_par' dir='ltr' id='par_1_44' title="bbox 249 5643 3764 5732">
     <span class='ocr_line' id='line_1_44' title="bbox 249 5643 3764 5732; baseline -0.003 -15"><span class='ocrx_word' id='word_1_508' title='bbox 249 5649 408 5732; x_wconf 87' lang='lat' dir='ltr'><strong>ejus</strong></span> <span class='ocrx_word' id='word_1_509' title='bbox 438 5649 734 5729; x_wconf 83' lang='lat' dir='ltr'><strong>ingenio,</strong></span> <span class='ocrx_word' id='word_1_510' title='bbox 770 5648 971 5730; x_wconf 79' lang='lat' dir='ltr'><strong>stylo,</strong></span> <span class='ocrx_word' id='word_1_511' title='bbox 1004 5646 1245 5711; x_wconf 59' lang='lat' dir='ltr'><strong>saeculo</strong></span> <span class='ocrx_word' id='word_1_512' title='bbox 1270 5647 1540 5729; x_wconf 90' lang='lat' dir='ltr'><strong>penitus</strong></span> <span class='ocrx_word' id='word_1_513' title='bbox 1569 5645 1950 5724; x_wconf 88' lang='lat' dir='ltr'><strong>abhorrent,</strong></span> <span class='ocrx_word' id='word_1_514' title='bbox 1984 5648 2051 5708; x_wconf 86' lang='lat' dir='ltr'><strong>et</strong></span> <span class='ocrx_word' id='word_1_515' title='bbox 2079 5663 2364 5729; x_wconf 89' lang='lat' dir='ltr'><strong>quorum</strong></span> <span class='ocrx_word' id='word_1_516' title='bbox 2391 5645 2596 5710; x_wconf 89' lang='lat' dir='ltr'><strong>etiam</strong></span> <span class='ocrx_word' id='word_1_517' title='bbox 2624 5646 2934 5711; x_wconf 89' lang='lat' dir='ltr'><strong>nonnulli</strong></span> <span class='ocrx_word' id='word_1_518' title='bbox 2967 5647 3140 5713; x_wconf 91' lang='lat' dir='ltr'><strong>inter</strong></span> <span class='ocrx_word' id='word_1_519' title='bbox 3168 5649 3452 5713; x_wconf 88' lang='lat' dir='ltr'><strong>aliorum</strong></span> <span class='ocrx_word' id='word_1_520' title='bbox 3474 5643 3764 5725; x_wconf 82' lang='lat' dir='ltr'><strong>scripto-</strong></span> 
     </span>
    </p>
   </div>
   <div class='ocr_carea' id='block_1_45' title="bbox 250 5741 3761 5831">
    <p class='ocr_par' dir='ltr' id='par_1_45' title="bbox 250 5741 3761 5831">
     <span class='ocr_line' id='line_1_45' title="bbox 250 5741 3761 5831; baseline -0.001 -16"><span class='ocrx_word' id='word_1_521' title='bbox 250 5766 415 5815; x_wconf 87' lang='lat' dir='ltr'><strong>rum</strong></span> <span class='ocrx_word' id='word_1_522' title='bbox 440 5747 655 5831; x_wconf 85' lang='lat' dir='ltr'><strong>Opera</strong></span> <span class='ocrx_word' id='word_1_523' title='bbox 677 5744 1255 5811; x_wconf 88' lang='lat' dir='ltr'><strong>circumferuntur.</strong></span> <span class='ocrx_word' id='word_1_524' title='bbox 1292 5744 1414 5810; x_wconf 86' lang='lat' dir='ltr'><strong>Sed</strong></span> <span class='ocrx_word' id='word_1_525' title='bbox 1457 5744 1584 5809; x_wconf 90' lang='lat' dir='ltr'><strong>hoc</strong></span> <span class='ocrx_word' id='word_1_526' title='bbox 1630 5741 2145 5809; x_wconf 86' lang='lat' dir='ltr'><strong>admirationem</strong></span> <span class='ocrx_word' id='word_1_527' title='bbox 2188 5743 2382 5808; x_wconf 90' lang='lat' dir='ltr'><strong>nobis</strong></span> <span class='ocrx_word' id='word_1_528' title='bbox 2431 5744 2677 5810; x_wconf 90' lang='lat' dir='ltr'><strong>incutit</strong></span> <span class='ocrx_word' id='word_1_529' title='bbox 2725 5746 2935 5809; x_wconf 88' lang='lat' dir='ltr'><strong>multo</strong></span> <span class='ocrx_word' id='word_1_530' title='bbox 2978 5745 3313 5827; x_wconf 86' lang='lat' dir='ltr'><strong>majorem,</strong></span> <span class='ocrx_word' id='word_1_531' title='bbox 3367 5742 3541 5825; x_wconf 87' lang='lat' dir='ltr'><strong>quod</strong></span> <span class='ocrx_word' id='word_1_532' title='bbox 3582 5743 3761 5811; x_wconf 75' lang='lat' dir='ltr'><strong>male</strong></span> 
     </span>
    </p>
   </div>
   <div class='ocr_carea' id='block_1_46' title="bbox 253 5837 3765 5937">
    <p class='ocr_par' dir='ltr' id='par_1_46' title="bbox 253 5837 3765 5937">
     <span class='ocr_line' id='line_1_46' title="bbox 253 5837 3765 5937; baseline -0.003 -18"><span class='ocrx_word' id='word_1_533' title='bbox 253 5843 491 5919; x_wconf 77' lang='lat' dir='ltr'><strong>feriati</strong></span> <span class='ocrx_word' id='word_1_534' title='bbox 522 5843 800 5936; x_wconf 73' lang='lat' dir='ltr'><strong>quidam</strong></span> <span class='ocrx_word' id='word_1_535' title='bbox 828 5841 1134 5910; x_wconf 88' lang='lat' dir='ltr'><strong>homines</strong></span> <span class='ocrx_word' id='word_1_536' title='bbox 1163 5842 1326 5909; x_wconf 85' lang='lat' dir='ltr'><strong>adeo</strong></span> <span class='ocrx_word' id='word_1_537' title='bbox 1353 5840 1691 5916; x_wconf 84' lang='lat' dir='ltr'><strong>illuserint</strong></span> <span class='ocrx_word' id='word_1_538' title='bbox 1717 5839 1876 5911; x_wconf 84' lang='lat' dir='ltr'><strong>ﬁdei</strong></span> <span class='ocrx_word' id='word_1_539' title='bbox 1904 5840 2213 5934; x_wconf 62' lang='lat' dir='ltr'><strong>publica,</strong></span> <span class='ocrx_word' id='word_1_540' title='bbox 2241 5844 2320 5913; x_wconf 85' lang='lat' dir='ltr'><strong>ut</strong></span> <span class='ocrx_word' id='word_1_541' title='bbox 2348 5841 2613 5932; x_wconf 80' lang='lat' dir='ltr'><strong>aliquas</strong></span> <span class='ocrx_word' id='word_1_542' title='bbox 2642 5842 3457 5929; x_wconf 49' lang='lat' dir='ltr'><strong>commentationesquas</strong></span> <span class='ocrx_word' id='word_1_543' title='bbox 3481 5837 3765 5937; x_wconf 62' lang='lat' dir='ltr'><strong>Arnim.</strong></span> 
     </span>
    </p>
   </div>
   <div class='ocr_carea' id='block_1_47' title="bbox 182 5937 1812 6132">
    <p class='ocr_par' dir='ltr' id='par_1_47' title="bbox 182 5940 1352 6132">
     <span class='ocr_line' id='line_1_47' title="bbox 182 5940 1352 6132; baseline 0.002 -112"><span class='ocrx_word' id='word_1_544' title='bbox 182 5992 504 6132; x_wconf 40' lang='grc' dir='ltr'><strong>κίεν</strong></span> <span class='ocrx_word' id='word_1_545' title='bbox 661 6042 666 6045; x_wconf 13' lang='grc' dir='ltr'><strong><em>Α</em></strong></span> <span class='ocrx_word' id='word_1_546' title='bbox 866 5940 1153 6023; x_wconf 51' lang='lat' dir='ltr'><strong>Parnm.</strong></span> <span class='ocrx_word' id='word_1_547' title='bbox 1179 5941 1352 6023; x_wconf 76' lang='lat' dir='ltr'><strong>XVI.</strong></span> 
     </span>
    </p>
   </div>
   <div class='ocr_carea' id='block_1_48' title="bbox 2320 5937 3950 6132">
    <p class='ocr_par' dir='ltr' id='par_1_48' title="bbox 3245 5937 3280 6018">
     <span class='ocr_line' id='line_1_48' title="bbox 3245 5937 3280 6018; baseline 0 -2"><span class='ocrx_word' id='word_1_548' title='bbox 3245 5937 3280 6018; x_wconf 73' lang='grc' dir='ltr'><strong><em>ι</em></strong></span> 
     </span>
    </p>
   </div>
  </div>
