4002 6150
314 355 400 428 n~
1137 320 1150 326 ’
1307 351 1312 359 ’
1839 346 1894 415 Ρῖ

2189 339 2270 416 ῙΟ
3703 356 3765 427 12

310 573 397 638 sii
424 590 562 637 non
588 585 732 636 esse
757 568 1015 653 liquido
1038 565 1356 652 prodebat
1383 565 1603 648 prima
1629 566 1824 631 lectio
1852 567 2060 630 variis
2092 567 2252 632 locis
2285 569 2784 651 interpolarent,
2831 586 2962 651 quo
3003 587 3117 635 eas
3162 589 3280 652 pro
3327 572 3758 640 Ambrosianis

306 670 606 736 securius
633 669 862 734 liceret
889 665 1260 730 obtrudere.
1291 665 1474 743 Quod
1504 664 1886 747 imposturaa
1912 681 2131 744 genus
2156 683 2293 746 qua
2319 670 2504 748 parte
2523 667 2736 732 levius
2757 668 2844 731 sit
2873 685 3098 732 eorum
3121 669 3424 752 crimine,
3451 672 3567 754 qui
3589 689 3758 736 cusos

305 767 426 832 abs
457 785 526 832 se
555 766 969 831 adulterinos
999 781 1310 828 nummos
1333 763 1528 826 bonis
1559 761 1946 844 admiscent,
1982 778 2176 828 nemo
2204 763 2470 827 dixerit.

384 887 618 965 Itaque
647 879 976 946 subdititii
1005 873 1105 942 illi
1131 879 1304 942 fetus
1333 878 1584 962 duplici
1614 879 1688 943 in
1713 879 1963 960 ordine,
1998 881 2075 942 ut
2103 879 2250 960 jam
2297 878 2760 962 indicavimus,
2797 883 3142 946 constituti
3173 886 3352 964 sunt,
3382 885 3760 950 omissorum

302 982 551 1046 scilicet
577 984 642 1044 et
670 980 742 1042 in
768 977 1155 1061 Appendicet
1174 977 1820 1057 comprehensorum.
1849 977 2104 1040 Priores
2135 976 2280 1042 ideo
2310 979 2696 1042 censuimus
2722 982 3342 1064 praetermittendos,
3397 984 3574 1066 quod
3616 985 3759 1048 alibi

301 1095 456 1142 cum
485 1078 768 1141 aliorum
796 1079 1143 1140 auctorum
1170 1075 1452 1158 scriptis,
1490 1075 1587 1138 uti
1617 1075 1871 1139 dictum
1899 1077 2018 1154 est,
2054 1074 2214 1139 editi
2247 1076 2690 1157 qurerentium
2719 1077 3089 1158 diligentiae
3121 1081 3312 1144 facile
3339 1085 3757 1164 occurrerent,

302 1178 422 1238 aut
449 1193 680 1237 rursus
711 1174 884 1256 quod
913 1191 1031 1262 per
1057 1191 1126 1236 se
1154 1171 1477 1236 levissimi
1510 1188 1588 1237 ac
1615 1173 1872 1236 nullius
1902 1173 2238 1253 utilitatis,
2272 1173 2546 1254 perinde
2573 1174 2901 1240 editorum
2928 1178 3150 1241 labore
3187 1196 3265 1241 ac
3293 1179 3616 1243 lectorum
3642 1185 3765 1244 stu-

302 1271 409 1334 dio
439 1270 708 1349 indigni
735 1274 958 1334 essent
989 1269 1100 1359 (a).
1134 1270 1315 1346 Quod
1343 1285 1498 1334 vero
1529 1269 1612 1332 ad
1637 1286 1747 1333 eos
1775 1285 1856 1333 ex
1887 1269 2132 1352 quibus
2160 1271 2607 1353 Appendicem
2635 1275 3150 1356 composuimus,
3206 1276 3473 1340 illorum
3521 1293 3766 1359 quoque

297 1371 578 1448 gemina
607 1372 707 1431 est
735 1369 924 1432 ratio.
961 1358 1225 1432 Etenim
1251 1369 1355 1432 vel
1385 1369 1563 1450 ipsos
1591 1367 1915 1431 editiones
1943 1368 2312 1450 superiores
2349 1369 2858 1434 venditaverant
2905 1374 3236 1452 tanquam
3277 1372 3761 1456 Ambrosiauos,

299 1469 368 1528 et
395 1465 634 1528 horum
659 1482 980 1529 numerus
1011 1466 1219 1527 multo
1244 1464 1454 1544 major
1481 1468 1582 1528 est
1616 1487 1629 1528 :
1665 1465 1770 1527 vel
1798 1463 2061 1527 eosdem
2107 1466 2302 1546 quasi
2351 1465 2798 1550 subreptitios,
2851 1472 2970 1532 aut
3019 1470 3256 1532 saltem
3303 1471 3768 1552 suppositionis

299 1563 660 1626 admodum
689 1564 1028 1642 suspectos
1057 1563 1127 1624 in
1151 1565 1522 1626 extremum
1555 1579 1802 1642 agmen
1831 1567 2206 1640 coegerant.
2242 1566 2342 1626 Ex
2372 1565 2498 1628 hac
2525 1569 2750 1628 autem
2782 1567 3021 1629 ultima
3040 1567 3251 1632 classe
3271 1568 3772 1648 quosdamtrac—

297 1663 482 1724 tatus
513 1661 948 1724 retinuimus:
983 1659 1157 1742 quod
1185 1659 1496 1723 videlicet
1523 1677 1644 1724 nec
1672 1660 1946 1723 inutiles
1967 1659 2443 1742 judicavimus,
2477 1679 2602 1726 nec
2628 1663 3013 1728 invenimus
3041 1683 3334 1746 usquam
3363 1665 3526 1729 alibi
3569 1667 3639 1731 in
3664 1669 3770 1730 lu-

298 1775 442 1823 cem
473 1757 678 1822 datos.
710 1759 806 1821 De
840 1757 950 1820 his
985 1775 1176 1837 porro
1219 1757 1552 1838 omnibus,
1587 1759 1760 1820 sicut
1787 1760 1853 1820 et
1883 1757 1962 1820 de
1988 1759 2392 1839 quibusdam
2421 1761 2656 1842 opellis
2687 1763 2758 1826 in
2787 1763 2916 1826 hac
2941 1761 3232 1826 editione
3279 1763 3576 1842 primum
3619 1767 3773 1828 vul-

297 1857 481 1936 gatis
511 1857 683 1920 nihil
715 1855 1101 1936 adjicimus;
1135 1856 1408 1938 praeﬁxa
1430 1857 1612 1920 enim
1638 1856 1934 1936 singulis
1959 1856 2222 1939 scriptis
2244 1875 2367 1920 sua
2383 1859 2783 1940 Admonitio,
2805 1859 3132 1943 quidquid
3154 1861 3506 1942 praedoceri
3525 1863 3774 1927 lectoris

299 1954 596 2038 interest,
633 1955 800 2018 satis
830 1954 1140 2036 explicat.

380 2074 471 2136 Ut
499 2089 658 2150 ergo
689 2069 772 2134 ad
801 2073 1012 2152 Opera
1041 2071 1114 2134 in
1141 2069 1500 2134 editionem
1529 2072 1828 2134 nostram
1857 2087 1893 2134 e
1921 2069 2370 2150 superioribus
2399 2088 2532 2134 non
2565 2071 2860 2134 admissa
2891 2071 3032 2152 jam
3079 2073 3452 2156 veniamus,
3509 2091 3654 2156 quae
3700 2093 3778 2142 ex

300 2169 665 2234 Gillotiana
695 2169 983 2232 editione
1002 2168 1148 2248 jam
1180 2168 1460 2232 Romani
1489 2168 2024 2251 répudiaverant,
2057 2183 2138 2231 ea
2167 2185 2286 2230 nos
2316 2167 2625 2230 similiter
2667 2168 3128 2232 abdicavimus
3176 2172 3506 2253 tanquam
3557 2174 3777 2238 mani-

299 2267 467 2330 festo
497 2266 944 2349 supposititia.
981 2267 1138 2330 Tale
1168 2269 1266 2328 est
1297 2265 1754 2344 fragmentum
1787 2265 1886 2326 De
1916 2265 2087 2326 Fide
2119 2265 2676 2338 Resurrectionis,
2702 2267 2879 2348 quod
2930 2267 3247 2331 Gillotius
3288 2268 3592 2348 legitimo
3620 2273 3780 2334 Am-

298 2365 500 2430 brosii
530 2365 610 2427 de
638 2365 868 2428 eadem
896 2365 1180 2427 materia
1199 2363 1366 2426 libro
1395 2363 1518 2426 etsi
1549 2382 1683 2426 non
1714 2365 1859 2427 sine
1887 2362 2306 2426 dubitatione
2338 2363 2566 2445 aliqua
2595 2363 3056 2444 subjunxerat.
3087 2365 3210 2429 Sed
3241 2385 3590 2450 nunquam
3621 2369 3780 2432 illud

299 2461 408 2526 edi
439 2466 762 2542 curasset;
798 2463 852 2524 si
879 2478 962 2525 ex
990 2460 1272 2542 epistola
1301 2460 1828 2542 Hieronymiana
1853 2461 1936 2524 ad
1967 2461 2474 2524 Pammachium
2504 2461 2822 2525 adversus
2851 2479 3100 2527 errores
3140 2465 3424 2528 Joannis
3476 2465 3784 2530 Hieroso-

301 2560 615 2642 lymitani
647 2560 1007 2622 conﬂatum
1037 2576 1178 2622 esse
1206 2558 1766 2639 deprehendisset.
1803 2557 1994 2620 Tales
2028 2557 2232 2620 etiam
2281 2559 2442 2620 sunt
2488 2558 2952 2622 meditationes
2995 2576 3077 2622 ex
3125 2562 3417 2624 archivis
3467 2562 3784 2626 Cartusiae

301 2657 720 2735 Parisiensis,
755 2663 830 2720 ut
859 2658 1033 2721 idem
1065 2657 1380 2719 Gillotius
1405 2658 1709 2733 testatur,
1747 2655 2146 2736 depromptae
2179 2677 2192 2717 :
2225 2673 2372 2734 quas
2401 2654 2671 2735 quidem
2719 2672 2948 2718 omnes
2998 2657 3424 2736 reperiuntur
3471 2658 3646 2722 inter
3675 2676 3786 2723 eas

304 2756 790 2832 meditationes,
828 2773 994 2836 quas
1027 2755 1202 2836 apud
1237 2753 1695 2832 Augustinum
1723 2757 1900 2816 tomo
1931 2753 2020 2814 IX
2049 2751 2482 2814 Lovaniensis
2509 2751 2824 2814 editionis
2861 2753 3162 2817 evolvere
3191 2757 3310 2834 est,
3360 2755 3477 2820 sed
3519 2775 3657 2820 non
3685 2773 3790 2820 eo-

303 2852 456 2917 dem
484 2856 711 2915 tamen
742 2851 991 2914 ordine.
1027 2853 1308 2914 Eastant
1337 2850 1460 2913 hoc
1491 2851 1653 2930 ipsae
1687 2850 1758 2912 in
1813 2849 2176 2932 appendice
2227 2848 2312 2911 ad
2355 2853 2610 2912 tomum
2658 2851 2746 2912 VI
2793 2867 2979 2912 novae
3027 2851 3378 2932 editionis,
3433 2854 3680 2936 quibus
3722 2860 3788 2919 et

305 2950 736 3032 praemittitur
779 2949 1178 3030 Admonitio,
1226 2967 1428 3031 quam
1473 2949 1813 3013 consulere
1861 2948 2074 3010 cuivis
2120 2964 2405 3026 pronum
2451 2951 2572 3010 est.
2621 2947 2752 3010 Nec
2800 2947 3008 3010 etiam
3054 2947 3438 3014 dissimules
3484 2957 3644 3016 sunt
3680 2953 3788 3016 his

309 3047 802 3131 scriptionibus,
855 3048 986 3108 imo
1035 3048 1100 3109 al
1137 3047 1467 3110 Ambrosii
1509 3047 1886 3111 charactere
1923 3045 2146 3124 magis
2194 3045 2551 3108 abhorrent
2593 3045 2825 3110 breves
2877 3047 3172 3126 epistolas
3213 3048 3782 3132 philos0phorum,

313 3165 479 3229 quas
504 3150 830 3226 tauquam
861 3163 901 3207 a
931 3145 1084 3207 Viro
1127 3148 1356 3208 sancto
1404 3161 1439 3208 e
1485 3146 1714 3207 Graeca
1756 3144 2000 3224 lingua
2055 3144 2127 3206 in
2171 3145 2480 3208 Latinam
2526 3161 2752 3208 versas
2803 3148 2948 3225 post
2987 3146 3363 3209 Gilbertum
3413 3149 3794 3228 Cognatum

309 3245 518 3308 edidit
546 3245 882 3307 Gillotius.
918 3243 1083 3305 Cum
1111 3243 1218 3305 his
1249 3243 1526 3322 rejecere
1551 3242 1728 3306 idem
1759 3243 2038 3307 Romani
2068 3241 2431 3306 secundam
2459 3259 2540 3304 ex
2572 3242 2706 3305 illis
2735 3243 2998 3306 duabus
3027 3245 3327 3322 epistolis
3356 3247 3437 3309 de
3467 3249 3794 3312 monacho

309 3358 783 3422 energumeno,
820 3359 986 3422 quas
1015 3358 1050 3403 e
1080 3341 1298 3404 codice
1324 3358 1458 3403 uno
1487 3341 1953 3420 Germanensi,
1984 3341 2054 3402 in
2087 3357 2218 3422 quo
2237 3343 2370 3402 tres
2401 3339 2604 3402 libros
2650 3338 3024 3422 Oﬁciorum
3065 3342 3362 3423 proxime
3392 3349 3788 3426 sequuntur,

311 3441 680 3503 Gillotiana
707 3439 908 3502 editio
934 3441 1455 3519 repi'zesentaret.
1491 3441 1694 3502 Extra
1721 3437 2002 3502 dubium
2031 3441 2130 3500 est
2149 3439 2300 3519 jure
2330 3443 2651 3501 semotam
2681 3438 2869 3502 illam
2895 3439 3270 3520 epistolam,
3305 3459 3459 3505 cum
3489 3461 3623 3506 non
3653 3443 3794 3506 alia

311 3542 400 3602 sit
431 3539 514 3603 ab
541 3537 820 3618 epistola
849 3539 1153 3616 Gregorii
1184 3537 1415 3615 Magni
1447 3536 1532 3599 ad
1560 3536 1960 3600 Januarium
1986 3537 2444 3599 Calaritanum
2475 3536 2904 3618 episcopum:
2942 3539 3056 3602 sed
3107 3556 3260 3602 cum
3307 3541 3516 3604 altera
3541 3541 3798 3604 lacinia

311 3639 400 3701 sit
431 3637 667 3700 avulsa
693 3653 729 3699 e
753 3635 886 3698 ﬁne
916 3633 1066 3698 libri
1098 3636 1178 3698 de
1206 3636 1524 3697 vitiorum
1555 3634 2013 3716 virtutumque
2038 3635 2369 3715 conﬂictu,
2417 3652 2536 3696 cur
2563 3635 2795 3697 eadem
2826 3639 3122 3699 Romana
3173 3638 3380 3700 editio
3411 3639 3600 3702 illam
3627 3639 3800 3702 reti-

313 3739 516 3816 neret,
555 3733 724 3798 nihil
753 3736 894 3796 erat
924 3751 1160 3796 causas.
1196 3733 1316 3796 Illo
1345 3732 1614 3813 accedit,
1651 3732 1824 3814 quod
1855 3736 2092 3796 neutra
2120 3733 2398 3814 epistola
2422 3731 2750 3794 Ambrosii
2783 3749 3025 3796 nomen
3053 3733 3126 3796 in
3156 3733 3376 3797 codice
3405 3740 3629 3798 nostro
3678 3736 3796 3799 in-

314 3832 532 3896 ditum
561 3831 849 3916 praefert;
879 3829 1057 3894 unde
1086 3829 1389 3912 utrisque
1417 3847 1499 3893 ex
1529 3848 1605 3894 eo
1635 3829 1810 3912 quod
1837 3829 2342 3910 subjungantur
2365 3829 2556 3892 libris
2587 3829 2986 3910 Ofﬁciorum,
3022 3831 3197 3894 male
3229 3836 3560 3896 auctorem
3593 3835 3804 3898 attri—

317 3931 563 3995 butum
592 3947 736 3994 esse
769 3929 1190 4012 perspicuum
1217 3932 1337 3992 est.

393 4051 434 4112 J
438 4065 548 4110 am
575 4064 751 4124 vero,
786 4049 862 4109 ut
890 4046 970 4110 de
1002 4045 1086 4108 iis
1113 4045 1510 4108 tractatibus
1535 4063 1842 4126 agamus,
1878 4062 2044 4127 quos
2070 4045 2225 4108 licet
2253 4063 2294 4108 a
2321 4047 2621 4109 Romana
2648 4043 2940 4106 editione
2970 4062 3103 4108 non
3133 4045 3534 4128 repudiatos,
3567 4066 3608 4110 a
3636 4065 3812 4110 nos-

309 4149 418 4221 tra
442 4149 674 4210 tamen
700 4145 1018 4207 duximus
1047 4143 1512 4223 excludendos,
1546 4143 1700 4206 libri
1733 4143 1834 4204 De
1883 4143 2232 4204 Vocatione
2257 4145 2548 4224 gentium
2576 4142 2876 4206 ordinem
2903 4143 3170 4206 ducent.
3207 4144 3290 4206 Hi
3322 4145 3595 4226 quidem
3625 4145 3811 4209 hac-

309 4249 510 4310 temls
538 4261 690 4308 cum
715 4242 1038 4324 Ope-ribus
1064 4241 1522 4304 Ambrosianis
1551 4240 1712 4303 editi
1739 4240 2032 4320 fuerunt,
2066 4241 2179 4304 sed
2201 4258 2310 4304 eos
2327 4243 2556 4305 tamen
2574 4259 2707 4303 non
2727 4255 2868 4302 esse
2896 4240 3221 4304 Ambrosii
3245 4245 3385 4305 tam
3415 4248 3813 4306 constanter

311 4342 720 4410 conveniunt
750 4341 998 4420 Critici,
1034 4358 1238 4421 quam
1282 4339 1362 4402 de
1407 4356 1560 4402 vero
1589 4342 1972 4402 eorumdem
2018 4341 2282 4402 auctore
2325 4338 2754 4402 dissentiunt.
2812 4339 2904 4400 Ne
2943 4357 3131 4420 porro
3173 4341 3484 4419 singulas
3529 4343 3611 4404 de
3661 4342 3812 4405 illis

311 4441 659 4522 opiniones
709 4440 820 4502 hic
863 4439 1248 4515 referamus,
1299 4437 1599 4500 efﬁciunt
1645 4438 1930 4500 duorum
1977 4436 2390 4500 eruditorum
2434 4435 2787 4499 hominum
2832 4437 3354 4501 dissertationes.
3431 4441 3813 4514 Quesnellii

312 4540 562 4602 scilicet
587 4542 788 4620 atque
817 4538 1140 4615 Antelmi;
1175 4537 1414 4599 horum
1440 4536 1620 4598 enim
1649 4536 1826 4617 prior
1853 4553 2006 4598 cum
2035 4552 2143 4598 eos
2171 4535 2372 4598 libros
2420 4535 2592 4597 inter
2638 4536 2850 4614 Opera
2895 4536 3110 4598 sancti
3161 4536 3400 4598 Leonis
3448 4535 3809 4618 edidisset,

309 4636 600 4700 rationes
631 4637 874 4718 quibus
906 4637 1052 4698 illos
1081 4635 1239 4698 huic
1270 4633 1572 4696 Pontiﬁci
1604 4633 1969 4696 arbitratus
1999 4637 2099 4694 est
2127 4634 2333 4696 asseri
2381 4649 2591 4713 posse,
2647 4632 2718 4694 in
2765 4631 3060 4696 medium
3107 4635 3385 4716 protulit
3416 4657 3430 4696 :
3467 4636 3815 4716 posterior

311 4735 537 4796 autem
567 4733 886 4814 injuriqam
914 4735 1228 4814 Prospero
1259 4750 1377 4795 suo
1407 4731 1550 4794 ﬁeri
1579 4731 1997 4811 existimans,
2033 4730 2246 4810 ipsius
2263 4730 2420 4809 jura
2447 4734 2676 4792 contra
2704 4731 3161 4806 Quesneliium
3209 4748 3424 4812 nuper
3467 4732 3810 4796 defendit.

310 4830 395 4893 Et
414 4831 537 4894 hoc
565 4832 769 4892 etiam
799 4849 948 4892 cum
979 4831 1272 4895 evenerit
1303 4831 1370 4892 in
1397 4829 1695 4911 Epistola
1725 4829 1814 4891 ad
1845 4827 2356 4905 Demetriadem,
2384 4827 2464 4891 de
2495 4828 2732 4892 eadem
2755 4831 3224 4910 controversia,
3258 4829 3374 4892 ubi
3404 4829 3484 4893 de
3535 4829 3820 4910 rejectis

309 4928 608 5010 epistolis
641 4927 983 5006 agendum
1011 4928 1156 5007 erit,
1193 4929 1434 4992 iterum
1466 4927 1784 4991 dicemus.

391 5044 661 5107 Librum
693 5061 955 5124 quoque
986 5043 1089 5104 De
1140 5043 1458 5104 Vitiorum
1507 5043 1954 5124 Vir-tutumque
1981 5043 2317 5121 conflictu,
2339 5060 2541 5124 quem
2566 5043 2638 5106 in
2658 5046 2836 5108 calce
2850 5043 3012 5106 tomi
3040 5047 3096 5106 V
3119 5043 3820 5126 Romaniediderant,

309 5143 679 5206 omisimus.
715 5145 909 5204 Hunc
940 5140 1208 5222 quidem
1239 5142 1844 5222 manuscriptorum
1873 5141 1990 5204 alii
2015 5141 2359 5204 Ambrosio
2388 5147 2633 5222 nostro,
2661 5143 2777 5206 alii
2802 5142 3206 5222 Augustino,
3231 5143 3336 5204 vel
3354 5143 3564 5205 etiam
3589 5143 3826 5206 Leoni

308 5241 708 5320 attribuunt,
744 5240 860 5302 sed
890 5240 1034 5318 pari
1068 5240 1383 5302 falsitate.
1412 5241 1670 5320 Optime
1700 5257 1854 5304 vero
1877 5240 2184 5304 omnium
2214 5239 2415 5303 codex
2447 5259 2625 5304 unus
2672 5239 2956 5303 abbatiae
3002 5239 3217 5302 sancti
3267 5239 3592 5321 Ebrulphi
3641 5257 3827 5303 eum

307 5339 637 5404 Ambrosii
668 5339 972 5420 Autperti
1001 5337 1270 5402 nomine
1301 5338 1699 5417 inscriptum
1726 5338 1928 5402 habet
1961 5361 1974 5401 :
2009 5339 2114 5401 cui
2147 5339 2468 5420 Autperto
2499 5339 2568 5400 in
2601 5337 2962 5416 appendice
3007 5337 3175 5398 tomi
3203 5339 3261 5400 V
3307 5337 3826 5415 Augustiniaui

304 5437 566 5501 ultimae
608 5435 941 5515 editionis,
997 5435 1112 5500 ubi
1167 5437 1388 5500 exstat
1433 5435 1666 5498 eadem
1714 5435 1833 5498 illa
1872 5435 2300 5517 disceptatio,
2349 5434 2770 5515 argumentis
2822 5449 3254 5518 nequaquam
3294 5434 3606 5500 futilibus
3651 5434 3829 5516 jam

307 5537 566 5600 asserta
593 5537 720 5598 est.

391 5651 562 5715 Sunt
615 5653 934 5734 praeterea
987 5650 1060 5714 in
1112 5649 1491 5733 Appendice
1535 5647 1858 5714 librorum
1921 5647 2252 5717 Ambrosii
2319 5647 2624 5734 quaedam
2679 5647 2912 5730 opellre
2969 5665 3137 5734 quas
3192 5648 3265 5714 in
3317 5646 3445 5715 hac
3507 5647 3837 5719 editione

485 5855 566 5955 (α)
596 5855 742 5915 Vide
772 5857 1062 5920 Monitum
1095 5853 1350 5919 editoris
1377 5856 1452 5924 ad
1479 5855 1710 5936 append
1738 5854 1808 5918 ll.
