4128 6132
500 289 576 352 13
2011 278 2472 358 PREFATIO.
3908 295 3988 361 L1

493 504 801 569 recudere
856 505 1274 587 superﬂuum
1327 505 1646 568 duximus
1695 525 1710 568 :
1761 509 1835 567 ut
1882 509 2066 587 puta,
2131 505 2481 586 Expositio
2506 505 2680 586 ﬁdei
2733 505 3025 587 ngboli
3064 505 3329 568 Νίσιεηί
3369 509 3600 569 contra
3639 507 3881 569 Arium
3920 510 3984 569 et

495 602 872 678 Photinum,
922 621 1069 684 quae
1115 606 1256 666 tota
1299 620 1336 666 e
1377 603 1538 666 locis
1586 603 1840 684 aliquot
1891 603 2088 683 primi
2135 603 2458 666 librorum
2503 605 2718 667 sancti
2762 604 3087 668 Ambrosii
3145 604 3244 665 De
3308 605 3466 666 Fide
3521 606 3986 670 consarcinata

495 703 595 762 est
644 724 658 762 :
713 701 872 762 item
921 701 1317 762 Exhortatio
1368 701 1457 760 ad
1495 699 1956 782 paenitentiam
1996 701 2360 782 agendam;
2409 702 2570 783 quia
2606 719 2757 768 cum
2801 702 2930 766 fere
2970 701 3246 766 totidem
3282 703 3502 765 verbis
3553 703 3624 766 in
3671 704 3984 766 Sermone

496 799 616 861 393
662 799 834 860 inter
889 799 1425 876 Augustinianos
1471 798 1875 878 reperiatur,
1927 815 2077 861 eam
2121 798 2467 862 Ambrosio
2522 800 3036 880 abjudicandam
3091 816 3234 863 esse
3285 800 3542 880 liquido
3596 803 3800 884 patet.
3861 801 3984 863 His

498 895 659 958 item
705 895 872 958 adde
917 900 1279 958 tractatum
1324 895 1426 956 De
1478 895 1762 956 moribus
1819 895 2422 977 Brachmanorum,
2472 912 2670 977 quem
2709 915 2750 959 a
2797 896 2988 960 nobis
3033 897 3357 959 omissum
3401 913 3598 960 nemo
3644 899 3977 980 queretur,

501 996 579 1055 ut
606 996 755 1072 pote
797 992 1140 1055 Ambrosio
1189 993 1386 1073 plane
1426 992 1809 1070 indignum.
1863 993 2166 1074 Denique
2205 992 2663 1058 abdicatorum
2705 994 3005 1058 ordinem
3050 993 3315 1058 claudet
3359 993 3586 1055 Sermo
3625 995 3705 1056 de
3741 994 3989 1076 Puri/i-

500 1095 755 1151 catione
803 1096 1056 1151 sanctae
1105 1090 1374 1164 Mariae,
1425 1106 1622 1172 quem
1670 1091 1796 1152 etsi
1843 1090 2097 1154 codices
2144 1108 2277 1154 non
2320 1091 2517 1171 pauci
2564 1091 2907 1155 Ambrosio
2944 1090 3270 1172 tribuant,
3315 1094 3382 1154 et
3417 1106 3453 1154 e
3490 1092 3699 1154 veteri
3738 1109 3988 1154 manu-

503 1190 767 1270 scripto,
802 1189 874 1250 in
905 1206 1034 1268 quo
1074 1187 1464 1270 praeferebat
1503 1204 1747 1250 nomen
1792 1188 2081 1267 Alcuini,
2135 1189 2216 1251 cl.
2267 1189 2581 1252 Baluzius
2629 1189 2843 1270 primo
2889 1190 3465 1253 Miscellaneorum
3502 1207 3776 1253 suorum
3812 1193 3988 1253 torno

501 1287 800 1366 ediderit,
833 1285 1245 1368 probabilius
1274 1289 1500 1349 tamen
1530 1285 1795 1348 videtur
1824 1285 2155 1349 Ambrosii
2184 1286 2486 1365 Autperti
2517 1285 2698 1348 hunc
2727 1303 3098 1350 sermonem
3121 1303 3286 1350 esse.
3322 1288 3511 1366 Nam,
3547 1289 3988 1368 praeterquam

504 1384 680 1465 quod
718 1383 841 1446 sub
888 1383 1032 1462 ejus
1074 1384 1397 1446 vocabulo
1443 1384 1944 1446 vetustissimus
1986 1383 2189 1446 codex
2238 1383 2672 1447 Floriacensis
2718 1385 2914 1446 illum
2951 1384 3239 1464 exhibet,
3291 1384 3620 1465 eumdem,
3656 1388 3992 1448 auctorem

505 1482 984 1563 pulcherrimas
1025 1482 1098 1546 in
1144 1478 1430 1562 sanctos,
1463 1486 1527 1545 et
1561 1484 1628 1545 in
1657 1483 1782 1544 hoc
1811 1482 2211 1544 beatissimus
2239 1481 2545 1561 Virginis
2577 1481 2818 1545 festum
2847 1483 3190 1563 scripsisse
3237 1483 3547 1546 homilias
3594 1483 3995 1548 testiﬁcatur

503 1584 736 1642 Petrus
768 1580 1100 1642 Diaconus
1129 1581 1159 1651 (
1161 1580 1260 1641 De
1292 1580 1452 1641 ciris
1487 1581 1729 1641 illustr.
1775 1580 2031 1642 Cassin.
2059 1598 2200 1659 cap.
2242 1580 2358 1661 l3).

586 1681 666 1741 Et
715 1679 856 1740 haec
908 1677 989 1739 de
1044 1678 1353 1758 Operibus
1429 1697 1575 1759 quae
1624 1678 1988 1758 aliquando
2047 1678 2219 1741 inter
2266 1677 2706 1740 Ambrosiana
2759 1679 2865 1742 vel
2919 1677 2988 1741 in
3053 1695 3282 1744 eorum
3341 1680 3719 1760 Appendice
3775 1681 3995 1746 locum

506 1776 908 1856 habuerunt,
958 1776 1136 1838 dicta
1178 1777 1515 1839 sufﬁciant
1547 1798 1559 1838 :
1600 1775 1775 1858 quod
1813 1791 1965 1838 vero
2005 1775 2088 1837 ad
2125 1790 2204 1838 ea
2251 1794 2398 1857 quas
2445 1776 2517 1839 in
2563 1776 2986 1840 voluminum
3014 1779 3225 1841 sancti
3264 1777 3559 1842 Doctoris
3587 1779 3995 1844 editionibus

507 1892 850 1955 nusquam
907 1875 1267 1951 leguntur,
1328 1892 1511 1936 nunc
1564 1873 1708 1956 ipsa
1759 1875 2234 1952 expendemus.
2297 1874 2556 1935 Citatur
2608 1874 2679 1935 in
2733 1873 3000 1937 Decreto
3056 1891 3139 1937 ex
3195 1875 3457 1956 Synodo
3514 1879 3815 1941 Romana
3867 1877 3995 1940 sub

507 1972 772 2034 Gelasio
804 1972 1112 2052 pontiﬁce
1146 1970 1375 2032 habita
1418 1972 1606 2031 Liber
1653 1970 2106 2051 Physiologus,
2168 1969 2280 2050 qui
2328 1971 2406 2031 ab
2450 1971 2784 2032 hcereticis
2815 1972 3220 2054 conscriptus
3276 1977 3399 2047 est,
3442 1978 3504 2034 et
3536 1973 3616 2034 Β.
3654 1973 3996 2036 Ambrosii

506 2069 759 2130 nomine
780 2069 1266 2149 praesignatus,
1297 2071 1710 2151 apocryphus
1759 2068 2088 2150 (Distinet.
2147 2069 2240 2148 15,
2289 2086 2411 2149 cap
2489 2068 2738 2130 Sancta
2790 2069 3055 2150 Rom);
3085 2087 3282 2151 quem
3312 2071 3702 2135 Hormisdas
3731 2089 3998 2154 quoque

508 2167 848 2249 prohibuit
881 2168 948 2228 in
978 2167 1301 2228 Decretali
1348 2185 1361 2224 :
1408 2167 1524 2230 sed
1565 2167 1675 2228 hic
1717 2168 2042 2228 tractatus
2077 2165 2340 2246 jamdiu
2380 2167 2680 2229 evanuit.
2714 2170 2790 2231 In
2830 2167 3232 2231 bibliotheca
3270 2170 3785 2249 Sanctigallensi
3817 2170 3999 2250 apud

510 2265 841 2327 Helvetios
901 2269 1328 2326 asservautur
1382 2263 1512 2327 duo
1564 2264 1815 2327 codices
1878 2266 2029 2328 1000
2090 2282 2453 2345 annorum,
2530 2264 2600 2328 in
2651 2283 2934 2346 quorum
2985 2266 3189 2329 altero
3233 2269 3558 2330 tractatus
3603 2270 3823 2330 exstat
3870 2267 3998 2331 sub

508 2365 630 2426 hoc
670 2365 1021 2426 lemmate:
1078 2363 1273 2422 Liber
1320 2362 1538 2423 sancti
1587 2361 1925 2424 Ambrosii
1975 2361 2267 2442 episcopi
2313 2368 2542 2423 contra
2590 2362 2983 2436 haereticos,
3019 2363 3209 2443 cujus
3249 2364 3520 2427 initium
3564 2370 3666 2428 est
3706 2389 3719 2430 :
3774 2364 4000 2426 David

512 2482 645 2522 una
695 2461 935 2541 lapidis
980 2463 1136 2534 ictu,
1184 2464 1345 2539 etc.;
1399 2461 1468 2523 in
1510 2460 1716 2522 altero
1756 2463 1981 2524 autem
2026 2460 2199 2523 alius
2240 2463 2566 2522 tractatus
2597 2459 2692 2522 ita
2734 2459 3133 2540 inscriptus:
3172 2461 3368 2522 Liber
3409 2463 3628 2524 sancti
3657 2462 4002 2524 Ambrosii

516 2558 805 2639 episcopi
852 2559 918 2621 in
964 2558 1157 2619 laude
1200 2564 1573 2619 sanctorum
1618 2559 2062 2640 compositus;
2103 2557 2293 2638 cujus
2340 2557 2557 2638 prima
2599 2557 2802 2622 verba
2848 2562 3056 2621 sunt:
3097 2558 3445 2620 Pertinere
3494 2559 3584 2620 ad
3635 2579 3777 2637 nos,
3831 2560 4002 2622 dite-

512 2655 796 2717 ctissimi
810 2658 1098 2734 fratres.
1139 2659 1508 2738 Utrumque
1539 2660 1764 2719 autem
1795 2655 2226 2719 Mabillonius
2257 2658 2477 2719 noster
2494 2655 2657 2718 dum
2686 2655 3063 2718 Germania:
3083 2657 3514 2737 perlustraret
3537 2656 4002 2740 bibliothecas,

514 2756 754 2831 rogatu
787 2756 1027 2832 nostro,
1063 2752 1344 2815 describi
1376 2753 1636 2816 curavit
1663 2775 1676 2814 :
1714 2754 1828 2815 sed
1857 2771 2006 2816 cum
2039 2753 2346 2833 priorem,
2379 2770 2574 2834 quem
2604 2769 2686 2817 ex
2727 2752 3028 2816 Parisino
3067 2770 3331 2836 quoque
3360 2756 3815 2836 manuscripto
3842 2756 4004 2820 des-

513 2852 796 2929 criptum
829 2850 1171 2930 habemus,
1207 2855 1273 2912 et
1305 2870 1420 2931 pro
1451 2851 1890 2914 Ambrosiano
1921 2852 2201 2914 citatum
2238 2850 2461 2914 videre
2486 2854 2586 2913 est
2617 2851 2688 2912 in
2717 2850 3067 2914 Urbinatis
3109 2853 3539 2934 Milleloquio,
3585 2852 3669 2916 ad
3716 2868 4002 2918 examen

515 2965 1026 3026 revocassemus,
1062 2949 1445 3012 invenimus
1477 2955 1730 3030 patrem
1760 2967 1904 3012 esse
1947 2949 2174 3028 Operis
2205 2949 2553 3028 cujusdam
2582 2949 2786 3012 semel
2817 2952 3017 3030 atque
3050 2949 3294 3012 iterum
3325 2951 3394 3013 in
3428 2951 3839 3012 Bibliotheca
3873 2951 4006 3013 Ρα-

516 3050 685 3105 trum
713 3045 893 3123 editi,
931 3046 1140 3126 primo
1173 3047 1443 3126 quidem
1473 3047 1597 3110 sub
1627 3048 1754 3109 hac
1781 3047 2146 3129 epigraphe
2179 3067 2191 3108 :
2241 3046 2541 3107 Faustini
2582 3046 2875 3126 episcopi
2920 3051 3150 3107 contra
3194 3048 3517 3125 Arianos,
3573 3051 3721 3130 etc.,
3771 3065 4005 3112 rursus

513 3159 666 3204 vero
695 3143 818 3204 sub
849 3143 977 3203 ista
1008 3164 1020 3203 :
1067 3142 1378 3224 Gregorii
1410 3143 1656 3204 Baetici
1685 3143 2090 3204 Illiberitani
2119 3143 2410 3226 episcopi
2439 3144 2527 3204 ad
2568 3142 2830 3205 Gallam
2859 3144 3236 3206 Placidiam
3279 3147 3676 3227 Augustam.
3711 3146 4005 3210 Tametsi

515 3257 666 3303 vero
697 3259 825 3302 non
857 3240 1192 3304 defuerint
1220 3242 1357 3321 qui,
1392 3241 1519 3304 hac
1548 3241 1803 3304 inducti
1832 3242 2286 3322 inscriptione,
2323 3241 2388 3304 id
2429 3242 2825 3321 opusculum
2855 3241 3175 3320 Gregorio
3201 3242 3590 3322 tribuerent,
3626 3244 3864 3306 melius
3889 3247 4009 3306 ta—

519 3356 668 3401 men
698 3338 782 3400 ab
823 3339 975 3400 aliis
1003 3338 1329 3401 Faustino
1361 3339 1714 3402 ascribitur
1745 3361 1758 3400 :
1809 3339 1922 3403 sed
1952 3340 2092 3402 haec
2121 3357 2360 3417 urgere
2392 3358 2523 3402 non
2555 3342 2654 3402 est
2684 3339 2886 3418 hujus
2915 3339 3060 3402 loci.
3105 3341 3284 3416 Quod
3337 3341 3424 3403 ad
3461 3341 3828 3405 secundum
3877 3343 4009 3405 ho-

518 3454 665 3499 rum
692 3441 1119 3515 tractatuum,
1157 3455 1361 3518 quam
1391 3441 1455 3500 et
1487 3437 1600 3500 ille
1629 3439 1890 3501 alienus
1921 3438 2007 3500 sit
2038 3437 2120 3501 ab
2150 3438 2516 3518 Ambrosio,
2552 3437 2657 3500 vel
2688 3437 2846 3499 hinc
2876 3437 3243 3517 intelligas,
3280 3439 3452 3520 quod
3483 3455 3696 3503 sermo
3728 3439 4006 3522 quidam

520 3537 605 3597 sit
633 3535 904 3597 habitus
935 3535 1019 3597 ab
1049 3536 1352 3614 episcopo
1391 3552 1746 3617 anonymo,
1783 3537 1899 3616 qui
1929 3553 1998 3598 se
2023 3553 2104 3598 ex
2123 3525 2522 3616 ‘Britanniis,
2569 3535 2684 3598 ubi
2716 3535 2897 3616 pacis
2927 3537 3256 3599 concilian
3280 3537 3358 3600 las
3387 3538 3614 3616 gratia
3638 3538 3758 3601 diu
3791 3556 4012 3600 mora-

517 3637 628 3695 tus
656 3633 888 3712 fuerat,
925 3633 1231 3696 reducem
1256 3650 1398 3696 esse
1429 3637 1652 3714 aperte
1683 3637 1933 3697 narrat.
1969 3634 2141 3696 Illud
2173 3637 2398 3697 autem
2424 3651 2536 3697 eos
2572 3634 2686 3714 qui
2717 3634 2912 3697 hocce
2941 3635 3264 3713 scriptum
3304 3635 3562 3699 Doctori
3607 3639 3830 3699 nostro
3877 3637 4012 3700 rati

518 3734 678 3794 sunt
722 3731 1208 3809 ascribendum,
1253 3730 1517 3792 videtur
1562 3731 1918 3812 decepisse,
1977 3730 2150 3811 quod
2196 3730 2340 3810 ejus
2379 3735 2608 3794 auctor
2659 3732 3067 3794 mentionem
3108 3732 3264 3795 facit
3289 3738 3673 3797 sanctorum
3712 3735 4007 3797 Protasii

519 3830 720 3908 atque
749 3828 1050 3891 Gervasii
1077 3847 1091 3905 ;
1128 3829 1292 3908 quin
1322 3827 1525 3891 etiam
1555 3831 1620 3890 et
1647 3828 2068 3890 Ambrosium
2097 3829 2314 3911 ipsum
2356 3830 2735 3911 alloquitur.
2768 3830 2889 3893 Sed
2921 3829 3044 3893 hoc
3071 3830 3383 3893 ultimum
3414 3831 3629 3895 sancti
3659 3832 4006 3897 Antistitis

517 3927 888 3990 orationem
914 3943 1048 3988 non
1077 3941 1220 3988 esse
1251 3925 1516 3988 abunde
1549 3927 1803 4005 probat.

602 4027 678 4086 In
706 4023 1039 4086 codicibus
1069 4023 1484 4086 bibliothecas
1511 4023 1965 4087 Ambrosianus
1999 4024 2352 4089 Mediolani
2385 4025 2616 4106 opellze
2647 4025 2804 4089 item
2834 4023 3090 4106 aliquot
3117 4025 3455 4091 habentur
3484 4027 3780 4092 Doctoris
3802 4029 4013 4092 nostri

521 4123 718 4184 titulo
748 4126 1146 4203 prmnotatze,
1186 4141 1471 4203 quarum
1503 4124 1866 4185 nonnullas
1895 4124 2212 4186 laudatus
2237 4141 2440 4204 supra
2477 4123 2911 4186 Mabillonius
2949 4123 3222 4203 ejusque
3249 4126 3466 4188 socius
3496 4128 3572 4190 D.
3607 4127 3807 4190 Mich.
3841 4128 4016 4190 Ger-

525 4239 784 4299 manus,
829 4223 1060 4284 Musea
1091 4222 1300 4284 Italiae
1329 4222 1525 4282 solita
1555 4223 1875 4284 rimantes
1913 4222 2289 4300 diligentia,
2342 4222 2735 4283 detexerunt
2780 4219 3422 4303 descripseruntque.
3472 4223 3691 4287 Prima
3740 4222 4016 4288 illarum

520 4326 638 4400 est,
675 4338 821 4401 quae
852 4320 1274 4382 inscribitur:
1339 4320 1683 4400 Confessio
1709 4319 1884 4400 ﬁdei
1928 4319 2145 4380 sancti
2183 4318 2566 4393 Ambrosii;
2615 4317 2852 4399 incipit
2900 4319 3172 4380 autem:
3227 4319 3604 4402 Suﬁciebat
3633 4321 3812 4401 ﬁdes
3853 4341 4015 4381 con-

523 4418 773 4498 scripta
804 4417 982 4498 apud
1014 4417 1334 4478 Νίσαιαιη.
1374 4418 1498 4480 Sed
1527 4418 1703 4480 hanc
1731 4436 1766 4480 e
1796 4417 2167 4480 Colbertino
2208 4416 2425 4479 codice
2451 4417 2516 4477 P.
2554 4416 2691 4480 Jac.
2729 4418 3004 4496 Homey,
3045 4418 3590 4496 Augustinianus
3631 4419 4012 4498 theologus,

525 4515 731 4579 edidit
759 4516 830 4576 in
863 4515 1323 4596 Supplementa
1365 4515 1666 4593 Patrum,
1693 4515 1968 4596 jamque
1998 4515 2183 4594 prius
2213 4515 2428 4593 ipsam
2469 4514 2868 4593 vulgaverat
2908 4515 2979 4574 P.
3026 4515 3444 4588 Quesnellius
3482 4515 3772 4594 Operum
3800 4517 4017 4580 sancti

529 4615 761 4676 Leonis
791 4618 967 4676 tomo
994 4614 1076 4690 II,
1112 4629 1271 4691 pag.
1310 4614 1445 4692 138,
1489 4612 1604 4675 ubi
1647 4612 1956 4676 Faustini
2000 4629 2242 4675 nomen
2281 4612 2350 4675 in
2393 4612 2606 4676 fronte
2635 4610 2837 4690 gerit.
2875 4612 3272 4678 Rationibus
3301 4613 3388 4676 iis
3417 4613 3665 4694 quibus
3693 4613 4017 4678 Faustino

529 4714 700 4776 idem
737 4710 1156 4788 Quesnellius
1184 4727 1332 4773 eam
1362 4709 1685 4788 vindicat,
1736 4714 1802 4774 et
1841 4711 2016 4772 inter
2065 4727 2275 4772 annos
2321 4711 2436 4774 3'79
2484 4713 2550 4773 et
2597 4712 2712 4773 381
2759 4714 2997 4776 asserit
3045 4713 3384 4791 scriptam,
3421 4711 3594 4774 nihil
3638 4715 4018 4794 repugnat-

528 4816 754 4873 contra
777 4826 932 4872 vero
962 4811 1035 4870 ut
1060 4807 1362 4872 eamdem
1395 4808 1720 4870 Ambrosii
1751 4825 1894 4872 esse
1916 4808 2396 4886 existimemus,
2436 4807 2609 4869 nihil
2638 4807 3074 4889 suffragatur.
3112 4809 3288 4872 Huic
3319 4809 3587 4872 schedio
3614 4809 3820 4872 iidem
3848 4828 4007 4872 nos:

527 4909 614 4972 tri
644 4907 1074 4971 Mabillonius
1103 4910 1301 4987 atque
1330 4907 1708 4970 Germanus
1738 4907 1872 4969 alia
1900 4907 2031 4968 duo
2060 4905 2266 4970 etiam
2313 4904 2696 4985 adjunxere,
2746 4905 3057 4971 videlicet
3107 4906 3422 4968 Libellum
3443 4905 3635 4988 fidei,
3671 4909 3738 4971 et
3765 4907 4023 4990 episto—

527 5008 664 5070 lam
695 5006 795 5066 De
827 5004 1169 5066 Pudicitia
1200 5007 1262 5064 et
1285 5006 1617 5066 castitate.
1654 5004 1950 5067 Libellus
1980 5002 2338 5085 acephalus
2365 5005 2486 5082 est,
2521 5001 2802 5083 epistola
2832 5021 2988 5067 vero
3023 5004 3372 5068 decurtata
3411 5003 3755 5082 posteriori
3786 5005 4016 5084 parte;

531 5123 606 5168 ac
643 5108 962 5184 praeterea
1008 5109 1148 5170 tam
1189 5105 1435 5170 crebris
1480 5103 1746 5166 lacunis
1790 5104 2150 5181 utrumque
2197 5100 2648 5180 intersectum,
2702 5104 2778 5163 ut
2825 5104 3135 5183 quamvis
3176 5121 3217 5164 a
3254 5103 3634 5166 charactere
3682 5101 4018 5165 Ambrosii

530 5204 754 5266 minus
783 5204 1178 5285 recederent,
1210 5207 1324 5267 vix
1353 5208 1577 5266 tamen
1599 5203 1818 5263 essent
1857 5199 2051 5278 tanti,
2084 5202 2159 5261 ut
2188 5198 2258 5260 in
2289 5197 2369 5259 iis
2399 5197 2674 5260 edendis
2705 5198 2937 5262 charta
2965 5202 3029 5262 et
3058 5218 3257 5280 opera
3290 5199 3800 5280 impenderetur.
3836 5200 4026 5264 Idem

529 5300 730 5362 etiam
750 5301 1080 5380 judicium
1109 5307 1247 5365 esto
1277 5302 1358 5364 de
1387 5297 1794 5382 quibusdam
1833 5298 1984 5359 aliis
2017 5294 2510 5376 scriptionibus,
2547 5315 2695 5378 qua:
2739 5296 2809 5360 in
2852 5297 3080 5359 eadem
3131 5296 3532 5360 bibliotheca
3575 5297 3882 5361 feruntur
3917 5297 4025 5358 in-

531 5398 744 5460 veniri
774 5399 898 5461 sub
925 5399 1034 5461 his
1063 5400 1283 5462 titulis
1316 5423 1328 5462 :
1367 5399 1468 5459 De
1495 5399 1824 5479 primitiis
1855 5393 2239 5475 oﬁerendis,
2271 5393 2372 5454 De
2402 5394 2774 5456 melioribus
2809 5395 3248 5477 litigantibus,
3282 5397 3346 5456 et
3385 5395 3726 5457 Adversus
3779 5395 4023 5454 Astro-

532 5516 773 5575 nomos,
823 5515 970 5577 quas
1021 5499 1344 5578 Opuscula
1394 5493 1775 5559 memoratis
1819 5490 2158 5555 sodalibus
2200 5490 2442 5554 nostris
2482 5508 2598 5572 per
2638 5495 2991 5573 augustias
3029 5493 3367 5576 temporis,
3413 5511 3542 5576 quo
3579 5490 3823 5558 versati
3861 5490 4025 5556 sunt

530 5593 911 5674 Mediolani,
945 5595 1275 5677 expiscari
1306 5594 1581 5658 minime
1610 5591 1824 5656 licuit.

608 5691 692 5760 In
717 5692 1047 5762 Vaticana
1075 5691 1499 5779 bibliotheca,
1535 5693 1774 5783 praeter
1799 5687 2193 5776 scriptiones
2221 5704 2490 5778 paucas,
2529 5704 2697 5781 quas
2725 5687 3060 5761 edidimus
3084 5689 3158 5765 in
3185 5687 3584 5780 Appendice,
3620 5685 3771 5754 aliae
3789 5703 4025 5776 occur-1
