4002 6150
245 293 331 360 15
1761 285 2218 356 PREFATIO.
2741 381 2754 386 _
3657 290 3731 354 16

247 511 408 574 runt
431 507 735 588 ascripta;
779 505 1160 583 Ambrosio;
1193 506 1337 568 istae
1373 504 1643 585 mirum,
1695 503 1798 566 De
1854 505 2039 566 beato
2084 503 2288 566 Petro
2335 508 2399 566 et
2447 503 2714 567 Simone
2754 503 2984 586 Mago,
3043 505 3216 586 quod
3266 504 3727 586 fragmentum

242 611 343 674 est
377 607 530 671 libri
569 623 621 669 Π
659 604 992 666 Historiae
1019 603 1514 666 Ecclesiasticae
1541 601 1812 666 Eusebii
1840 603 2172 682 Pamphili
2204 603 2440 666 Latine
2470 619 2763 666 versum.
2796 605 2985 684 Item,
3030 602 3134 665 De
3156 607 3553 686 poenitentia
3582 605 3719 667 Pe-

243 711 358 783 tri,
408 705 513 766 De
540 691 1002 782 interfectione
1028 703 1248 784 Agag,
1285 700 1390 762 De
1421 700 1586 762 Fide
1615 700 1704 762 ad
1729 701 1981 762 beatum
2010 699 2502 782 Hieronymum,
2544 703 2610 763 et
2652 699 2996 762 Sententia
3042 703 3114 761 in
3154 703 3474 764 hominem
3499 705 3724 784 paeni-

241 807 500 864 tentem.
531 803 688 876 Quae
717 797 987 880 quidem
1015 797 1358 862 Sententia
1384 797 1711 879 reperitur
1761 797 1963 860 etiam
2002 797 2074 861 in
2113 799 2566 878 manuscripto
2597 797 3017 863 Cisterciensi
3047 798 3172 862 sub
3201 799 3325 862 hoc
3351 800 3668 865 lemmate
3703 818 3716 860 :

251 901 603 962 Tractatus
651 899 868 958 sancti
914 895 1258 956 Ambrosii
1294 895 1587 977 episcoPi
1613 895 1694 956 de
1723 895 2120 957 Paenitentia
2137 912 2164 968 ;
2190 896 2258 958 et
2285 893 2358 957 in
2386 895 2761 976 Appendice
2789 912 3062 977 operum
3102 895 3281 959 beati
3330 896 3723 979 Hieronymi

233 999 330 1061 sic
375 995 832 1078 praenotatur:
883 991 1191 1074 Epistola
1222 996 1440 1055 sancti
1468 993 1859 1075 Hieronymi
1887 991 1977 1054 ad
2014 991 2381 1074 quemdam,
2434 994 2548 1073 qui
2578 994 2649 1052 in
2691 993 2950 1054 saeculo
2987 993 3367 1074 paenitebat.
3410 995 3724 1077 Reliquos

231 1112 386 1158 vero
411 1093 810 1156 memoratos
838 1093 1163 1154 tractatus
1191 1091 1357 1156 forte
1387 1091 1564 1174 apud
1604 1090 1769 1154 alios
1799 1092 2098 1155 auctores
2119 1089 2448 1169 reperient
2475 1088 2546 1169 ii,
2585 1089 2830 1171 quibus
2857 1089 2974 1152 otii
3009 1091 3173 1154 satis
3201 1093 3510 1172 suppetet
3540 1116 3556 1157 :
3591 1111 3722 1157 no-

229 1192 336 1255 bis
365 1194 588 1253 autem
615 1187 783 1251 illud
813 1188 1078 1268 sufﬁcit,
1099 1187 1292 1270 quod
1327 1205 1412 1253 ex
1437 1187 1718 1252 lectione
1745 1187 2284 1270 apographorum
2315 1205 2480 1270 quos
2517 1187 2630 1251 hic
2666 1187 3010 1270 habemus,
3043 1187 3371 1253 Ambrosii
3411 1208 3544 1254 non
3573 1207 3717 1256 esse

229 1291 403 1353 certo
433 1285 890 1368 cognovimus.

305 1385 671 1450 Gallicana:
697 1381 1114 1447 bibliothecis
1143 1384 1470 1466 quasdam
1500 1384 1810 1448 similiter
1837 1383 2354 1466 scriptiunculas
2372 1383 2637 1463 jactant
2677 1383 2746 1448 in
2793 1383 3124 1449 Ambrosii
3175 1385 3484 1468 operibus
3529 1405 3715 1452 nun-

225 1503 431 1568 quam
460 1481 695 1564 editas,
727 1482 844 1546 sed
873 1480 1382 1545 Ambrosianam
1420 1484 1821 1546 mentientes
1859 1481 2450 1564 nuncupationem.
2501 1481 2902 1562 Hujusmodi
2931 1475 3177 1564 quippe
3205 1485 3366 1546 sunt
3395 1483 3467 1548 in
3497 1485 3710 1564 Regia

221 1599 556 1648 sermones
586 1581 689 1643 De
718 1579 1173 1657 Eucharistia,
1207 1579 1309 1641 De
1347 1580 1551 1643 Caeco
1591 1588 1770 1658 nato,
1814 1579 1918 1642 De
1963 1579 2163 1660 Pace,
2199 1578 2302 1640 De
2320 1580 2516 1662 falso
2557 1579 2816 1655 Amico,
2865 1584 2933 1644 et
2972 1580 3221 1643 Contra
3260 1601 3368 1644 eos
3410 1583 3523 1664 qui
3563 1585 3711 1644 ani-

227 1701 402 1745 mam
439 1701 567 1742 non
595 1679 985 1761 conﬁtentur
1017 1697 1160 1740 esse
1177 1681 1548 1764 facturam,
1587 1683 1702 1742 aut
1741 1698 1884 1741 eam
1921 1697 2002 1740 ea:
2044 1677 2316 1739 traduce
2351 1697 2493 1740 esse
2536 1676 2798 1753 dicunt;
2836 1679 2908 1742 in
2955 1678 3332 1744 Colbertina
3379 1697 3714 1744 sermones

216 1779 300 1842 In
334 1776 704 1840 Natioitate
727 1775 810 1837 Β.
850 1774 1138 1853 Mariae,
1173 1775 1290 1836 Ad
1327 1776 1698 1838 habitantes
1722 1778 1792 1837 in
1822 1776 2176 1850 caenobiis,
2205 1786 2270 1840 et
2303 1775 2403 1837 De
2427 1773 2700 1838 Malitia
2729 1776 2953 1838 carnis
2979 1797 3000 1838 .·
3033 1777 3105 1840 in
3135 1777 3478 1860 aliquibus
3506 1778 3710 1842 etiam

178 1957 184 1962 _
214 1876 713 1960 provinciarum
741 1871 1160 1938 bibliothecis
1188 1873 1356 1936 talia
1381 1873 1627 1954 scripta
1655 1873 2114 1957 pseudonyma
2141 1874 2581 1954 reperiuntur,
2617 1874 2990 1956 cujusmodi
3017 1879 3118 1938 est
3147 1877 3453 1958 Epistola
3483 1879 3706 1938 sancti

214 1975 559 2037 Ambrosii
601 1973 690 2035 ad
742 1971 1103 2034 Hilarium.
1158 1971 1281 2035 Sed
1326 1989 1480 2034 cum
1517 1972 1758 2034 horum
1806 1973 2108 2035 omnium
2139 1990 2218 2036 ac
2243 1973 2590 2052 similium,
2624 1973 2904 2036 eruditis
2933 1974 3049 2056 qui
3079 1974 3243 2038 forte
3274 1975 3344 2037 in
3375 1974 3493 2038 illa
3522 1975 3706 2038 inci-

213 2074 456 2152 derint,
487 2073 604 2134 vix
633 2070 848 2134 ullum
879 2070 1086 2152 possit
1113 2070 1472 2150 imponere,
1507 2070 1869 2152 statimque
1900 2073 2308 2149 agnoscatur
2333 2071 2738 2153 suppositio;
2773 2071 2947 2135 nihil
2992 2071 3104 2135 hic
3149 2071 3532 2136 addendum
3561 2087 3706 2136 esse

165 2174 182 2186 ‘
217 2171 643 2235 arbitramur.

294 2271 773 2334 Verumtamen
797 2266 1065 2329 silentio
1091 2264 1566 2344 praetemundm
1595 2283 1730 2329 non
1760 2268 1920 2329 sunt
1947 2264 2541 2329 commentationes
2581 2265 2754 2346 dum,
2801 2266 2873 2331 in
2913 2266 3506 2332 Ambrosianarum
3545 2267 3706 2350 qui-

215 2368 367 2431 dem
395 2381 660 2447 corpore
689 2377 1063 2445 nunquam,
1096 2362 1222 2426 sub
1251 2361 1580 2426 Ambrosii
1608 2365 1837 2426 tamen
1865 2363 2062 2426 titulo
2089 2362 2250 2426 alibi
2279 2363 2496 2426 editae.
2529 2363 2755 2426 Altera
2776 2363 3063 2428 habetur
3100 2365 3276 2445 apud
3308 2367 3708 2429 Bollandum

213 2483 339 2530 xm
366 2465 506 2529 kal.
536 2463 726 2527 Febr.
760 2461 886 2524 sub
915 2461 1042 2523 hac
1069 2460 1479 2542 epigraphe:
1519 2458 1591 2524 S.
1628 2460 2010 2522 Sebastiani
2052 2460 2264 2524 Mart.
2312 2461 2512 2540 Acta,
2555 2465 2822 2522 auctore
2859 2465 3087 2522 sancto
3127 2461 3480 2524 Ambrosio
3525 2466 3706 2544 epis-

215 2581 394 2644 copo.
427 2561 549 2626 Sed
588 2559 799 2623 critici
840 2574 1069 2620 omnes
1107 2556 1351 2636 judicii
1391 2556 1748 2620 limatioris
1792 2557 2180 2622 mendacem
2227 2558 2405 2622 hanc
2448 2575 2589 2623 esse
2638 2558 3138 2640 inscriptionem
3195 2559 3384 2622 nullo
3435 2561 3704 2640 negotio

212 2657 812 2740 deprehenderunt.
848 2658 931 2718 Et
956 2669 1118 2717 sane
1149 2655 1358 2718 multo
1387 2655 1616 2717 minus
1645 2655 1904 2734 ingenii
1935 2655 2295 2736 przeferunt
2322 2656 2765 2737 Ambrosiani,
2804 2675 3006 2740 quam
3046 2660 3230 2738 Acta,
3281 2657 3388 2720 vel
3430 2663 3705 2722 sancto-

210 2757 492 2823 Protasii
524 2773 603 2818 ac
629 2754 953 2833 Gervasii,
988 2754 1095 2816 vel
1125 2756 1511 2816 sanctorum
1539 2771 1689 2816 rum
1718 2753 1963 2816 Vitalis
1991 2757 2192 2835 atque
2220 2754 2546 2832 Agricolae
2577 2775 2590 2816 :
2649 2771 2797 2835 qum
2834 2757 3062 2818 tamen
3093 2773 3226 2819 non
3267 2755 3598 2819 immerito
3627 2757 3703 2822 in

208 2855 657 2942 Appendicem
687 2872 728 2916 a
757 2851 948 2915 nobis
977 2850 1180 2932 rejici,
1216 2851 1357 2914 loco
1385 2869 1506 2914 suo
1535 2851 1709 2914 clare
1736 2851 2140 2914 ostendetur.
2165 2850 2356 2916 Unde
2377 2851 2622 2914 mirum
2644 2852 2720 2914 ﬁt
2747 2851 3072 2935 quomodo
3091 2869 3309 2917 errare
3340 2851 3412 2916 in
3439 2852 3564 2918 hoc
3591 2873 3703 2938 po-

205 2954 415 3018 tuerit
449 2952 554 3015 vir
582 2951 1025 3014 doctissimus.

287 3055 588 3117 Duorum
626 3052 852 3112 autem
879 3049 1166 3130 Operum
1199 3065 1346 3130 quae
1376 3046 1863 3129 iudicabamus,
1899 3048 2183 3112 alterum
2211 3051 2312 3111 est
2341 3047 2654 3110 Historia
2685 3047 3052 3132 Hegesippi
3095 3049 3176 3111 de
3218 3050 3380 3112 bello
3409 3049 3693 3114 Judaico

206 3155 270 3213 et
301 3148 558 3212 excidio
598 3145 1229 3228 Hierosolymitano.
1263 3147 1430 3208 Eam
1458 3145 1812 3208 historiam
1842 3163 1975 3208 non
2003 3150 2272 3210 tantum
2300 3147 2624 3210 editiones
2653 3147 2959 3230 quaedam
2987 3148 3332 3212 Ambrosio
3359 3150 3688 3233 tribuunt,

204 3248 322 3314 sed
346 3247 550 3312 etiam
581 3243 893 3309 nonnulli
915 3243 1376 3324 manuscripti.
1411 3242 1716 3325 Exempli
1743 3260 1969 3325 causa,
2006 3248 2284 3326 quartus
2309 3261 2392 3309 ex
2421 3245 2722 3327 quinque
2749 3245 2939 3309 libris
2968 3246 3267 3327 ejusdem
3312 3248 3408 3311 sic
3453 3248 3702 3312 inscri-

201 3346 386 3410 bitur
415 3345 488 3408 in
515 3344 734 3407 codice
763 3343 1272 3405 Carmelitarum
1294 3341 1992 3405 Claromontanorum:
2027 3343 2262 3405 Sancti
2289 3343 2633 3405 Ambrosii
2661 3347 2954 3427 episcopi
2981 3343 3417 3427 dispersionis
3446 3345 3694 3409 Judae-

202 3463 390 3508 orum
421 3443 640 3503 Flavii
665 3441 936 3524 Josephi
965 3442 1483 3522 historiographi
1511 3439 1870 3522 capitulum
1899 3452 2224 3524 quartum.
2261 3441 2410 3504 Huc
2437 3441 2643 3504 etiam
2681 3442 2932 3506 accedit
2980 3442 3350 3508 Cassiodori
3377 3443 3693 3508 testimo—

202 3543 418 3622 nium,
449 3539 846 3602 afﬁrmantis
877 3541 1074 3601 mtate
1102 3555 1227 3600 sua
1250 3536 1519 3618 Josephi
1549 3537 1924 3602 versionem
1946 3539 2284 3602 exstitisse
2323 3539 2400 3601 ab
2431 3540 2588 3601 aliis
2619 3539 2879 3622 quidem
2905 3546 3132 3602 sancto
3159 3540 3580 3626 Hieronymo,
3614 3541 3695 3606 ab

203 3641 362 3702 aliis
389 3638 644 3719 Ruﬁno,
677 3637 755 3698 ab
783 3635 940 3697 aliis
961 3655 1118 3697 vero
1149 3635 1526 3722 deputatam
1578 3635 1934 3697 Ambrosio
1975 3637 2108 3716 (De
2155 3636 2380 3700 Instit.
2435 3637 2586 3699 Dio.
2643 3637 2879 3699 Litter.
2929 3655 3070 3721 cap.
3128 3640 3249 3717 1'7).
3301 3640 3506 3722 Atqui
3544 3657 3692 3705 eam

202 3757 340 3801 non
376 3752 521 3800 esse
547 3734 936 3816 Hieronymi
963 3733 1287 3796 discimus
1325 3750 1408 3795 ex
1456 3733 1807 3814 ipsiusmet
1851 3735 2132 3816 epistola
2179 3735 2262 3798 ad
2310 3735 2666 3798 Lucinium
2718 3735 3061 3816 Boeticum,
3093 3736 3210 3799 ubi
3238 3737 3583 3819 proﬁtetur
3610 3757 3692 3802 ex

201 3833 498 3900 Historia
521 3833 818 3914 ejusdem
847 3831 1114 3911 Josephi
1153 3831 1329 3894 nihil
1371 3848 1412 3892 a
1454 3847 1524 3894 se
1567 3849 1710 3895 esse
1747 3832 2155 3895 translatum
2189 3855 2202 3895 :
2238 3850 2370 3895 neu
2401 3835 2626 3896 autem
2657 3832 2895 3896 Ruﬁno
2927 3832 3114 3896 illam
3145 3833 3557 3917 addicamus,
3585 3837 3693 3900 vel

203 3935 345 3998 sola
370 3931 654 3996 elocutio
681 3930 946 3992 videtur
973 3929 1354 4010 prohibere;
1386 3930 1586 4010 atque
1617 3929 1742 3992 hoc
1778 3932 1969 4010 pacto
2015 3933 2153 3993 tota
2182 3929 2616 4011 probabilitas
2647 3931 2728 3994 ad
2760 3931 3185 3994 Ambrosium
3215 3932 3406 3996 redit.
3437 3933 3691 4010 Quibus

201 4031 357 4095 addi
389 4031 664 4110 insuper
691 4029 973 4110 possunt
1001 4044 1136 4090 non
1165 4043 1393 4108 paucae
1417 4026 1784 4089 locutiones
1813 4027 2066 4090 auctori
2097 4026 2236 4092 sive
2281 4027 2627 4108 interpreti
2676 4027 2870 4090 dictm
2919 4028 3227 4092 Historiae
3275 4047 3427 4094 cum
3467 4030 3729 4094 Antis-~

195 4131 320 4194 tite
350 4131 572 4193 nostro
592 4143 996 4207 communes,
1034 4141 1202 4207 quas
1225 4125 1588 4204 diligenter
1615 4124 1734 4188 abs
1765 4140 1835 4188 se
1859 4125 2168 4190 collectas
2198 4125 2372 4188 inter
2395 4143 2466 4188 se
2499 4125 2844 4189 contendit
2871 4127 3270 4192 Gronovius.
3304 4131 3550 4192 Verum
3579 4127 3693 4193 fa-

195 4229 324 4292 cile
352 4225 784 4310 respondetur
814 4223 972 4286 huic
1001 4227 1402 4302 argumento
1428 4222 1990 4302 comparationem
2021 4223 2395 4286 istiusmodi
2427 4224 2736 4288 fallacem
2775 4241 2917 4288 esse
2945 4244 2960 4304 ;
2999 4243 3150 4288 cum
3181 4243 3262 4288 ex
3294 4227 3682 4291 auctoribus

196 4324 670 4391 diversissimis
699 4321 1013 4404 loquendi
1042 4321 1362 4384 formulas
1394 4321 1568 4384 inter
1604 4336 1674 4383 se
1705 4321 1938 4384 afﬁnes
1967 4321 2126 4384 hinc
2157 4322 2310 4384 inde
2341 4339 2632 4386 resecare
2653 4325 2720 4387 et
2743 4339 3130 4404 componere
3157 4324 3370 4388 cuivis
3408 4343 3689 4408 promp—

194 4429 344 4489 tum
373 4424 481 4488 sit.
533 4421 707 4488 Solvi
757 4424 982 4484 autem
1027 4419 1209 4482 haud
1251 4436 1430 4498 aegre
1470 4422 1685 4498 potest
1723 4419 2085 4482 auctoritas
2137 4420 2504 4484 Cassiodori
2540 4443 2554 4500 ;
2602 4425 2722 4485 aut
2767 4422 2949 4484 enim
2993 4422 3108 4486 ille
3133 4423 3310 4486 hanc
3334 4423 3685 4488 historiam

196 4542 334 4586 non
362 4521 705 4600 indicavit,
738 4520 982 4602 quippe
1013 4535 1161 4600 quae
1191 4535 1325 4580 non
1355 4520 1606 4598 septem
1634 4516 1824 4580 libris
1851 4521 2124 4598 constet,
2160 4518 2273 4582 sed
2311 4521 2581 4581 tantum
2622 4519 2957 4600 quinque;
3008 4538 3128 4583 nec
3171 4524 3315 4585 tam
3362 4521 3684 4586 librorum

196 4620 468 4702 Josephi
493 4621 580 4682 sit
603 4619 889 4698 tralatio,
934 4635 1139 4700 quam
1181 4615 1664 4697 compendium,
1711 4631 1884 4698 saepe
1927 4617 2131 4678 etiam
2171 4617 2444 4678 aliunde
2482 4616 2710 4696 petitis
2757 4618 3258 4681 narrationibus
3304 4619 3680 4701 interpola-

193 4723 344 4782 tum
375 4739 388 4780 :
425 4721 543 4779 aut
567 4718 622 4780 si
653 4717 944 4779 maxime
968 4717 1144 4778 hanc
1173 4715 1391 4796 ipsam
1419 4712 1825 4792 designavit,
1860 4713 2155 4794 quotidie
2182 4713 2325 4778 ﬁeri
2356 4731 2552 4778 nemo
2581 4714 2880 4796 negabit,
2923 4720 3017 4797 ut,
3071 4717 3416 4796 incognito
3461 4718 3686 4781 alicu-

185 4817 303 4898 jus
331 4816 426 4879 rei
452 4820 715 4877 auctore
744 4831 898 4878 vero
927 4813 1139 4877 eidem
1171 4814 1396 4892 plures
1421 4812 1614 4891 vulgi
1645 4811 1955 4892 opinione
1986 4812 2485 4875 substituantur
2528 4828 2611 4876 ex
2653 4831 2842 4894 aequo
2881 4813 3058 4877 falsi.
3093 4815 3422 4879 Credibile
3453 4820 3682 4880 autem

193 4919 295 4979 est
333 4932 415 4978 ex
453 4913 685 4976 eadem
731 4913 848 4974 illa
893 4911 1077 4974 fama
1122 4911 1392 4990 vulgari
1439 4911 1524 4974 ab
1571 4911 1897 4974 audaculo
1945 4910 2170 4990 aliquo
2207 4910 2624 4992 quibusdam
2663 4911 3002 4976 codicibus
3044 4912 3376 4976 Ambrosii
3423 4930 3673 4978 nomen

190 5015 402 5077 fuisse
428 5011 830 5090 ascriptum;
863 5008 1042 5072 unde
1072 5013 1302 5090 postea
1339 5010 1562 5086 magis
1589 5009 1700 5072 hic
1726 5027 1907 5074 error
1933 5008 2134 5074 fuerit
2175 5013 2610 5088 propagatus.
2653 5011 2838 5074 Certe
2885 5011 3157 5092 quidem
3196 5011 3269 5074 in
3313 5011 3437 5075 hoc
3485 5027 3681 5093 opere

193 5112 368 5176 nihil
397 5111 572 5174 inest
598 5107 1041 5186 Ambrosiam,
1085 5123 1300 5186 neque
1327 5107 1509 5188 styli,
1546 5123 1760 5188 neque
1784 5107 2045 5186 judicii.
2079 5107 2203 5169 Sed
2233 5123 2354 5169 nec
2382 5106 2578 5169 facile
2621 5125 2661 5169 a
2690 5107 2880 5171 nobis
2920 5111 3280 5191 quisquam
3309 5112 3683 5191 extorque-

187 5209 313 5291 bit,
347 5213 493 5272 uta
523 5207 718 5270 rebus
757 5206 948 5268 seriis
995 5204 1342 5267 credamus
1380 5205 1723 5268 Ambrosio
1765 5209 2030 5268 tantum
2081 5221 2376 5283 vacasse,
2435 5208 2764 5285 quantum
2812 5221 3075 5268 necesse
3117 5210 3260 5268 erat
3307 5205 3678 5270 scribendis

191 5327 327 5372 non
359 5307 550 5382 modo
577 5305 686 5367 his
717 5305 1014 5386 quinque
1042 5300 1253 5379 libris,
1287 5302 1400 5364 sed
1428 5301 1632 5364 etiam
1662 5302 1815 5364 aliis
1847 5305 2134 5382 quatuor
2165 5319 2328 5382 quos
2356 5319 2437 5364 ex
2468 5301 2741 5364 totidem
2763 5305 3022 5380 Regum
3042 5301 3162 5366 abs
3182 5320 3252 5368 se
3281 5304 3680 5386 compositos

189 5411 422 5472 auctor
463 5407 800 5468 memorat.
847 5402 939 5464 De
977 5399 1300 5462 vocabulo
1337 5401 1560 5462 autem
1594 5399 1769 5480 Hege

2113 5399 2459 5480 sentimus,
2497 5400 2561 5462 id
2593 5402 2846 5462 factum
2871 5417 3014 5463 esse
3039 5411 3183 5484 παρὰ
3203 5415 3294 5463 τοῦ
3318 5410 3574 5475 Ἰοσηποῦ,
3608 5405 3681 5466 at

189 5505 516 5580 librarios,
551 5501 692 5564 loco
722 5499 941 5581 Josepi
981 5499 1122 5562 sive
1163 5497 1382 5579 Iosipi,
1416 5496 1542 5560 sub
1583 5513 1712 5578 quo
1750 5497 1956 5562 latere
1985 5501 2216 5562 auctor
2244 5498 2478 5580 voluit,
2521 5501 2825 5578 corrupte
2855 5499 3317 5580 Hegesippum
3345 5518 3464 5565 seu
3494 5501 3680 5582 Ege-

187 5613 455 5683 sippum
484 5613 934 5684 supposuisse.

267 5702 517 5761 Verum
545 5703 632 5761 ut.
651 5697 809 5760 huic
836 5693 1010 5777 parti
1042 5691 1314 5756 modum
1342 5708 1700 5775 ponamus,
1753 5711 1767 5754 ‹

2093 5715 2122 5759 η
2169 5697 2342 5762 esset
2380 5697 2458 5762 ut
2495 5713 2610 5778 pro
2638 5697 2736 5768 tot
2764 5695 3011 5762 libellis
3039 5693 3372 5763 Ambrosii
3402 5697 3673 5764 nomine

189 5812 542 5892 perpeer
569 5794 912 5886 inscriptis
938 5807 1171 5886 omnes
1198 5790 1536 5884 legitimos
1565 5792 1749 5862 illius
1775 5791 1952 5862 fetus
1979 5793 2215 5882 majori
2245 5793 2377 5866 ﬁde
2403 5795 2469 5862 et
2493 5793 2849 5863 sedulitate
2887 5795 3260 5888 antiquitas
3297 5795 3490 5866 nobis
3527 5813 3676 5870 ser-
