4128 6132
491 410 570 479 1'1
780 502 796 515 .
2025 398 2457 465 PREFATIO
3900 388 3978 455 18

480 630 706 694 vasset
731 645 808 692 ac
832 625 1335 690 transmisisset.
1368 623 1613 687 Eorum
1641 640 1833 705 porro
1865 638 2028 703 quos
2061 619 2550 696 desideramus,
2602 617 2674 680 in
2723 614 2940 697 capite
2989 613 3369 679 collocanda
3411 613 3571 674 sunt
3627 610 3970 673 Commen-

487 728 669 790 taria
700 727 767 786 in
796 724 1052 786 Isaiam
1074 726 1489 806 prophetam,
1523 740 1559 785 e
1589 721 1835 803 quibus
1874 738 2007 783 non
2038 720 2255 781 solum
2285 718 2606 798 plurimos
2632 716 2805 777 locos
2831 712 3009 793 apud
3041 711 3500 791 Augustinum
3527 711 3750 790 legere
3782 710 3963 787 licet,

486 827 723 890 citatos
754 824 1073 886 adversus
1103 820 1411 884 haeresim
1440 821 1909 899 Pelagianam;
1942 818 2057 883 sed
2088 834 2372 898 quorum
2400 815 2606 878 etiam
2638 812 3047 877 mentionem
3073 809 3232 874 facit
3272 810 3552 889 ipsemet
3579 807 3973 871 Ambrosius

488 924 558 985 in
590 921 1022 1002 Expositione
1050 918 1402 981 secundum
1431 919 1674 979 Lucam
1705 917 1847 995 (lib.
1881 934 1951 994 II,
1987 934 2172 979 num.
2205 914 2334 995 56).

567 1019 828 1083 Excidit
858 1034 1122 1099 quoque
1151 1016 1331 1079 aliud
1376 1015 1702 1078 eximium
1748 1032 1913 1096 Opus
1959 1014 2289 1076 Ambrosii
2344 1012 2551 1074 nostri
2599 1010 2910 1073 similiter
2956 1007 3040 1070 ab
3080 1004 3464 1084 Augustino
3513 1020 3768 1082 magna
3816 1021 3977 1067 cum

482 1118 683 1182 laude
710 1117 1330 1187 commemoratum;
1383 1113 1464 1175 de
1492 1113 1606 1175 illo
1638 1113 1883 1194 quippe
1913 1112 1995 1175 ad
2033 1111 2395 1174 Paulinum
2441 1110 2774 1175 Nolanum
2813 1106 3141 1185 scribens,
3189 1104 3289 1166 ita
3330 1102 3627 1183 loquitur
3660 1123 3674 1163 ε
3725 1100 3966 1161 Libros

484 1214 854 1278 beatissimi
872 1233 1077 1296 papae
1121 1211 1465 1273 Ambrosii
1491 1210 1685 1272 credo
1716 1210 1950 1272 habere
1978 1210 2400 1271 sanctitatem
2430 1215 2651 1280 tuam;
2683 1225 2790 1268 eos
2822 1208 3040 1266 autem
3067 1201 3374 1264 desidero
3395 1247 3409 1270 .
3460 1218 3620 1281 quos
3651 1197 3969 1259 adversus

483 1313 828 1375 nonnullos
860 1310 1392 1393 imperitissimos
1418 1313 1481 1371 et
1509 1308 2036 1390 superbissimos,
2069 1310 2183 1390 qui
2211 1308 2291 1367 de
2320 1305 2632 1368 Platonis
2664 1304 2851 1364 libris
2895 1301 3252 1363 Dominum
3276 1296 3651 1381 profecisse
3690 1299 3968 1358 conten-

483 1412 669 1487 dunt,
704 1410 1214 1491 diligentissime
1243 1412 1304 1468 et
1331 1407 1784 1488 copiosissime
1813 1404 2086 1487 scripsit
2116 1405 2330 1486 (epist.
2363 1406 2437 1467 31
2481 1422 2663 1464 novos
2698 1402 2908 1481 edit.).
2959 1402 3098 1463 Hoc
3146 1400 3369 1478 ipsum
3406 1412 3572 1475 opus
3604 1394 3739 1457 alio
3770 1396 3973 1491 atque

484 1511 617 1573 alio
646 1490 843 1573 modo
867 1507 1072 1570 variis
1095 1508 1255 1569 locis
1287 1506 1461 1569 idem
1492 1506 1777 1583 allegat;
1813 1504 2150 1568 interdum
2176 1505 2358 1568 enim
2389 1501 2556 1565 illud
2587 1500 2908 1578 nominat,
2958 1497 3059 1558 De
3099 1495 3586 1569 Sacramentis,
3635 1494 3772 1552 sive
3801 1490 3972 1552 Phi-

484 1608 827 1687 losOphia:
869 1604 1230 1679 interdum,
1265 1603 1368 1664 De
1398 1604 1827 1665 Sacramenta
1872 1602 2456 1682 Regenerationis,
2509 1602 2642 1660 sive
2689 1598 3168 1677 Philosophia:
3220 1607 3715 1672 nonnunquam
3758 1589 3983 1653 etiam.

483 1704 896 1783 simpliciter,
928 1701 1031 1763 De
1059 1706 1593 1784 regeneratione:
1629 1700 1877 1764 alicubi
1907 1701 2210 1779 demum,
2263 1700 2343 1760 de
2389 1698 2819 1779 Philosophia
2862 1695 3179 1757 adversus
3232 1691 3595 1752 Platonem.
3654 1688 3970 1752 Dolemus

481 1818 646 1866 sane
674 1802 850 1864 hanc
877 1801 1396 1881 pulcherrimam
1424 1798 1975 1880 disceptationem
2006 1799 2345 1875 interisse;
2381 1796 2574 1860 nobis
2600 1798 2828 1858 tamen
2850 1793 3072 1856 solatii
3099 1809 3234 1854 non
3256 1788 3617 1852 minimum
3638 1789 3760 1866 est,
3797 1784 3976 1866 quod

479 1901 734 1963 restant
764 1899 983 1962 adhuc
1012 1916 1210 1980 opera
1238 1898 1405 1961 bene
1437 1899 1669 1976 multa,
1705 1898 1777 1960 in
1804 1896 2048 1978 quibus
2076 1894 2461 1960 temerarios
2493 1893 2662 1973 illos,
2698 1892 2880 1955 omni
2912 1892 3074 1954 nata
3099 1886 3470 1965 occasione,
3516 1882 3861 1948 confutare
3891 1900 3973 1946 ac

482 1997 887 2061 contundere
917 2012 1268 2076 nunquam
1295 1994 1567 2074 omittit,
1600 1996 1678 2057 ut
1706 1994 1849 2057 suis
1876 1994 2039 2057 locis
2065 1994 2577 2057 declaravim‘us.

561 2094 759 2158 Haud
782 2095 947 2157 satis
977 2094 1399 2174 assequimur
1424 2110 1555 2173 quo
1584 2110 1787 2155 sensu
1815 2092 2108 2172 intelligi
2139 2092 2376 2156 debeat
2403 2090 2918 2154 Ambrosianum
2949 2084 3149 2150 illud:
3202 2082 3306 2145 De
3344 2080 3523 2144 Elia:
3558 2082 3767 2162 gestis
3798 2078 3961 2161 plu-

483 2194 654 2253 rima
683 2192 831 2271 jam
858 2194 1209 2273 frequenti
1253 2190 1662 2251 diversorum
1702 2190 2010 2252 librorum
2051 2208 2346 2251 sermone
2396 2190 2793 2269 digessimus
2832 2184 2966 2262 (De
2995 2183 3154 2244 Elia
3185 2186 3248 2243 et
3277 2180 3495 2261 Jejun.
3529 2195 3671 2259 cap.
3706 2180 3765 2256 3,
3800 2195 3870 2239 n.
3904 2175 3967 2257 5)

485 2290 824 2369 Siquidem
852 2289 1031 2352 enim
1062 2288 1235 2352 nihil
1266 2288 1449 2351 aliud
1479 2287 1598 2351 Vir
1625 2291 1899 2352 sanctus
1939 2288 2048 2351 his
2091 2286 2453 2367 signiﬁcat,
2490 2284 2622 2347 nisi
2652 2283 3067 2362 frequentem
3110 2280 3182 2342 in
3220 2276 3412 2341 libris
3443 2274 3587 2337 suis
3613 2276 3965 2369 gestorum

486 2368 650 2449 Elise
692 2387 834 2450 ﬁeri
876 2387 1316 2463 mentionem,
1372 2386 1487 2447 vix
1535 2385 1904 2467 quidquam
1947 2386 2076 2450 erit
2120 2383 2297 2467 quod
2343 2384 2415 2446 in
2459 2383 2587 2445 hac
2614 2383 2800 2464 parte
2830 2378 3139 2442 videatur
3169 2374 3535 2439 amissum:
3574 2371 3865 2441 sintvero
3896 2368 3966 2432 id

488 2488 960 2564 argumentum
1006 2502 1089 2547 ex
1135 2485 1426 2567 professo
1468 2483 1775 2566 pluribus
1822 2485 2011 2548 libris
2059 2484 2178 2547 abs
2224 2499 2293 2547 se
2336 2483 2699 2545 tractatum
2741 2477 2876 2540 illis
2912 2478 3217 2555 testatur,
3271 2475 3427 2536 ante
3465 2471 3683 2534 multa
3718 2467 3970 2532 saecula

483 2583 747 2646 eosdem
774 2584 924 2647 illas
953 2582 1370 2646 intercidisse
1397 2582 1699 2645 dicamus
1730 2598 1994 2647 necesse
2022 2586 2144 2646 est.

562 2682 707 2744 Non
734 2681 968 2745 eadem
993 2684 1094 2744 est
1122 2680 1471 2744 dubitandi
1503 2681 1672 2744 ratio
1701 2699 1868 2745 num
1895 2681 2164 2761 perierit
2193 2680 2303 2743 ille
2332 2681 2676 2756 tractatus,
2713 2691 2915 2758 quem
2941 2670 3276 2753 Pansophi
3317 2668 3509 2752 pueri
3537 2686 3579 2730 a
3607 2664 3891 2730 mortuis
3923 2681 3967 2727 a

482 2793 550 2843 se
581 2780 882 2843 suscitati
916 2797 1116 2843 causa
1147 2780 1518 2860 scripserat,
1552 2780 2115 2861 quemadmodum
2145 2780 2373 2841 narrat
2401 2776 2728 2840 Paulinus
2748 2774 3068 2837 diaconus
3097 2769 3170 2833 in
3196 2768 3314 2831 illa
3342 2766 3547 2831 verba
3576 2787 3590 2828 :
3630 2764 3747 2826 Ad
3767 2784 3952 2847 quem

481 2881 680 2938 etiam
712 2879 1134 2954 infantulum,
1164 2878 1406 2961 inquit,
1444 2878 1729 2938 libellum
1757 2877 2175 2959 conscripsit,
2209 2879 2276 2937 ut
2308 2874 2479 2957 quod
2509 2875 2735 2935 (etatis
2783 2872 3077 2952 infantia
3123 2869 3295 2930 scire
3338 2885 3467 2926 non
3500 2866 3802 2947 poterat,
3863 2862 3961 2923 le-

478 2976 689 3056 gendo
719 2980 1133 3057 cognosceret
1162 2976 1272 3058 (In
1303 2976 1533 3038 Ambr.
1581 2975 1760 3051 Vita,
1789 2994 1856 3039 n.
1890 2975 2017 3057 28).
2052 2974 2177 3038 Sed
2205 2974 2388 3037 hunc
2413 2972 2715 3037 libellum
2746 2989 2786 3034 a
2813 2971 3017 3049 longo
3045 2970 3340 3046 tempore
3379 2980 3717 3046 nusquam
3768 2977 3966 3043 repe-

482 3075 599 3137 riri
629 3078 964 3157 comperta
992 3093 1095 3138 res
1123 3079 1243 3139 est.

564 3172 743 3235 Idem
772 3173 884 3237 ille
916 3173 1344 3237 ﬁdelissimus
1372 3172 1698 3236 Ambrosii
1730 3172 2051 3237 diaconus
2081 3171 2414 3235 memorim
2440 3168 2718 3233 tradidit
2743 3167 2828 3231 ab
2860 3166 2972 3229 illo
2991 3161 3425 3246 compositam
3452 3162 3519 3223 et
3547 3160 3632 3223 ad
3661 3157 3958 3238 Fritigil,

480 3287 629 3350 qum
658 3273 1280 3335 Marcomannorum
1310 3272 1547 3351 regina
1573 3274 1737 3351 erat,
1770 3272 2175 3336 destinatam
2206 3270 2360 3333 ﬁdei
2399 3268 2739 3332 catholica)
2785 3264 3311 3339 institutionem,
3361 3258 3441 3322 de
3484 3276 3617 3338 qua
3669 3257 3772 3319 sic’
3812 3256 3909 3319 ait
3941 3278 3955 3318 :

481 3368 600 3428 Ad
617 3388 809 3449 quam
833 3416 853 3441 ,
878 3386 1115 3448 nempe
1137 3369 1426 3449 Fritigil,
1459 3369 1570 3430 ille
1598 3370 1946 3449 epistolam
1955 3372 2134 3451 fecit
2145 3368 2552 3449 praeclaram
2570 3368 2659 3427 im
2685 3364 2944 3426 modum
2966 3360 3363 3423 Catechismi
3383 3355 3586 3436 (Ibid.
3618 3374 3803 3420 num.
3831 3356 3963 3438 26.)

480 3467 568 3529 At
591 3468 1007 3546 gemmulam
1037 3468 1235 3530 istam
1273 3484 1541 3547 prorsus
1588 3467 1943 3530 evanuisse
1990 3466 2163 3529 nulli
2210 3466 2635 3540 dubitamus;
2695 3462 2870 3544 quod
2915 3461 3099 3525 enim
3139 3454 3467 3522 nonnulli
3498 3453 3965 3534 fragmentum

483 3563 817 3643 quoddam
841 3582 883 3626 a
910 3564 1313 3629 Theodoreto
1343 3566 1567 3629 Graece
1596 3564 1876 3628 citatum
1909 3564 2183 3646 (Polym.
2217 3563 2377 3628 dial.
2411 3563 2491 3644 2),
2528 3581 2651 3626 nec
2678 3580 2814 3626 non
2844 3581 2885 3624 a
2917 3560 3112 3625 nobis
3151 3556 3329 3622 infra
3373 3554 3825 3636 referendum,
3870 3571 3967 3620 ex

482 3662 716 3725 eadem
742 3661 1022 3743 epistola
1050 3663 1480 3745 desumptum
1499 3665 1739 3727 volunt
1765 3665 1965 3743 plane
1995 3663 2332 3726 divinant.
3872 3714 3881 3721 .

565 3760 878 3837 Quamvis
902 3763 1132 3824 autem
1162 3761 1441 3841 ipsemet
1468 3761 1858 3825 Ambrosius
1885 3761 2199 3843 epistolas
2229 3778 2387 3824 suas
2413 3759 2722 3824 videatur
2751 3759 3086 3840 redegisse
3117 3760 3188 3823 in
3227 3759 3474 3823 librum
3495 3808 3510 3839 ,
3559 3759 3752 3823 extra
3796 3772 3965 3818 ροη-

476 3859 868 3921 troversiam
895 3861 1124 3922 tamen
1153 3858 1250 3922 est
1279 3858 1363 3922 ab
1393 3875 1469 3923 eo
1497 3875 1763 3940 corpore
1792 3859 1967 3942 quod
1993 3878 2175 3922 nunc
2202 3862 2499 3941 superest
2532 3859 2764 3940 (Epist.
2793 3859 2874 3922 48
2896 3906 2910 3935 ,
2961 3876 3145 3921 num.
3179 3858 3275 3938 7),
3328 3858 3656 3938 plurimas
3686 3853 3955 3930 abesse,
3980 3886 3989 3891 τ

479 3956 1052 4037 gravissimasque
1084 3957 1269 4037 illas,
1286 3957 1381 4019 uti
1413 3973 1496 4020 ex
1520 3958 1819 4038 personis
1850 3958 1934 4021 ad
1957 3975 2125 4040 quas
2147 3958 2406 4037 scriptis
2426 3957 2713 4037 fuerant,
2748 3956 2975 4037 colligi
3003 3957 3225 4020 datur.
3250 3955 3705 4019 Nihilominus
3731 3956 3985 4016 tamen-

477 4054 829 4133 epistolam
872 4055 1058 4118 illam
1103 4055 1189 4118 ad
1237 4059 1592 4132 Irenaeum,
1650 4056 1722 4119 in
1770 4073 1904 4137 qua.
1948 4056 2231 4137 perdicis
2270 4056 2627 4119 clamantis
2664 4055 2948 4119 habetur
2989 4056 3267 4135 mentio,
3319 4068 3657 4136 quamque
3710 4048 3966 4130 injuria

479 4150 795 4234 temporis
820 4151 1254 4233 interceptam
1281 4170 1424 4217 esse
1455 4153 1730 4234 quidam
1761 4156 2138 4234 autumant,
2183 4172 2305 4217 nos
2352 4154 2753 4218 incolumem
2794 4153 3280 4217 existimamus.
3332 4152 3505 4232 Quid
3549 4167 3705 4219 vero
3751 4147 3991 4213 doctis.

483 4249 622 4310 illis
648 4248 812 4312 viris
840 4248 1063 4313 fraudi
1091 4249 1315 4331 fuerit,
1353 4251 1593 4314 melius
1619 4251 1784 4315 alibi
1817 4252 2177 4334 aperietur.

560 4348 714 4411 Veri
745 4365 1007 4431 quoque
1034 4350 1454 4413 simillimum
1478 4352 1577 4413 est
1604 4368 1646 4412 a
1674 4353 1902 4414 sancto
1933 4351 2204 4415 Doctore
2245 4368 2443 4433 opera
2490 4351 2797 4433 quaedam
2844 4358 2991 4433 qum
3032 4351 3381 4432 perierint,
3433 4350 3506 4413 in
3558 4342 3959 4427 Apollinarii

482 4450 733 4510 sectam
758 4446 966 4510 fuisse
993 4448 1375 4525 lucubrata;
1411 4448 1678 4531 quando
1708 4450 2037 4513 Paternus
2065 4450 2528 4514 Braccarensis
2566 4449 2948 4532 episcopus,
3002 4450 3119 4533 qui
3165 4450 3381 4514 eidem
3430 4445 3667 4510 haeresi
3715 4458 3964 4508 nomen

484 4544 784 4625 dederat,
839 4544 927 4607 ad
978 4562 1207 4609 veram
1251 4545 1451 4609 ﬁdem
1498 4546 1781 4611 lectione
1812 4545 2137 4611 librorum
2183 4549 2504 4613 adversus
2548 4549 3066 4631 Apollinaristas
3111 4547 3197 4612 ab
3243 4545 3589 4611 Ambrosio
3632 4542 3970 4611 editorum

486 4659 839 4723 conversus
866 4643 1142 4721 legitur.
3070 4645 3102 4657 ”
3526 4706 3531 4713 .
3640 4684 3647 4691 ο

562 4741 925 4804 Multorum
951 4740 1174 4823 opinio
1201 4744 1302 4806 est
1332 4742 1413 4807 de
1440 4759 1743 4807 sermone
1765 4745 1991 4826 aliquo
2020 4743 2360 4826 deperdito
2400 4744 2847 4824 intelligenda
2874 4759 3017 4807 esse
3055 4740 3427 4806 Cassiodori
3456 4742 3666 4808 verba
3693 4758 3847 4823 quae
3872 4740 3976 4804 sic

481 4836 777 4901 habent:
835 4837 1116 4901 Sanctus
1160 4841 1536 4903 Ambrosius
1592 4841 2121 4903 Mediolanensis
2172 4846 2512 4924 episcopus
2556 4860 2915 4903 sermonem
2952 4843 3124 4919 fecit
3166 4840 3247 4902 de
3276 4840 3537 4921 judicio
3591 4838 3967 4913 Salomonis

485 4935 662 5015 (libri
694 4935 798 4997 De
826 4936 1052 4998 Instit.
1090 4937 1245 5000 Dio.
1280 4939 1412 4999 Lit.
1456 4958 1600 5021 cap.
1641 4939 1727 5019 2).
1780 4942 2262 5002 Verumtamen
2309 4940 2479 5003 nihil
2524 4940 2708 5003 aliud
2757 4941 2907 5003 istic
2949 4938 3294 5019 designari
3341 4939 3703 5019 credimus,
3760 4953 3966 5021 quam

480 5032 637 5095 libri
670 5032 771 5095 De
820 5033 1242 5116 Virginitate,
1278 5037 1396 5118 qui
1426 5037 1751 5100 hactenus
1787 5055 1940 5101 cum
1983 5037 2150 5101 libro
2197 5038 2390 5101 tertio
2445 5036 2547 5099 De
2606 5036 2985 5118 Virginibus
3028 5055 3171 5101 una
3213 5038 3383 5102 serie
3424 5035 3958 5113 ocnnectebatur,

486 5132 707 5214 ipsum
734 5133 1081 5196 exordium
1101 5183 1117 5214 ,
1147 5135 1339 5215 cujus
1368 5136 1587 5216 prima
1609 5136 1811 5200 verba
1834 5137 1948 5199 illa
1978 5138 2171 5198 sunt:
2207 5135 2438 5197 Nobile
2456 5136 2634 5216 apud
2655 5140 2899 5197 veteres
2924 5135 3298 5198 Salomonis
3323 5135 3491 5196 illud
3489 5137 3726 5215 fertur
3736 5133 3968 5215 fuisse

467 5230 820 5311 judicium,
845 5235 965 5294 etc.
994 5233 1175 5309 Quod
1198 5234 1467 5315 quidem
1494 5235 1844 5297 exordium
1873 5234 2203 5298 ostensuri
2235 5251 2469 5296 sumus
2502 5252 2635 5297 non
2662 5235 2954 5297 multum
2983 5234 3227 5297 habere
3258 5232 3610 5296 afﬁnitatis
3631 5252 3785 5297 cum
3814 5231 3993 5295 reli-

485 5345 616 5438 quo
644 5328 831 5406 libro,
866 5331 933 5392 et
962 5330 1305 5393 homiliam
1337 5331 1635 5411 aliquam
1674 5331 1954 5395 forsitan
1977 5350 2119 5397 esse
2152 5349 2298 5413 qua:
2340 5350 2492 5396 cum
2535 5333 2764 5397 eodem
2811 5348 3003 5413 opere
3044 5333 3387 5413 compacta
3431 5330 3634 5396 fuerit
3676 5352 3717 5395 a
3753 5331 3968 5395 libra-

484 5445 624 5488 rus.

562 5525 746 5588 Idem
772 5526 885 5589 ille
915 5526 1360 5608 Cassiodorus,
1394 5527 1510 5590 ubi
1541 5528 1620 5591 de
1649 5528 1818 5591 libro
1849 5529 2203 5609 Sapientiae
2233 5529 2397 5609 agit,
2435 5529 2506 5593 in
2527 5530 2710 5593 hunc
2742 5528 3011 5592 modum
3037 5529 3371 5610 loquitur:
3408 5528 3512 5591 De
3535 5548 3656 5611 quo
3679 5530 3741 5587 et
3763 5526 3967 5587 Pater

481 5622 903 5702 Augustinus
935 5628 995 5683 et
1026 5628 1294 5685 sanctas
1333 5625 1717 5687 Ambrosius
1748 5626 2164 5688 homiliarum
2194 5631 2448 5689 nomine
2478 5628 2787 5690 nonnulla
2819 5627 3128 5689 dixerunt
3169 5627 3362 5710 (Ibid.
3397 5644 3540 5708 cap.
3712 5624 3778 5687 Si
3808 5642 3962 5691 vere

478 5719 607 5781 has
638 5719 949 5783 homilias
976 5721 1146 5784 vidit
1177 5724 1469 5803 Senator,
1500 5740 1745 5804 easque
1774 5724 2015 5786 titulus
2056 5743 2188 5788 non
2218 5727 2505 5790 mendax
2536 5726 2883 5789 addicebat
2912 5728 3139 5790 sancto
3177 5724 3553 5804 Ambrosio,
3603 5721 3963 5790 dicendum

478 5816 609 5882 erit
640 5816 724 5881 ad
749 5823 1045 5884 nostram
1065 5822 1331 5884 aetatem
1368 5821 1519 5885 illas
1549 5840 1684 5886 non
1704 5822 1988 5887 venisse.
2020 5824 2285 5888 Etenim
2312 5828 2551 5907 praeter
2575 5842 2684 5888 eos
2716 5840 3070 5909 sermones,
3100 5840 3182 5890 ex
3210 5821 3453 5905 quibus
3473 5821 3721 5890 multos
3746 5824 3963 5891 sancti
