4128 6132
222 414 298 486 19
1303 396 1312 401 ’
1730 425 2169 494 PREFATIO
3615 431 3693 498 20

215 637 513 708 Doctoris
557 641 760 708 libros
797 645 1098 708 constare
1145 643 1390 727 saepius
1435 642 1815 726 docuimus,
1865 645 2086 710 nullos
2132 645 2296 711 alios
2333 645 2477 727 jam
2523 663 2865 731 superesse
2908 665 3204 728 congruo
3244 649 3384 714 loco
3424 668 3465 713 a
3505 649 3694 714 nobis

84 823 93 828 _
221 739 632 822 probabitur.

297 837 598 922 Denique
625 840 802 922 apud
832 840 1142 904 eumdem
1173 840 1640 905 Cassiodorum
1669 841 1799 904 ista
1827 841 2150 922 leguntur
2183 866 2196 908 :
2234 844 2527 924 Dicitur,
2581 843 2832 926 inquit,
2885 847 3084 908 etiam
3127 849 3186 906 et
3237 849 3506 907 sanctus
3537 848 3690 908 Am-

215 933 472 998 brosius
506 939 978 1019 prophetarum
1025 937 1506 1000 Commentaria
1557 939 1797 1022 eloquii
1837 941 2023 1001 solati
2059 941 2400 1002 dulcedine
2445 945 2845 1022 confecisse,
2899 963 3048 1024 quae
3099 944 3465 1005 nullatenus
3505 948 3697 1026 potui

213 1032 527 1114 reperire,
561 1054 709 1116 quae
735 1035 910 1096 vobis
941 1055 1172 1117 magno
1199 1035 1422 1097 studio
1453 1037 1809 1118 quaerenda
1841 1037 2216 1120 derelinquo
2249 1038 2440 1117 (Ibid.
2487 1057 2630 1120 cap.
2663 1039 2745 1119 3).
2781 1043 2926 1104 Non
2955 1041 3120 1103 satis
3148 1043 3402 1104 clarum
3430 1046 3531 1105 est
3561 1061 3692 1122 quo

213 1128 296 1192 de
321 1129 809 1195 Commentario
837 1133 979 1196 haec
1005 1132 1292 1196 debeant
1322 1133 1552 1216 accipi,
1583 1133 1714 1197 nisi
1745 1133 1910 1198 forte
1945 1135 2027 1198 de
2058 1136 2564 1200 Commentariis
2596 1139 2665 1201 in
2695 1138 2964 1201 Isaiam.
2999 1140 3323 1202 Caeterum
3354 1157 3507 1202 cum
3538 1159 3692 1203 ver-

213 1224 380 1291 bum
424 1227 674 1290 dicitur
719 1230 892 1293 nihil
934 1231 1246 1311 afﬁrmet,
1297 1231 1570 1314 ipseque
1611 1232 2038 1296 Cassiodorus
2061 1233 2201 1312 jam
2232 1237 2634 1298 memoratus
2664 1235 2736 1299 in
2766 1237 3140 1318 quaerendis
3169 1239 3470 1300 veterum
3499 1238 3688 1300 libris

213 1323 644 1404 diligentiam
661 1345 928 1392 omnem
945 1329 1258 1394 adhibere
1279 1330 1515 1392 solitus
1533 1329 1753 1408 fuerit,
1777 1330 1934 1394 hinc
1954 1332 2096 1412 conj
2109 1333 2266 1395 icias
2281 1333 2616 1396 communi
2637 1333 2821 1397 fama
2841 1352 2995 1398 eum
3013 1351 3156 1398 esse
3176 1335 3547 1418 deceptum,
3575 1339 3692 1400 aut

212 1421 334 1486 illa
372 1425 618 1507 scripta
635 1425 782 1506 jam
805 1427 950 1506 ejus
979 1429 1174 1490 astate
1203 1427 1284 1491 de
1312 1429 1528 1492 medio
1567 1428 1854 1492 sublata.

294 1521 464 1586 Sunt
507 1523 624 1604 qui
669 1525 1053 1588 existiment
1093 1525 1446 1589 Proverbia
1492 1544 1754 1608 quoque
1797 1527 1882 1590 ab
1927 1525 2270 1590 Ambrosio
2311 1529 2611 1607 exposita
2647 1527 2884 1609 fuisse,
2936 1530 3142 1613 inque
3180 1531 3373 1595 illum
3417 1549 3688 1596 sensum

212 1619 544 1702 accipiant
571 1621 791 1701 prima
817 1623 949 1686 ista
985 1623 1137 1687 libri
1170 1623 1272 1684 De
1304 1623 1660 1706 Mgsteriis
1698 1625 1940 1688 verba:
1999 1625 2101 1686 De
2143 1625 2497 1686 moralibus
2545 1626 3002 1708 quotidianum.
3050 1649 3408 1690 sermonem
3453 1631 3686 1691 habui-

207 1737 386 1795 mus,
435 1737 579 1781 cum
624 1721 720 1781 vel
763 1720 1306 1802 patriarcharum
1349 1727 1538 1804 gesta
1585 1722 1681 1783 vel
1724 1723 2208 1784 Prooerbiorum
2261 1723 2629 1803 legerentur
2667 1730 3028 1806 praecepta.
3090 1727 3172 1788 Et
3213 1744 3376 1790 sane
3420 1727 3693 1791 beatum

208 1816 596 1882 Antistitem
650 1817 1090 1883 edisserendis
1139 1819 1667 1902 patriarcharum
1717 1821 2022 1900 Abrahae,
2074 1821 2298 1900 Isacii,
2345 1824 2412 1883 et
2457 1821 2742 1884 aliorum
2788 1823 3087 1886 historiis
3133 1842 3250 1904 per
3298 1825 3362 1887 id
3420 1827 3690 1908 tempus

211 1911 596 1980 incubuisse
623 1917 1039 1997 exploratum
1067 1921 1187 1980 est.
1219 1918 1401 1994 Quod
1441 1919 1496 1980 si
1527 1919 1776 2000 pariter
1804 1919 1874 1980 in
1908 1919 2303 1982 illustrando
2334 1919 2834 1983 Proverbiorum
2874 1921 3044 1984 libro
3082 1922 3372 1986 similem
3417 1941 3687 2005 Operam

209 2012 648 2094 collocaverit,
683 2015 1306 2079 commentationem
1337 2015 1525 2077 illam
1554 2015 1915 2078 desiderari
1944 2015 2290 2079 fatendum
2321 2015 2466 2078 erit.
2511 2015 2634 2079 Sed
2661 2034 2815 2080 cum
2855 2035 2931 2082 eo
2967 2019 3090 2082 loci
3124 2021 3394 2082 nonnisi
3425 2021 3506 2085 de
3544 2039 3690 2084 ser-

209 2113 521 2177 monibus
553 2131 719 2196 quos
759 2114 1054 2196 quotidie
1083 2115 1165 2178 ad
1190 2115 1516 2195 populum
1542 2113 1853 2196 habebat,
1888 2115 2202 2196 loquatur
2228 2113 2614 2178 Ambrosius
2642 2135 2655 2176 :
2709 2115 2882 2178 nihil
2932 2116 3236 2198 prohibet
3283 2117 3480 2200 quin,
3526 2137 3690 2182 cou—

205 2209 398 2274 fectis
439 2211 629 2274 libris
666 2227 703 2275 e
743 2211 1170 2275 concionibus
1225 2213 1298 2274 in
1354 2211 1794 2293 patriarchas,
1850 2211 1922 2274 in
1968 2229 2198 2275 earum
2254 2211 2466 2274 forma
2511 2229 2661 2294 quae
2707 2213 2788 2276 de
2833 2213 3206 2278 Proverbiis
3265 2219 3458 2278 erant
3511 2217 3686 2280 nihil

204 2307 524 2372 mutarit:
569 2308 814 2372 eaedem
843 2325 998 2372 vero
1025 2312 1104 2372 ut
1131 2309 1349 2372 soluta
1378 2313 1578 2391 atque
1603 2309 1904 2391 dispersa
1931 2308 2091 2372 folia
2127 2309 2359 2388 solent,
2403 2309 2760 2390 deperditze
2803 2311 2974 2385 sint;
3023 2316 3142 2374 aut
3167 2311 3334 2374 forte
3361 2313 3569 2376 etiam
3601 2330 3686 2378 ne

203 2423 509 2488 unquam
538 2405 809 2489 quidem
837 2406 1098 2490 scriptis
1138 2406 1490 2489 mandatae,
1525 2407 1702 2490 quod
1742 2407 1896 2471 aliis
1927 2423 2189 2490 quoque
2215 2405 2515 2488 ejusdem
2540 2407 2873 2472 Ambrosii
2918 2409 3337 2474 sermonibus
3378 2413 3684 2476 evenisse

204 2503 650 2568 certissimum
679 2506 802 2568 est.

285 2599 534 2664 Dicunt
568 2600 844 2682 insuper
881 2599 1104 2681 ipsum
1127 2602 1359 2666 teetari
1395 2603 1478 2666 de
1507 2602 1821 2684 conjugio
1851 2603 1923 2666 B.
1956 2602 2263 2682 Virginis
2292 2620 2446 2667 cum
2484 2605 2546 2667 S.
2581 2601 2824 2685 Joseph
2865 2621 2935 2667 se
2964 2605 3219 2686 copiose
3251 2605 3682 2688 disseruisse;

201 2698 382 2764 unde
411 2697 778 2779 conjiciunt
804 2698 886 2762 de
915 2699 1040 2762 hoc
1065 2703 1466 2778 argumento
1492 2699 1742 2764 librum
1772 2701 2102 2784 aliquem,
2155 2699 2270 2783 qui
2311 2701 2456 2782 jam
2507 2718 2641 2764 non
2689 2704 2933 2782 exstet,
2977 2721 3018 2765 a
3065 2705 3294 2767 sancto
3337 2705 3498 2768 Viro
3546 2723 3688 2769 esse

201 2795 673 2878 conscriptum.
705 2797 1036 2876 Attamen,
1073 2813 1227 2861 cum
1256 2797 1500 2878 saepius
1529 2797 1656 2862 hac
1685 2799 1832 2878 ipsa
1857 2800 1936 2864 de
1968 2815 2037 2863 re
2068 2799 2260 2862 illum
2287 2799 2508 2878 egisse
2536 2799 3042 2880 comperiamus,
3085 2803 3252 2882 puta
3291 2801 3364 2865 in
3391 2803 3685 2883 Exposi-

199 2893 383 2958 tione
409 2893 764 2974 Evangelii
793 2896 987 2958 Lucae
1015 2895 1220 2959 semel
1246 2913 1323 2959 ac
1353 2895 1596 2958 iterum
1626 2895 1764 2978 (lib.
1799 2913 1865 2976 Π,
1902 2915 2087 2960 num.
2131 2897 2162 2959 1
2211 2898 2278 2958 et
2321 2911 2480 2974 seq.,
2543 2899 2610 2958 et
2665 2895 2778 2958 iib.
2827 2913 2908 2976 x,
2952 2915 3138 2960 num.
3195 2898 3352 2978 133),
3399 2897 3474 2962 in
3515 2899 3687 2964 libro

199 2991 306 3054 De
331 2990 557 3054 Instit.
605 2986 788 3074 Virg.
819 2991 1096 3056 totidem
1133 2993 1294 3057 locis
1329 2992 1496 3074 (cap.
1529 2997 1568 3056 6
1591 2997 1658 3057 et
1685 2994 1768 3074 '7),
1801 2997 1867 3057 et
1895 2995 1966 3058 in
1991 2996 2244 3076 hymno
2269 2993 2465 3057 tertio
2497 2994 2787 3073 (strophe
2810 2993 2897 3074 5),
2940 2993 3093 3058 licet
3132 2993 3440 3076 brevius;
3483 3001 3558 3060 ut
3603 2997 3685 3062 de

197 3089 369 3154 libro
413 3089 671 3174 perdito
715 3089 1233 3154 Ambrosianum
1276 3092 1494 3155 locum
1549 3092 1988 3174 accipiamus,
2041 3109 2386 3156 necessum
2441 3108 2578 3154 non
2623 3093 2766 3154 est:
2822 3091 3022 3172 idque
3067 3093 3360 3156 maxime
3406 3112 3560 3158 cum
3608 3096 3678 3158 in

199 3187 394 3254 Isaiae
440 3188 935 3352 comzentariis
981 3187 1269 3271 aliisque
1315 3189 1626 3272 operibus
1675 3208 1824 3272 quae
1867 3205 2020 3256 vere
2071 3189 2491 3268 exciderunt,
2539 3187 2758 3253 denuo
2793 3189 3064 3254 tractari
3096 3191 3180 3254 ab
3211 3191 3354 3276 ipso
3391 3194 3682 3275 potuerit

199 3287 434 3352 eadem
462 3305 574 3350 ma
641 3287 765 3351 ria.

197 3287 434 3352 eadem
462 3287 765 3352 mat’eria.

277 3384 405 3450 Hic
431 3385 637 3450 etiam
666 3385 848 3450 locus
879 3402 1077 3468 quem
1116 3385 1212 3450 ita
1235 3385 1528 3468 legimus
1559 3387 1738 3470 apud
1766 3386 2190 3452 Ambrosium
2217 3408 2232 3450 :
2287 3385 2471 3468 Erga
2512 3385 2624 3448 ille
2663 3385 2967 3464 Samson,
3001 3390 3073 3448 ut
3101 3389 3678 3472 eompendiumfa-

198 3484 449 3546 ciamus
493 3481 836 3559 historiae;
878 3503 996 3546 suo
1045 3487 1215 3546 enim
1259 3487 1548 3566 tempori
1589 3487 1791 3545 totius
1837 3483 2134 3546 lectionis
2175 3484 2460 3566 digestio
2498 3484 2896 3546 reservanda
2941 3484 3251 3568 (Prolog.
3302 3489 3371 3548 in
3417 3487 3526 3551 lib.
3581 3488 3684 3550 De

201 3579 386 3663 Spir.
419 3582 481 3646 S.
527 3599 596 3645 n.
632 3581 774 3664 12):
827 3581 1334 3664 quibusdam-in
1363 3583 1670 3646 animum
1709 3581 1977 3646 induxit
2015 3583 2359 3647 Doctorem
2395 3586 2700 3646 nostrum
2745 3583 2826 3645 de
2869 3583 3206 3646 Samsonis
3243 3585 3455 3664 gestis
3493 3603 3682 3649 com-

199 3679 686 3764 mentationem
716 3680 836 3745 abs
865 3697 935 3745 se
963 3679 1287 3744 edendam
1327 3696 1470 3744 esse
1499 3679 1907 3763 pollicitum:
1961 3684 2028 3744 et
2071 3681 2381 3762 quamvis
2427 3680 2732 3744 eamdem
2769 3679 3121 3743 historiam
3163 3680 3237 3744 in
3269 3680 3548 3762 epistola
3588 3683 3678 3744 ad

218 3775 532 3860 Vigilium
564 3777 780 3860 (epist.
819 3778 916 3861 19)
958 3777 1396 3860 pertexuerit,
1447 3795 1640 3841 suam
1686 3783 1914 3844 tamen
1961 3779 2160 3843 ﬁdem
2211 3797 2344 3842 non
2399 3777 2756 3855 liberasse;
2799 3795 2956 3840 nam
3005 3781 3446 3858 praeterquam
3503 3780 3677 3860 quod

197 3874 496 3956 ejusdem
519 3876 814 3942 historian
839 3875 1194 3960 explicatio
1226 3875 1320 3940 ibi
1349 3875 1541 3940 nulla
1566 3879 1688 3957 est,
1721 3878 2124 3957 promissum
2147 3893 2292 3942 esse
2323 3877 2516 3940 aiunt
2545 3875 2867 3956 scriptum
2905 3875 3278 3956 publicum,
3332 3875 3685 3956 epistolam

199 3990 356 4040 vero
379 3975 735 4059 privatam.
768 3978 1040 4056 Verum,
1071 3977 1146 4039 ut
1173 3975 1564 4040 omittamus
1589 3975 1936 4039 Ambrosio
1967 3976 2276 4056 ignotum
2303 3993 2440 4038 non
2477 3973 2684 4036 fuisse
2709 3972 3027 4052 epistolas
3066 3991 3227 4036 suas
3269 3973 3452 4037 haud
3483 3973 3686 4038 infre-

201 4076 483 4156 quenter
508 4073 814 4157 publicas
841 4072 1006 4154 ﬁeri,
1045 4073 1196 4156 quis
1226 4091 1359 4138 non
1391 4073 1615 4138 videat
1644 4073 1816 4138 nihil
1846 4073 2004 4138 certi
2033 4091 2110 4136 ac
2142 4071 2405 4136 deﬁniti
2435 4070 2894 4162 Ambr‘osianis
2930 4071 3230 4150 promitti
3263 4072 3525 4150 verbis;
3563 4089 3685 4138 nec

199 4173 564 4236 tractatum
591 4171 834 4254 potius,
870 4189 1072 4254 quam
1097 4187 1468 4236 sermonem
1497 4170 1792 4253 aliquem
1823 4171 1960 4235 illic
1987 4171 2265 4250 signari.
2303 4169 2424 4232 Cui
2456 4169 2707 4234 accedit
2733 4185 2907 4250 saepe
2954 4169 3200 4250 saapius
3247 4187 3374 4233 usu
3423 4171 3674 4252 venire,

199 4272 280 4334 ut
307 4269 548 4333 similis
577 4269 882 4352 promissi
916 4273 1252 4334 auctorem
1281 4287 1481 4332 suum
1511 4269 1662 4333 aliis
1693 4270 1870 4332 curis
1908 4269 2302 4334 distractum
2329 4273 2396 4332 et
2423 4270 2818 4348 occupatum
2848 4267 3072 4348 capiat
3103 4267 3372 4331 oblivio.

285 4366 601 4432 Leontius
627 4365 1044 4448 Byzantinus
1073 4365 1588 4430 Ambrosianum
1616 4366 2074 4433 testimonium
2102 4368 2285 4449 citat,
2321 4387 2402 4430 ea:
2431 4366 2622 4440 libro,
2653 4365 2876 4448 inquit
2906 4365 3045 4448 (lib.
3077 4384 3126 4429 II
3165 4365 3352 4428 Cant.
3387 4366 3578 4430 Nest.
3615 4371 3678 4429 et

203 4465 482 4550 Eutych.
483 4469 544 4548 ),
583 4467 814 4528 contra
845 4463 1367 4547 Apollinarium,
1397 4465 1572 4547 quod
1603 4465 1675 4529 in
1704 4464 1838 4528 illis
1866 4464 2198 4544 operibus,
2242 4483 2392 4546 quas
2435 4481 2616 4527 nunc
2660 4461 2990 4526 Ambrosii
3020 4462 3291 4526 nomine
3319 4462 3682 4527 circumfe-

201 4565 466 4645 runtur,
499 4565 792 4644 negatur
823 4560 1132 4627 inveniri.
1170 4561 1294 4626 Sed
1323 4581 1459 4626 non
1496 4565 1599 4628 est
1637 4580 1756 4626 cur
1800 4579 2206 4643 magnopere
2250 4561 2662 4626 conﬁdamus
2704 4559 2910 4641 hujus
2957 4561 3245 4623 auctoris
3295 4560 3366 4624 in
3415 4560 3683 4626 citando

201 4661 601 4743 diligentias,
635 4659 880 4744 quippe
910 4660 1024 4744 qui
1056 4659 1224 4724 libro
1251 4679 1275 4724 ι
1313 4659 1559 4722 Contra
1594 4659 1976 4722 Nestorium
2015 4663 2078 4722 et
2119 4659 2518 4744 Eutycheten
2562 4659 2731 4722 duos
2771 4658 2946 4722 locos
2975 4657 3264 4740 proferat
3289 4658 3418 4722 sub
3451 4658 3681 4724 eodem

199 4757 537 4840 lemmate,
570 4775 737 4841 quos
763 4757 993 4822 tamen
1021 4758 1094 4822 in
1114 4757 1286 4824 libro
1324 4757 1427 4821 De
1455 4757 1723 4822 Incarn.
1749 4757 1943 4822 Dom.
1979 4757 2308 4835 Sacram.,
2349 4757 2464 4822 sed
2494 4774 2629 4820 non
2670 4755 2906 4819 iisdem
2934 4755 3208 4820 omnino
3237 4755 3458 4820 verbis
3488 4773 3581 4838 re;
3601 4773 3682 4821 e-

201 4856 333 4923 rire
355 4860 478 4922 est.
505 4856 674 4936 Quid
701 4875 862 4938 ergo
889 4856 948 4922 si
974 4857 1249 4922 tertium
1277 4857 1461 4922 hunc
1482 4857 1725 4936 locum,
1760 4873 1958 4940 quem
1987 4855 2294 4938 sequenti
2335 4855 2506 4920 libro
2535 4855 2818 4919 citatum
2857 4853 3154 4933 legimus
3177 4903 3192 4934 ,
3239 4855 3569 4934 tanquam
3595 4869 3678 4916 ex

201 4955 432 5020 eodem
455 4955 640 5020 fonte
667 4955 975 5036 petitum,
1018 4973 1150 5037 quo
1176 4955 1309 5019 duo
1339 4955 1462 5038 illi,
1497 4954 1703 5019 etiam
1731 4971 1813 5018 ex
1842 4953 2012 5018 libro
2041 4953 2144 5016 De
2170 4953 2640 5016 Incarnatione
2665 4951 2942 5016 ductum
2963 4950 3330 5031 credamus,
3368 4950 3520 5014 licet
3541 4967 3677 5014 non

203 5053 486 5120 servatis
516 5053 753 5118 iisdem
781 5052 1004 5118 verbis
1023 5055 1055 5117 7

282 5155 433 5220 Non
459 5153 702 5218 desunt
727 5151 1002 5216 tandem
1031 5151 1147 5234 qui
1175 5169 1258 5215 ex
1287 5151 1633 5234 splendido
1659 5149 2025 5230 Augustini
2055 5149 2195 5215 loco
2227 5150 2363 5233 (lib.
2407 5168 2455 5213 Π
2491 5147 2675 5212 Solit.
2711 5166 2855 5230 cap.
2893 5145 3011 5226 14),
3059 5161 3255 5226 quem
3287 5144 3450 5226 quia
3478 5146 3680 5226 paulo

201 5252 582 5334 productior
615 5254 739 5332 est,
775 5268 907 5314 non
939 5249 1319 5329 referemus,
1353 5249 1772 5313 Ambrosium
1805 5253 2108 5314 nostrum
2153 5249 2487 5333 peculiare
2533 5265 2700 5329 Opus
2753 5246 2856 5306 De
2893 5241 3405 5305 Immortalilate
3435 5244 3678 5306 animae

200 5350 487 5416 edidisse
515 5349 944 5414 contendant.
978 5348 1180 5430 Atqui
1207 5351 1438 5412 tamen
1467 5350 1544 5411 ut
1573 5347 1936 5427 Augustini
1966 5347 2170 5411 verba
2196 5348 2472 5428 plenum
2526 5363 2602 5408 ac
2648 5344 2988 5421 integrum
3036 5357 3308 5404 sensum
3357 5341 3676 5424 habeant,

201 5449 500 5513 sufﬁcere
529 5447 814 5526 videtur,
859 5445 1036 5528 quod
1063 5445 1452 5510 Ambrosius
1482 5445 1551 5508 in
1581 5445 1790 5508 variis
1818 5444 2006 5508 libris
2033 5445 2114 5509 de
2141 5445 2368 5508 eadem
2401 5439 2900 5507 immortalitate
2927 5437 3396 5520 disputaverit,
3434 5439 3498 5501 Si
3531 5441 3685 5520 quis

198 5564 353 5612 vero
389 5544 759 5610 defenderit
786 5544 1195 5626 pertinacius
1227 5545 1365 5607 illic
1392 5545 1756 5607 tractatum
1787 5559 1867 5606 ex
1907 5543 2237 5624 proposito
2284 5557 2483 5620 super
2529 5555 2607 5601 ea
2654 5554 2722 5599 re
2765 5535 3232 5600 elucubratum
3279 5535 3680 5615 signiﬁcari,

198 5659 280 5708 ea
308 5645 574 5726 quidem
603 5643 754 5724 lege
783 5661 918 5707 non
948 5661 1427 5724 repugnamus,
1465 5643 1620 5705 dum
1653 5641 1946 5722 epistolae
1977 5639 2065 5700 ad
2097 5638 2580 5701 Horontianum
2613 5634 2823 5718 (epist.
2867 5637 2946 5697 34
2991 5635 3056 5696 et
3104 5632 3269 5715 seq.)
3322 5651 3362 5696 a
3409 5633 3682 5696 Doctore

199 5745 424 5808 nostro
451 5744 624 5809 circa
651 5741 952 5808 eamdem
983 5741 1328 5808 materiem
1357 5741 1616 5824 scriptae
1649 5739 2142 5819 intelligantur.
