4128 6132
447 268 527 333 21
1922 266 2435 334 ΑΒΜΟΝΙΤΙΟ.
3849 268 3929 333 22

1186 735 1331 848 IN
1393 733 1742 850 TBES
1798 734 2295 852 LIBROS
2353 736 2534 847 DE
2591 735 3191 851 OFFICIIS

1914 987 2476 1061 ADMONITIO.

505 1382 651 1436 Cum
681 1381 1089 1438 honorabilem
1118 1380 1270 1434 inter
1298 1382 1550 1434 caeteros
1582 1378 1789 1433 fideles
1828 1377 1889 1433 in
1920 1379 2226 1437 Dominico
2273 1399 2457 1455 grege
2491 1383 2686 1439 locum
2716 1384 3017 1440 obtineant
3046 1386 3203 1441 sacri
3248 1386 3523 1454 ministri,
3578 1403 3694 1443 non
3731 1387 3921 1458 potuit

433 1473 792 1526 Ambrosius
824 1471 1100 1525 omnibus
1133 1469 1429 1540 parochiaa
1463 1468 1580 1523 sibi
1612 1468 1849 1522 creditae
1879 1468 2188 1524 ordinibus
2226 1473 2605 1527 instituendis
2655 1490 2955 1545 nunquam
2987 1490 3103 1529 non
3133 1476 3415 1543 intentus,
3451 1477 3713 1547 egregiae
3754 1476 3915 1532 illius

432 1562 720 1631 portionis
754 1576 952 1615 mores
981 1560 1055 1613 iis
1087 1560 1403 1629 praeceptis
1432 1558 1746 1613 destitutos
1778 1557 2134 1629 relinquere,
2169 1559 2387 1628 quibus
2422 1563 2477 1614 et
2509 1562 2636 1630 ipsa
2684 1561 2994 1630 pervenire
3040 1562 3114 1616 ad
3164 1577 3489 1634 congruam
3527 1578 3638 1618 suo
3685 1562 3917 1617 muneri

428 1650 883 1705 sanctimoniam
914 1650 1155 1716 valeret,
1182 1651 1237 1702 et
1267 1648 1545 1701 virtutum
1579 1646 1850 1717 exemplo
1884 1648 1942 1700 in
1981 1649 2187 1701 eadem
2214 1648 2309 1701 via
2338 1649 2495 1717 plebi
2524 1649 2756 1719 praeire.
2792 1650 2942 1704 Hinc
2976 1650 3145 1720 origo
3176 1651 3388 1705 horum
3418 1651 3705 1705 librorum
3732 1668 3745 1721 ;
3780 1668 3915 1705 nam

430 1756 567 1793 cum
598 1740 763 1809 prius
795 1754 941 1793 voce
973 1738 1225 1793 clericos
1257 1752 1402 1791 suos
1434 1737 1752 1790 informare
1783 1736 1856 1790 ad
1888 1736 2162 1806 pietatem
2193 1737 2402 1792 sedulo
2451 1738 2799 1807 studuisset,
2835 1742 3042 1808 postea
3085 1754 3157 1793 ne
3187 1739 3337 1793 datae
3370 1740 3802 1809 praeceptiones
3837 1756 3914 1794 cx

428 1845 636 1884 eorum
665 1829 879 1882 animis
911 1828 1187 1898 paulatim
1211 1827 1540 1893 eft'luerent,
1576 1826 1817 1880 easdem
1849 1826 1909 1879 in
1950 1827 2148 1895 operis
2181 1827 2427 1898 legitimi
2460 1844 2679 1897 corpus
2728 1828 2998 1882 redactas
3047 1829 3199 1897 ipsis
3242 1830 3413 1899 quasi
3439 1844 3643 1883 'manu
3672 1845 3740 1882 ac
3775 1829 3912 1884 sinu

426 1935 666 1988 semper
695 1918 971 1972 ferendas
1003 1917 1238 1972 tradere
1277 1915 1600 1971 constituit.
1631 1915 1774 1970 Jure
1804 1915 1986 1986 igitur
2024 1915 2215 1970 eidem
2253 1916 2426 1986 Operi
2460 1916 2689 1970 titulum
2720 1916 2860 1971 fecit
2892 1917 2976 1970 De
3013 1916 3223 1970 OI'Iicio
3252 1917 3694 1985 illinistrorum,
3730 1932 3909 1987 quem

428 2024 542 2061 nos
575 2024 648 2062 ex
682 2006 1102 2075 manuscriptis
1132 2005 1256 2060 fere
1288 2004 1564 2059 omnibus
1595 2020 1664 2060 ae
1694 2007 1848 2059 notae
1878 2005 2142 2059 melioris
2172 2006 2560 2059 restituimus.

501 2097 563 2150 In
592 2096 779 2167 primo
804 2096 952 2149 libro
985 2096 1135 2165 (cap.
1174 2094 1245 2164 1),
1278 2095 1474 2149 statim
1505 2094 1707 2148 causis
1735 2094 1855 2148 illis
1892 2094 2109 2164 quibus
2145 2095 2218 2149 ad
2246 2094 2629 2149 scribendum
2670 2094 2947 2149 inductus
2987 2098 3168 2164 esset,
3202 2111 3319 2149 non
3352 2095 3483 2148 sine
3512 2096 3773 2165 ingenua
3804 2094 3900 2148 sui

426 2185 787 2239 demissione
810 2184 1153 2254 propositis,
1188 2182 1446 2237 ostendit
1474 2184 1625 2252 (cap.
1660 2183 1693 2236 2
1726 2186 1782 2237 et
1813 2184 1967 2253 seq.)
2012 2183 2308 2237 silentium
2340 2184 2618 2253 Optimum
2652 2198 2790 2237 esse
2822 2184 3101 2254 loquendi
3144 2184 3515 2255 magistrum,
3557 2186 3612 2237 et
3650 2184 3907 2238 maxime

424 2275 486 2327 in
518 2276 600 2327 ira
630 2274 995 2327 retinendum
1024 2287 1036 2326 :
1091 2272 1225 2343 ejus
1256 2287 1398 2326 vero
1429 2271 1598 2344 leges
1632 2271 1982 2341 Prophetam
2022 2287 2227 2343 regem
2273 2274 2405 2325 ante
2440 2271 2832 2341 Pythagoram
2866 2276 2919 2324 et
2962 2272 3144 2324 multo
3179 2272 3557 2340 praestantius
3589 2271 3765 2324 nobis
3797 2271 3905 2323 de-

423 2364 591 2417 disse
622 2366 768 2432 (cap.
805 2362 889 2429 lO,
926 2378 1082 2415 num.
1118 2361 1234 2429 31.)
1264 2360 1411 2415 Tum
1440 2360 1810 2431 propositum
1840 2376 2014 2414 suum
2045 2376 2400 2432 aggressus,
2435 2360 2590 2414 unde
2614 2361 2836 2414 oriatur
2864 2375 2983 2413 vox
3018 2359 3287 2413 Ofﬁcium
3318 2364 3471 2427 (cap.
3508 2360 3541 2413 8
3571 2362 3626 2412 et
3660 2359 3736 2427 9),
3769 2375 3903 2428 quae

421 2452 504 2506 sit
535 2451 667 2522 ejus
698 2451 1073 2522 significatio,
1107 2453 1163 2504 et
1193 2453 1334 2521 quot
1365 2450 1423 2503 in
1453 2452 1650 2519 partes
1684 2449 2072 2504 distribuatur
2102 2450 2254 2520 (cap.
2304 2450 2414 2516 ll),
2465 2450 2613 2504 scite
2662 2449 2950 2519 explicat:
3007 2449 3280 2503 admonet
3320 2452 3513 2501 autem
3543 2449 3674 2501 ante
3708 2448 3903 2500 omnia

386 2538 756 2592 'Christiano
788 2539 915 2592 viro
948 2538 1273 2592 cavendum
1305 2553 1444 2592 esse
1468 2554 1561 2606 ne,
1586 2538 2078 2608 philosophorum
2110 2554 2294 2605 more,
2329 2538 2643 2593 honestum
2673 2541 2772 2592 aut
2804 2538 2944 2593 utile
2974 2554 3046 2591 ex
3079 2538 3196 2591 vita
3229 2537 3509 2607 przesenti
3542 2535 3903 2589 moliendum

416 2630 599 2697 putet,
635 2627 741 2681 sed
772 2642 849 2681 ex
879 2627 1092 2681 futura.
1124 2625 1397 2682 Officium
1427 2626 1684 2681 medium
1716 2627 1777 2681 in
1820 2630 2273 2698 praeceptorum,
2314 2628 2638 2697 perfectum
2687 2643 2829 2681 vero
2879 2626 2938 2680 in
2989 2628 3373 2681 consiliorum
3417 2625 3903 2695 evangelicorum

417 2717 835 2770 observatione
866 2717 1123 2786 positum
1155 2716 1312 2777 dicit,
1350 2715 1525 2786 idque
1556 2716 1932 2786 philosophis
1966 2717 2158 2770 sterili
2190 2720 2411 2771 tantum
2454 2715 2859 2786 speculatione
2904 2716 3095 2770 fuisse
3136 2716 3456 2787 cognitum.
3491 2713 3713 2768 Deinde
3743 2714 3895 2782 (cap.

422 2805 484 2858 l9.
525 2808 583 2859 et
630 2806 785 2875 seq.)
832 2805 1147 2859 confutatis
1199 2805 1552 2875 quibusdam
1596 2805 1925 2874 erroribus,
1969 2806 2041 2859 ad
2088 2806 2324 2878 singula
2363 2806 2708 2861 Officiorum
2752 2822 2974 2878 genera
3020 2795 3266 2860 accedit.
3302 2806 3365 2858 In
3414 2801 3896 2858 adolescentibus

414 2896 713 2965 praecipue
746 2894 1113 2949 commendat
1143 2893 1293 2964 (cap.
1344 2895 1407 2948 i7
1451 2894 1515 2948 et‘
1555 2895 1707 2965 seq).
1742 2895 1906 2949 illum
1944 2896 2250 2967 pudorem,
2283 2896 2381 2967 qui
2431 2912 2547 2951 non
2598 2897 2771 2950 modo
2822 2895 3178 2950 exteriorem
3224 2895 3485 2949 habitum
3535 2892 3709 2963 regit,
3752 2893 3810 2945 et
3837 2891 3898 2944 in

410 2986 591 3052 motu,
625 2984 887 3053 incessu,
920 2999 1217 3053 sermone,
1259 2986 1315 3038 et
1348 2984 1508 3038 victu
1538 2984 1769 3053 elucet;
1808 3001 2012 3039 verum
2059 2964 2233 3040 etiam
2266 2986 2528 3041 internas
2562 2986 2859 3057 componit
2890 2986 3219 3054 facultates,
3257 2984 3363 3039 Dei
3393 2982 3626 3037 scilicet
3655 2982 3887 3050 timore,

410 3073 790 3128 veneratione
840 3077 1164 3143 parentum,
1229 3076 1286 3128 et
1334 3074 1841 3143 perturbationum
1895 3073 2074 3129 animi
2119 3075 2540 3130 moderatione.
2604 3075 2675 3129 Et
2728 3074 2860 3130 haec
2908 3076 3144 3146 quidem
3203 3073 3462 3128 declarat
3517 3071 3897 3140 potissimum

408 3163 632 3233 requiri
663 3164 722 3216 in
750 3163 1021 3231 clericis;
1065 3164 1281 3234 quippe
1313 3179 1465 3235 quos
1511 3165 1670 3218 omni
1722 3180 1798 3219 ex
1824 3167 1987 3235 parte
2021 3167 2139 3218 tam
2189 3166 2347 3218 recte
2381 3164 2736 3218 constitutus
2782 3178 2920 3217 esse
2970 3164 3253 3232 oporteat,
3290 3163 3369 3228 ut,
3420 3160 3642 3214 nullam
3673 3159 3895 3212 invidis

413 3252 805 3306 calumniandi
836 3268 1043 3306 ansam
1073 3253 1430 3323 praebentes,
1464 3252 1734 3323 exemplo
1763 3253 1938 3307 bona)
1970 3253 2443 3308 conversationis
2468 3252 2698 3306 cunctis
2716 3253 3095 3322 prteluceant.
3125 3250 3335 3304 Postea
3358 3248 3509 3317 (cap.
3534 3246 3603 3301 25
3635 3250 3692 3299 et
3712 3246 3890 3317 seq.).

412 3340 483 3393 de
516 3341 851 3410 virtutibus,
884 3357 1032 3411 quas
1066 3341 1398 3396 cardinales
1427 3346 1659 3411 vocant,
1694 3342 1961 3397 instituta
1993 3340 2440 3411 disceptatione,
2473 3356 2576 3395 eas
2608 3341 2820 3394 astruit
2847 3339 3043 3394 fontes
3076 3354 3215 3394 esse
3245 3337 3427 3392 totius
3460 3335 3699 3390 honesti
3714 3337 3892 3405 atque

412 3429 635 3497 decori,
669 3430 827 3500 quod
859 3429 1040 3501 hujus
1071 3430 1203 3484 libri
1236 3434 1651 3502 argumentum
1683 3434 1793 3486 est.
1826 3431 2108 3497 Quamvis
2138 3433 2332 3485 autem
2375 3430 2493 3484 illis
2539 3431 2788 3485 virtutes
2838 3428 3103 3499 separari
3150 3428 3223 3481 ab
3273 3426 3528 3481 invicem
3558 3440 3675 3479 non
3708 3438 3893 3495 posse

412 3518 680 3588 fateatur,
712 3519 785 3573 de
803 3519 1060 3590 singulis
1094 3523 1289 3574 tamen
1319 3519 1640 3591 sejunctim
1669 3522 1824 3593 agit;
1860 3524 1915 3576 et
1944 3521 2132 3591 primo
2164 3520 2294 3575 loco
2342 3523 2479 3590 post
2512 3519 2843 3590 prudentia:
2882 3518 3283 3573 definitionem
3314 3518 3464 3586 (cap.
3500 3515 3611 3585 Ἥ),
3649 3515 3892 3585 sapien-

408 3610 501 3662 tes
540 3623 805 3679 paganos
853 3607 1218 3663 demonstrat
1258 3609 1544 3664 incidisse
1588 3610 1648 3664 in
1697 3624 1765 3664 ea
1799 3610 1941 3663 vitia
1971 3626 2104 3680 quae
2148 3624 2284 3664 cum
2331 3609 2461 3681 ipsa
2502 3624 2769 3681 pugnare
2819 3623 2939 3663 non
2983 3607 3354 3679 ignorabant.
3404 3604 3624 3659 Eadem
3665 3604 3890 3658 ratione

408 3699 619 3750 tractat
645 3697 716 3751 de
739 3695 968 3768 justitia
998 3697 1149 3768 (cap.
1182 3698 1252 3751 28
1281 3701 1337 3753 et
1367 3700 1543 3769 seq.),
1579 3698 1755 3769 cujus
1785 3699 2058 3753 diversas
2094 3700 2295 3768 partes
2339 3699 2653 3767 examinat,
2692 3698 2946 3751 maxime
2986 3712 3128 3750 vero
3159 3693 3570 3749 liberalitatem
3598 3709 3666 3746 ac
3698 3693 3888 3747 bene-

403 3786 740 3840 volentiam.
791 3786 875 3840 De
912 3785 1252 3841 fortitudine
1304 3790 1499 3842 autem
1542 3788 1724 3842 verba
1770 3786 1998 3842 faciens
2043 3786 2196 3859 (cap.
2241 3788 2312 3842 35
2348 3791 2405 3842 et
2445 3789 2622 3859 seq.),
2669 3803 2797 3842 eam
2836 3788 2897 3841 in
2938 3785 3175 3840 duobus
3214 3783 3545 3838 consistere
3588 3782 3777 3847 docet,
3824 3782 3887 3834 in

402 3891 609 3930 rerum
641 3880 1024 3929 externarum
1055 3874 1470 3947 deepicientia,
1496 3880 1554 3931 et
1582 3877 1642 3930 in
1674 3892 1764 3943 eo,
1799 3880 1861 3931 ut
1890 3876 2026 3947 quis
2058 3893 2161 3931 res
2174 3892 2437 3947 magnas,
2474 3876 2709 3939 arduas,
2738 3876 3063 3948 plenasque
3092 3873 3395 3928 labrorum
3414 3877 3472 3927 et
3486 3870 3889 3943 periculorum

403 3963 691 4033 suscipiat
720 3967 894 4035 atque
923 3968 1307 4035 exsequatur.
1342 3964 1466 4030 Qua
1498 3966 1814 4020 occasione
1846 3965 2039 4019 editos
2078 3965 2139 4019 in
2182 3966 2367 4020 veteri
2413 3966 2636 4021 foedere
2666 3966 2830 4020 viros
2857 3966 3010 4034 (cap.
3042 3964 3113 4018 40
3142 3966 3200 4017 et
3233 3963 3409 4033 seq.),
3443 3977 3476 4014 a
3506 3960 3725 4032 quibus
3756 3960 3888 4014 bel-

403 4053 519 4106 lica
552 4052 739 4124 gloria
771 4052 1000 4123 profani
1034 4052 1252 4107 heroes
1287 4059 1662 4123 superentur,
1695 4054 1987 4123 exemplis
2027 4054 2273 4124 probat:
2316 4055 2424 4108 sed
2473 4054 2869 4108 Christianam
2911 4052 3314 4108 fortitudinem
3351 4051 3571 4105 asserit
3603 4050 3665 4105 in
3694 4052 3877 4104 terrev

397 4156 608 4194 narum
655 4156 852 4195 rerum
897 4141 1304 4211 despicientia,
1354 4142 1709 4214 injuriarum
1760 4143 2271 4214 calamitatumque
2325 4143 2654 4209 tolerantia,
2705 4146 2763 4197 et
2818 4142 3211 4213 perpessione
3258 4139 3734 4195 saevissimorum
3775 4154 3884 4207 pro

400 4229 619 4283 Christi
653 4229 767 4284 fide
797 4229 1221 4300 suppliciorum
1256 4246 1396 4285 esse
1426 4231 1701 4301 positam.
1735 4233 2045 4288 Postremo
2074 4232 2147 4288 de
2178 4232 2564 4302 temperantia
2591 4232 2792 4288 dicere
2821 4233 3078 4288 adorans
3108 4232 3259 4301 (cap.
3291 4230 3361 4285 43
3392 4232 3448 4285 et
3477 4231 3653 4300 seq.),
3687 4229 3883 4284 omnia

402 4318 537 4390 ejus
570 4319 832 4373 membra
864 4320 1139 4389 explicat,
1174 4335 1426 4391 quorum
1465 4322 1565 4375 illa
1601 4322 1903 4392 praecipua
1943 4326 2104 4391 sunt,
2142 4321 2526 4393 tranquilitns
2567 4322 2770 4388 animi,
2819 4321 3078 4377 studium
3114 4318 3607 4387 mansuetudinis,
3644 4316 3884 4372 honesti

402 4424 562 4472 cura,
599 4407 806 4463 decori
836 4407 1269 4464 consideratio:
1301 4409 1519 4481 quibus
1553 4409 1833 4482 adjicitur
1859 4410 2004 4466 illud
2034 4410 2333 4482 placitum,
2366 4410 2578 4465 minori
2601 4410 2897 4467 honestati
2917 4409 3205 4483 majorem
3219 4422 3456 4478 semper
3485 4419 3625 4461 esse
3654 4418 3888 4475 praepo-

400 4497 676 4551 nendum.

472 4586 560 4641 Ab
589 4586 722 4656 ipso
761 4585 962 4641 limine
991 4586 1241 4641 secundi
1286 4587 1426 4643 libri
1455 4590 1723 4645 eamdem
1763 4591 2135 4647 honestatem
2176 4588 2438 4645 felicitati
2487 4591 2681 4644 ortum
2722 4588 2995 4660 praebere
3035 4587 3137 4642 ubi
3167 4583 3596 4641 demonstravit
3638 4581 3766 4654 (lib.
3811 4599 3875 4653 ιι,

398 4690 453 4729 c°
488 4676 563 4745 1),
597 4674 1091 4746 philosophorum
1128 4692 1197 4730 ac
1229 4675 1536 4733 Ciceronis
1568 4678 1725 4733 circa
1756 4679 1940 4751 hujus
1968 4680 2106 4735 vitae
2136 4694 2480 4750 supremum
2511 4678 2732 4733 bonum
2762 4691 3000 4732 errores
3030 4674 3247 4730 refellit
3274 4675 3426 4745 (cap.
3461 4674 3494 4728 2
3521 4675 3579 4728 et
3609 4671 3786 4745 seq.),
3821 4670 3884 4726 in

396 4764 736 4835 cognitione
758 4763 1119 4833 divinitatis,
1156 4772 1213 4819 et
1248 4764 1448 4820 fructu
1478 4766 1646 4822 bonae
1676 4769 2043 4840 operationis
2065 4769 2206 4825 illud
2238 4769 2418 4823 situm
2447 4782 2585 4822 esse
2614 4765 2996 4837 patefaciens.
3020 4764 3167 4819 Cum
3196 4778 3340 4820 vero
3367 4763 3441 4818 ad
3470 4763 3626 4818 idem
3657 4762 3884 4817 hones-

396 4856 518 4906 tum
548 4867 654 4921 per
683 4851 902 4906 bonum
934 4852 1073 4907 utile
1103 4854 1504 4924 perveniatur,
1539 4855 1611 4911 de
1644 4856 1756 4912 hoc
1779 4858 2037 4929 disputat
2067 4858 2127 4912 in
2148 4860 2269 4911 toto
2289 4856 2475 4925 libro;
2508 4870 2759 4926 cumque
2790 4853 2903 4909 hoc
2926 4854 3123 4924 ipsum
3146 4857 3206 4909 et
3235 4852 3524 4908 consistat
3555 4851 3615 4905 in
3643 4851 3878 4921 pietate,

394 4944 454 4995 et
483 4941 557 4994 ab
590 4940 840 4994 honesto
873 4941 949 4994 sit
972 4940 1291 4996 indivisum
1321 4943 1473 5014 (cap.
1507 4946 1541 4999 6
1580 4948 1637 4999 et
1666 4948 1844 5018 seq.);
1877 4947 2205 5018 comparari
2236 4961 2353 5000 non
2385 4960 2567 5015 posse
2617 4946 2807 5012 docet,
2847 4943 2964 4998 nisi
3003 4959 3204 5000 earum
3254 4942 3533 4997 virtutum
3563 4939 3877 5008 beneflcio,

390 5044 528 5100 qum
559 5028 776 5082 claram
805 5029 958 5098 apud
992 5030 1262 5085 homines
1294 5032 1789 5088 existimationem
1813 5035 2273 5106 charitatemque
2306 5034 2480 5090 nobis
2512 5034 2841 5105 acquirunt.
2868 5034 3054 5089 Porro
3086 5031 3379 5103 triplicem
3402 5031 3707 5085 hominum
3730 5044 3880 5083 con-

395 5117 782 5171 ciliandorum
814 5118 1098 5172 rationem
1132 5120 1305 5174 tradit
1334 5122 1487 5191 (cap.
1520 5123 1553 5174 8
1583 5126 1640 5176 et
1670 5124 1846 5193 seq.),
1871 5127 1932 5178 ut
1967 5124 2101 5194 quis
2135 5123 2365 5178 scilicet
2396 5139 2599 5177 eorum
2631 5138 2892 5178 amorem
2921 5121 3333 5189 beneﬁcentia,
3358 5120 3536 5174 fidem
3562 5119 3791 5190 justitia
3824 5121 3882 5173 et

394 5206 725 5277 prudentia,
759 5222 867 5260 nec
901 5223 1016 5261 non
1049 5209 1390 5280 insignibus
1420 5227 1488 5264 ac
1518 5213 1943 5280 praestantibus
1976 5212 2147 5266 factis
2179 5214 2295 5268 sibi
2331 5213 2643 5267 devinciat.
2680 5213 2824 5267 Haec
2869 5213 3064 5266 omnia
3111 5211 3364 5265 illustrat
3412 5208 3878 5280 appositissimis

392 5296 706 5364 exemplis,
740 5298 795 5349 et
828 5296 1141 5350 maximam
1176 5303 1395 5367 partem
1429 5315 1503 5353 ex
1535 5300 1729 5353 divina
1776 5302 2119 5356 auctoritate
2154 5302 2446 5372 sumptis;
2483 5302 2591 5356 sed
2635 5301 2779 5356 nihil
2829 5299 3023 5371 magis
3072 5300 3232 5370 pium
3277 5298 3607 5369 excogitari
3645 5282 3867 5367 potest,

392 5400 570 5453 quam
597 5383 689 5435 illa
722 5388 1044 5453 ppzeccpta,
1077 5385 1297 5455 quibus
1329 5386 1400 5440 ad
1434 5402 1611 5456 opera
1644 5388 2070 5443 misericordiae
2102 5392 2253 5461 (cap.
2296 5392 2356 5445 15
2386 5395 2441 5445 et
2472 5392 2627 5461 seq.)
2664 5394 2720 5444 et
2754 5390 2949 5445 ofﬁcia
2981 5389 3174 5443 omnia
3205 5405 3337 5459 quae
3368 5388 3439 5440 ad
3477 5390 3732 5441 mutuam
3764 5385 3876 5437 ho-

388 5474 613 5525 minum
643 5471 793 5526 inter
825 5488 892 5526 se
926 5474 1270 5528 societatem
1301 5476 1615 5545 pertinent,
1652 5476 1945 5545 informat,
1979 5478 2274 5548 simulque
2306 5480 2445 5533 vitia
2463 5479 2801 5549 proscribit.

466 5563 526 5614 In
552 5562 719 5616 tertio
749 5561 901 5617 libro
934 5562 1153 5617 bonum
1184 5563 1499 5625 honestum
1538 5582 1671 5619 cum
1719 5565 1847 5619 utili
1895 5570 2194 5636 comparat
2243 5570 2487 5623 sanctus
2537 5568 2783 5636 l’raesul,
2830 5566 2937 5622 sed
2982 5583 3093 5623 nos
3127 5567 3441 5621 admouere
3475 5564 3598 5633 (lib.
3627 5579 3707 5629 Ill,
3742 5576 3871 5630 cap.

382 5653 440 5711 2)
465 5666 837 5722 nequaquam
868 5652 1136 5724 negligit,
1169 5652 1299 5707 haec
1326 5653 1442 5708 duo
1490 5654 1781 5709 bonorum
1832 5670 2053 5726 genera
2091 5655 2151 5710 in
2197 5654 2380 5726 justis
2430 5656 2576 5710 viris
2610 5654 2911 5712 insolubili
2952 5655 3107 5711 nodo
3140 5654 3456 5727 conjuncta
3488 5665 3662 5721 esse;
3697 5652 3872 5723 atque
