  <div class='ocr_page' id='page_1' title='image "/cluster/home/n/w/nwhite01/storage/ocr_20150623/16/hvd.32044096580444/017.png"; bbox 0 0 4002 6150; ppageno 0'>
   <div class='ocr_carea' id='block_1_1' title="bbox 236 314 3713 404">
    <p class='ocr_par' dir='ltr' id='par_1_1' title="bbox 236 314 3713 404">
     <span class='ocr_line' id='line_1_1' title="bbox 236 314 3713 404; baseline 0.004 -19"><span class='ocrx_word' id='word_1_1' title='bbox 236 314 316 385; x_wconf 79' lang='lat'>23</span> <span class='ocrx_word' id='word_1_2' title='bbox 1104 394 1112 404; x_wconf 63' lang='grc'><strong>,</strong></span> <span class='ocrx_word' id='word_1_3' title='bbox 1696 325 1761 390; x_wconf 90' lang='lat' dir='ltr'>s.</span> <span class='ocrx_word' id='word_1_4' title='bbox 1807 325 2249 392; x_wconf 68' lang='lat' dir='ltr'>meacsn.</span> <span class='ocrx_word' id='word_1_5' title='bbox 3635 335 3713 398; x_wconf 79' lang='lat'>24</span> 
     </span>
    </p>
   </div>
   <div class='ocr_carea' id='block_1_2' title="bbox 236 545 3706 624">
    <p class='ocr_par' dir='ltr' id='par_1_2' title="bbox 236 545 3706 624">
     <span class='ocr_line' id='line_1_2' title="bbox 236 545 3706 624; baseline 0.002 -22"><span class='ocrx_word' id='word_1_6' title='bbox 236 545 385 603; x_wconf 83' lang='lat' dir='ltr'>adeo</span> <span class='ocrx_word' id='word_1_7' title='bbox 417 545 789 604; x_wconf 80' lang='lat' dir='ltr'>collationem</span> <span class='ocrx_word' id='word_1_8' title='bbox 821 547 973 604; x_wconf 87' lang='lat' dir='ltr'>hanc</span> <span class='ocrx_word' id='word_1_9' title='bbox 1002 564 1120 604; x_wconf 90' lang='lat' dir='ltr'>non</span> <span class='ocrx_word' id='word_1_10' title='bbox 1149 548 1394 618; x_wconf 79' lang='lat' dir='ltr'>institui,</span> <span class='ocrx_word' id='word_1_11' title='bbox 1428 548 1543 603; x_wconf 86' lang='lat' dir='ltr'>nisi</span> <span class='ocrx_word' id='word_1_12' title='bbox 1577 564 1652 603; x_wconf 79' lang='lat' dir='ltr'><strong>ex</strong></span> <span class='ocrx_word' id='word_1_13' title='bbox 1682 547 1846 619; x_wconf 88' lang='lat' dir='ltr'>vulgi</span> <span class='ocrx_word' id='word_1_14' title='bbox 1877 547 2153 618; x_wconf 85' lang='lat' dir='ltr'>Opinione</span> <span class='ocrx_word' id='word_1_15' title='bbox 2174 548 2303 603; x_wconf 72' lang='lat' dir='ltr'>lucc</span> <span class='ocrx_word' id='word_1_16' title='bbox 2338 548 2464 620; x_wconf 86' lang='lat' dir='ltr'>ipsa</span> <span class='ocrx_word' id='word_1_17' title='bbox 2498 546 2895 620; x_wconf 74' lang='lat' dir='ltr'>scjuugentis.</span> <span class='ocrx_word' id='word_1_18' title='bbox 2932 548 3059 605; x_wconf 78' lang='lat' dir='ltr'>Hoc</span> <span class='ocrx_word' id='word_1_19' title='bbox 3090 549 3226 605; x_wconf 90' lang='lat' dir='ltr'>enin</span> <span class='ocrx_word' id='word_1_20' title='bbox 3259 552 3537 623; x_wconf 73' lang='lat' dir='ltr'>generale</span> <span class='ocrx_word' id='word_1_21' title='bbox 3579 553 3706 624; x_wconf 87' lang='lat' dir='ltr'>pla-</span> 
     </span>
    </p>
   </div>
   <div class='ocr_carea' id='block_1_3' title="bbox 233 636 3712 714">
    <p class='ocr_par' dir='ltr' id='par_1_3' title="bbox 233 636 3712 714">
     <span class='ocr_line' id='line_1_3' title="bbox 233 636 3712 714; baseline 0.002 -23"><span class='ocrx_word' id='word_1_22' title='bbox 233 637 415 692; x_wconf 88' lang='lat' dir='ltr'>citum</span> <span class='ocrx_word' id='word_1_23' title='bbox 439 636 760 707; x_wconf 80' lang='lat' dir='ltr'>constituit,</span> <span class='ocrx_word' id='word_1_24' title='bbox 794 639 857 691; x_wconf 89' lang='lat' dir='ltr'>ut</span> <span class='ocrx_word' id='word_1_25' title='bbox 886 637 1080 692; x_wconf 90' lang='lat' dir='ltr'>bonus</span> <span class='ocrx_word' id='word_1_26' title='bbox 1111 637 1204 691; x_wconf 89' lang='lat' dir='ltr'>vir</span> <span class='ocrx_word' id='word_1_27' title='bbox 1231 637 1389 693; x_wconf 84' lang='lat' dir='ltr'>nihil</span> <span class='ocrx_word' id='word_1_28' title='bbox 1413 636 1594 692; x_wconf 80' lang='lat' dir='ltr'>alteri</span> <span class='ocrx_word' id='word_1_29' title='bbox 1615 636 2046 692; x_wconf 79' lang='lat' dir='ltr'>detrahendum</span> <span class='ocrx_word' id='word_1_30' title='bbox 2058 642 2246 708; x_wconf 78' lang='lat' dir='ltr'>putei,</span> <span class='ocrx_word' id='word_1_31' title='bbox 2275 654 2381 692; x_wconf 83' lang='lat' dir='ltr'>nec</span> <span class='ocrx_word' id='word_1_32' title='bbox 2399 638 2652 692; x_wconf 77' lang='lat' dir='ltr'>alterius</span> <span class='ocrx_word' id='word_1_33' title='bbox 2672 638 3032 694; x_wconf 86' lang='lat' dir='ltr'>incommodo</span> <span class='ocrx_word' id='word_1_34' title='bbox 3058 655 3223 694; x_wconf 86' lang='lat' dir='ltr'>suum</span> <span class='ocrx_word' id='word_1_35' title='bbox 3244 639 3469 695; x_wconf 89' lang='lat' dir='ltr'>lucrum</span> <span class='ocrx_word' id='word_1_36' title='bbox 3500 645 3712 714; x_wconf 83' lang='lat' dir='ltr'>augeri</span> 
     </span>
    </p>
   </div>
   <div class='ocr_carea' id='block_1_4' title="bbox 236 724 3713 798">
    <p class='ocr_par' dir='ltr' id='par_1_4' title="bbox 236 724 3713 798">
     <span class='ocr_line' id='line_1_4' title="bbox 236 724 3713 798; baseline 0.002 -20"><span class='ocrx_word' id='word_1_37' title='bbox 236 724 383 780; x_wconf 79' lang='lat' dir='ltr'>velit</span> <span class='ocrx_word' id='word_1_38' title='bbox 407 724 601 794; x_wconf 91' lang='lat' dir='ltr'>(lbid.,</span> <span class='ocrx_word' id='word_1_39' title='bbox 637 741 796 779; x_wconf 90' lang='lat' dir='ltr'>num.</span> <span class='ocrx_word' id='word_1_40' title='bbox 832 726 940 795; x_wconf 80' lang='grc'>13).</span> <span class='ocrx_word' id='word_1_41' title='bbox 973 724 1140 795; x_wconf 85' lang='lat' dir='ltr'>Quod</span> <span class='ocrx_word' id='word_1_42' title='bbox 1172 742 1305 779; x_wconf 91' lang='lat' dir='ltr'>cum</span> <span class='ocrx_word' id='word_1_43' title='bbox 1338 724 1707 780; x_wconf 89' lang='lat' dir='ltr'>naturalibus</span> <span class='ocrx_word' id='word_1_44' title='bbox 1757 725 2148 795; x_wconf 85' lang='lat' dir='ltr'>humanisque</span> <span class='ocrx_word' id='word_1_45' title='bbox 2189 725 2446 796; x_wconf 75' lang='lat' dir='ltr'>legibus,</span> <span class='ocrx_word' id='word_1_46' title='bbox 2491 730 2611 779; x_wconf 89' lang='lat' dir='ltr'>tum</span> <span class='ocrx_word' id='word_1_47' title='bbox 2653 725 2871 779; x_wconf 89' lang='lat' dir='ltr'>divinis</span> <span class='ocrx_word' id='word_1_48' title='bbox 2916 741 2991 779; x_wconf 81' lang='lat' dir='ltr'>ex</span> <span class='ocrx_word' id='word_1_49' title='bbox 3039 729 3287 798; x_wconf 88' lang='lat' dir='ltr'>utroque</span> <span class='ocrx_word' id='word_1_50' title='bbox 3337 728 3713 786; x_wconf 89' lang='lat' dir='ltr'>Testamento</span> 
     </span>
    </p>
   </div>
   <div class='ocr_carea' id='block_1_5' title="bbox 228 812 3711 886">
    <p class='ocr_par' dir='ltr' id='par_1_5' title="bbox 228 812 3711 886">
     <span class='ocr_line' id='line_1_5' title="bbox 228 812 3711 886; baseline 0.001 -18"><span class='ocrx_word' id='word_1_51' title='bbox 228 813 432 884; x_wconf 85' lang='lat' dir='ltr'>petitis</span> <span class='ocrx_word' id='word_1_52' title='bbox 464 812 674 883; x_wconf 89' lang='lat' dir='ltr'>probat</span> <span class='ocrx_word' id='word_1_53' title='bbox 705 814 854 884; x_wconf 92' lang='lat' dir='ltr'>(cap.</span> <span class='ocrx_word' id='word_1_54' title='bbox 886 815 921 868; x_wconf 88' lang='lat'><strong>3</strong></span> <span class='ocrx_word' id='word_1_55' title='bbox 949 817 1006 868; x_wconf 90' lang='lat' dir='ltr'>et</span> <span class='ocrx_word' id='word_1_56' title='bbox 1036 814 1214 885; x_wconf 83' lang='lat' dir='ltr'>seq.);</span> <span class='ocrx_word' id='word_1_57' title='bbox 1250 814 1323 868; x_wconf 92' lang='lat' dir='ltr'>iis</span> <span class='ocrx_word' id='word_1_58' title='bbox 1353 830 1497 868; x_wconf 81' lang='lat' dir='ltr'>vero</span> <span class='ocrx_word' id='word_1_59' title='bbox 1539 830 1670 885; x_wconf 73' lang='lat' dir='ltr'>quae</span> <span class='ocrx_word' id='word_1_60' title='bbox 1721 817 1921 870; x_wconf 87' lang='lat' dir='ltr'>contra</span> <span class='ocrx_word' id='word_1_61' title='bbox 1974 813 2182 869; x_wconf 67' lang='lat' dir='ltr'>isthicc</span> <span class='ocrx_word' id='word_1_62' title='bbox 2226 813 2343 866; x_wconf 89' lang='lat' dir='ltr'>sibi</span> <span class='ocrx_word' id='word_1_63' title='bbox 2390 812 2615 882; x_wconf 75' lang='lat' dir='ltr'>objicit,</span> <span class='ocrx_word' id='word_1_64' title='bbox 2651 813 2809 867; x_wconf 84' lang='lat' dir='ltr'>illam</span> <span class='ocrx_word' id='word_1_65' title='bbox 2857 814 3095 868; x_wconf 83' lang='lat' dir='ltr'>adhibet</span> <span class='ocrx_word' id='word_1_66' title='bbox 3127 816 3503 886; x_wconf 81' lang='lat' dir='ltr'>solutionem,</span> <span class='ocrx_word' id='word_1_67' title='bbox 3536 818 3711 872; x_wconf 85' lang='lat' dir='ltr'>Chri-</span> 
     </span>
    </p>
   </div>
   <div class='ocr_carea' id='block_1_6' title="bbox 235 900 3708 974">
    <p class='ocr_par' dir='ltr' id='par_1_6' title="bbox 235 900 3708 974">
     <span class='ocr_line' id='line_1_6' title="bbox 235 900 3708 974; baseline 0.002 -20"><span class='ocrx_word' id='word_1_68' title='bbox 235 900 449 956; x_wconf 88' lang='lat' dir='ltr'>stianis</span> <span class='ocrx_word' id='word_1_69' title='bbox 480 901 629 956; x_wconf 89' lang='lat' dir='ltr'>viris</span> <span class='ocrx_word' id='word_1_70' title='bbox 659 901 732 956; x_wconf 91' lang='lat' dir='ltr'>ab</span> <span class='ocrx_word' id='word_1_71' title='bbox 764 902 1034 973; x_wconf 84' lang='lat' dir='ltr'>exemplo</span> <span class='ocrx_word' id='word_1_72' title='bbox 1064 902 1304 971; x_wconf 81' lang='lat' dir='ltr'>Christi,</span> <span class='ocrx_word' id='word_1_73' title='bbox 1340 904 1441 974; x_wconf 89' lang='lat' dir='ltr'>qui</span> <span class='ocrx_word' id='word_1_74' title='bbox 1470 903 1677 958; x_wconf 81' lang='lat' dir='ltr'>alienae</span> <span class='ocrx_word' id='word_1_75' title='bbox 1710 903 1940 957; x_wconf 82' lang='lat' dir='ltr'>utilitati</span> <span class='ocrx_word' id='word_1_76' title='bbox 1986 918 2153 956; x_wconf 88' lang='lat' dir='ltr'>suam</span> <span class='ocrx_word' id='word_1_77' title='bbox 2184 918 2480 971; x_wconf 84' lang='lat' dir='ltr'>nunquam</span> <span class='ocrx_word' id='word_1_78' title='bbox 2522 902 2873 971; x_wconf 89' lang='lat' dir='ltr'>anteposuit,</span> <span class='ocrx_word' id='word_1_79' title='bbox 2928 919 3044 957; x_wconf 89' lang='lat' dir='ltr'>non</span> <span class='ocrx_word' id='word_1_80' title='bbox 3089 904 3536 960; x_wconf 87' lang='lat' dir='ltr'>discedendum.</span> <span class='ocrx_word' id='word_1_81' title='bbox 3570 908 3708 962; x_wconf 91' lang='lat' dir='ltr'>Inde</span> 
     </span>
    </p>
   </div>
   <div class='ocr_carea' id='block_1_7' title="bbox 232 988 3709 1065">
    <p class='ocr_par' dir='ltr' id='par_1_7' title="bbox 232 988 3709 1065">
     <span class='ocr_line' id='line_1_7' title="bbox 232 988 3709 1065; baseline 0.002 -22"><span class='ocrx_word' id='word_1_82' title='bbox 232 988 461 1061; x_wconf 79' lang='lat' dir='ltr'>colligit</span> <span class='ocrx_word' id='word_1_83' title='bbox 490 989 549 1043; x_wconf 90' lang='lat' dir='ltr'>in</span> <span class='ocrx_word' id='word_1_84' title='bbox 580 989 738 1044; x_wconf 91' lang='lat' dir='ltr'>omni</span> <span class='ocrx_word' id='word_1_85' title='bbox 769 992 903 1044; x_wconf 89' lang='lat' dir='ltr'>actu</span> <span class='ocrx_word' id='word_1_86' title='bbox 933 993 1107 1061; x_wconf 91' lang='lat' dir='ltr'>atque</span> <span class='ocrx_word' id='word_1_87' title='bbox 1157 994 1481 1060; x_wconf 90' lang='lat' dir='ltr'>contractu,</span> <span class='ocrx_word' id='word_1_88' title='bbox 1515 1006 1753 1061; x_wconf 89' lang='lat' dir='ltr'>semper</span> <span class='ocrx_word' id='word_1_89' title='bbox 1789 994 1846 1045; x_wconf 90' lang='lat' dir='ltr'>et</span> <span class='ocrx_word' id='word_1_90' title='bbox 1892 992 1948 1044; x_wconf 90' lang='lat' dir='ltr'>in</span> <span class='ocrx_word' id='word_1_91' title='bbox 1992 1005 2346 1061; x_wconf 89' lang='lat' dir='ltr'>quocunque</span> <span class='ocrx_word' id='word_1_92' title='bbox 2394 1006 2537 1044; x_wconf 90' lang='lat' dir='ltr'>casu</span> <span class='ocrx_word' id='word_1_93' title='bbox 2586 990 2901 1045; x_wconf 90' lang='lat' dir='ltr'>honestum</span> <span class='ocrx_word' id='word_1_94' title='bbox 2945 992 3073 1046; x_wconf 91' lang='lat' dir='ltr'>utili</span> <span class='ocrx_word' id='word_1_95' title='bbox 3121 994 3390 1064; x_wconf 84' lang='lat' dir='ltr'>praeferri</span> <span class='ocrx_word' id='word_1_96' title='bbox 3438 1000 3709 1065; x_wconf 87' lang='lat' dir='ltr'>oportere</span> 
     </span>
    </p>
   </div>
   <div class='ocr_carea' id='block_1_8' title="bbox 232 1078 3704 1154">
    <p class='ocr_par' dir='ltr' id='par_1_8' title="bbox 232 1078 3704 1154">
     <span class='ocr_line' id='line_1_8' title="bbox 232 1078 3704 1154; baseline 0.002 -22"><span class='ocrx_word' id='word_1_97' title='bbox 232 1078 385 1147; x_wconf 89' lang='lat' dir='ltr'>(cap.</span> <span class='ocrx_word' id='word_1_98' title='bbox 419 1078 452 1130; x_wconf 88' lang='lat'><strong>5</strong></span> <span class='ocrx_word' id='word_1_99' title='bbox 473 1081 529 1132; x_wconf 91' lang='lat' dir='ltr'>et</span> <span class='ocrx_word' id='word_1_100' title='bbox 559 1078 736 1149; x_wconf 84' lang='lat' dir='ltr'>seq.);</span> <span class='ocrx_word' id='word_1_101' title='bbox 766 1079 940 1133; x_wconf 90' lang='lat' dir='ltr'>etiam</span> <span class='ocrx_word' id='word_1_102' title='bbox 972 1079 1024 1132; x_wconf 90' lang='lat' dir='ltr'>si</span> <span class='ocrx_word' id='word_1_103' title='bbox 1054 1079 1305 1134; x_wconf 79' lang='lat' dir='ltr'>maxime</span> <span class='ocrx_word' id='word_1_104' title='bbox 1339 1082 1637 1149; x_wconf 75' lang='lat' dir='ltr'>constaret</span> <span class='ocrx_word' id='word_1_105' title='bbox 1668 1079 1931 1134; x_wconf 84' lang='lat' dir='ltr'>fraudem</span> <span class='ocrx_word' id='word_1_106' title='bbox 1964 1081 2226 1133; x_wconf 86' lang='lat' dir='ltr'>nostram</span> <span class='ocrx_word' id='word_1_107' title='bbox 2261 1078 2380 1131; x_wconf 90' lang='lat' dir='ltr'>Dec</span> <span class='ocrx_word' id='word_1_108' title='bbox 2413 1078 2655 1147; x_wconf 87' lang='lat' dir='ltr'>perinde</span> <span class='ocrx_word' id='word_1_109' title='bbox 2686 1082 2858 1149; x_wconf 89' lang='lat' dir='ltr'>atque</span> <span class='ocrx_word' id='word_1_110' title='bbox 2891 1080 3231 1136; x_wconf 90' lang='lat' dir='ltr'>hominibus</span> <span class='ocrx_word' id='word_1_111' title='bbox 3264 1082 3390 1137; x_wconf 89' lang='lat' dir='ltr'>fore</span> <span class='ocrx_word' id='word_1_112' title='bbox 3421 1084 3704 1154; x_wconf 81' lang='lat' dir='ltr'>ignotam.</span> 
     </span>
    </p>
   </div>
   <div class='ocr_carea' id='block_1_9' title="bbox 232 1164 3712 1239">
    <p class='ocr_par' dir='ltr' id='par_1_9' title="bbox 232 1164 3712 1239">
     <span class='ocr_line' id='line_1_9' title="bbox 232 1164 3712 1239; baseline 0.001 -17"><span class='ocrx_word' id='word_1_113' title='bbox 232 1165 411 1222; x_wconf 81' lang='lat' dir='ltr'>Addit</span> <span class='ocrx_word' id='word_1_114' title='bbox 457 1164 608 1219; x_wconf 89' lang='lat' dir='ltr'>hanc</span> <span class='ocrx_word' id='word_1_115' title='bbox 636 1164 830 1238; x_wconf 88' lang='lat' dir='ltr'>legem</span> <span class='ocrx_word' id='word_1_116' title='bbox 878 1166 950 1220; x_wconf 90' lang='lat' dir='ltr'>ab</span> <span class='ocrx_word' id='word_1_117' title='bbox 991 1167 1124 1237; x_wconf 91' lang='lat' dir='ltr'>ipso</span> <span class='ocrx_word' id='word_1_118' title='bbox 1171 1168 1292 1222; x_wconf 92' lang='lat' dir='ltr'>Dec</span> <span class='ocrx_word' id='word_1_119' title='bbox 1343 1167 1630 1221; x_wconf 78' lang='lat' dir='ltr'>sancitum</span> <span class='ocrx_word' id='word_1_120' title='bbox 1674 1184 1833 1235; x_wconf 92' lang='lat' dir='ltr'>esse,</span> <span class='ocrx_word' id='word_1_121' title='bbox 1885 1171 2059 1238; x_wconf 84' lang='lat' dir='ltr'>atque</span> <span class='ocrx_word' id='word_1_122' title='bbox 2109 1167 2255 1221; x_wconf 83' lang='lat' dir='ltr'>adeo</span> <span class='ocrx_word' id='word_1_123' title='bbox 2305 1166 2378 1220; x_wconf 88' lang='lat' dir='ltr'>ad</span> <span class='ocrx_word' id='word_1_124' title='bbox 2424 1170 2660 1221; x_wconf 87' lang='lat' dir='ltr'>veteres</span> <span class='ocrx_word' id='word_1_125' title='bbox 2712 1167 2943 1222; x_wconf 86' lang='lat' dir='ltr'>fabulas</span> <span class='ocrx_word' id='word_1_126' title='bbox 2992 1185 3109 1223; x_wconf 92' lang='lat' dir='ltr'>non</span> <span class='ocrx_word' id='word_1_127' title='bbox 3148 1172 3593 1239; x_wconf 89' lang='lat' dir='ltr'>recurrendum,</span> <span class='ocrx_word' id='word_1_128' title='bbox 3649 1177 3712 1227; x_wconf 88' lang='lat' dir='ltr'>ut</span> 
     </span>
    </p>
   </div>
   <div class='ocr_carea' id='block_1_10' title="bbox 233 1254 3712 1331">
    <p class='ocr_par' dir='ltr' id='par_1_10' title="bbox 233 1254 3712 1331">
     <span class='ocr_line' id='line_1_10' title="bbox 233 1254 3712 1331; baseline 0.002 -23"><span class='ocrx_word' id='word_1_129' title='bbox 233 1256 535 1308; x_wconf 90' lang='lat' dir='ltr'>astruatur</span> <span class='ocrx_word' id='word_1_130' title='bbox 561 1269 661 1309; x_wconf 90' lang='lat' dir='ltr'>res</span> <span class='ocrx_word' id='word_1_131' title='bbox 694 1254 1028 1310; x_wconf 88' lang='lat' dir='ltr'>certissima</span> <span class='ocrx_word' id='word_1_132' title='bbox 1054 1272 1069 1326; x_wconf 82' lang='lat'><strong>;</strong></span> <span class='ocrx_word' id='word_1_133' title='bbox 1100 1254 1493 1311; x_wconf 86' lang='lat' dir='ltr'>Christianam</span> <span class='ocrx_word' id='word_1_134' title='bbox 1525 1256 1682 1311; x_wconf 91' lang='lat' dir='ltr'>enim</span> <span class='ocrx_word' id='word_1_135' title='bbox 1712 1256 2061 1327; x_wconf 62' lang='lat' dir='ltr'>religionem</span> <span class='ocrx_word' id='word_1_136' title='bbox 2092 1255 2275 1326; x_wconf 81' lang='lat' dir='ltr'>hujus</span> <span class='ocrx_word' id='word_1_137' title='bbox 2306 1256 2572 1326; x_wconf 83' lang='lat' dir='ltr'>exempla</span> <span class='ocrx_word' id='word_1_138' title='bbox 2603 1256 2753 1327; x_wconf 85' lang='lat' dir='ltr'>(cap.</span> <span class='ocrx_word' id='word_1_139' title='bbox 2785 1257 2818 1310; x_wconf 91' lang='lat'>9</span> <span class='ocrx_word' id='word_1_140' title='bbox 2848 1260 2903 1310; x_wconf 89' lang='lat' dir='ltr'>et</span> <span class='ocrx_word' id='word_1_141' title='bbox 2935 1257 3089 1329; x_wconf 86' lang='lat' dir='ltr'>seq.)</span> <span class='ocrx_word' id='word_1_142' title='bbox 3118 1258 3179 1313; x_wconf 93' lang='lat' dir='ltr'>in</span> <span class='ocrx_word' id='word_1_143' title='bbox 3208 1260 3441 1331; x_wconf 83' lang='lat' dir='ltr'>magnis</span> <span class='ocrx_word' id='word_1_144' title='bbox 3473 1260 3591 1315; x_wconf 84' lang='lat' dir='ltr'>illis</span> <span class='ocrx_word' id='word_1_145' title='bbox 3620 1262 3712 1315; x_wconf 90' lang='lat' dir='ltr'>vi-</span> 
     </span>
    </p>
   </div>
   <div class='ocr_carea' id='block_1_11' title="bbox 232 1340 3713 1418">
    <p class='ocr_par' dir='ltr' id='par_1_11' title="bbox 232 1340 3713 1418">
     <span class='ocr_line' id='line_1_11' title="bbox 232 1340 3713 1418; baseline 0.003 -22"><span class='ocrx_word' id='word_1_146' title='bbox 232 1340 322 1397; x_wconf 88' lang='lat' dir='ltr'>ris</span> <span class='ocrx_word' id='word_1_147' title='bbox 353 1341 791 1412; x_wconf 88' lang='lat' dir='ltr'>suppeditasse,</span> <span class='ocrx_word' id='word_1_148' title='bbox 824 1344 926 1414; x_wconf 90' lang='lat' dir='ltr'>qui</span> <span class='ocrx_word' id='word_1_149' title='bbox 955 1358 1023 1397; x_wconf 89' lang='lat' dir='ltr'>ea</span> <span class='ocrx_word' id='word_1_150' title='bbox 1053 1359 1193 1399; x_wconf 78' lang='lat' dir='ltr'>vere</span> <span class='ocrx_word' id='word_1_151' title='bbox 1224 1345 1490 1399; x_wconf 85' lang='lat' dir='ltr'>exsecuti</span> <span class='ocrx_word' id='word_1_152' title='bbox 1524 1348 1680 1414; x_wconf 89' lang='lat' dir='ltr'>sunt,</span> <span class='ocrx_word' id='word_1_153' title='bbox 1715 1362 1847 1415; x_wconf 70' lang='lat' dir='ltr'>qua:</span> <span class='ocrx_word' id='word_1_154' title='bbox 1881 1344 2249 1399; x_wconf 85' lang='lat' dir='ltr'>habebantur</span> <span class='ocrx_word' id='word_1_155' title='bbox 2267 1360 2372 1413; x_wconf 90' lang='lat' dir='ltr'>pro</span> <span class='ocrx_word' id='word_1_156' title='bbox 2404 1344 2706 1399; x_wconf 89' lang='lat' dir='ltr'>miraculis</span> <span class='ocrx_word' id='word_1_157' title='bbox 2737 1345 2890 1415; x_wconf 89' lang='lat' dir='ltr'>apud</span> <span class='ocrx_word' id='word_1_158' title='bbox 2912 1362 3197 1418; x_wconf 81' lang='lat' dir='ltr'>paganos.</span> <span class='ocrx_word' id='word_1_159' title='bbox 3232 1348 3321 1401; x_wconf 87' lang='lat' dir='ltr'>Ad</span> <span class='ocrx_word' id='word_1_160' title='bbox 3350 1352 3713 1418; x_wconf 90' lang='lat' dir='ltr'>postremum</span> 
     </span>
    </p>
   </div>
   <div class='ocr_carea' id='block_1_12' title="bbox 233 1423 3716 1509">
    <p class='ocr_par' dir='ltr' id='par_1_12' title="bbox 233 1423 3716 1509">
     <span class='ocr_line' id='line_1_12' title="bbox 233 1423 3716 1509; baseline 0.003 -25"><span class='ocrx_word' id='word_1_161' title='bbox 233 1430 491 1485; x_wconf 84' lang='lat' dir='ltr'>maxima</span> <span class='ocrx_word' id='word_1_162' title='bbox 521 1446 774 1503; x_wconf 66' lang='lat' dir='ltr'>qumque</span> <span class='ocrx_word' id='word_1_163' title='bbox 809 1431 1207 1488; x_wconf 79' lang='lat' dir='ltr'>Romanorum</span> <span class='ocrx_word' id='word_1_164' title='bbox 1243 1434 1511 1505; x_wconf 84' lang='lat' dir='ltr'>exempla</span> <span class='ocrx_word' id='word_1_165' title='bbox 1542 1430 1734 1488; x_wconf 83' lang='lat' dir='ltr'>sacris</span> <span class='ocrx_word' id='word_1_166' title='bbox 1767 1433 2050 1488; x_wconf 77' lang='lat' dir='ltr'>heroibus</span> <span class='ocrx_word' id='word_1_167' title='bbox 2099 1432 2257 1487; x_wconf 91' lang='lat' dir='ltr'>omni</span> <span class='ocrx_word' id='word_1_168' title='bbox 2286 1423 2359 1486; x_wconf 62' lang='lat' dir='ltr'>ex</span> <span class='ocrx_word' id='word_1_169' title='bbox 2390 1436 2553 1502; x_wconf 88' lang='lat' dir='ltr'>parte</span> <span class='ocrx_word' id='word_1_170' title='bbox 2591 1432 2871 1488; x_wconf 88' lang='lat' dir='ltr'>inferiora</span> <span class='ocrx_word' id='word_1_171' title='bbox 2908 1450 3045 1491; x_wconf 90' lang='lat' dir='ltr'>esse</span> <span class='ocrx_word' id='word_1_172' title='bbox 3077 1435 3333 1490; x_wconf 89' lang='lat' dir='ltr'>ostendit</span> <span class='ocrx_word' id='word_1_173' title='bbox 3363 1439 3513 1509; x_wconf 89' lang='lat' dir='ltr'>(cap.</span> <span class='ocrx_word' id='word_1_174' title='bbox 3550 1438 3617 1492; x_wconf 87' lang='grc'><strong>15</strong></span> <span class='ocrx_word' id='word_1_175' title='bbox 3660 1443 3716 1494; x_wconf 89' lang='lat' dir='ltr'>et</span> 
     </span>
    </p>
   </div>
   <div class='ocr_carea' id='block_1_13' title="bbox 235 1519 413 1589">
    <p class='ocr_par' dir='ltr' id='par_1_13' title="bbox 235 1519 413 1589">
     <span class='ocr_line' id='line_1_13' title="bbox 235 1519 413 1589; baseline -0.011 -15"><span class='ocrx_word' id='word_1_176' title='bbox 235 1519 413 1589; x_wconf 85' lang='lat' dir='ltr'>seq.).</span> 
     </span>
    </p>
   </div>
   <div class='ocr_carea' id='block_1_14' title="bbox 308 1606 3716 1683">
    <p class='ocr_par' dir='ltr' id='par_1_14' title="bbox 308 1606 3716 1683">
     <span class='ocr_line' id='line_1_14' title="bbox 308 1606 3716 1683; baseline 0.004 -23"><span class='ocrx_word' id='word_1_177' title='bbox 308 1606 444 1661; x_wconf 88' lang='lat' dir='ltr'>Non</span> <span class='ocrx_word' id='word_1_178' title='bbox 474 1606 797 1663; x_wconf 88' lang='lat' dir='ltr'>difﬁtemur</span> <span class='ocrx_word' id='word_1_179' title='bbox 825 1608 1205 1665; x_wconf 83' lang='lat' dir='ltr'>Ambrosium</span> <span class='ocrx_word' id='word_1_180' title='bbox 1234 1610 1597 1682; x_wconf 85' lang='lat' dir='ltr'>sequendam</span> <span class='ocrx_word' id='word_1_181' title='bbox 1618 1610 1730 1664; x_wconf 88' lang='lat' dir='ltr'>sibi</span> <span class='ocrx_word' id='word_1_182' title='bbox 1749 1610 2138 1680; x_wconf 87' lang='lat' dir='ltr'>proposuisse</span> <span class='ocrx_word' id='word_1_183' title='bbox 2155 1608 2462 1664; x_wconf 87' lang='lat' dir='ltr'>Ciceronis</span> <span class='ocrx_word' id='word_1_184' title='bbox 2485 1610 2545 1663; x_wconf 94' lang='lat' dir='ltr'>in</span> <span class='ocrx_word' id='word_1_185' title='bbox 2575 1609 2802 1665; x_wconf 89' lang='lat' dir='ltr'>Ofﬁciis</span> <span class='ocrx_word' id='word_1_186' title='bbox 2826 1612 2955 1667; x_wconf 87' lang='lat' dir='ltr'>suis</span> <span class='ocrx_word' id='word_1_187' title='bbox 2987 1614 3395 1683; x_wconf 85' lang='lat' dir='ltr'>oeconomiam,</span> <span class='ocrx_word' id='word_1_188' title='bbox 3416 1615 3520 1670; x_wconf 91' lang='lat' dir='ltr'>sed</span> <span class='ocrx_word' id='word_1_189' title='bbox 3544 1616 3716 1672; x_wconf 79' lang='lat' dir='ltr'>Cice-</span> 
     </span>
    </p>
   </div>
   <div class='ocr_carea' id='block_1_15' title="bbox 237 1695 3716 1766">
    <p class='ocr_par' dir='ltr' id='par_1_15' title="bbox 237 1695 3716 1766">
     <span class='ocr_line' id='line_1_15' title="bbox 237 1695 3716 1766; baseline 0.003 -15"><span class='ocrx_word' id='word_1_190' title='bbox 237 1709 445 1751; x_wconf 85' lang='lat' dir='ltr'>ronem</span> <span class='ocrx_word' id='word_1_191' title='bbox 472 1696 669 1766; x_wconf 89' lang='lat' dir='ltr'>ipsum</span> <span class='ocrx_word' id='word_1_192' title='bbox 689 1695 877 1752; x_wconf 86' lang='lat' dir='ltr'>libros</span> <span class='ocrx_word' id='word_1_193' title='bbox 901 1696 1141 1752; x_wconf 71' lang='lat' dir='ltr'>Panaetii</span> <span class='ocrx_word' id='word_1_194' title='bbox 1163 1709 1216 1753; x_wconf 81' lang='lat' dir='ltr'>et</span> <span class='ocrx_word' id='word_1_195' title='bbox 1234 1698 1555 1753; x_wconf 84' lang='lat' dir='ltr'>Hecatonis</span> <span class='ocrx_word' id='word_1_196' title='bbox 1588 1701 1767 1754; x_wconf 77' lang='lat' dir='ltr'>multo</span> <span class='ocrx_word' id='word_1_197' title='bbox 1819 1700 2113 1753; x_wconf 82' lang='lat' dir='ltr'>addictius</span> <span class='ocrx_word' id='word_1_198' title='bbox 2164 1699 2449 1753; x_wconf 84' lang='lat' dir='ltr'>imitatum</span> <span class='ocrx_word' id='word_1_199' title='bbox 2489 1714 2627 1753; x_wconf 88' lang='lat' dir='ltr'>esse</span> <span class='ocrx_word' id='word_1_200' title='bbox 2658 1699 2939 1755; x_wconf 90' lang='lat' dir='ltr'>audacter</span> <span class='ocrx_word' id='word_1_201' title='bbox 2983 1701 3367 1757; x_wconf 87' lang='lat' dir='ltr'>afﬁrmamus.</span> <span class='ocrx_word' id='word_1_202' title='bbox 3403 1703 3716 1761; x_wconf 86' lang='lat' dir='ltr'>Manifesto</span> 
     </span>
    </p>
   </div>
   <div class='ocr_carea' id='block_1_16' title="bbox 237 1773 3714 1862">
    <p class='ocr_par' dir='ltr' id='par_1_16' title="bbox 237 1773 3714 1862">
     <span class='ocr_line' id='line_1_16' title="bbox 237 1773 3714 1862; baseline 0.002 -23"><span class='ocrx_word' id='word_1_203' title='bbox 237 1784 399 1839; x_wconf 88' lang='lat' dir='ltr'>enim</span> <span class='ocrx_word' id='word_1_204' title='bbox 430 1773 731 1857; x_wconf 75' lang='lat' dir='ltr'>signiﬁcat</span> <span class='ocrx_word' id='word_1_205' title='bbox 757 1789 1002 1840; x_wconf 90' lang='lat' dir='ltr'>sanctus</span> <span class='ocrx_word' id='word_1_206' title='bbox 1033 1788 1299 1842; x_wconf 86' lang='lat' dir='ltr'>Antistes</span> <span class='ocrx_word' id='word_1_207' title='bbox 1329 1803 1446 1843; x_wconf 92' lang='lat' dir='ltr'>non</span> <span class='ocrx_word' id='word_1_208' title='bbox 1478 1788 1591 1842; x_wconf 88' lang='lat' dir='ltr'>alio</span> <span class='ocrx_word' id='word_1_209' title='bbox 1626 1789 1878 1843; x_wconf 74' lang='lat' dir='ltr'>consilio</span> <span class='ocrx_word' id='word_1_210' title='bbox 1911 1803 2049 1842; x_wconf 88' lang='lat' dir='ltr'>sese</span> <span class='ocrx_word' id='word_1_211' title='bbox 2078 1787 2342 1841; x_wconf 86' lang='lat' dir='ltr'>Oratcris</span> <span class='ocrx_word' id='word_1_212' title='bbox 2375 1786 2681 1841; x_wconf 85' lang='lat' dir='ltr'>imitationi</span> <span class='ocrx_word' id='word_1_213' title='bbox 2711 1803 2949 1857; x_wconf 87' lang='lat' dir='ltr'>cperam</span> <span class='ocrx_word' id='word_1_214' title='bbox 2995 1789 3255 1859; x_wconf 88' lang='lat' dir='ltr'>dedisse,</span> <span class='ocrx_word' id='word_1_215' title='bbox 3290 1792 3406 1846; x_wconf 90' lang='lat' dir='ltr'>nisi</span> <span class='ocrx_word' id='word_1_216' title='bbox 3437 1796 3501 1847; x_wconf 89' lang='lat' dir='ltr'>ut</span> <span class='ocrx_word' id='word_1_217' title='bbox 3529 1793 3589 1846; x_wconf 90' lang='lat' dir='ltr'>in</span> <span class='ocrx_word' id='word_1_218' title='bbox 3619 1809 3714 1862; x_wconf 91' lang='lat' dir='ltr'>ec,</span> 
     </span>
    </p>
   </div>
   <div class='ocr_carea' id='block_1_17' title="bbox 243 1872 3715 1951">
    <p class='ocr_par' dir='ltr' id='par_1_17' title="bbox 243 1872 3715 1951">
     <span class='ocr_line' id='line_1_17' title="bbox 243 1872 3715 1951; baseline 0.002 -22"><span class='ocrx_word' id='word_1_219' title='bbox 243 1872 346 1945; x_wconf 83' lang='lat' dir='ltr'>qui</span> <span class='ocrx_word' id='word_1_220' title='bbox 375 1889 498 1944; x_wconf 82' lang='lat' dir='ltr'>prae</span> <span class='ocrx_word' id='word_1_221' title='bbox 526 1873 764 1929; x_wconf 67' lang='lat' dir='ltr'>ceteris</span> <span class='ocrx_word' id='word_1_222' title='bbox 795 1874 1124 1930; x_wconf 86' lang='lat' dir='ltr'>honestatis</span> <span class='ocrx_word' id='word_1_223' title='bbox 1155 1880 1380 1932; x_wconf 82' lang='lat' dir='ltr'>exactae</span> <span class='ocrx_word' id='word_1_224' title='bbox 1412 1877 1580 1949; x_wconf 88' lang='lat' dir='ltr'>leges</span> <span class='ocrx_word' id='word_1_225' title='bbox 1616 1877 2016 1948; x_wconf 79' lang='lat' dir='ltr'>proﬁtebatur,</span> <span class='ocrx_word' id='word_1_226' title='bbox 2054 1876 2200 1930; x_wconf 87' lang='lat' dir='ltr'>falsa</span> <span class='ocrx_word' id='word_1_227' title='bbox 2230 1879 2525 1947; x_wconf 79' lang='lat' dir='ltr'>praecepta</span> <span class='ocrx_word' id='word_1_228' title='bbox 2556 1892 2802 1947; x_wconf 79' lang='lat' dir='ltr'>paganm</span> <span class='ocrx_word' id='word_1_229' title='bbox 2838 1878 3065 1932; x_wconf 89' lang='lat' dir='ltr'>ethices</span> <span class='ocrx_word' id='word_1_230' title='bbox 3098 1879 3310 1934; x_wconf 83' lang='lat' dir='ltr'>fortius</span> <span class='ocrx_word' id='word_1_231' title='bbox 3344 1881 3715 1951; x_wconf 86' lang='lat' dir='ltr'>confutaret;</span> 
     </span>
    </p>
   </div>
   <div class='ocr_carea' id='block_1_18' title="bbox 240 1961 3715 2041">
    <p class='ocr_par' dir='ltr' id='par_1_18' title="bbox 240 1961 3715 2041">
     <span class='ocr_line' id='line_1_18' title="bbox 240 1961 3715 2041; baseline 0.002 -25"><span class='ocrx_word' id='word_1_232' title='bbox 240 1978 313 2016; x_wconf 87' lang='lat' dir='ltr'>ac</span> <span class='ocrx_word' id='word_1_233' title='bbox 342 1961 522 2017; x_wconf 88' lang='lat' dir='ltr'>simul</span> <span class='ocrx_word' id='word_1_234' title='bbox 552 1962 725 2017; x_wconf 89' lang='lat' dir='ltr'>etiam</span> <span class='ocrx_word' id='word_1_235' title='bbox 754 1964 947 2034; x_wconf 88' lang='lat' dir='ltr'>palam</span> <span class='ocrx_word' id='word_1_236' title='bbox 978 1963 1218 2035; x_wconf 87' lang='lat' dir='ltr'>faceret,</span> <span class='ocrx_word' id='word_1_237' title='bbox 1255 1969 1473 2037; x_wconf 89' lang='lat' dir='ltr'>quanto</span> <span class='ocrx_word' id='word_1_238' title='bbox 1505 1964 1814 2021; x_wconf 86' lang='lat' dir='ltr'>intervallo</span> <span class='ocrx_word' id='word_1_239' title='bbox 1846 1964 2185 2020; x_wconf 82' lang='lat' dir='ltr'>christiame</span> <span class='ocrx_word' id='word_1_240' title='bbox 2216 1962 2616 2018; x_wconf 88' lang='lat' dir='ltr'>institutiones</span> <span class='ocrx_word' id='word_1_241' title='bbox 2648 1964 2933 2036; x_wconf 84' lang='lat' dir='ltr'>quidquid</span> <span class='ocrx_word' id='word_1_242' title='bbox 2962 1982 3220 2038; x_wconf 90' lang='lat' dir='ltr'>unquam</span> <span class='ocrx_word' id='word_1_243' title='bbox 3264 1967 3418 2022; x_wconf 90' lang='lat' dir='ltr'>inter</span> <span class='ocrx_word' id='word_1_244' title='bbox 3459 1970 3715 2041; x_wconf 80' lang='lat' dir='ltr'>gentiles</span> 
     </span>
    </p>
   </div>
   <div class='ocr_carea' id='block_1_19' title="bbox 243 2049 3707 2128">
    <p class='ocr_par' dir='ltr' id='par_1_19' title="bbox 243 2049 3707 2128">
     <span class='ocr_line' id='line_1_19' title="bbox 243 2049 3707 2128; baseline 0.003 -24"><span class='ocrx_word' id='word_1_245' title='bbox 243 2049 570 2123; x_wconf 86' lang='lat' dir='ltr'>perfectius</span> <span class='ocrx_word' id='word_1_246' title='bbox 589 2050 719 2120; x_wconf 86' lang='lat' dir='ltr'>fuit,</span> <span class='ocrx_word' id='word_1_247' title='bbox 751 2052 1186 2107; x_wconf 89' lang='lat' dir='ltr'>antecederent.</span> <span class='ocrx_word' id='word_1_248' title='bbox 1219 2052 1453 2108; x_wconf 86' lang='lat' dir='ltr'>Passim</span> <span class='ocrx_word' id='word_1_249' title='bbox 1492 2053 1755 2124; x_wconf 81' lang='lat' dir='ltr'>explodit</span> <span class='ocrx_word' id='word_1_250' title='bbox 1791 2054 2026 2108; x_wconf 87' lang='lat' dir='ltr'>inanem</span> <span class='ocrx_word' id='word_1_251' title='bbox 2062 2052 2220 2107; x_wconf 89' lang='lat' dir='ltr'>illam</span> <span class='ocrx_word' id='word_1_252' title='bbox 2250 2053 2601 2124; x_wconf 82' lang='lat' dir='ltr'>eloquentiae</span> <span class='ocrx_word' id='word_1_253' title='bbox 2630 2052 3077 2126; x_wconf 82' lang='lat' dir='ltr'>atl‘ectaticnem,</span> <span class='ocrx_word' id='word_1_254' title='bbox 3110 2071 3283 2128; x_wconf 89' lang='lat' dir='ltr'>quam</span> <span class='ocrx_word' id='word_1_255' title='bbox 3313 2057 3468 2112; x_wconf 87' lang='lat' dir='ltr'>idem</span> <span class='ocrx_word' id='word_1_256' title='bbox 3499 2059 3707 2113; x_wconf 90' lang='lat' dir='ltr'>Cicero</span> 
     </span>
    </p>
   </div>
   <div class='ocr_carea' id='block_1_20' title="bbox 244 2140 3718 2217">
    <p class='ocr_par' dir='ltr' id='par_1_20' title="bbox 244 2140 3718 2217">
     <span class='ocr_line' id='line_1_20' title="bbox 244 2140 3718 2217; baseline 0.002 -23"><span class='ocrx_word' id='word_1_257' title='bbox 244 2152 543 2209; x_wconf 88' lang='lat' dir='ltr'>nusquam</span> <span class='ocrx_word' id='word_1_258' title='bbox 572 2154 692 2194; x_wconf 91' lang='lat' dir='ltr'>non</span> <span class='ocrx_word' id='word_1_259' title='bbox 722 2143 994 2195; x_wconf 86' lang='lat' dir='ltr'>ostentat.</span> <span class='ocrx_word' id='word_1_260' title='bbox 1027 2140 1291 2197; x_wconf 88' lang='lat' dir='ltr'>Subinde</span> <span class='ocrx_word' id='word_1_261' title='bbox 1318 2157 1462 2197; x_wconf 87' lang='lat' dir='ltr'>vero</span> <span class='ocrx_word' id='word_1_262' title='bbox 1495 2142 1554 2196; x_wconf 91' lang='lat' dir='ltr'>in</span> <span class='ocrx_word' id='word_1_263' title='bbox 1585 2142 1699 2196; x_wconf 90' lang='lat' dir='ltr'>hoc</span> <span class='ocrx_word' id='word_1_264' title='bbox 1732 2142 2035 2211; x_wconf 89' lang='lat' dir='ltr'>incumbit,</span> <span class='ocrx_word' id='word_1_265' title='bbox 2078 2145 2140 2196; x_wconf 90' lang='lat' dir='ltr'>ut</span> <span class='ocrx_word' id='word_1_266' title='bbox 2172 2142 2457 2213; x_wconf 90' lang='lat' dir='ltr'>quidquid</span> <span class='ocrx_word' id='word_1_267' title='bbox 2490 2143 2872 2213; x_wconf 82' lang='lat' dir='ltr'>praestantius</span> <span class='ocrx_word' id='word_1_268' title='bbox 2903 2144 2961 2198; x_wconf 89' lang='lat' dir='ltr'>in</span> <span class='ocrx_word' id='word_1_269' title='bbox 2992 2160 3221 2199; x_wconf 87' lang='lat' dir='ltr'>morum</span> <span class='ocrx_word' id='word_1_270' title='bbox 3251 2146 3565 2217; x_wconf 89' lang='lat' dir='ltr'>disciplina</span> <span class='ocrx_word' id='word_1_271' title='bbox 3603 2152 3718 2201; x_wconf 88' lang='lat' dir='ltr'>tra-</span> 
     </span>
    </p>
   </div>
   <div class='ocr_carea' id='block_1_21' title="bbox 245 2226 3717 2305">
    <p class='ocr_par' dir='ltr' id='par_1_21' title="bbox 245 2226 3717 2305">
     <span class='ocr_line' id='line_1_21' title="bbox 245 2226 3717 2305; baseline 0.003 -23"><span class='ocrx_word' id='word_1_272' title='bbox 245 2226 522 2282; x_wconf 86' lang='lat' dir='ltr'>diderunt</span> <span class='ocrx_word' id='word_1_273' title='bbox 550 2226 911 2298; x_wconf 89' lang='lat' dir='ltr'>philosophi,</span> <span class='ocrx_word' id='word_1_274' title='bbox 945 2244 1020 2283; x_wconf 81' lang='lat' dir='ltr'>ex</span> <span class='ocrx_word' id='word_1_275' title='bbox 1049 2230 1274 2284; x_wconf 87' lang='lat' dir='ltr'>nostris</span> <span class='ocrx_word' id='word_1_276' title='bbox 1304 2229 1649 2285; x_wconf 84' lang='lat' dir='ltr'>auctoribus</span> <span class='ocrx_word' id='word_1_277' title='bbox 1672 2233 1854 2285; x_wconf 90' lang='lat' dir='ltr'>totum</span> <span class='ocrx_word' id='word_1_278' title='bbox 1883 2231 2028 2285; x_wconf 89' lang='lat' dir='ltr'>illud</span> <span class='ocrx_word' id='word_1_279' title='bbox 2057 2229 2431 2301; x_wconf 87' lang='lat' dir='ltr'>desumptum</span> <span class='ocrx_word' id='word_1_280' title='bbox 2451 2246 2590 2286; x_wconf 88' lang='lat' dir='ltr'>esse</span> <span class='ocrx_word' id='word_1_281' title='bbox 2619 2231 2777 2287; x_wconf 89' lang='lat' dir='ltr'>clare</span> <span class='ocrx_word' id='word_1_282' title='bbox 2795 2232 3180 2289; x_wconf 87' lang='lat' dir='ltr'>demonstret.</span> <span class='ocrx_word' id='word_1_283' title='bbox 3215 2234 3507 2305; x_wconf 88' lang='lat' dir='ltr'>Imprimis</span> <span class='ocrx_word' id='word_1_284' title='bbox 3524 2239 3717 2292; x_wconf 91' lang='lat' dir='ltr'>autem</span> 
     </span>
    </p>
   </div>
   <div class='ocr_carea' id='block_1_22' title="bbox 242 2313 3720 2394">
    <p class='ocr_par' dir='ltr' id='par_1_22' title="bbox 242 2313 3720 2394">
     <span class='ocr_line' id='line_1_22' title="bbox 242 2313 3720 2394; baseline 0.002 -23"><span class='ocrx_word' id='word_1_285' title='bbox 242 2314 518 2387; x_wconf 82' lang='lat' dir='ltr'>ejusdem</span> <span class='ocrx_word' id='word_1_286' title='bbox 547 2313 723 2369; x_wconf 89' lang='lat' dir='ltr'>Tullii</span> <span class='ocrx_word' id='word_1_287' title='bbox 753 2314 972 2371; x_wconf 79' lang='lat' dir='ltr'>fastum</span> <span class='ocrx_word' id='word_1_288' title='bbox 1004 2317 1231 2384; x_wconf 87' lang='lat' dir='ltr'>evertit,</span> <span class='ocrx_word' id='word_1_289' title='bbox 1265 2316 1519 2390; x_wconf 69' lang='lat' dir='ltr'>ejusque</span> <span class='ocrx_word' id='word_1_290' title='bbox 1548 2318 1701 2373; x_wconf 90' lang='lat' dir='ltr'>scita</span> <span class='ocrx_word' id='word_1_291' title='bbox 1733 2319 1805 2373; x_wconf 92' lang='lat' dir='ltr'>de</span> <span class='ocrx_word' id='word_1_292' title='bbox 1837 2319 2057 2375; x_wconf 88' lang='lat' dir='ltr'>ultione</span> <span class='ocrx_word' id='word_1_293' title='bbox 2087 2322 2262 2390; x_wconf 87' lang='lat' dir='ltr'>atque</span> <span class='ocrx_word' id='word_1_294' title='bbox 2312 2320 2629 2376; x_wconf 86' lang='lat' dir='ltr'>ambitione</span> <span class='ocrx_word' id='word_1_295' title='bbox 2673 2320 2939 2377; x_wconf 85' lang='lat' dir='ltr'>funditus</span> <span class='ocrx_word' id='word_1_296' title='bbox 2990 2322 3158 2377; x_wconf 89' lang='lat' dir='ltr'>tollit.</span> <span class='ocrx_word' id='word_1_297' title='bbox 3206 2322 3321 2378; x_wconf 89' lang='lat' dir='ltr'>Sed</span> <span class='ocrx_word' id='word_1_298' title='bbox 3362 2323 3502 2378; x_wconf 90' lang='lat' dir='ltr'>illud</span> <span class='ocrx_word' id='word_1_299' title='bbox 3547 2327 3720 2394; x_wconf 86' lang='lat' dir='ltr'>caput</span> 
     </span>
    </p>
   </div>
   <div class='ocr_carea' id='block_1_23' title="bbox 244 2402 3719 2483">
    <p class='ocr_par' dir='ltr' id='par_1_23' title="bbox 244 2402 3719 2483">
     <span class='ocr_line' id='line_1_23' title="bbox 244 2402 3719 2483; baseline 0.003 -26"><span class='ocrx_word' id='word_1_300' title='bbox 244 2402 427 2475; x_wconf 88' lang='lat' dir='ltr'>longe</span> <span class='ocrx_word' id='word_1_301' title='bbox 457 2403 906 2474; x_wconf 88' lang='lat' dir='ltr'>gravissimum,</span> <span class='ocrx_word' id='word_1_302' title='bbox 937 2420 970 2459; x_wconf 85' lang='lat' dir='ltr'>a</span> <span class='ocrx_word' id='word_1_303' title='bbox 1000 2404 1288 2461; x_wconf 86' lang='lat' dir='ltr'>Cicerone</span> <span class='ocrx_word' id='word_1_304' title='bbox 1318 2409 1512 2462; x_wconf 89' lang='lat' dir='ltr'>tamen</span> <span class='ocrx_word' id='word_1_305' title='bbox 1544 2407 1645 2460; x_wconf 85' lang='lat' dir='ltr'>vix</span> <span class='ocrx_word' id='word_1_306' title='bbox 1675 2407 2015 2476; x_wconf 84' lang='lat' dir='ltr'>delibatum,</span> <span class='ocrx_word' id='word_1_307' title='bbox 2040 2424 2269 2464; x_wconf 87' lang='lat' dir='ltr'>summa</span> <span class='ocrx_word' id='word_1_308' title='bbox 2302 2409 2675 2464; x_wconf 87' lang='lat' dir='ltr'>contentione</span> <span class='ocrx_word' id='word_1_309' title='bbox 2699 2410 2934 2465; x_wconf 88' lang='lat' dir='ltr'>ﬁrmare</span> <span class='ocrx_word' id='word_1_310' title='bbox 2954 2411 3171 2481; x_wconf 89' lang='lat' dir='ltr'>studet,</span> <span class='ocrx_word' id='word_1_311' title='bbox 3193 2412 3492 2482; x_wconf 68' lang='lat' dir='ltr'>praecipua</span> <span class='ocrx_word' id='word_1_312' title='bbox 3509 2428 3719 2483; x_wconf 88' lang='lat' dir='ltr'>nempe</span> 
     </span>
    </p>
   </div>
   <div class='ocr_carea' id='block_1_24' title="bbox 244 2491 3717 2572">
    <p class='ocr_par' dir='ltr' id='par_1_24' title="bbox 244 2491 3717 2572">
     <span class='ocr_line' id='line_1_24' title="bbox 244 2491 3717 2572; baseline 0.002 -25"><span class='ocrx_word' id='word_1_313' title='bbox 244 2491 442 2547; x_wconf 84' lang='lat' dir='ltr'>ofﬁcia</span> <span class='ocrx_word' id='word_1_314' title='bbox 468 2495 671 2548; x_wconf 86' lang='lat' dir='ltr'>nostra</span> <span class='ocrx_word' id='word_1_315' title='bbox 695 2492 880 2548; x_wconf 90' lang='lat' dir='ltr'>Deum</span> <span class='ocrx_word' id='word_1_316' title='bbox 911 2498 1203 2565; x_wconf 88' lang='lat' dir='ltr'>spectare,</span> <span class='ocrx_word' id='word_1_317' title='bbox 1238 2498 1294 2550; x_wconf 90' lang='lat' dir='ltr'>et</span> <span class='ocrx_word' id='word_1_318' title='bbox 1323 2496 1515 2551; x_wconf 90' lang='lat' dir='ltr'>omnia</span> <span class='ocrx_word' id='word_1_319' title='bbox 1546 2499 1749 2551; x_wconf 90' lang='lat' dir='ltr'>nostra</span> <span class='ocrx_word' id='word_1_320' title='bbox 1776 2496 1929 2551; x_wconf 87' lang='lat' dir='ltr'>facta</span> <span class='ocrx_word' id='word_1_321' title='bbox 1961 2497 2189 2553; x_wconf 88' lang='lat' dir='ltr'>dictave</span> <span class='ocrx_word' id='word_1_322' title='bbox 2221 2498 2295 2552; x_wconf 88' lang='lat' dir='ltr'>ad</span> <span class='ocrx_word' id='word_1_323' title='bbox 2323 2497 2458 2569; x_wconf 84' lang='lat' dir='ltr'>ejus</span> <span class='ocrx_word' id='word_1_324' title='bbox 2489 2498 2737 2570; x_wconf 82' lang='lat' dir='ltr'>gloriam</span> <span class='ocrx_word' id='word_1_325' title='bbox 2767 2515 2907 2554; x_wconf 89' lang='lat' dir='ltr'>esse</span> <span class='ocrx_word' id='word_1_326' title='bbox 2938 2499 3279 2555; x_wconf 88' lang='lat' dir='ltr'>referenda:</span> <span class='ocrx_word' id='word_1_327' title='bbox 3315 2500 3459 2554; x_wconf 87' lang='lat' dir='ltr'>illud</span> <span class='ocrx_word' id='word_1_328' title='bbox 3481 2516 3717 2572; x_wconf 83' lang='lat' dir='ltr'>quoque</span> 
     </span>
    </p>
   </div>
   <div class='ocr_carea' id='block_1_25' title="bbox 245 2580 3720 2659">
    <p class='ocr_par' dir='ltr' id='par_1_25' title="bbox 245 2580 3720 2659">
     <span class='ocr_line' id='line_1_25' title="bbox 245 2580 3720 2659; baseline 0.002 -23"><span class='ocrx_word' id='word_1_329' title='bbox 245 2580 517 2651; x_wconf 83' lang='lat' dir='ltr'>alterum,</span> <span class='ocrx_word' id='word_1_330' title='bbox 553 2582 625 2636; x_wconf 88' lang='lat' dir='ltr'>de</span> <span class='ocrx_word' id='word_1_331' title='bbox 652 2597 770 2653; x_wconf 91' lang='lat' dir='ltr'>quo</span> <span class='ocrx_word' id='word_1_332' title='bbox 800 2597 873 2637; x_wconf 90' lang='lat' dir='ltr'>ne</span> <span class='ocrx_word' id='word_1_333' title='bbox 906 2598 1015 2653; x_wconf 88' lang='lat' dir='ltr'>per</span> <span class='ocrx_word' id='word_1_334' title='bbox 1046 2584 1342 2638; x_wconf 86' lang='lat' dir='ltr'>somnium</span> <span class='ocrx_word' id='word_1_335' title='bbox 1370 2584 1609 2655; x_wconf 88' lang='lat' dir='ltr'>quidem</span> <span class='ocrx_word' id='word_1_336' title='bbox 1638 2584 1866 2653; x_wconf 86' lang='lat' dir='ltr'>Orator,</span> <span class='ocrx_word' id='word_1_337' title='bbox 1897 2586 2077 2640; x_wconf 88' lang='lat' dir='ltr'>vitam</span> <span class='ocrx_word' id='word_1_338' title='bbox 2121 2590 2478 2657; x_wconf 52' lang='lat' dir='ltr'>praesentem</span> <span class='ocrx_word' id='word_1_339' title='bbox 2507 2586 2661 2640; x_wconf 90' lang='lat' dir='ltr'>viam</span> <span class='ocrx_word' id='word_1_340' title='bbox 2699 2602 2838 2641; x_wconf 89' lang='lat' dir='ltr'>esse</span> <span class='ocrx_word' id='word_1_341' title='bbox 2881 2588 2954 2641; x_wconf 89' lang='lat' dir='ltr'>ad</span> <span class='ocrx_word' id='word_1_342' title='bbox 2986 2588 3393 2656; x_wconf 87' lang='lat' dir='ltr'>immortalem,</span> <span class='ocrx_word' id='word_1_343' title='bbox 3426 2588 3720 2659; x_wconf 87' lang='lat' dir='ltr'>bonisque</span> 
     </span>
    </p>
   </div>
   <div class='ocr_carea' id='block_1_26' title="bbox 248 2670 3720 2745">
    <p class='ocr_par' dir='ltr' id='par_1_26' title="bbox 248 2670 3720 2745">
     <span class='ocr_line' id='line_1_26' title="bbox 248 2670 3720 2745; baseline 0.001 -19"><span class='ocrx_word' id='word_1_344' title='bbox 248 2670 535 2740; x_wconf 88' lang='lat' dir='ltr'>operibus</span> <span class='ocrx_word' id='word_1_345' title='bbox 563 2670 703 2725; x_wconf 88' lang='lat' dir='ltr'>illuc</span> <span class='ocrx_word' id='word_1_346' title='bbox 723 2672 1042 2741; x_wconf 87' lang='lat' dir='ltr'>perveniri,</span> <span class='ocrx_word' id='word_1_347' title='bbox 1069 2672 1287 2728; x_wconf 84' lang='lat' dir='ltr'>obnixe</span> <span class='ocrx_word' id='word_1_348' title='bbox 1309 2673 1537 2744; x_wconf 90' lang='lat' dir='ltr'>probat.</span> <span class='ocrx_word' id='word_1_349' title='bbox 1561 2673 1651 2728; x_wconf 84' lang='lat' dir='ltr'>Ad</span> <span class='ocrx_word' id='word_1_350' title='bbox 1671 2674 1800 2728; x_wconf 63' lang='lat' dir='ltr'>haec</span> <span class='ocrx_word' id='word_1_351' title='bbox 1829 2674 2098 2745; x_wconf 68' lang='lat' dir='ltr'>prmcipit</span> <span class='ocrx_word' id='word_1_352' title='bbox 2117 2691 2149 2729; x_wconf 89' lang='lat' dir='ltr'>a</span> <span class='ocrx_word' id='word_1_353' title='bbox 2166 2675 2421 2730; x_wconf 88' lang='lat' dir='ltr'>terrenis</span> <span class='ocrx_word' id='word_1_354' title='bbox 2450 2674 2626 2730; x_wconf 88' lang='lat' dir='ltr'>bonis</span> <span class='ocrx_word' id='word_1_355' title='bbox 2647 2675 2905 2729; x_wconf 91' lang='lat' dir='ltr'>animum</span> <span class='ocrx_word' id='word_1_356' title='bbox 2926 2674 3407 2743; x_wconf 89' lang='lat' dir='ltr'>abstrahendnm,</span> <span class='ocrx_word' id='word_1_357' title='bbox 3434 2690 3720 2730; x_wconf 83' lang='lat' dir='ltr'>coercen-</span> 
     </span>
    </p>
   </div>
   <div class='ocr_carea' id='block_1_27' title="bbox 248 2758 3721 2835">
    <p class='ocr_par' dir='ltr' id='par_1_27' title="bbox 248 2758 3721 2835">
     <span class='ocr_line' id='line_1_27' title="bbox 248 2758 3721 2835; baseline 0.001 -22"><span class='ocrx_word' id='word_1_358' title='bbox 248 2758 387 2813; x_wconf 88' lang='lat' dir='ltr'>dam</span> <span class='ocrx_word' id='word_1_359' title='bbox 409 2758 703 2814; x_wconf 88' lang='lat' dir='ltr'>severiori</span> <span class='ocrx_word' id='word_1_360' title='bbox 721 2759 1109 2832; x_wconf 80' lang='lat' dir='ltr'>castigatione</span> <span class='ocrx_word' id='word_1_361' title='bbox 1128 2762 1399 2832; x_wconf 88' lang='lat' dir='ltr'>corporis</span> <span class='ocrx_word' id='word_1_362' title='bbox 1420 2761 1747 2831; x_wconf 87' lang='lat' dir='ltr'>lasciviam,</span> <span class='ocrx_word' id='word_1_363' title='bbox 1765 2763 2189 2819; x_wconf 89' lang='lat' dir='ltr'>condonandas</span> <span class='ocrx_word' id='word_1_364' title='bbox 2208 2763 2464 2819; x_wconf 91' lang='lat' dir='ltr'>inimicis</span> <span class='ocrx_word' id='word_1_365' title='bbox 2486 2762 2850 2818; x_wconf 72' lang='lat' dir='ltr'>offensiones</span> <span class='ocrx_word' id='word_1_366' title='bbox 2870 2767 2922 2817; x_wconf 90' lang='lat' dir='ltr'>et</span> <span class='ocrx_word' id='word_1_367' title='bbox 2948 2762 3219 2834; x_wconf 81' lang='lat' dir='ltr'>injurias,</span> <span class='ocrx_word' id='word_1_368' title='bbox 3243 2762 3470 2835; x_wconf 80' lang='lat' dir='ltr'>majora</span> <span class='ocrx_word' id='word_1_369' title='bbox 3490 2763 3721 2819; x_wconf 91' lang='lat' dir='ltr'>beneﬁ-</span> 
     </span>
    </p>
   </div>
   <div class='ocr_carea' id='block_1_28' title="bbox 244 2846 2243 2923">
    <p class='ocr_par' dir='ltr' id='par_1_28' title="bbox 244 2846 2243 2923">
     <span class='ocr_line' id='line_1_28' title="bbox 244 2846 2243 2923; baseline 0.001 -21"><span class='ocrx_word' id='word_1_370' title='bbox 244 2846 339 2902; x_wconf 88' lang='lat' dir='ltr'>cia</span> <span class='ocrx_word' id='word_1_371' title='bbox 370 2846 491 2903; x_wconf 87' lang='lat' dir='ltr'>illis</span> <span class='ocrx_word' id='word_1_372' title='bbox 519 2848 877 2918; x_wconf 80' lang='lat' dir='ltr'>praestanda,</span> <span class='ocrx_word' id='word_1_373' title='bbox 912 2851 1012 2921; x_wconf 91' lang='lat' dir='ltr'>qui</span> <span class='ocrx_word' id='word_1_374' title='bbox 1042 2865 1153 2905; x_wconf 91' lang='lat' dir='ltr'>nos</span> <span class='ocrx_word' id='word_1_375' title='bbox 1185 2851 1446 2906; x_wconf 84' lang='lat' dir='ltr'>atrocius</span> <span class='ocrx_word' id='word_1_376' title='bbox 1477 2855 1533 2905; x_wconf 90' lang='lat' dir='ltr'>et</span> <span class='ocrx_word' id='word_1_377' title='bbox 1555 2850 1838 2923; x_wconf 86' lang='lat' dir='ltr'>injustius</span> <span class='ocrx_word' id='word_1_378' title='bbox 1868 2852 2243 2905; x_wconf 77' lang='lat' dir='ltr'>divexavere.</span> 
     </span>
    </p>
   </div>
   <div class='ocr_carea' id='block_1_29' title="bbox 314 2934 3722 3011">
    <p class='ocr_par' dir='ltr' id='par_1_29' title="bbox 314 2934 3722 3011">
     <span class='ocr_line' id='line_1_29' title="bbox 314 2934 3722 3011; baseline 0.001 -20"><span class='ocrx_word' id='word_1_379' title='bbox 314 2934 538 2992; x_wconf 83' lang='lat' dir='ltr'>Verum</span> <span class='ocrx_word' id='word_1_380' title='bbox 553 2939 618 2992; x_wconf 91' lang='lat' dir='ltr'>ut</span> <span class='ocrx_word' id='word_1_381' title='bbox 632 2936 910 2992; x_wconf 89' lang='lat' dir='ltr'>curiosus</span> <span class='ocrx_word' id='word_1_382' title='bbox 928 2936 1118 2994; x_wconf 86' lang='lat' dir='ltr'>lector</span> <span class='ocrx_word' id='word_1_383' title='bbox 1137 2938 1373 2994; x_wconf 85' lang='lat' dir='ltr'>facilius</span> <span class='ocrx_word' id='word_1_384' title='bbox 1395 2943 1724 3011; x_wconf 88' lang='lat' dir='ltr'>cognoscat</span> <span class='ocrx_word' id='word_1_385' title='bbox 1744 2940 1961 3010; x_wconf 89' lang='lat' dir='ltr'>quibus</span> <span class='ocrx_word' id='word_1_386' title='bbox 1985 2940 2044 2993; x_wconf 91' lang='lat' dir='ltr'>in</span> <span class='ocrx_word' id='word_1_387' title='bbox 2065 2939 2246 2994; x_wconf 90' lang='lat' dir='ltr'>rebus</span> <span class='ocrx_word' id='word_1_388' title='bbox 2265 2954 2399 2994; x_wconf 89' lang='lat' dir='ltr'>cum</span> <span class='ocrx_word' id='word_1_389' title='bbox 2438 2938 2724 2994; x_wconf 85' lang='lat' dir='ltr'>Cicerone</span> <span class='ocrx_word' id='word_1_390' title='bbox 2748 2940 3097 3008; x_wconf 88' lang='lat' dir='ltr'>consentiat,</span> <span class='ocrx_word' id='word_1_391' title='bbox 3117 2940 3216 2993; x_wconf 92' lang='lat' dir='ltr'>aut</span> <span class='ocrx_word' id='word_1_392' title='bbox 3232 2938 3305 2993; x_wconf 91' lang='lat' dir='ltr'>ab</span> <span class='ocrx_word' id='word_1_393' title='bbox 3329 2954 3398 2993; x_wconf 94' lang='lat' dir='ltr'>ec</span> <span class='ocrx_word' id='word_1_394' title='bbox 3421 2938 3722 3011; x_wconf 88' lang='lat' dir='ltr'>discrepet</span> 
     </span>
    </p>
   </div>
   <div class='ocr_carea' id='block_1_30' title="bbox 240 3024 3713 3099">
    <p class='ocr_par' dir='ltr' id='par_1_30' title="bbox 240 3024 3713 3099">
     <span class='ocr_line' id='line_1_30' title="bbox 240 3024 3713 3099; baseline 0 -16"><span class='ocrx_word' id='word_1_395' title='bbox 240 3024 602 3083; x_wconf 79' lang='lat' dir='ltr'>Ambrosius</span> <span class='ocrx_word' id='word_1_396' title='bbox 619 3029 842 3094; x_wconf 87' lang='lat' dir='ltr'>noster,</span> <span class='ocrx_word' id='word_1_397' title='bbox 867 3026 1035 3083; x_wconf 89' lang='lat' dir='ltr'>locos</span> <span class='ocrx_word' id='word_1_398' title='bbox 1052 3043 1259 3083; x_wconf 85' lang='lat' dir='ltr'>omnes</span> <span class='ocrx_word' id='word_1_399' title='bbox 1278 3031 1400 3083; x_wconf 90' lang='lat' dir='ltr'>tum</span> <span class='ocrx_word' id='word_1_400' title='bbox 1422 3027 1784 3098; x_wconf 87' lang='lat' dir='ltr'>Ofﬁciorum,</span> <span class='ocrx_word' id='word_1_401' title='bbox 1804 3032 1924 3083; x_wconf 90' lang='lat' dir='ltr'>tum</span> <span class='ocrx_word' id='word_1_402' title='bbox 1952 3028 2200 3083; x_wconf 90' lang='lat' dir='ltr'>aliorum</span> <span class='ocrx_word' id='word_1_403' title='bbox 2227 3044 2467 3098; x_wconf 89' lang='lat' dir='ltr'>operum</span> <span class='ocrx_word' id='word_1_404' title='bbox 2491 3027 2762 3099; x_wconf 89' lang='lat' dir='ltr'>ejusdem</span> <span class='ocrx_word' id='word_1_405' title='bbox 2784 3028 3065 3097; x_wconf 85' lang='lat' dir='ltr'>auctoris,</span> <span class='ocrx_word' id='word_1_406' title='bbox 3092 3042 3244 3099; x_wconf 91' lang='lat' dir='ltr'>quos</span> <span class='ocrx_word' id='word_1_407' title='bbox 3272 3030 3517 3082; x_wconf 86' lang='lat' dir='ltr'>sanctus</span> <span class='ocrx_word' id='word_1_408' title='bbox 3547 3028 3713 3083; x_wconf 76' lang='lat' dir='ltr'>Prae-</span> 
     </span>
    </p>
   </div>
   <div class='ocr_carea' id='block_1_31' title="bbox 243 3113 3713 3189">
    <p class='ocr_par' dir='ltr' id='par_1_31' title="bbox 243 3113 3713 3189">
     <span class='ocr_line' id='line_1_31' title="bbox 243 3113 3713 3189; baseline 0.001 -21"><span class='ocrx_word' id='word_1_409' title='bbox 243 3113 339 3168; x_wconf 85' lang='lat' dir='ltr'>sul</span> <span class='ocrx_word' id='word_1_410' title='bbox 365 3113 536 3169; x_wconf 82' lang='lat' dir='ltr'>visus</span> <span class='ocrx_word' id='word_1_411' title='bbox 566 3116 660 3169; x_wconf 86' lang='lat' dir='ltr'>est</span> <span class='ocrx_word' id='word_1_412' title='bbox 687 3114 1007 3185; x_wconf 85' lang='lat' dir='ltr'>respicere,</span> <span class='ocrx_word' id='word_1_413' title='bbox 1041 3115 1100 3169; x_wconf 93' lang='lat' dir='ltr'>in</span> <span class='ocrx_word' id='word_1_414' title='bbox 1131 3115 1399 3171; x_wconf 87' lang='lat' dir='ltr'>inferiori</span> <span class='ocrx_word' id='word_1_415' title='bbox 1428 3117 1693 3189; x_wconf 80' lang='lat' dir='ltr'>margine</span> <span class='ocrx_word' id='word_1_416' title='bbox 1724 3116 2125 3172; x_wconf 82' lang='lat' dir='ltr'>exhibuimus.</span> <span class='ocrx_word' id='word_1_417' title='bbox 2158 3116 2281 3181; x_wconf 88' lang='lat' dir='ltr'>Qua</span> <span class='ocrx_word' id='word_1_418' title='bbox 2313 3117 2535 3171; x_wconf 85' lang='lat' dir='ltr'>ratione</span> <span class='ocrx_word' id='word_1_419' title='bbox 2558 3117 2755 3171; x_wconf 89' lang='lat' dir='ltr'>statim</span> <span class='ocrx_word' id='word_1_420' title='bbox 2785 3118 3117 3172; x_wconf 78' lang='lat' dir='ltr'>innotescat</span> <span class='ocrx_word' id='word_1_421' title='bbox 3152 3116 3534 3171; x_wconf 90' lang='lat' dir='ltr'>Ambrosium</span> <span class='ocrx_word' id='word_1_422' title='bbox 3569 3134 3601 3170; x_wconf 90' lang='lat' dir='ltr'>a</span> <span class='ocrx_word' id='word_1_423' title='bbox 3635 3118 3713 3173; x_wconf 89' lang='lat' dir='ltr'>M.</span> 
     </span>
    </p>
   </div>
   <div class='ocr_carea' id='block_1_32' title="bbox 242 3201 3721 3277">
    <p class='ocr_par' dir='ltr' id='par_1_32' title="bbox 242 3201 3721 3277">
     <span class='ocr_line' id='line_1_32' title="bbox 242 3201 3721 3277; baseline 0.001 -20"><span class='ocrx_word' id='word_1_424' title='bbox 242 3201 437 3258; x_wconf 88' lang='lat' dir='ltr'>Tullio</span> <span class='ocrx_word' id='word_1_425' title='bbox 459 3203 542 3258; x_wconf 92' lang='lat' dir='ltr'>ibi</span> <span class='ocrx_word' id='word_1_426' title='bbox 564 3203 929 3273; x_wconf 86' lang='lat' dir='ltr'>desciscere,</span> <span class='ocrx_word' id='word_1_427' title='bbox 952 3204 1291 3277; x_wconf 90' lang='lat' dir='ltr'>ubicunque</span> <span class='ocrx_word' id='word_1_428' title='bbox 1313 3206 1622 3276; x_wconf 89' lang='lat' dir='ltr'>utriusque</span> <span class='ocrx_word' id='word_1_429' title='bbox 1644 3205 1900 3259; x_wconf 88' lang='lat' dir='ltr'>afﬁnitas</span> <span class='ocrx_word' id='word_1_430' title='bbox 1922 3222 2039 3260; x_wconf 92' lang='lat' dir='ltr'>non</span> <span class='ocrx_word' id='word_1_431' title='bbox 2061 3205 2431 3260; x_wconf 89' lang='lat' dir='ltr'>subnotatur.</span> <span class='ocrx_word' id='word_1_432' title='bbox 2458 3205 2610 3259; x_wconf 86' lang='lat' dir='ltr'>Hinc</span> <span class='ocrx_word' id='word_1_433' title='bbox 2636 3206 2807 3258; x_wconf 86' lang='lat' dir='ltr'>etiam</span> <span class='ocrx_word' id='word_1_434' title='bbox 2836 3205 2934 3259; x_wconf 91' lang='lat' dir='ltr'>ﬁet</span> <span class='ocrx_word' id='word_1_435' title='bbox 2954 3209 3317 3275; x_wconf 90' lang='lat' dir='ltr'>compertum</span> <span class='ocrx_word' id='word_1_436' title='bbox 3340 3204 3721 3276; x_wconf 65' lang='lat' dir='ltr'>quantojudi»</span> 
     </span>
    </p>
   </div>
   <div class='ocr_carea' id='block_1_33' title="bbox 242 3290 3718 3365">
    <p class='ocr_par' dir='ltr' id='par_1_33' title="bbox 242 3290 3718 3365">
     <span class='ocr_line' id='line_1_33' title="bbox 242 3290 3718 3365; baseline 0.001 -22"><span class='ocrx_word' id='word_1_437' title='bbox 242 3290 338 3344; x_wconf 87' lang='lat' dir='ltr'>cio</span> <span class='ocrx_word' id='word_1_438' title='bbox 368 3290 615 3346; x_wconf 89' lang='lat' dir='ltr'>eosdem</span> <span class='ocrx_word' id='word_1_439' title='bbox 644 3291 835 3347; x_wconf 88' lang='lat' dir='ltr'>libros</span> <span class='ocrx_word' id='word_1_440' title='bbox 862 3292 1198 3348; x_wconf 83' lang='lat' dir='ltr'>utilissimis</span> <span class='ocrx_word' id='word_1_441' title='bbox 1220 3294 1536 3363; x_wconf 54' lang='lat' dir='ltr'>praeceptis</span> <span class='ocrx_word' id='word_1_442' title='bbox 1560 3292 1811 3347; x_wconf 85' lang='lat' dir='ltr'>refertos</span> <span class='ocrx_word' id='word_1_443' title='bbox 1842 3309 1983 3347; x_wconf 89' lang='lat' dir='ltr'>esse</span> <span class='ocrx_word' id='word_1_444' title='bbox 2019 3294 2234 3348; x_wconf 85' lang='lat' dir='ltr'>dixerit</span> <span class='ocrx_word' id='word_1_445' title='bbox 2264 3294 2639 3365; x_wconf 87' lang='lat' dir='ltr'>Augustinus</span> <span class='ocrx_word' id='word_1_446' title='bbox 2660 3293 2856 3364; x_wconf 82' lang='lat' dir='ltr'>(epist.</span> <span class='ocrx_word' id='word_1_447' title='bbox 2889 3293 2977 3359; x_wconf 72' lang='lat'>82,</span> <span class='ocrx_word' id='word_1_448' title='bbox 3011 3293 3087 3348; x_wconf 85' lang='lat' dir='ltr'>ad</span> <span class='ocrx_word' id='word_1_449' title='bbox 3116 3292 3384 3357; x_wconf 86' lang='lat' dir='ltr'>Hieron.,</span> <span class='ocrx_word' id='word_1_450' title='bbox 3420 3309 3579 3348; x_wconf 90' lang='lat' dir='ltr'>num.</span> <span class='ocrx_word' id='word_1_451' title='bbox 3604 3294 3718 3365; x_wconf 71' lang='lat' dir='ltr'>2t),</span> 
     </span>
    </p>
   </div>
   <div class='ocr_carea' id='block_1_34' title="bbox 241 3379 3720 3454">
    <p class='ocr_par' dir='ltr' id='par_1_34' title="bbox 241 3379 3720 3454">
     <span class='ocr_line' id='line_1_34' title="bbox 241 3379 3720 3454; baseline 0.001 -21"><span class='ocrx_word' id='word_1_452' title='bbox 241 3393 538 3450; x_wconf 89' lang='lat' dir='ltr'>quamque</span> <span class='ocrx_word' id='word_1_453' title='bbox 555 3379 763 3435; x_wconf 88' lang='lat' dir='ltr'>merito</span> <span class='ocrx_word' id='word_1_454' title='bbox 784 3380 953 3451; x_wconf 90' lang='lat' dir='ltr'>ipsos</span> <span class='ocrx_word' id='word_1_455' title='bbox 971 3381 1240 3437; x_wconf 88' lang='lat' dir='ltr'>lactenus</span> <span class='ocrx_word' id='word_1_456' title='bbox 1262 3382 1529 3438; x_wconf 88' lang='lat' dir='ltr'>universi</span> <span class='ocrx_word' id='word_1_457' title='bbox 1552 3382 1609 3435; x_wconf 91' lang='lat' dir='ltr'>in</span> <span class='ocrx_word' id='word_1_458' title='bbox 1635 3382 1825 3452; x_wconf 89' lang='lat' dir='ltr'>pretio</span> <span class='ocrx_word' id='word_1_459' title='bbox 1853 3380 2184 3452; x_wconf 81' lang='lat' dir='ltr'>habuerint,</span> <span class='ocrx_word' id='word_1_460' title='bbox 2208 3381 2698 3454; x_wconf 88' lang='lat' dir='ltr'>quemadmodum</span> <span class='ocrx_word' id='word_1_461' title='bbox 2736 3397 2811 3435; x_wconf 79' lang='lat' dir='ltr'><strong>ex</strong></span> <span class='ocrx_word' id='word_1_462' title='bbox 2840 3381 3262 3451; x_wconf 87' lang='lat' dir='ltr'>manuscriptis</span> <span class='ocrx_word' id='word_1_463' title='bbox 3295 3380 3557 3436; x_wconf 90' lang='lat' dir='ltr'>omnium</span> <span class='ocrx_word' id='word_1_464' title='bbox 3576 3384 3720 3436; x_wconf 69' lang='lat' dir='ltr'>teta-</span> 
     </span>
    </p>
   </div>
   <div class='ocr_carea' id='block_1_35' title="bbox 240 3467 1737 3541">
    <p class='ocr_par' dir='ltr' id='par_1_35' title="bbox 240 3467 1737 3541">
     <span class='ocr_line' id='line_1_35' title="bbox 240 3467 1737 3541; baseline 0.003 -20"><span class='ocrx_word' id='word_1_465' title='bbox 240 3467 386 3536; x_wconf 80' lang='lat' dir='ltr'>tum,</span> <span class='ocrx_word' id='word_1_466' title='bbox 405 3482 559 3538; x_wconf 91' lang='lat' dir='ltr'>quos</span> <span class='ocrx_word' id='word_1_467' title='bbox 587 3468 854 3538; x_wconf 84' lang='lat' dir='ltr'>reperias</span> <span class='ocrx_word' id='word_1_468' title='bbox 877 3468 936 3523; x_wconf 91' lang='lat' dir='ltr'>in</span> <span class='ocrx_word' id='word_1_469' title='bbox 952 3469 1352 3541; x_wconf 87' lang='lat' dir='ltr'>bibliothecis,</span> <span class='ocrx_word' id='word_1_470' title='bbox 1373 3470 1737 3541; x_wconf 89' lang='lat' dir='ltr'>intelligitur.</span> 
     </span>
    </p>
   </div>
   <div class='ocr_carea' id='block_1_36' title="bbox 310 3553 3722 3632">
    <p class='ocr_par' dir='ltr' id='par_1_36' title="bbox 310 3553 3722 3632">
     <span class='ocr_line' id='line_1_36' title="bbox 310 3553 3722 3632; baseline 0.001 -23"><span class='ocrx_word' id='word_1_471' title='bbox 310 3553 681 3627; x_wconf 82' lang='lat' dir='ltr'>Quapropter</span> <span class='ocrx_word' id='word_1_472' title='bbox 711 3557 847 3629; x_wconf 91' lang='lat' dir='ltr'>quis</span> <span class='ocrx_word' id='word_1_473' title='bbox 880 3557 1033 3614; x_wconf 89' lang='lat' dir='ltr'>ferre</span> <span class='ocrx_word' id='word_1_474' title='bbox 1069 3561 1263 3629; x_wconf 88' lang='lat' dir='ltr'>possit</span> <span class='ocrx_word' id='word_1_475' title='bbox 1291 3559 1694 3615; x_wconf 88' lang='lat' dir='ltr'>Christianum</span> <span class='ocrx_word' id='word_1_476' title='bbox 1723 3563 2022 3615; x_wconf 86' lang='lat' dir='ltr'>auctorem</span> <span class='ocrx_word' id='word_1_477' title='bbox 2052 3560 2124 3614; x_wconf 90' lang='lat' dir='ltr'>de</span> <span class='ocrx_word' id='word_1_478' title='bbox 2156 3559 2322 3615; x_wconf 88' lang='lat' dir='ltr'>hisce</span> <span class='ocrx_word' id='word_1_479' title='bbox 2352 3560 2524 3615; x_wconf 87' lang='lat' dir='ltr'>libris</span> <span class='ocrx_word' id='word_1_480' title='bbox 2567 3576 2778 3614; x_wconf 87' lang='lat' dir='ltr'>ausum</span> <span class='ocrx_word' id='word_1_481' title='bbox 2810 3559 3044 3615; x_wconf 87' lang='lat' dir='ltr'>discere</span> <span class='ocrx_word' id='word_1_482' title='bbox 3069 3574 3081 3615; x_wconf 90' lang='lat'>:</span> <span class='ocrx_word' id='word_1_483' title='bbox 3109 3558 3373 3632; x_wconf 77' lang='lat' dir='ltr'>Scripsit</span> <span class='ocrx_word' id='word_1_484' title='bbox 3395 3559 3469 3617; x_wconf 84' lang='lat' dir='ltr'>de</span> <span class='ocrx_word' id='word_1_485' title='bbox 3502 3558 3722 3615; x_wconf 72' lang='lat' dir='ltr'>ciliciis</span> 
     </span>
    </p>
   </div>
   <div class='ocr_carea' id='block_1_37' title="bbox 241 3642 3720 3721">
    <p class='ocr_par' dir='ltr' id='par_1_37' title="bbox 241 3642 3720 3721">
     <span class='ocr_line' id='line_1_37' title="bbox 241 3642 3720 3721; baseline 0.001 -24"><span class='ocrx_word' id='word_1_486' title='bbox 241 3642 423 3698; x_wconf 80' lang='lat' dir='ltr'>etiam</span> <span class='ocrx_word' id='word_1_487' title='bbox 439 3642 513 3699; x_wconf 92' lang='lat' dir='ltr'>D.</span> <span class='ocrx_word' id='word_1_488' title='bbox 537 3643 917 3716; x_wconf 83' lang='lat' dir='ltr'>Ambrosius,</span> <span class='ocrx_word' id='word_1_489' title='bbox 950 3647 1148 3718; x_wconf 82' lang='lat' dir='ltr'>credo,</span> <span class='ocrx_word' id='word_1_490' title='bbox 1175 3655 1234 3701; x_wconf 79' lang='lat' dir='ltr'>ut</span> <span class='ocrx_word' id='word_1_491' title='bbox 1250 3648 1462 3719; x_wconf 84' lang='lat' dir='ltr'>pueris</span> <span class='ocrx_word' id='word_1_492' title='bbox 1491 3646 1819 3703; x_wconf 80' lang='lat' dir='ltr'>inculcaret</span> <span class='ocrx_word' id='word_1_493' title='bbox 1838 3648 2212 3720; x_wconf 82' lang='lat' dir='ltr'>religionem.</span> <span class='ocrx_word' id='word_1_494' title='bbox 2250 3648 2461 3705; x_wconf 84' lang='lat' dir='ltr'>Verum</span> <span class='ocrx_word' id='word_1_495' title='bbox 2499 3665 2607 3721; x_wconf 87' lang='lat' dir='ltr'>ego</span> <span class='ocrx_word' id='word_1_496' title='bbox 2631 3647 2987 3721; x_wconf 86' lang='lat' dir='ltr'>religionem</span> <span class='ocrx_word' id='word_1_497' title='bbox 3021 3664 3101 3703; x_wconf 77' lang='lat' dir='ltr'>ex</span> <span class='ocrx_word' id='word_1_498' title='bbox 3127 3648 3468 3720; x_wconf 75' lang='lat' dir='ltr'>Scriptnris</span> <span class='ocrx_word' id='word_1_499' title='bbox 3490 3648 3720 3703; x_wconf 82' lang='lat' dir='ltr'>divinis</span> 
     </span>
    </p>
   </div>
   <div class='ocr_carea' id='block_1_38' title="bbox 240 3732 3721 3803">
    <p class='ocr_par' dir='ltr' id='par_1_38' title="bbox 240 3732 3721 3803">
     <span class='ocr_line' id='line_1_38' title="bbox 240 3732 3721 3803; baseline 0.001 -16"><span class='ocrx_word' id='word_1_500' title='bbox 240 3746 457 3788; x_wconf 83' lang='lat' dir='ltr'>censeo</span> <span class='ocrx_word' id='word_1_501' title='bbox 472 3732 864 3790; x_wconf 76' lang='lat' dir='ltr'>hauriendam</span> <span class='ocrx_word' id='word_1_502' title='bbox 896 3750 1049 3802; x_wconf 88' lang='lat' dir='ltr'>esse,</span> <span class='ocrx_word' id='word_1_503' title='bbox 1072 3736 1147 3791; x_wconf 88' lang='lat' dir='ltr'>de</span> <span class='ocrx_word' id='word_1_504' title='bbox 1165 3736 1449 3792; x_wconf 80' lang='lat' dir='ltr'>civilibus</span> <span class='ocrx_word' id='word_1_505' title='bbox 1470 3736 1737 3792; x_wconf 86' lang='lat' dir='ltr'>moribus</span> <span class='ocrx_word' id='word_1_506' title='bbox 1755 3738 1958 3792; x_wconf 76' lang='lat' dir='ltr'>malim</span> <span class='ocrx_word' id='word_1_507' title='bbox 1976 3736 2186 3792; x_wconf 85' lang='lat' dir='ltr'>audire</span> <span class='ocrx_word' id='word_1_508' title='bbox 2207 3736 2574 3792; x_wconf 84' lang='lat' dir='ltr'>Ciceronem.</span> <span class='ocrx_word' id='word_1_509' title='bbox 2593 3736 2736 3803; x_wconf 84' lang='lat' dir='ltr'>Quae</span> <span class='ocrx_word' id='word_1_510' title='bbox 2761 3738 3052 3791; x_wconf 85' lang='lat' dir='ltr'>sententia</span> <span class='ocrx_word' id='word_1_511' title='bbox 3076 3740 3269 3791; x_wconf 88' lang='lat' dir='ltr'>utrum</span> <span class='ocrx_word' id='word_1_512' title='bbox 3301 3735 3620 3791; x_wconf 83' lang='lat' dir='ltr'>Ambrosio</span> <span class='ocrx_word' id='word_1_513' title='bbox 3645 3752 3721 3790; x_wconf 90' lang='lat' dir='ltr'>an</span> 
     </span>
    </p>
   </div>
   <div class='ocr_carea' id='block_1_39' title="bbox 239 3819 3725 3897">
    <p class='ocr_par' dir='ltr' id='par_1_39' title="bbox 239 3819 3725 3897">
     <span class='ocr_line' id='line_1_39' title="bbox 239 3819 3725 3897; baseline 0.001 -22"><span class='ocrx_word' id='word_1_514' title='bbox 239 3819 435 3876; x_wconf 85' lang='lat' dir='ltr'>sacris</span> <span class='ocrx_word' id='word_1_515' title='bbox 456 3821 695 3894; x_wconf 87' lang='lat' dir='ltr'>paginis</span> <span class='ocrx_word' id='word_1_516' title='bbox 714 3824 1052 3896; x_wconf 85' lang='lat' dir='ltr'>graviorem</span> <span class='ocrx_word' id='word_1_517' title='bbox 1073 3825 1267 3880; x_wconf 89' lang='lat' dir='ltr'>inurat</span> <span class='ocrx_word' id='word_1_518' title='bbox 1284 3824 1584 3897; x_wconf 87' lang='lat' dir='ltr'>injuriam,</span> <span class='ocrx_word' id='word_1_519' title='bbox 1611 3826 1852 3881; x_wconf 88' lang='lat' dir='ltr'>deﬁnitu</span> <span class='ocrx_word' id='word_1_520' title='bbox 1872 3841 1989 3882; x_wconf 93' lang='lat' dir='ltr'>non</span> <span class='ocrx_word' id='word_1_521' title='bbox 2020 3825 2190 3880; x_wconf 82' lang='lat' dir='ltr'>facile</span> <span class='ocrx_word' id='word_1_522' title='bbox 2208 3828 2320 3880; x_wconf 87' lang='lat' dir='ltr'>est.</span> <span class='ocrx_word' id='word_1_523' title='bbox 2351 3825 2580 3880; x_wconf 89' lang='lat' dir='ltr'>Etenim</span> <span class='ocrx_word' id='word_1_524' title='bbox 2603 3842 2738 3881; x_wconf 86' lang='lat' dir='ltr'>cum</span> <span class='ocrx_word' id='word_1_525' title='bbox 2761 3826 2822 3880; x_wconf 89' lang='lat' dir='ltr'>hi</span> <span class='ocrx_word' id='word_1_526' title='bbox 2844 3841 3042 3881; x_wconf 85' lang='lat' dir='ltr'>mores</span> <span class='ocrx_word' id='word_1_527' title='bbox 3068 3824 3303 3893; x_wconf 82' lang='lat' dir='ltr'>civiles,</span> <span class='ocrx_word' id='word_1_528' title='bbox 3330 3840 3450 3880; x_wconf 90' lang='lat' dir='ltr'>non</span> <span class='ocrx_word' id='word_1_529' title='bbox 3477 3824 3577 3879; x_wconf 89' lang='lat' dir='ltr'>alii</span> <span class='ocrx_word' id='word_1_530' title='bbox 3603 3824 3725 3879; x_wconf 90' lang='lat' dir='ltr'>sint</span> 
     </span>
    </p>
   </div>
   <div class='ocr_carea' id='block_1_40' title="bbox 238 3909 3724 3985">
    <p class='ocr_par' dir='ltr' id='par_1_40' title="bbox 238 3909 3724 3985">
     <span class='ocr_line' id='line_1_40' title="bbox 238 3909 3724 3985; baseline 0 -19"><span class='ocrx_word' id='word_1_531' title='bbox 238 3924 417 3981; x_wconf 79' lang='lat' dir='ltr'>quam</span> <span class='ocrx_word' id='word_1_532' title='bbox 438 3909 679 3966; x_wconf 87' lang='lat' dir='ltr'>humani</span> <span class='ocrx_word' id='word_1_533' title='bbox 696 3914 865 3968; x_wconf 88' lang='lat' dir='ltr'>actus</span> <span class='ocrx_word' id='word_1_534' title='bbox 887 3928 962 3969; x_wconf 87' lang='lat' dir='ltr'>ex</span> <span class='ocrx_word' id='word_1_535' title='bbox 983 3913 1569 3985; x_wconf 80' lang='lat' dir='ltr'>prudentiaaliisque</span> <span class='ocrx_word' id='word_1_536' title='bbox 1587 3914 1905 3971; x_wconf 83' lang='lat' dir='ltr'>virtutibus</span> <span class='ocrx_word' id='word_1_537' title='bbox 1929 3913 2330 3969; x_wconf 86' lang='lat' dir='ltr'>cardinalibus</span> <span class='ocrx_word' id='word_1_538' title='bbox 2358 3913 2721 3984; x_wconf 87' lang='lat' dir='ltr'>instituendi,</span> <span class='ocrx_word' id='word_1_539' title='bbox 2746 3930 2940 3969; x_wconf 90' lang='lat' dir='ltr'>nonne</span> <span class='ocrx_word' id='word_1_540' title='bbox 2959 3913 3230 3968; x_wconf 87' lang='lat' dir='ltr'>immanis</span> <span class='ocrx_word' id='word_1_541' title='bbox 3255 3913 3609 3968; x_wconf 86' lang='lat' dir='ltr'>contumelia</span> <span class='ocrx_word' id='word_1_542' title='bbox 3630 3916 3724 3967; x_wconf 88' lang='lat' dir='ltr'>est</span> 
     </span>
    </p>
   </div>
   <div class='ocr_carea' id='block_1_41' title="bbox 237 3997 3718 4073">
    <p class='ocr_par' dir='ltr' id='par_1_41' title="bbox 237 3997 3718 4073">
     <span class='ocr_line' id='line_1_41' title="bbox 237 3997 3718 4073; baseline 0.001 -21"><span class='ocrx_word' id='word_1_543' title='bbox 237 3997 548 4069; x_wconf 87' lang='lat' dir='ltr'>profanam</span> <span class='ocrx_word' id='word_1_544' title='bbox 570 4000 802 4056; x_wconf 79' lang='lat' dir='ltr'>ethicen</span> <span class='ocrx_word' id='word_1_545' title='bbox 823 4008 1171 4073; x_wconf 65' lang='lat' dir='ltr'>praeponere</span> <span class='ocrx_word' id='word_1_546' title='bbox 1191 4002 1311 4058; x_wconf 87' lang='lat' dir='ltr'>illis</span> <span class='ocrx_word' id='word_1_547' title='bbox 1330 4003 1646 4073; x_wconf 82' lang='lat' dir='ltr'>praeceptis</span> <span class='ocrx_word' id='word_1_548' title='bbox 1663 4019 1796 4073; x_wconf 67' lang='lat' dir='ltr'>quae</span> <span class='ocrx_word' id='word_1_549' title='bbox 1818 4019 2001 4072; x_wconf 87' lang='lat' dir='ltr'>super</span> <span class='ocrx_word' id='word_1_550' title='bbox 2013 4003 2123 4057; x_wconf 88' lang='lat' dir='ltr'>hac</span> <span class='ocrx_word' id='word_1_551' title='bbox 2141 4018 2204 4056; x_wconf 92' lang='lat' dir='ltr'>re</span> <span class='ocrx_word' id='word_1_552' title='bbox 2226 4002 2533 4073; x_wconf 88' lang='lat' dir='ltr'>prcphetis</span> <span class='ocrx_word' id='word_1_553' title='bbox 2545 4002 2767 4057; x_wconf 82' lang='lat' dir='ltr'>afﬂavit</span> <span class='ocrx_word' id='word_1_554' title='bbox 2784 4007 3026 4057; x_wconf 83' lang='lat' dir='ltr'>sanctus</span> <span class='ocrx_word' id='word_1_555' title='bbox 3044 4002 3317 4072; x_wconf 88' lang='lat' dir='ltr'>Spiritus,</span> <span class='ocrx_word' id='word_1_556' title='bbox 3334 4002 3718 4057; x_wconf 85' lang='lat' dir='ltr'>autChristus</span> 
     </span>
    </p>
   </div>
   <div class='ocr_carea' id='block_1_42' title="bbox 236 4086 3715 4163">
    <p class='ocr_par' dir='ltr' id='par_1_42' title="bbox 236 4086 3715 4163">
     <span class='ocr_line' id='line_1_42' title="bbox 236 4086 3715 4163; baseline 0.001 -22"><span class='ocrx_word' id='word_1_557' title='bbox 236 4086 371 4158; x_wconf 89' lang='lat' dir='ltr'>ipse</span> <span class='ocrx_word' id='word_1_558' title='bbox 394 4103 496 4143; x_wconf 89' lang='lat' dir='ltr'>ore</span> <span class='ocrx_word' id='word_1_559' title='bbox 519 4090 760 4162; x_wconf 89' lang='lat' dir='ltr'>proprio</span> <span class='ocrx_word' id='word_1_560' title='bbox 780 4091 1070 4161; x_wconf 86' lang='lat' dir='ltr'>apostolis</span> <span class='ocrx_word' id='word_1_561' title='bbox 1091 4091 1331 4147; x_wconf 89' lang='lat' dir='ltr'>dictavit</span> <span class='ocrx_word' id='word_1_562' title='bbox 1347 4092 1477 4146; x_wconf 88' lang='lat' dir='ltr'>suis</span> <span class='ocrx_word' id='word_1_563' title='bbox 1498 4092 1527 4145; x_wconf 67' lang='grc' dir='ltr'>ε)</span> <span class='ocrx_word' id='word_1_564' title='bbox 1545 4091 1677 4146; x_wconf 87' lang='lat' dir='ltr'>Non</span> <span class='ocrx_word' id='word_1_565' title='bbox 1694 4091 1818 4162; x_wconf 87' lang='lat' dir='ltr'>jam</span> <span class='ocrx_word' id='word_1_566' title='bbox 1839 4107 1985 4163; x_wconf 78' lang='lat' dir='ltr'>ergo</span> <span class='ocrx_word' id='word_1_567' title='bbox 2004 4091 2238 4159; x_wconf 89' lang='lat' dir='ltr'>mirum,</span> <span class='ocrx_word' id='word_1_568' title='bbox 2257 4092 2312 4145; x_wconf 89' lang='lat' dir='ltr'>si</span> <span class='ocrx_word' id='word_1_569' title='bbox 2329 4091 2517 4146; x_wconf 89' lang='lat' dir='ltr'>libros</span> <span class='ocrx_word' id='word_1_570' title='bbox 2541 4092 2711 4160; x_wconf 89' lang='lat' dir='ltr'>istos,</span> <span class='ocrx_word' id='word_1_571' title='bbox 2731 4091 2792 4146; x_wconf 91' lang='lat' dir='ltr'>in</span> <span class='ocrx_word' id='word_1_572' title='bbox 2810 4092 3030 4163; x_wconf 88' lang='lat' dir='ltr'>quibus</span> <span class='ocrx_word' id='word_1_573' title='bbox 3052 4091 3335 4146; x_wconf 84' lang='lat' dir='ltr'>moralem</span> <span class='ocrx_word' id='word_1_574' title='bbox 3350 4090 3572 4145; x_wconf 85' lang='lat' dir='ltr'>Christi</span> <span class='ocrx_word' id='word_1_575' title='bbox 3586 4090 3715 4144; x_wconf 91' lang='lat' dir='ltr'>dis-</span> 
     </span>
    </p>
   </div>
   <div class='ocr_carea' id='block_1_43' title="bbox 240 4174 3717 4250">
    <p class='ocr_par' dir='ltr' id='par_1_43' title="bbox 240 4174 3717 4250">
     <span class='ocr_line' id='line_1_43' title="bbox 240 4174 3717 4250; baseline 0.001 -21"><span class='ocrx_word' id='word_1_576' title='bbox 240 4174 518 4246; x_wconf 84' lang='lat' dir='ltr'>ciplinam</span> <span class='ocrx_word' id='word_1_577' title='bbox 533 4181 780 4234; x_wconf 89' lang='lat' dir='ltr'>sanctus</span> <span class='ocrx_word' id='word_1_578' title='bbox 794 4178 892 4234; x_wconf 91' lang='lat' dir='ltr'>hic</span> <span class='ocrx_word' id='word_1_579' title='bbox 911 4179 1131 4235; x_wconf 85' lang='lat' dir='ltr'>Doctor</span> <span class='ocrx_word' id='word_1_580' title='bbox 1144 4179 1563 4250; x_wconf 87' lang='lat' dir='ltr'>interpretatur</span> <span class='ocrx_word' id='word_1_581' title='bbox 1580 4181 1829 4249; x_wconf 86' lang='lat' dir='ltr'>insuper</span> <span class='ocrx_word' id='word_1_582' title='bbox 1849 4179 2059 4233; x_wconf 80' lang='lat' dir='ltr'>habeat</span> <span class='ocrx_word' id='word_1_583' title='bbox 2083 4180 2484 4235; x_wconf 79' lang='lat' dir='ltr'>heterodoxus</span> <span class='ocrx_word' id='word_1_584' title='bbox 2506 4196 2520 4247; x_wconf 70' lang='grc' dir='ltr'>ς</span> <span class='ocrx_word' id='word_1_585' title='bbox 2544 4181 2762 4235; x_wconf 85' lang='lat' dir='ltr'>talibus</span> <span class='ocrx_word' id='word_1_586' title='bbox 2785 4181 2941 4234; x_wconf 89' lang='lat' dir='ltr'>enim</span> <span class='ocrx_word' id='word_1_587' title='bbox 2965 4181 3198 4234; x_wconf 83' lang='lat' dir='ltr'>Patrum</span> <span class='ocrx_word' id='word_1_588' title='bbox 3223 4182 3593 4249; x_wconf 85' lang='lat' dir='ltr'>contemptus</span> <span class='ocrx_word' id='word_1_589' title='bbox 3626 4178 3717 4232; x_wconf 84' lang='lat' dir='ltr'>fa-</span> 
     </span>
    </p>
   </div>
   <div class='ocr_carea' id='block_1_44' title="bbox 240 4264 3718 4339">
    <p class='ocr_par' dir='ltr' id='par_1_44' title="bbox 240 4264 3718 4339">
     <span class='ocr_line' id='line_1_44' title="bbox 240 4264 3718 4339; baseline 0 -19"><span class='ocrx_word' id='word_1_590' title='bbox 240 4264 494 4321; x_wconf 87' lang='lat' dir='ltr'>miliaris</span> <span class='ocrx_word' id='word_1_591' title='bbox 517 4270 628 4322; x_wconf 89' lang='lat' dir='ltr'>est.</span> <span class='ocrx_word' id='word_1_592' title='bbox 648 4266 941 4324; x_wconf 63' lang='lat' dir='ltr'>Ceterum</span> <span class='ocrx_word' id='word_1_593' title='bbox 961 4284 1168 4324; x_wconf 83' lang='lat' dir='ltr'>ansam</span> <span class='ocrx_word' id='word_1_594' title='bbox 1190 4268 1495 4325; x_wconf 84' lang='lat' dir='ltr'>dubitandi</span> <span class='ocrx_word' id='word_1_595' title='bbox 1516 4285 1591 4323; x_wconf 89' lang='lat' dir='ltr'>an</span> <span class='ocrx_word' id='word_1_596' title='bbox 1613 4268 1857 4323; x_wconf 88' lang='lat' dir='ltr'>eosdem</span> <span class='ocrx_word' id='word_1_597' title='bbox 1878 4267 2067 4324; x_wconf 89' lang='lat' dir='ltr'>libros</span> <span class='ocrx_word' id='word_1_598' title='bbox 2093 4284 2352 4339; x_wconf 89' lang='lat' dir='ltr'>unquam</span> <span class='ocrx_word' id='word_1_599' title='bbox 2365 4268 2596 4338; x_wconf 84' lang='lat' dir='ltr'>legerit,</span> <span class='ocrx_word' id='word_1_600' title='bbox 2622 4269 2750 4339; x_wconf 91' lang='lat' dir='ltr'>ipse</span> <span class='ocrx_word' id='word_1_601' title='bbox 2772 4269 3087 4339; x_wconf 88' lang='lat' dir='ltr'>supeditat,</span> <span class='ocrx_word' id='word_1_602' title='bbox 3112 4283 3248 4322; x_wconf 92' lang='lat' dir='ltr'>cum</span> <span class='ocrx_word' id='word_1_603' title='bbox 3271 4269 3344 4322; x_wconf 86' lang='lat' dir='ltr'>de</span> <span class='ocrx_word' id='word_1_604' title='bbox 3362 4267 3457 4322; x_wconf 90' lang='lat' dir='ltr'>his</span> <span class='ocrx_word' id='word_1_605' title='bbox 3481 4266 3718 4321; x_wconf 89' lang='lat' dir='ltr'>scribit:</span> 
     </span>
    </p>
   </div>
   <div class='ocr_carea' id='block_1_45' title="bbox 241 4353 3724 4429">
    <p class='ocr_par' dir='ltr' id='par_1_45' title="bbox 241 4353 3724 4429">
     <span class='ocr_line' id='line_1_45' title="bbox 241 4353 3724 4429; baseline 0 -21"><span class='ocrx_word' id='word_1_606' title='bbox 241 4353 444 4409; x_wconf 82' lang='lat' dir='ltr'>Credo</span> <span class='ocrx_word' id='word_1_607' title='bbox 462 4359 521 4410; x_wconf 79' lang='lat' dir='ltr'>ut</span> <span class='ocrx_word' id='word_1_608' title='bbox 545 4356 758 4427; x_wconf 85' lang='lat' dir='ltr'>pueris</span> <span class='ocrx_word' id='word_1_609' title='bbox 784 4356 1114 4412; x_wconf 80' lang='lat' dir='ltr'>inculcaret</span> <span class='ocrx_word' id='word_1_610' title='bbox 1143 4356 1531 4429; x_wconf 82' lang='lat' dir='ltr'>religionem;</span> <span class='ocrx_word' id='word_1_611' title='bbox 1564 4372 1681 4411; x_wconf 91' lang='lat' dir='ltr'>non</span> <span class='ocrx_word' id='word_1_612' title='bbox 1715 4357 1872 4410; x_wconf 90' lang='lat' dir='ltr'>enim</span> <span class='ocrx_word' id='word_1_613' title='bbox 1894 4357 2117 4427; x_wconf 90' lang='lat' dir='ltr'>pueris,</span> <span class='ocrx_word' id='word_1_614' title='bbox 2152 4357 2259 4411; x_wconf 85' lang='lat' dir='ltr'>sed</span> <span class='ocrx_word' id='word_1_615' title='bbox 2288 4356 2576 4412; x_wconf 79' lang='lat' dir='ltr'>Ecclesiae</span> <span class='ocrx_word' id='word_1_616' title='bbox 2603 4357 2894 4412; x_wconf 82' lang='lat' dir='ltr'>ministris</span> <span class='ocrx_word' id='word_1_617' title='bbox 2918 4357 3181 4412; x_wconf 85' lang='lat' dir='ltr'>omnium</span> <span class='ocrx_word' id='word_1_618' title='bbox 3202 4359 3438 4411; x_wconf 84' lang='lat' dir='ltr'>aetatum</span> <span class='ocrx_word' id='word_1_619' title='bbox 3459 4356 3724 4411; x_wconf 90' lang='lat' dir='ltr'>destina-</span> 
     </span>
    </p>
   </div>
   <div class='ocr_carea' id='block_1_46' title="bbox 238 4444 3722 4519">
    <p class='ocr_par' dir='ltr' id='par_1_46' title="bbox 238 4444 3722 4519">
     <span class='ocr_line' id='line_1_46' title="bbox 238 4444 3722 4519; baseline -0 -21"><span class='ocrx_word' id='word_1_620' title='bbox 238 4445 336 4499; x_wconf 86' lang='lat' dir='ltr'>tos</span> <span class='ocrx_word' id='word_1_621' title='bbox 357 4458 497 4499; x_wconf 88' lang='lat' dir='ltr'>esse</span> <span class='ocrx_word' id='word_1_622' title='bbox 520 4444 772 4515; x_wconf 81' lang='lat' dir='ltr'>ipsemet</span> <span class='ocrx_word' id='word_1_623' title='bbox 791 4445 1149 4501; x_wconf 79' lang='lat' dir='ltr'>Ambrosius</span> <span class='ocrx_word' id='word_1_624' title='bbox 1171 4462 1290 4501; x_wconf 91' lang='lat' dir='ltr'>non</span> <span class='ocrx_word' id='word_1_625' title='bbox 1312 4445 1519 4516; x_wconf 89' lang='lat' dir='ltr'>paucis</span> <span class='ocrx_word' id='word_1_626' title='bbox 1542 4446 1713 4514; x_wconf 90' lang='lat' dir='ltr'>locis,</span> <span class='ocrx_word' id='word_1_627' title='bbox 1738 4450 1792 4500; x_wconf 91' lang='lat' dir='ltr'>et</span> <span class='ocrx_word' id='word_1_628' title='bbox 1815 4446 2013 4516; x_wconf 87' lang='lat' dir='ltr'>operis</span> <span class='ocrx_word' id='word_1_629' title='bbox 2034 4446 2343 4517; x_wconf 89' lang='lat' dir='ltr'>inscriptio</span> <span class='ocrx_word' id='word_1_630' title='bbox 2362 4447 2422 4502; x_wconf 90' lang='lat' dir='ltr'>in</span> <span class='ocrx_word' id='word_1_631' title='bbox 2445 4447 2753 4502; x_wconf 87' lang='lat' dir='ltr'>codicibus</span> <span class='ocrx_word' id='word_1_632' title='bbox 2774 4447 2952 4519; x_wconf 84' lang='lat' dir='ltr'>longe</span> <span class='ocrx_word' id='word_1_633' title='bbox 2966 4446 3258 4517; x_wconf 87' lang='lat' dir='ltr'>plurimis,</span> <span class='ocrx_word' id='word_1_634' title='bbox 3282 4448 3343 4499; x_wconf 90' lang='lat' dir='ltr'>ut</span> <span class='ocrx_word' id='word_1_635' title='bbox 3357 4444 3480 4516; x_wconf 86' lang='lat' dir='ltr'>jam</span> <span class='ocrx_word' id='word_1_636' title='bbox 3503 4444 3722 4498; x_wconf 89' lang='lat' dir='ltr'>dictum</span> 
     </span>
    </p>
   </div>
   <div class='ocr_carea' id='block_1_47' title="bbox 239 4531 3726 4604">
    <p class='ocr_par' dir='ltr' id='par_1_47' title="bbox 239 4531 3726 4604">
     <span class='ocr_line' id='line_1_47' title="bbox 239 4531 3726 4604; baseline 0.001 -19"><span class='ocrx_word' id='word_1_637' title='bbox 239 4533 355 4600; x_wconf 85' lang='lat' dir='ltr'>est,</span> <span class='ocrx_word' id='word_1_638' title='bbox 390 4531 761 4587; x_wconf 87' lang='lat' dir='ltr'>testiﬁcatur.</span> <span class='ocrx_word' id='word_1_639' title='bbox 787 4532 1202 4588; x_wconf 73' lang='lat' dir='ltr'>Verumtamen</span> <span class='ocrx_word' id='word_1_640' title='bbox 1226 4533 1620 4587; x_wconf 86' lang='lat' dir='ltr'>licetAuctori</span> <span class='ocrx_word' id='word_1_641' title='bbox 1642 4534 1945 4589; x_wconf 88' lang='lat' dir='ltr'>erudiendi</span> <span class='ocrx_word' id='word_1_642' title='bbox 1970 4535 2224 4589; x_wconf 91' lang='lat' dir='ltr'>clericos</span> <span class='ocrx_word' id='word_1_643' title='bbox 2257 4535 2572 4590; x_wconf 88' lang='lat' dir='ltr'>consilium</span> <span class='ocrx_word' id='word_1_644' title='bbox 2608 4535 2804 4604; x_wconf 85' lang='lat' dir='ltr'>fuerit,</span> <span class='ocrx_word' id='word_1_645' title='bbox 2829 4535 3214 4590; x_wconf 88' lang='lat' dir='ltr'>nihilominus</span> <span class='ocrx_word' id='word_1_646' title='bbox 3248 4534 3490 4589; x_wconf 90' lang='lat' dir='ltr'>cuilibet</span> <span class='ocrx_word' id='word_1_647' title='bbox 3515 4532 3726 4589; x_wconf 86' lang='lat' dir='ltr'>condi—</span> 
     </span>
    </p>
   </div>
   <div class='ocr_carea' id='block_1_48' title="bbox 239 4619 3723 4695">
    <p class='ocr_par' dir='ltr' id='par_1_48' title="bbox 239 4619 3723 4695">
     <span class='ocr_line' id='line_1_48' title="bbox 239 4619 3723 4695; baseline 0.001 -23"><span class='ocrx_word' id='word_1_648' title='bbox 239 4619 385 4675; x_wconf 85' lang='lat' dir='ltr'>tioni</span> <span class='ocrx_word' id='word_1_649' title='bbox 409 4620 522 4677; x_wconf 88' lang='lat' dir='ltr'>hoc</span> <span class='ocrx_word' id='word_1_650' title='bbox 540 4620 694 4677; x_wconf 88' lang='lat' dir='ltr'>idem</span> <span class='ocrx_word' id='word_1_651' title='bbox 718 4637 869 4693; x_wconf 90' lang='lat' dir='ltr'>opus</span> <span class='ocrx_word' id='word_1_652' title='bbox 884 4623 1021 4678; x_wconf 88' lang='lat' dir='ltr'>utile</span> <span class='ocrx_word' id='word_1_653' title='bbox 1044 4638 1183 4678; x_wconf 90' lang='lat' dir='ltr'>esse</span> <span class='ocrx_word' id='word_1_654' title='bbox 1203 4622 1497 4679; x_wconf 86' lang='lat' dir='ltr'>inﬁcictur</span> <span class='ocrx_word' id='word_1_655' title='bbox 1517 4637 1719 4691; x_wconf 84' lang='lat' dir='ltr'>nemo;</span> <span class='ocrx_word' id='word_1_656' title='bbox 1738 4638 1869 4677; x_wconf 90' lang='lat' dir='ltr'>nam</span> <span class='ocrx_word' id='word_1_657' title='bbox 1886 4638 2016 4676; x_wconf 89' lang='lat' dir='ltr'>cum</span> <span class='ocrx_word' id='word_1_658' title='bbox 2032 4622 2233 4678; x_wconf 89' lang='lat' dir='ltr'>clerici</span> <span class='ocrx_word' id='word_1_659' title='bbox 2253 4622 2327 4678; x_wconf 87' lang='lat' dir='ltr'>ad</span> <span class='ocrx_word' id='word_1_660' title='bbox 2343 4623 2687 4693; x_wconf 87' lang='lat' dir='ltr'>superiores</span> <span class='ocrx_word' id='word_1_661' title='bbox 2709 4622 2928 4695; x_wconf 85' lang='lat' dir='ltr'>quibus</span> <span class='ocrx_word' id='word_1_662' title='bbox 2951 4622 3378 4693; x_wconf 87' lang='lat' dir='ltr'>obtemperant,</span> <span class='ocrx_word' id='word_1_663' title='bbox 3402 4623 3460 4676; x_wconf 91' lang='lat' dir='ltr'>et</span> <span class='ocrx_word' id='word_1_664' title='bbox 3479 4620 3723 4676; x_wconf 85' lang='lat' dir='ltr'>inferio-</span> 
     </span>
    </p>
   </div>
   <div class='ocr_carea' id='block_1_49' title="bbox 240 4708 3720 4783">
    <p class='ocr_par' dir='ltr' id='par_1_49' title="bbox 240 4708 3720 4783">
     <span class='ocr_line' id='line_1_49' title="bbox 240 4708 3720 4783; baseline -0 -19"><span class='ocrx_word' id='word_1_665' title='bbox 240 4723 343 4764; x_wconf 88' lang='lat' dir='ltr'>res</span> <span class='ocrx_word' id='word_1_666' title='bbox 364 4724 516 4780; x_wconf 87' lang='lat' dir='ltr'>quos</span> <span class='ocrx_word' id='word_1_667' title='bbox 534 4708 651 4779; x_wconf 89' lang='lat' dir='ltr'>ipsi</span> <span class='ocrx_word' id='word_1_668' title='bbox 668 4713 903 4783; x_wconf 87' lang='lat' dir='ltr'>regunt,</span> <span class='ocrx_word' id='word_1_669' title='bbox 924 4711 1192 4767; x_wconf 88' lang='lat' dir='ltr'>ordinem</span> <span class='ocrx_word' id='word_1_670' title='bbox 1216 4710 1500 4781; x_wconf 84' lang='lat' dir='ltr'>habeant;</span> <span class='ocrx_word' id='word_1_671' title='bbox 1530 4710 1665 4767; x_wconf 88' lang='lat' dir='ltr'>inde</span> <span class='ocrx_word' id='word_1_672' title='bbox 1689 4709 1904 4765; x_wconf 85' lang='lat' dir='ltr'>factum</span> <span class='ocrx_word' id='word_1_673' title='bbox 1926 4714 2037 4780; x_wconf 89' lang='lat' dir='ltr'>est,</span> <span class='ocrx_word' id='word_1_674' title='bbox 2077 4714 2140 4767; x_wconf 90' lang='lat' dir='ltr'>ut</span> <span class='ocrx_word' id='word_1_675' title='bbox 2160 4714 2457 4783; x_wconf 83' lang='lat' dir='ltr'>praecepta</span> <span class='ocrx_word' id='word_1_676' title='bbox 2487 4711 2606 4765; x_wconf 90' lang='lat' dir='ltr'>illic</span> <span class='ocrx_word' id='word_1_677' title='bbox 2643 4711 2931 4782; x_wconf 87' lang='lat' dir='ltr'>pernmlta</span> <span class='ocrx_word' id='word_1_678' title='bbox 2963 4711 3394 4779; x_wconf 84' lang='lat' dir='ltr'>contineantur,</span> <span class='ocrx_word' id='word_1_679' title='bbox 3420 4708 3720 4765; x_wconf 86' lang='lat' dir='ltr'>communi</span> 
     </span>
    </p>
   </div>
   <div class='ocr_carea' id='block_1_50' title="bbox 240 4796 1019 4854">
    <p class='ocr_par' dir='ltr' id='par_1_50' title="bbox 240 4796 1019 4854">
     <span class='ocr_line' id='line_1_50' title="bbox 240 4796 1019 4854; baseline 0.003 -2"><span class='ocrx_word' id='word_1_680' title='bbox 240 4796 520 4853; x_wconf 89' lang='lat' dir='ltr'>omnibus</span> <span class='ocrx_word' id='word_1_681' title='bbox 547 4796 746 4853; x_wconf 89' lang='lat' dir='ltr'>fructu</span> <span class='ocrx_word' id='word_1_682' title='bbox 780 4798 1019 4854; x_wconf 84' lang='lat' dir='ltr'>referta.</span> 
     </span>
    </p>
   </div>
   <div class='ocr_carea' id='block_1_51' title="bbox 312 4885 3724 4959">
    <p class='ocr_par' dir='ltr' id='par_1_51' title="bbox 312 4885 3724 4959">
     <span class='ocr_line' id='line_1_51' title="bbox 312 4885 3724 4959; baseline 0 -18"><span class='ocrx_word' id='word_1_683' title='bbox 312 4886 458 4942; x_wconf 67' lang='lat' dir='ltr'>Hinc</span> <span class='ocrx_word' id='word_1_684' title='bbox 489 4885 694 4941; x_wconf 88' lang='lat' dir='ltr'>eadem</span> <span class='ocrx_word' id='word_1_685' title='bbox 725 4887 948 4941; x_wconf 85' lang='lat' dir='ltr'>utilitas</span> <span class='ocrx_word' id='word_1_686' title='bbox 979 4888 1039 4943; x_wconf 93' lang='lat' dir='ltr'>in</span> <span class='ocrx_word' id='word_1_687' title='bbox 1070 4904 1251 4944; x_wconf 87' lang='lat' dir='ltr'>causa</span> <span class='ocrx_word' id='word_1_688' title='bbox 1285 4889 1394 4944; x_wconf 88' lang='lat' dir='ltr'>fuit</span> <span class='ocrx_word' id='word_1_689' title='bbox 1423 4905 1529 4945; x_wconf 89' lang='lat' dir='ltr'>cur</span> <span class='ocrx_word' id='word_1_690' title='bbox 1559 4889 1736 4944; x_wconf 89' lang='lat' dir='ltr'>iidem</span> <span class='ocrx_word' id='word_1_691' title='bbox 1765 4889 1900 4944; x_wconf 88' lang='lat' dir='ltr'>libri</span> <span class='ocrx_word' id='word_1_692' title='bbox 1930 4906 2048 4945; x_wconf 92' lang='lat' dir='ltr'>non</span> <span class='ocrx_word' id='word_1_693' title='bbox 2079 4888 2274 4945; x_wconf 87' lang='lat' dir='ltr'>solum</span> <span class='ocrx_word' id='word_1_694' title='bbox 2306 4889 2480 4944; x_wconf 89' lang='lat' dir='ltr'>toties</span> <span class='ocrx_word' id='word_1_695' title='bbox 2527 4889 2751 4943; x_wconf 80' lang='lat' dir='ltr'>exarati</span> <span class='ocrx_word' id='word_1_696' title='bbox 2796 4889 2934 4959; x_wconf 89' lang='lat' dir='ltr'>sint,</span> <span class='ocrx_word' id='word_1_697' title='bbox 2968 4906 3175 4944; x_wconf 89' lang='lat' dir='ltr'>verum</span> <span class='ocrx_word' id='word_1_698' title='bbox 3220 4890 3392 4943; x_wconf 88' lang='lat' dir='ltr'>etiam</span> <span class='ocrx_word' id='word_1_699' title='bbox 3435 4904 3467 4943; x_wconf 84' lang='lat' dir='ltr'>a</span> <span class='ocrx_word' id='word_1_700' title='bbox 3523 4888 3724 4942; x_wconf 89' lang='lat' dir='ltr'>multis</span> 
     </span>
    </p>
   </div>
   <div class='ocr_carea' id='block_1_52' title="bbox 239 4974 3720 5049">
    <p class='ocr_par' dir='ltr' id='par_1_52' title="bbox 239 4974 3720 5049">
     <span class='ocr_line' id='line_1_52' title="bbox 239 4974 3720 5049; baseline -0.001 -18"><span class='ocrx_word' id='word_1_701' title='bbox 239 4976 303 5031; x_wconf 89' lang='lat' dir='ltr'>in</span> <span class='ocrx_word' id='word_1_702' title='bbox 331 4975 667 5045; x_wconf 89' lang='lat' dir='ltr'>compendii</span> <span class='ocrx_word' id='word_1_703' title='bbox 694 4978 793 5031; x_wconf 90' lang='lat' dir='ltr'>aut</span> <span class='ocrx_word' id='word_1_704' title='bbox 828 4981 1243 5048; x_wconf 84' lang='lat' dir='ltr'>excerptorum</span> <span class='ocrx_word' id='word_1_705' title='bbox 1284 4978 1534 5034; x_wconf 80' lang='lat' dir='ltr'>formam</span> <span class='ocrx_word' id='word_1_706' title='bbox 1576 4978 1818 5033; x_wconf 89' lang='lat' dir='ltr'>redacti.</span> <span class='ocrx_word' id='word_1_707' title='bbox 1867 4978 2155 5049; x_wconf 72' lang='lat' dir='ltr'>Excerpta</span> <span class='ocrx_word' id='word_1_708' title='bbox 2201 4993 2276 5032; x_wconf 79' lang='lat' dir='ltr'><strong>ex</strong></span> <span class='ocrx_word' id='word_1_709' title='bbox 2318 4976 2441 5032; x_wconf 76' lang='lat' dir='ltr'>i.lis</span> <span class='ocrx_word' id='word_1_710' title='bbox 2485 4980 2686 5032; x_wconf 80' lang='lat' dir='ltr'>extant</span> <span class='ocrx_word' id='word_1_711' title='bbox 2726 4979 2785 5033; x_wconf 90' lang='lat' dir='ltr'>in</span> <span class='ocrx_word' id='word_1_712' title='bbox 2828 4995 2944 5033; x_wconf 89' lang='lat' dir='ltr'>uno</span> <span class='ocrx_word' id='word_1_713' title='bbox 2986 4978 3388 5047; x_wconf 89' lang='lat' dir='ltr'>manuscripto</span> <span class='ocrx_word' id='word_1_714' title='bbox 3430 4974 3720 5046; x_wconf 74' lang='lat' dir='ltr'>Lyrensis</span> 
     </span>
    </p>
   </div>
   <div class='ocr_carea' id='block_1_53' title="bbox 240 5064 3720 5137">
    <p class='ocr_par' dir='ltr' id='par_1_53' title="bbox 240 5064 3720 5137">
     <span class='ocr_line' id='line_1_53' title="bbox 240 5064 3720 5137; baseline -0.001 -16"><span class='ocrx_word' id='word_1_715' title='bbox 240 5064 619 5135; x_wconf 86' lang='lat' dir='ltr'>monasterii;</span> <span class='ocrx_word' id='word_1_716' title='bbox 651 5066 1069 5137; x_wconf 87' lang='lat' dir='ltr'>compendium</span> <span class='ocrx_word' id='word_1_717' title='bbox 1099 5070 1293 5122; x_wconf 91' lang='lat' dir='ltr'>autem</span> <span class='ocrx_word' id='word_1_718' title='bbox 1314 5068 1374 5123; x_wconf 91' lang='lat' dir='ltr'>in</span> <span class='ocrx_word' id='word_1_719' title='bbox 1406 5084 1524 5124; x_wconf 90' lang='lat' dir='ltr'>uno</span> <span class='ocrx_word' id='word_1_720' title='bbox 1557 5068 1761 5124; x_wconf 89' lang='lat' dir='ltr'>codice</span> <span class='ocrx_word' id='word_1_721' title='bbox 1794 5067 2083 5123; x_wconf 83' lang='lat' dir='ltr'>Ecclesiae</span> <span class='ocrx_word' id='word_1_722' title='bbox 2104 5066 2514 5137; x_wconf 77' lang='lat' dir='ltr'>Carnutensis,</span> <span class='ocrx_word' id='word_1_723' title='bbox 2536 5068 3009 5123; x_wconf 78' lang='lat' dir='ltr'>ccnnexionibus</span> <span class='ocrx_word' id='word_1_724' title='bbox 3030 5066 3565 5121; x_wconf 87' lang='lat' dir='ltr'>actransiticnibus</span> <span class='ocrx_word' id='word_1_725' title='bbox 3588 5066 3720 5135; x_wconf 88' lang='lat' dir='ltr'>apte</span> 
     </span>
    </p>
   </div>
   <div class='ocr_carea' id='block_1_54' title="bbox 242 5153 3724 5229">
    <p class='ocr_par' dir='ltr' id='par_1_54' title="bbox 242 5153 3724 5229">
     <span class='ocr_line' id='line_1_54' title="bbox 242 5153 3724 5229; baseline -0.001 -20"><span class='ocrx_word' id='word_1_726' title='bbox 242 5154 680 5226; x_wconf 86' lang='lat' dir='ltr'>concinnatum,</span> <span class='ocrx_word' id='word_1_727' title='bbox 713 5153 890 5227; x_wconf 89' lang='lat' dir='ltr'>cujus</span> <span class='ocrx_word' id='word_1_728' title='bbox 922 5156 1329 5227; x_wconf 87' lang='lat' dir='ltr'>apcgraphum</span> <span class='ocrx_word' id='word_1_729' title='bbox 1360 5157 1427 5212; x_wconf 89' lang='lat' dir='ltr'>D.</span> <span class='ocrx_word' id='word_1_730' title='bbox 1458 5157 1513 5212; x_wconf 92' lang='lat' dir='ltr'>le</span> <span class='ocrx_word' id='word_1_731' title='bbox 1546 5157 1737 5213; x_wconf 89' lang='lat' dir='ltr'>Fercn</span> <span class='ocrx_word' id='word_1_732' title='bbox 1768 5156 2042 5228; x_wconf 83' lang='lat' dir='ltr'>ejusdem</span> <span class='ocrx_word' id='word_1_733' title='bbox 2073 5157 2330 5229; x_wconf 86' lang='lat' dir='ltr'>insignis</span> <span class='ocrx_word' id='word_1_734' title='bbox 2365 5155 2651 5212; x_wconf 79' lang='lat' dir='ltr'>Ecclesiae</span> <span class='ocrx_word' id='word_1_735' title='bbox 2674 5157 2997 5211; x_wconf 89' lang='lat' dir='ltr'>cancnicus</span> <span class='ocrx_word' id='word_1_736' title='bbox 3030 5160 3085 5209; x_wconf 90' lang='lat' dir='ltr'>et</span> <span class='ocrx_word' id='word_1_737' title='bbox 3115 5155 3475 5210; x_wconf 88' lang='lat' dir='ltr'>sorbcnicus</span> <span class='ocrx_word' id='word_1_738' title='bbox 3508 5155 3724 5208; x_wconf 92' lang='lat' dir='ltr'>doctor</span> 
     </span>
    </p>
   </div>
   <div class='ocr_carea' id='block_1_55' title="bbox 244 5243 3726 5317">
    <p class='ocr_par' dir='ltr' id='par_1_55' title="bbox 244 5243 3726 5317">
     <span class='ocr_line' id='line_1_55' title="bbox 244 5243 3726 5317; baseline -0.001 -18"><span class='ocrx_word' id='word_1_739' title='bbox 244 5259 386 5300; x_wconf 91' lang='lat' dir='ltr'>cura</span> <span class='ocrx_word' id='word_1_740' title='bbox 417 5261 524 5300; x_wconf 88' lang='lat' dir='ltr'>sua</span> <span class='ocrx_word' id='word_1_741' title='bbox 556 5245 921 5316; x_wconf 90' lang='lat' dir='ltr'>descriptum</span> <span class='ocrx_word' id='word_1_742' title='bbox 951 5245 1024 5299; x_wconf 91' lang='lat' dir='ltr'>ad</span> <span class='ocrx_word' id='word_1_743' title='bbox 1056 5261 1167 5300; x_wconf 89' lang='lat' dir='ltr'>nos</span> <span class='ocrx_word' id='word_1_744' title='bbox 1184 5246 1534 5301; x_wconf 88' lang='lat' dir='ltr'>transmisit.</span> <span class='ocrx_word' id='word_1_745' title='bbox 1570 5247 1703 5301; x_wconf 88' lang='lat' dir='ltr'>Non</span> <span class='ocrx_word' id='word_1_746' title='bbox 1753 5247 1907 5301; x_wconf 90' lang='lat' dir='ltr'>imus</span> <span class='ocrx_word' id='word_1_747' title='bbox 1938 5246 2188 5315; x_wconf 84' lang='lat' dir='ltr'>inﬁcias,</span> <span class='ocrx_word' id='word_1_748' title='bbox 2222 5246 2365 5317; x_wconf 89' lang='lat' dir='ltr'>quin</span> <span class='ocrx_word' id='word_1_749' title='bbox 2411 5246 2695 5317; x_wconf 89' lang='lat' dir='ltr'>prodierit</span> <span class='ocrx_word' id='word_1_750' title='bbox 2732 5246 2804 5299; x_wconf 90' lang='lat' dir='ltr'>ab</span> <span class='ocrx_word' id='word_1_751' title='bbox 2845 5245 3081 5314; x_wconf 87' lang='lat' dir='ltr'>antiqua</span> <span class='ocrx_word' id='word_1_752' title='bbox 3115 5259 3288 5299; x_wconf 91' lang='lat' dir='ltr'>manu</span> <span class='ocrx_word' id='word_1_753' title='bbox 3331 5243 3486 5298; x_wconf 90' lang='lat' dir='ltr'>istud</span> <span class='ocrx_word' id='word_1_754' title='bbox 3521 5257 3726 5297; x_wconf 77' lang='lat' dir='ltr'>exem-</span> 
     </span>
    </p>
   </div>
   <div class='ocr_carea' id='block_1_56' title="bbox 241 5330 3718 5407">
    <p class='ocr_par' dir='ltr' id='par_1_56' title="bbox 241 5330 3718 5407">
     <span class='ocr_line' id='line_1_56' title="bbox 241 5330 3718 5407; baseline -0.002 -17"><span class='ocrx_word' id='word_1_755' title='bbox 241 5334 392 5407; x_wconf 89' lang='lat' dir='ltr'>plar,</span> <span class='ocrx_word' id='word_1_756' title='bbox 426 5334 534 5390; x_wconf 88' lang='lat' dir='ltr'>sed</span> <span class='ocrx_word' id='word_1_757' title='bbox 560 5334 675 5389; x_wconf 83' lang='lat' dir='ltr'>alia</span> <span class='ocrx_word' id='word_1_758' title='bbox 705 5332 884 5389; x_wconf 90' lang='lat' dir='ltr'>multa</span> <span class='ocrx_word' id='word_1_759' title='bbox 914 5334 1120 5390; x_wconf 88' lang='lat' dir='ltr'>eodem</span> <span class='ocrx_word' id='word_1_760' title='bbox 1151 5335 1253 5390; x_wconf 92' lang='lat' dir='ltr'>illo</span> <span class='ocrx_word' id='word_1_761' title='bbox 1283 5335 1615 5407; x_wconf 84' lang='lat' dir='ltr'>antiquiora</span> <span class='ocrx_word' id='word_1_762' title='bbox 1648 5336 1822 5390; x_wconf 89' lang='lat' dir='ltr'>nobis</span> <span class='ocrx_word' id='word_1_763' title='bbox 1852 5337 2188 5406; x_wconf 89' lang='lat' dir='ltr'>suppetunt.</span> <span class='ocrx_word' id='word_1_764' title='bbox 2224 5335 2491 5406; x_wconf 78' lang='lat' dir='ltr'>Namque</span> <span class='ocrx_word' id='word_1_765' title='bbox 2520 5338 2583 5389; x_wconf 88' lang='lat' dir='ltr'>ut</span> <span class='ocrx_word' id='word_1_766' title='bbox 2604 5332 3033 5405; x_wconf 83' lang='lat' dir='ltr'>Benignianum</span> <span class='ocrx_word' id='word_1_767' title='bbox 3072 5348 3363 5388; x_wconf 89' lang='lat' dir='ltr'>annorum</span> <span class='ocrx_word' id='word_1_768' title='bbox 3393 5331 3518 5400; x_wconf 89' lang='lat'>800,</span> <span class='ocrx_word' id='word_1_769' title='bbox 3557 5330 3718 5385; x_wconf 70' lang='lat' dir='ltr'>Vati-</span> 
     </span>
    </p>
   </div>
   <div class='ocr_carea' id='block_1_57' title="bbox 246 5419 3727 5495">
    <p class='ocr_par' dir='ltr' id='par_1_57' title="bbox 246 5419 3727 5495">
     <span class='ocr_line' id='line_1_57' title="bbox 246 5419 3727 5495; baseline -0.002 -16"><span class='ocrx_word' id='word_1_770' title='bbox 246 5439 390 5479; x_wconf 86' lang='lat' dir='ltr'>cana</span> <span class='ocrx_word' id='word_1_771' title='bbox 420 5423 551 5494; x_wconf 84' lang='lat' dir='ltr'>tria,</span> <span class='ocrx_word' id='word_1_772' title='bbox 587 5423 1003 5491; x_wconf 86' lang='lat' dir='ltr'>Laudunense,</span> <span class='ocrx_word' id='word_1_773' title='bbox 1035 5422 1452 5494; x_wconf 88' lang='lat' dir='ltr'>Crespeiense,</span> <span class='ocrx_word' id='word_1_774' title='bbox 1483 5439 1553 5478; x_wconf 87' lang='lat' dir='ltr'>ac</span> <span class='ocrx_word' id='word_1_775' title='bbox 1587 5424 1961 5495; x_wconf 85' lang='lat' dir='ltr'>Bigctianum</span> <span class='ocrx_word' id='word_1_776' title='bbox 1991 5438 2279 5477; x_wconf 87' lang='lat' dir='ltr'>annorum</span> <span class='ocrx_word' id='word_1_777' title='bbox 2309 5423 2547 5477; x_wconf 88' lang='lat' dir='ltr'>circiter</span> <span class='ocrx_word' id='word_1_778' title='bbox 2591 5420 2715 5485; x_wconf 82' lang='lat'>700,</span> <span class='ocrx_word' id='word_1_779' title='bbox 2757 5420 3297 5490; x_wconf 62' lang='lat' dir='ltr'>praetermittamus,</span> <span class='ocrx_word' id='word_1_780' title='bbox 3341 5420 3537 5474; x_wconf 90' lang='lat' dir='ltr'>solum</span> <span class='ocrx_word' id='word_1_781' title='bbox 3586 5419 3727 5473; x_wconf 87' lang='lat' dir='ltr'>Col-</span> 
     </span>
    </p>
   </div>
   <div class='ocr_carea' id='block_1_58' title="bbox 242 5505 3727 5580">
    <p class='ocr_par' dir='ltr' id='par_1_58' title="bbox 242 5505 3727 5580">
     <span class='ocr_line' id='line_1_58' title="bbox 242 5505 3727 5580; baseline -0.003 -10"><span class='ocrx_word' id='word_1_782' title='bbox 242 5514 561 5580; x_wconf 87' lang='lat' dir='ltr'>bertinum,</span> <span class='ocrx_word' id='word_1_783' title='bbox 597 5514 743 5567; x_wconf 88' lang='lat' dir='ltr'>alias</span> <span class='ocrx_word' id='word_1_784' title='bbox 776 5513 1121 5568; x_wconf 87' lang='lat' dir='ltr'>Thuaneum</span> <span class='ocrx_word' id='word_1_785' title='bbox 1151 5517 1282 5568; x_wconf 89' lang='lat' dir='ltr'>ante</span> <span class='ocrx_word' id='word_1_786' title='bbox 1317 5514 1455 5568; x_wconf 77' lang='lat'>1000</span> <span class='ocrx_word' id='word_1_787' title='bbox 1484 5528 1674 5567; x_wconf 90' lang='lat' dir='ltr'>annos</span> <span class='ocrx_word' id='word_1_788' title='bbox 1707 5505 2069 5566; x_wconf 61' lang='lat' dir='ltr'>liaud&#39;dubie</span> <span class='ocrx_word' id='word_1_789' title='bbox 2100 5510 2454 5577; x_wconf 86' lang='lat' dir='ltr'>confectum,</span> <span class='ocrx_word' id='word_1_790' title='bbox 2498 5512 2749 5580; x_wconf 89' lang='lat' dir='ltr'>quatuor</span> <span class='ocrx_word' id='word_1_791' title='bbox 2779 5512 2840 5562; x_wconf 88' lang='lat' dir='ltr'>ut</span> <span class='ocrx_word' id='word_1_792' title='bbox 2879 5508 3184 5563; x_wconf 89' lang='lat' dir='ltr'>minimum</span> <span class='ocrx_word' id='word_1_793' title='bbox 3215 5508 3458 5564; x_wconf 65' lang='lat' dir='ltr'>saeculis</span> <span class='ocrx_word' id='word_1_794' title='bbox 3483 5510 3727 5577; x_wconf 87' lang='lat' dir='ltr'>superat</span> 
     </span>
    </p>
   </div>
   <div class='ocr_carea' id='block_1_59' title="bbox 246 5580 3753 5674">
    <p class='ocr_par' dir='ltr' id='par_1_59' title="bbox 246 5580 3753 5674">
     <span class='ocr_line' id='line_1_59' title="bbox 246 5580 3753 5674; baseline -0.003 -16"><span class='ocrx_word' id='word_1_795' title='bbox 246 5603 633 5660; x_wconf 85' lang='lat' dir='ltr'>Carnutense.</span> <span class='ocrx_word' id='word_1_796' title='bbox 668 5602 814 5658; x_wconf 84' lang='lat' dir='ltr'>Cum</span> <span class='ocrx_word' id='word_1_797' title='bbox 845 5619 1022 5674; x_wconf 82' lang='lat' dir='ltr'>porro</span> <span class='ocrx_word' id='word_1_798' title='bbox 1056 5603 1113 5656; x_wconf 89' lang='lat' dir='ltr'>in</span> <span class='ocrx_word' id='word_1_799' title='bbox 1144 5603 1421 5657; x_wconf 88' lang='lat' dir='ltr'>omnibus</span> <span class='ocrx_word' id='word_1_800' title='bbox 1453 5601 1569 5655; x_wconf 76' lang='lat' dir='ltr'>illis</span> <span class='ocrx_word' id='word_1_801' title='bbox 1605 5600 1912 5654; x_wconf 73' lang='lat' dir='ltr'>codicibus</span> <span class='ocrx_word' id='word_1_802' title='bbox 1942 5601 2145 5655; x_wconf 78' lang='lat' dir='ltr'>Ofﬁcia</span> <span class='ocrx_word' id='word_1_803' title='bbox 2177 5602 2379 5654; x_wconf 88' lang='lat' dir='ltr'>nostra</span> <span class='ocrx_word' id='word_1_804' title='bbox 2414 5599 2468 5651; x_wconf 89' lang='lat' dir='ltr'>in</span> <span class='ocrx_word' id='word_1_805' title='bbox 2502 5602 2625 5652; x_wconf 85' lang='lat' dir='ltr'>tres</span> <span class='ocrx_word' id='word_1_806' title='bbox 2672 5597 2858 5650; x_wconf 86' lang='lat' dir='ltr'>libros</span> <span class='ocrx_word' id='word_1_807' title='bbox 2889 5597 3338 5659; x_wconf 84' lang='lat' dir='ltr'>distribuantur,</span> <span class='ocrx_word' id='word_1_808' title='bbox 3376 5584 3431 5649; x_wconf 86' lang='lat' dir='ltr'>id</span> <span class='ocrx_word' id='word_1_809' title='bbox 3464 5580 3753 5649; x_wconf 61' lang='lat' dir='ltr'>evidenti’</span> 
     </span>
    </p>
   </div>
   <div class='ocr_carea' id='block_1_60' title="bbox 248 5685 3725 5764">
    <p class='ocr_par' dir='ltr' id='par_1_60' title="bbox 248 5685 3725 5764">
     <span class='ocr_line' id='line_1_60' title="bbox 248 5685 3725 5764; baseline -0.002 -19"><span class='ocrx_word' id='word_1_810' title='bbox 248 5698 596 5764; x_wconf 88' lang='lat' dir='ltr'>argumento</span> <span class='ocrx_word' id='word_1_811' title='bbox 628 5695 719 5749; x_wconf 88' lang='lat' dir='ltr'>est</span> <span class='ocrx_word' id='word_1_812' title='bbox 749 5691 1113 5749; x_wconf 84' lang='lat' dir='ltr'>Carnutense</span> <span class='ocrx_word' id='word_1_813' title='bbox 1143 5692 1289 5748; x_wconf 90' lang='lat' dir='ltr'>nihil</span> <span class='ocrx_word' id='word_1_814' title='bbox 1319 5691 1474 5747; x_wconf 89' lang='lat' dir='ltr'>aliud</span> <span class='ocrx_word' id='word_1_815' title='bbox 1507 5704 1645 5745; x_wconf 88' lang='lat' dir='ltr'>esse</span> <span class='ocrx_word' id='word_1_816' title='bbox 1679 5688 1793 5745; x_wconf 83' lang='lat' dir='ltr'>nisi</span> <span class='ocrx_word' id='word_1_817' title='bbox 1826 5692 2152 5757; x_wconf 75' lang='lat' dir='ltr'>epltcmcn:</span> <span class='ocrx_word' id='word_1_818' title='bbox 2188 5691 2245 5743; x_wconf 92' lang='lat' dir='ltr'>in</span> <span class='ocrx_word' id='word_1_819' title='bbox 2279 5704 2451 5760; x_wconf 86' lang='lat' dir='ltr'>quam</span> <span class='ocrx_word' id='word_1_820' title='bbox 2484 5686 2719 5757; x_wconf 85' lang='lat' dir='ltr'>quidem</span> <span class='ocrx_word' id='word_1_821' title='bbox 2744 5686 3175 5757; x_wconf 80' lang='lat' dir='ltr'>ccntrahicpus</span> <span class='ocrx_word' id='word_1_822' title='bbox 3202 5685 3340 5741; x_wconf 90' lang='lat' dir='ltr'>illud</span> <span class='ocrx_word' id='word_1_823' title='bbox 3375 5685 3529 5739; x_wconf 85' lang='lat' dir='ltr'>haud</span> <span class='ocrx_word' id='word_1_824' title='bbox 3564 5699 3725 5759; x_wconf 57' lang='lat' dir='ltr'>aegre</span> 
     </span>
    </p>
   </div>
   <div class='ocr_carea' id='block_1_61' title="bbox 249 5775 2674 5857">
    <p class='ocr_par' dir='ltr' id='par_1_61' title="bbox 249 5775 2674 5857">
     <span class='ocr_line' id='line_1_61' title="bbox 249 5775 2674 5857; baseline -0.003 -20"><span class='ocrx_word' id='word_1_825' title='bbox 249 5780 457 5855; x_wconf 89' lang='lat' dir='ltr'>potuit,</span> <span class='ocrx_word' id='word_1_826' title='bbox 487 5782 642 5840; x_wconf 89' lang='lat' dir='ltr'>unde</span> <span class='ocrx_word' id='word_1_827' title='bbox 672 5781 942 5857; x_wconf 79' lang='lat' dir='ltr'>exempla</span> <span class='ocrx_word' id='word_1_828' title='bbox 972 5785 1029 5839; x_wconf 90' lang='lat' dir='ltr'>et</span> <span class='ocrx_word' id='word_1_829' title='bbox 1060 5782 1451 5838; x_wconf 82' lang='lat' dir='ltr'>excursiones</span> <span class='ocrx_word' id='word_1_830' title='bbox 1483 5778 1710 5853; x_wconf 80' lang='lat' dir='ltr'>absque</span> <span class='ocrx_word' id='word_1_831' title='bbox 1742 5792 1961 5832; x_wconf 89' lang='lat' dir='ltr'>sensus</span> <span class='ocrx_word' id='word_1_832' title='bbox 1987 5777 2196 5833; x_wconf 86' lang='lat' dir='ltr'>damno</span> <span class='ocrx_word' id='word_1_833' title='bbox 2227 5777 2362 5833; x_wconf 86' lang='lat' dir='ltr'>licet</span> <span class='ocrx_word' id='word_1_834' title='bbox 2391 5775 2674 5831; x_wconf 79' lang='lat' dir='ltr'>eximere.</span> 
     </span>
    </p>
   </div>
  </div>
