4128 6132
322 377 411 443 25
1342 376 1453 438 DE
1494 372 1850 439 OFFICIIS
1888 366 2499 440 MINISTRORUM
2544 376 2801 439 LIBER
2840 377 2890 439 Ι.
3730 374 3809 440 26

403 595 571 661 Quod
603 596 674 650 ad
707 598 937 651 aetatem
968 596 1160 667 ipsius
1192 595 1413 666 operis,
1443 595 1649 650 volunt
1681 594 1947 649 nonnulli
1977 594 2356 649 Ambrosium
2386 597 2655 649 nostrum
2698 594 2829 665 ipso
2875 594 3252 666 episcopatus
3298 594 3395 649 sui
3442 595 3687 650 exordio
3732 594 3808 650 ad

325 684 475 740 illud
506 686 887 740 scribendum
918 701 1154 739 manum
1185 685 1544 739 admovisse.
1584 684 1826 738 Videtur
1855 683 2093 754 quidem
2123 684 2413 737 Baronius
2437 684 2573 737 huic
2606 683 2913 738 sententia:
2943 685 3316 753 patrocinari,
3343 701 3475 738 cum
3496 684 3569 737 ad
3591 700 3808 739 annum

326 772 434 828 377
466 775 538 828 de
564 774 771 829 eodem
803 774 878 827 ita
911 774 1169 844 loquitur
1203 790 1213 827 :
1259 772 1407 827 Tres
1441 773 1572 827 illos
1603 772 1795 827 libros
1827 774 2102 843 egregios
2130 772 2407 827 scribere
2442 784 2645 843 postea
2679 778 2770 826 est
2802 788 3143 844 aggressus,
3188 790 3312 826 cum
3353 774 3693 845 aliquandiu
3716 788 3811 843 ρο-

324 862 527 933 pulum
559 863 878 917 docuisset.
913 862 1130 916 Verum
1154 863 1205 915 si
1230 862 1441 916 fuisset
1473 863 1532 915 in
1552 862 1661 915 hac
1679 861 1954 931 Opinione
1979 877 2230 931 magnus
2264 862 2600 928 cardinalis,
2628 877 2833 915 secum
2865 863 2990 930 ipso
3018 877 3136 915 non
3168 864 3579 916 consensisset
3603 878 3617 930 ;
3641 862 3808 932 quip-

328 966 406 1021 pe
436 952 536 1021 qui
587 967 775 1005 annos
805 951 1153 1020 praedictum
1184 951 1346 1004 illum
1377 949 1480 1005 377
1526 966 1642 1003 non
1673 951 1904 1003 modico
1938 950 2242 1004 intervallo
2275 954 2514 1004 secutos
2550 950 2678 1020 ipse
2710 950 3006 1020 adjudicat
3037 950 3209 1003 factis
3240 950 3622 1020 quibusdam,
3658 966 3808 1021 quo-

326 1055 463 1093 rum
494 1040 552 1093 in
598 1040 709 1095 hoc
760 1056 937 1110 opere
976 1040 1192 1093 mentio
1223 1042 1433 1094 exstat.
1470 1039 1731 1108 Exempli
1782 1040 1987 1110 gratia,
2023 1039 2179 1108 quod
2214 1039 2566 1093 Ambrosius
2610 1040 2680 1093 de
2713 1041 2874 1091 vasis
2912 1039 3196 1092 Ecclesiae
3230 1040 3287 1092 in
3320 1039 3680 1108 captivorum
3710 1055 3809 1092 re-

330 1127 731 1199 demptionem
763 1145 797 1181 a
818 1144 884 1182 se
907 1129 1162 1183 venditis
1192 1129 1269 1182 ibi
1302 1132 1585 1182 memorat
1614 1128 1738 1195 (lib.
1770 1145 1831 1197 ιι,
1853 1144 1979 1197 cap.
2002 1125 2067 1181 15
2086 1125 2443 1195 et28.)idem
2474 1127 2764 1199 Baronius
2796 1128 2974 1181 refert
3003 1128 3073 1181 ad
3104 1128 3324 1182 bellum
3354 1128 3583 1198 tyranni
3622 1127 3811 1180 Maxi-

328 1217 408 1271 mi
442 1233 597 1271 anno
625 1216 728 1273 387
760 1222 1026 1288 gestum;
1061 1218 1294 1271 tametsi
1324 1218 1497 1271 nobis
1530 1216 1898 1287 probabilius
1933 1217 2043 1270 hoc
2074 1218 2360 1285 pertineat
2389 1217 2461 1269 ad
2492 1232 2617 1271 eam
2649 1217 3035 1271 barbarorum
3066 1217 3505 1271 inundationem
3526 1259 3540 1286 ,
3573 1216 3677 1286 qui
3706 1232 3812 1270 an-

329 1320 408 1358 no
439 1304 543 1359 379
576 1309 711 1375 post
746 1306 1005 1360 Valentis
1035 1310 1304 1375 mortem,
1350 1306 1594 1375 direptis
1641 1306 1891 1359 Thracia
1933 1309 2105 1375 atque
2138 1305 2348 1375 Illyria,
2384 1321 2576 1376 usque
2627 1306 2687 1359 in
2719 1306 2968 1375 Italiam,
3004 1306 3157 1359 unde
3204 1306 3507 1360 inumeros
3545 1305 3811 1375 captivos

327 1393 666 1462 abduxere,
704 1396 989 1449 vastando
1022 1400 1439 1466 pervenerunt.
1475 1394 1752 1449 Eamdem
1786 1394 1943 1447 circa
1967 1394 2077 1448 hos
2108 1393 2295 1447 libros
2337 1394 2670 1464 opinionem
2701 1398 2757 1447 et
2788 1394 2900 1448 hoc
2925 1394 3156 1462 refellit,
3191 1394 3347 1465 quod
3380 1395 3437 1447 in
3469 1394 3680 1447 iisdem
3711 1408 3812 1446 sa-

326 1483 407 1535 tis
440 1483 754 1552 perspicue
785 1483 997 1537 librum
1030 1499 1204 1537 suum
1238 1483 1326 1537 De
1355 1483 1486 1538 Noe
1519 1489 1577 1537 et
1597 1484 1779 1552 Area,
1812 1498 1964 1536 anno
1987 1480 2112 1551 379,
2150 1486 2209 1536 ut
2231 1486 2540 1537 ostensum
2570 1487 2678 1549 est,
2716 1484 2773 1536 in
2805 1484 2995 1537 lucem
3015 1484 3321 1552 emissum,
3357 1483 3588 1537 consuli
3616 1481 3809 1553 jubet.

328 1570 417 1625 Eo
448 1571 676 1626 accedit
706 1572 862 1642 quod
895 1572 1262 1643 frequentius
1296 1571 1416 1626 illic
1450 1572 1657 1641 repetit
1688 1572 1760 1625 ad
1793 1587 1899 1625 eos
1928 1571 2200 1641 clericos,
2228 1572 2444 1643 quibus
2474 1573 2603 1642 ipse
2634 1587 2843 1627 manus
2875 1573 3253 1642 imposuerat,
3286 1573 3471 1626 verba
3502 1588 3568 1626 se
3588 1571 3810 1639 facere;

329 1659 486 1712 unde
518 1661 904 1730 cognoscitur
933 1659 1158 1714 clerum
1187 1659 1241 1713 ei
1285 1658 1410 1730 jam
1438 1663 1576 1713 tunc
1608 1658 1799 1712 fuisse
1832 1659 1977 1713 satis
2008 1676 2412 1730 numerosum,
2444 1662 2808 1733 proindeque
2852 1679 2958 1732 per
2999 1678 3188 1716 annos
3233 1662 3453 1732 aliquot
3500 1661 3807 1715 initiatum.

330 1747 556 1801 Deinde
585 1748 1057 1817 persecutionem
1090 1749 1342 1803 Justinae
1389 1764 1579 1802 annos
1610 1748 1785 1801 etiam
1815 1748 2293 1819 aliquammultos
2340 1750 2683 1804 bacchatam
2732 1750 3048 1821 signiﬁcat,
3098 1750 3199 1803 ubi
3231 1766 3296 1802 se
3325 1753 3567 1820 prapter
3596 1748 3809 1801 vidua-

329 1852 463 1890 rum
491 1837 759 1907 deposita
799 1837 1014 1891 multos
1041 1838 1283 1908 regales
1317 1838 1571 1908 impetus
1609 1852 1962 1908 perpessum
1994 1837 2133 1891 dicit
2163 1838 2339 1906 (Ibid.
2377 1855 2503 1909 cap.
2537 1837 2626 1907 Ἦ),
2663 1855 2821 1893 num.
2857 1836 3005 1907 150).
3040 1839 3173 1893 Non
3202 1838 3374 1893 aliam
3404 1854 3638 1908 quoque
3667 1852 3810 1907 per-

330 1926 719 1994 secutionem,
754 1926 871 1979 nisi
902 1926 1152 1981 Justinus
1185 1927 1322 1980 anni
1355 1927 1591 1980 circiter
1619 1924 1722 1981 386
1745 1929 2014 1997 spectare
2046 1927 2279 1981 videtur
2301 1929 2556 1981 narratio
2588 1927 2658 1981 de
2683 1928 2916 1982 duobus
2948 1927 3182 1981 clericis
3212 1928 3458 1981 Ariame
3480 1925 3813 1981 infestatio-

332 2014 429 2068 uis
458 2014 581 2082 (lib.
614 2032 654 2081 ι,
687 2030 814 2084 cap.
842 2012 928 2084 18,
962 2032 1122 2085 num,
1155 2014 1248 2085 7‘2)
1282 2019 1541 2084 tempore
1573 2032 1605 2068 a
1636 2015 1749 2069 ﬁde
1780 2015 1986 2084 lapsis.
2022 2014 2298 2079 Queritur
2326 2020 2574 2086 praetere
2608 2020 2850 2071 sanctus
2886 2017 3149 2071 Antistes
3180 2032 3287 2087 per
3307 2014 3602 2091 insolitam
3633 2028 3815 2069 anno-

331 2119 426 2157 nae
454 2104 761 2173 penuriam
794 2105 978 2158 Roma
1008 2108 1251 2160 exactos
1276 2121 1412 2159 esse
1437 2120 1643 2158 omnes
1662 2108 1899 2158 exteros
1937 2121 1948 2159 :
1984 2105 2135 2159 hanc
2166 2108 2361 2160 autem
2392 2106 2585 2161 famen
2615 2122 2769 2161 anno
2801 2105 2906 2161 383
2924 2106 3254 2177 contigisse
3286 2106 3578 2161 Baronius
3608 2108 3816 2159 auctor

334 2194 449 2245 est.
480 2192 596 2245 Alii
625 2196 820 2247 tamen
851 2193 1033 2246 semel
1067 2195 1123 2247 et
1154 2194 1364 2247 iterum
1395 2194 1593 2262 inopia
1625 2194 1898 2248 frumenti
1921 2193 2227 2248 laborasse
2253 2195 2553 2250 Romanos
2573 2195 2794 2263 volunt,
2828 2196 3015 2265 primo
3035 2195 3311 2249 nimirum
3341 2195 3453 2249 sub
3486 2196 3812 2248 extremam

332 2281 515 2335 vitam
546 2281 783 2335 Damasi
812 2281 1131 2350 pontiﬁcis,
1173 2282 1275 2352 qui
1304 2282 1376 2335 ab
1408 2282 1726 2336 Ambrosio
1758 2298 1949 2337 senex
1978 2283 2395 2336 sanctissimus
2426 2283 2751 2353 appellatur
2779 2283 2903 2352 (lib.
2946 2300 3027 2349 tu,
3065 2299 3191 2353 cap.
3227 2282 3317 2351 7);
3369 2283 3632 2337 secundo
3681 2284 3817 2351 post

334 2367 606 2439 ejusdem
637 2369 881 2436 obitum,
915 2375 1014 2440 qui
1046 2385 1201 2423 anno
1232 2367 1334 2425 384
1366 2369 1637 2440 ponitur:
1674 2370 1989 2424 Baronium
2012 2373 2204 2424 autem
2235 2370 2306 2425 de
2330 2371 2458 2425 sola
2488 2372 2669 2440 priori
2688 2360 2839 2425 fainc
2863 2372 3119 2425 locutum
3148 2387 3307 2439 esse,
3342 2386 3474 2424 cum
3505 2373 3815 2440 utramque

334 2457 657 2512 indicaveri
691 2458 1045 2513 Ambrosius
1078 2460 1300 2513 noster.
1325 2457 1494 2522 Quod
1524 2458 1697 2512 etiam
1727 2458 1942 2512 dicitur
1973 2458 2044 2512 de
2075 2458 2411 2513 Ticinensis
2443 2460 2636 2514 viduze
2668 2460 2937 2529 deposito
2968 2460 3111 2513 nulli
3141 2460 3239 2513 alii
3258 2460 3451 2529 aptius
3483 2474 3811 2513 accommo-

333 2545 461 2599 dari
494 2561 674 2615 posse
702 2548 936 2601 videtur
961 2546 1087 2619 (lib.
1122 2565 1182 2616 ιι,
1220 2563 1347 2617 cap.
1379 2545 1469 2615 29,
1504 2562 1661 2601 num.
1695 2545 1837 2617 150),
1873 2563 2046 2617 quam
2078 2548 2194 2620 legi
2230 2548 2459 2603 cuidam
2481 2566 2513 2602 a
2544 2549 2950 2604 Valentiniano
2988 2548 3228 2620 juniore
3261 2549 3319 2602 in
3349 2548 3495 2603 urbe
3531 2548 3708 2617 Papia
3737 2563 3818 2600 xv

331 2634 463 2689 Kal.
498 2634 663 2690 Mart.
698 2637 880 2705 datae;
913 2653 987 2690 ex
1018 2637 1147 2691 loco
1180 2637 1356 2704 enim,
1391 2637 1490 2690 ubi
1521 2637 1635 2690 lata
1667 2639 1777 2698 est,
1813 2636 2131 2707 colligitur,
2177 2636 2591 2706 imperatorem
2624 2653 2757 2691 cum
2788 2653 2893 2707 per
2924 2653 3052 2690 eam
3101 2636 3308 2692 urbem
3340 2636 3450 2691 iter
3478 2636 3751 2702 haberet,
3785 2650 3818 2688 a

329 2724 560 2778 Justina
596 2729 778 2779 matre
811 2726 1119 2781 catholicis
1165 2725 1466 2796 episcopis
1520 2740 1822 2796 nunquam
1868 2740 1987 2779 non
2019 2724 2253 2795 infesta,
2306 2725 2608 2781 inductum
2654 2741 2812 2796 esse,
2848 2729 2909 2781 ut
2940 2728 3162 2780 tantum
3193 2725 3480 2780 molestiae
3511 2723 3817 2780 Ticinensi

332 2813 579 2883 praesuli
610 2830 813 2868 creare
843 2816 1147 2869 niteretur.

406 2901 621 2955 Isthasc
652 2902 845 2956 omnia
875 2918 944 2957 eo
976 2907 1227 2958 mentem
1258 2902 1431 2958 nobis
1464 2903 1787 2973 impellunt,
1831 2905 1893 2957 ut
1921 2902 2105 2959 hosce
2136 2904 2321 2959 libros
2362 2905 2599 2960 nonnisi
2628 2908 2763 2976 post
2792 2905 3041 2961 Justinae
3073 2905 3514 2974 infestationcs,
3550 2906 3607 2959 et
3639 2903 3822 2958 Maxi-

324 2990 409 3043 mi
440 2991 675 3060 tyranni
718 2991 938 3046 bellum
965 3008 1034 3046 ac
1061 2992 1420 3047 brevissimo
1465 2992 1654 3062 spatio
1707 2995 1971 3047 secutam
2005 2991 2194 3061 ipsius
2245 2993 2468 3046 caedem
2500 2994 2812 3048 credamus
2844 2993 3051 3061 factos,
3098 2994 3155 3048 id
3188 2996 3279 3047 est
3328 2993 3559 3047 circiter
3594 3007 3813 3045 annum

324 3076 455 3147 391,
486 3092 604 3149 quo
632 3082 895 3150 tempore
924 3080 1283 3150 pacatiorem
1314 3081 1601 3135 Ecclesia
1633 3098 1759 3135 suae
1790 3083 2007 3135 statum
2039 3086 2339 3150 expertus,
2368 3098 2432 3135 ea
2469 3086 2761 3151 praecepta
2794 3082 2853 3135 in
2878 3082 3127 3153 legitimi
3156 3082 3368 3152 Operis
3399 3097 3617 3151 corpus
3648 3081 3817 3152 dige—

329 3171 448 3235 sta,
482 3168 719 3222 clericis
748 3169 878 3223 suis
908 3170 1151 3223 assidua
1181 3185 1357 3222 manu
1386 3170 1675 3223 volvenda
1708 3170 1937 3225 tradere
1971 3171 2294 3239 constituit,
2337 3172 2555 3241 quibus
2599 3172 2842 3225 eosdem
2873 3188 2903 3225 e
2938 3188 3110 3225 sacro
3141 3172 3364 3242 pulpito
3414 3171 3622 3240 primis
3668 3170 3819 3239 ipsis

328 3257 511 3310 annis
542 3257 920 3328 episc0patus
952 3260 1044 3312 sui
1077 3258 1514 3313 informaverat.
1550 3258 1764 3313 Nullus
1795 3260 1951 3313 enim
1973 3262 2063 3312 est
2094 3259 2397 3313 dubitandi
2424 3260 2593 3313 locus
2617 3260 2758 3329 quin
2781 3260 3160 3313 sermonibus
3192 3259 3427 3329 publice
3458 3258 3675 3312 habitis
3710 3274 3823 3311 ma-

329 3347 556 3399 ximam
585 3350 809 3415 partem
839 3350 1108 3401 constent
1139 3348 1197 3403 hi
1231 3347 1397 3417 libri;
1430 3348 1905 3418 quandoquidem
1938 3349 1997 3403 in
2026 3364 2228 3403 eorum
2258 3350 2449 3418 primo
2481 3348 2799 3418 Scripturaa
2830 3349 2946 3402 loci
2976 3349 3409 3415 edisseruntur,
3444 3362 3595 3417 quos
3626 3347 3686 3400 in
3718 3363 3822 3417 sy-

331 3435 476 3489 naxi
508 3434 695 3489 lectos
727 3435 916 3490 fuisse
945 3435 1073 3505 ipse
1104 3438 1389 3489 memorat
1423 3452 1434 3490 :
1466 3451 1739 3506 quosque
1770 3437 1982 3490 iterum
2014 3437 2134 3490 illic
2183 3440 2431 3492 tractare
2464 3437 2667 3491 forsan
2701 3437 2903 3506 voluit,
2938 3437 3093 3507 quod
3128 3454 3261 3490 cum
3287 3436 3411 3507 jam
3439 3437 3596 3491 odim
3625 3438 3819 3490 motos

329 3523 425 3578 eis
457 3524 708 3578 vidisset
738 3524 1069 3578 auditorum
1103 3524 1354 3595 animos,
1393 3523 1531 3580 hinc
1563 3541 1799 3597 quoque
1830 3526 2100 3581 eumdem
2132 3528 2365 3599 pararet
2395 3526 2667 3596 fructum,
2702 3526 2755 3581 si
2785 3520 2856 3582 ab
2889 3526 2984 3583 his
3014 3526 3163 3598 ipsis
3195 3541 3312 3580 non
3343 3525 3472 3580 sine
3504 3524 3821 3581 attentione

330 3612 806 3684 perlegerentur.

1061 3889 1867 4096 SANGTI
1962 3775 3200 4033 amusos;

1498 4100 2276 4170 MEDIOLANENSIS
2310 4102 2739 4170 EPISCOPI
2812 4084 2819 4085 θ

746 4275 982 4506 ne
1064 4272 1861 4430 OFFICIIS
1922 4246 2009 4332 (³)
2084 4272 3402 4431 MINIS'raoaaM

1758 4521 2019 4598 LIBRI
2065 4521 2313 4599 TRES
2343 4505 2420 4577 (2)

1564 4772 1983 4885 LIBER
2038 4682 2561 4885 BRIMUS

742 5107 764 5130 ,
837 5055 868 5117 1
910 5061 1159 5116 CAPUT
1196 5062 1518 5117 PRIMUM.
2054 5056 2111 5115 A

333 5152 624 5223 Episcopi
647 5152 954 5222 proprium
994 5168 1222 5219 munus,
1257 5151 1510 5206 docere:
1542 5151 1666 5206 εἰὺί
1697 5156 1888 5206 autem
1919 5152 2014 5206 di-

410 5241 696 5294 scendum
729 5256 883 5304 esse,
924 5245 982 5294 ut
1028 5240 1234 5294 doceat
1279 5260 1294 5292 :
1339 5241 1453 5294 imo
1484 5241 1663 5294 etiam
1693 5240 2015 5295 docendum

2926 4900 3015 4958 .3,

2152 5148 2364 5218 cipiam
2393 5146 2665 5201 aﬁ‘ectum
2681 5147 2952 5215 docendi;
2974 5163 3106 5201 cum
3122 5147 3251 5217 ipse
3270 5145 3618 5200 humilitatis
3636 5160 3822 5216 magi-

2149 5241 2272 5291 ster
2292 5237 2530 5291 dixerit:
2570 5236 2791 5302 Venite,
2820 5236 2929 5297 lilii
2948 5278 2961 5305 ,
2988 5235 3320 5289 audileme:
3344 5235 3613 5287 timorem
3631 5233 3821 5288 Domi-

412 5329 568 5402 quod
590 5345 700 5382 non
720 5329 1023 5395 didicerit,
1047 5335 1144 5383 aut
1167 5328 1375 5383 saltem
1396 5339 1453 5383 et
1477 5329 1820 5384 discendum
1844 5329 2022 5384 simul

413 5425 474 5473 et
506 5418 851 5473 docendum.
1110 5422 1121 5431 “

412 5507 464 5563 1.
500 5507 635 5562 Non
662 5524 953 5579 arrogans
976 5507 1161 5561 videri
1197 5508 1419 5563 arbitor
1450 5509 1501 5563 si
1523 5508 1673 5563 inter
1700 5509 1855 5561 ﬁlios
1880 5524 2016 5562 sus-

415 5636 491 5683 ,,.;
528 5613 655 5667 ’ἕως
686 5615 1090 5669 ministrorum
1115 5615 1311 5668 deerat
1345 5615 1402 5668 in
1435 5614 1847 5685 superioribus
1875 5614 2012 5668 edit.

329 5705 404 5741 ac.
454 5686 888 5740 recentioribus
938 5688 1157 5756 aliquot
1207 5702 1387 5749 mss;
1435 5702 1545 5739 nos
1590 5702 1731 5741 vero
1781 5701 1907 5738 eam
1941 5701 2015 5738 ex

330 5757 580 5829 cptiuiis
614 5757 949 5828 quibusque
980 5773 1047 5810 ac
1078 5757 1579 5829 frequentissimis
1612 5757 2011 5829 reposuimus,

328 5828 462 5897 Qua
514 5828 587 5883 de
637 5843 699 5883 re
738 5829 870 5884 vide
902 5845 1035 5901 quae
1086 5844 1264 5901 supra
1308 5829 1367 5883 in
1417 5828 1812 5885 admonitione
1862 5828 2016 5882 dicta

2147 5328 2212 5380 ni
2233 5326 2453 5381 docebo
2478 5325 2782 5403 _ros(’PsaI.
2810 5340 3015 5393 xxxm,
3054 5321 3156 5391 l9),
3188 5324 3249 5376 ln
3273 5323 3536 5393 quolicct
3560 5325 3614 5375 ct
3637 5322 3823 5375 humi-

2140 5415 2363 5470 litatem
2382 5431 2450 5483 ve
2460 5415 2753 5470 recundize
2768 5413 2901 5484 ejus
2915 5417 3184 5483 Spectare
3199 5416 3253 5466 et
3267 5412 3537 5483 gratiam.
3558 5410 3817 5464 llicendo

2146 5506 2321 5576 enim,
2355 5509 2622 5561 timerem
2651 5504 2704 5573 (Si
2733 5504 2985 5571 Domini,
3025 5504 3122 5574 qui
3148 5494 3193 5558 2
3219 5500 3548 5555 communis
3585 5498 3819 5551 videtur

2147 5618 2303 5667 sunt.
2840 5621 2867 5645 ‘

2215 5688 2291 5745 (“3)
2324 5685 2534 5753 Scripti
2571 5684 2709 5737 circ.
2736 5699 2829 5736 an.
2862 5679 2985 5736 391.

2214 5755 2292 5827 (3)
2317 5744 2990 5827 MSSfaliquotdocendo
3022 5753 3175 5805 enim
3203 5751 3487 5827 timorem,
3523 5747 3634 5798 cte.
3680 5744 3817 5827 l’luf

2144 5818 2242 5883 res
2276 5818 2494 5881 'autem
2544 5818 2611 5880 ac
2662 5825 2954 5895 potiores,
3002 5838 3232 5877 necnon
3284 5818 3420 5887 edit,
3474 5832 3703 5888 omnes,
3756 5822 3819 5874 ut
