  <div class='ocr_page' id='page_1' title='image "/cluster/home/n/w/nwhite01/storage/ocr_20150623/16/hvd.32044096580444/019.png"; bbox 0 0 4128 6132; ppageno 0'>
   <div class='ocr_carea' id='block_1_1' title="bbox 338 301 2350 370">
    <p class='ocr_par' dir='ltr' id='par_1_1' title="bbox 338 301 2350 370">
     <span class='ocr_line' id='line_1_1' title="bbox 338 301 2350 370; baseline 0.001 -4"><span class='ocrx_word' id='word_1_1' title='bbox 338 301 416 368; x_wconf 85' lang='lat'>27</span> <span class='ocrx_word' id='word_1_2' title='bbox 1800 303 1866 367; x_wconf 69' lang='grc' dir='ltr'><strong>Ξ.</strong></span> <span class='ocrx_word' id='word_1_3' title='bbox 1911 301 2350 370; x_wconf 84' lang='lat' dir='ltr'>AMBROSII.</span> 
     </span>
    </p>
   </div>
   <div class='ocr_carea' id='block_1_2' title="bbox 337 505 2087 603">
    <p class='ocr_par' dir='ltr' id='par_1_2' title="bbox 337 505 2087 603">
     <span class='ocr_line' id='line_1_2' title="bbox 337 505 2087 603; baseline 0.001 -18"><span class='ocrx_word' id='word_1_4' title='bbox 337 543 476 585; x_wconf 89' lang='lat' dir='ltr'>esse</span> <span class='ocrx_word' id='word_1_5' title='bbox 509 529 804 600; x_wconf 90' lang='lat' dir='ltr'>omnibus,</span> <span class='ocrx_word' id='word_1_6' title='bbox 855 530 1155 600; x_wconf 76' lang='lat' dir='ltr'>expressit</span> <span class='ocrx_word' id='word_1_7' title='bbox 1202 530 1439 603; x_wconf 79' lang='lat' dir='ltr'>insigne</span> <span class='ocrx_word' id='word_1_8' title='bbox 1491 531 1884 586; x_wconf 79' lang='lat' dir='ltr'>verecundiae.</span> <span class='ocrx_word' id='word_1_9' title='bbox 1935 505 2087 586; x_wconf 74' lang='lat' dir='ltr'>EtA</span> 
     </span>
    </p>
   </div>
   <div class='ocr_carea' id='block_1_3' title="bbox 337 619 2004 691">
    <p class='ocr_par' dir='ltr' id='par_1_3' title="bbox 337 619 2004 691">
     <span class='ocr_line' id='line_1_3' title="bbox 337 619 2004 691; baseline 0.003 -19"><span class='ocrx_word' id='word_1_10' title='bbox 337 621 528 672; x_wconf 88' lang='lat' dir='ltr'>tamen</span> <span class='ocrx_word' id='word_1_11' title='bbox 561 635 696 673; x_wconf 90' lang='lat' dir='ltr'>cum</span> <span class='ocrx_word' id='word_1_12' title='bbox 725 619 852 690; x_wconf 91' lang='lat' dir='ltr'>ipse</span> <span class='ocrx_word' id='word_1_13' title='bbox 883 621 1058 674; x_wconf 91' lang='lat' dir='ltr'>timor</span> <span class='ocrx_word' id='word_1_14' title='bbox 1085 620 1312 675; x_wconf 89' lang='lat' dir='ltr'>initium</span> <span class='ocrx_word' id='word_1_15' title='bbox 1345 621 1648 690; x_wconf 70' lang='lat' dir='ltr'>sapientiae</span> <span class='ocrx_word' id='word_1_16' title='bbox 1695 622 1802 691; x_wconf 85' lang='lat' dir='ltr'>sit,</span> <span class='ocrx_word' id='word_1_17' title='bbox 1835 625 1892 676; x_wconf 91' lang='lat' dir='ltr'>et</span> <span class='ocrx_word' id='word_1_18' title='bbox 1920 623 2004 677; x_wconf 85' lang='lat' dir='ltr'>ef-</span> 
     </span>
    </p>
   </div>
   <div class='ocr_carea' id='block_1_4' title="bbox 336 707 2006 780">
    <p class='ocr_par' dir='ltr' id='par_1_4' title="bbox 336 707 2006 780">
     <span class='ocr_line' id='line_1_4' title="bbox 336 707 2006 780; baseline 0.003 -20"><span class='ocrx_word' id='word_1_19' title='bbox 336 707 526 762; x_wconf 82' lang='lat' dir='ltr'>fector</span> <span class='ocrx_word' id='word_1_20' title='bbox 551 707 886 763; x_wconf 89' lang='lat' dir='ltr'>beatudinis</span> <span class='ocrx_word' id='word_1_21' title='bbox 917 709 992 778; x_wconf 77' lang='grc'>(4)</span> <span class='ocrx_word' id='word_1_22' title='bbox 1017 709 1316 780; x_wconf 88' lang='lat' dir='ltr'>(quoniam</span> <span class='ocrx_word' id='word_1_23' title='bbox 1337 709 1610 764; x_wconf 85' lang='lat' dir='ltr'>timentes</span> <span class='ocrx_word' id='word_1_24' title='bbox 1643 711 1828 765; x_wconf 90' lang='lat' dir='ltr'>Deum</span> <span class='ocrx_word' id='word_1_25' title='bbox 1849 711 2006 765; x_wconf 82' lang='lat' dir='ltr'>beati</span> 
     </span>
    </p>
   </div>
   <div class='ocr_carea' id='block_1_5' title="bbox 334 797 2006 870">
    <p class='ocr_par' dir='ltr' id='par_1_5' title="bbox 334 797 2006 870">
     <span class='ocr_line' id='line_1_5' title="bbox 334 797 2006 870; baseline 0.003 -21"><span class='ocrx_word' id='word_1_26' title='bbox 334 797 514 866; x_wconf 89' lang='lat' dir='ltr'>sunt),</span> <span class='ocrx_word' id='word_1_27' title='bbox 548 799 973 866; x_wconf 73' lang='lat' dir='ltr'>praeceptorem</span> <span class='ocrx_word' id='word_1_28' title='bbox 1005 814 1071 852; x_wconf 91' lang='lat' dir='ltr'>se</span> <span class='ocrx_word' id='word_1_29' title='bbox 1103 799 1410 868; x_wconf 83' lang='lat' dir='ltr'>sapientiae</span> <span class='ocrx_word' id='word_1_30' title='bbox 1443 799 1782 870; x_wconf 81' lang='lat' dir='ltr'>edocendae,</span> <span class='ocrx_word' id='word_1_31' title='bbox 1820 802 1877 853; x_wconf 91' lang='lat' dir='ltr'>et</span> <span class='ocrx_word' id='word_1_32' title='bbox 1907 800 2006 854; x_wconf 87' lang='lat' dir='ltr'>de-</span> 
     </span>
    </p>
   </div>
   <div class='ocr_carea' id='block_1_6' title="bbox 334 886 2010 958">
    <p class='ocr_par' dir='ltr' id='par_1_6' title="bbox 334 886 2010 958">
     <span class='ocr_line' id='line_1_6' title="bbox 334 886 2010 958; baseline 0.002 -20"><span class='ocrx_word' id='word_1_33' title='bbox 334 887 789 940; x_wconf 88' lang='lat' dir='ltr'>monstratorem</span> <span class='ocrx_word' id='word_1_34' title='bbox 825 886 1205 942; x_wconf 83' lang='lat' dir='ltr'>beatitudinis</span> <span class='ocrx_word' id='word_1_35' title='bbox 1241 887 1663 958; x_wconf 64' lang='lat' dir='ltr'>adipiscendae,</span> <span class='ocrx_word' id='word_1_36' title='bbox 1705 888 2010 944; x_wconf 82' lang='lat' dir='ltr'>evidenter</span> 
     </span>
    </p>
   </div>
   <div class='ocr_carea' id='block_1_7' title="bbox 337 971 825 1044">
    <p class='ocr_par' dir='ltr' id='par_1_7' title="bbox 337 971 825 1044">
     <span class='ocr_line' id='line_1_7' title="bbox 337 971 825 1044; baseline 0.004 -18"><span class='ocrx_word' id='word_1_37' title='bbox 337 971 416 1041; x_wconf 75' lang='lat'>(3)</span> <span class='ocrx_word' id='word_1_38' title='bbox 445 973 825 1044; x_wconf 90' lang='lat' dir='ltr'>signiﬁcavit.</span> 
     </span>
    </p>
   </div>
   <div class='ocr_carea' id='block_1_8' title="bbox 403 1059 2005 1137">
    <p class='ocr_par' dir='ltr' id='par_1_8' title="bbox 403 1059 2005 1137">
     <span class='ocr_line' id='line_1_8' title="bbox 403 1059 2005 1137; baseline 0.003 -22"><span class='ocrx_word' id='word_1_39' title='bbox 403 1059 456 1116; x_wconf 77' lang='grc'>2.</span> <span class='ocrx_word' id='word_1_40' title='bbox 491 1062 561 1116; x_wconf 88' lang='lat' dir='ltr'>Et</span> <span class='ocrx_word' id='word_1_41' title='bbox 585 1079 696 1117; x_wconf 91' lang='lat' dir='ltr'>nos</span> <span class='ocrx_word' id='word_1_42' title='bbox 720 1079 865 1136; x_wconf 89' lang='lat' dir='ltr'>ergo</span> <span class='ocrx_word' id='word_1_43' title='bbox 889 1066 960 1118; x_wconf 85' lang='lat' dir='ltr'>ad</span> <span class='ocrx_word' id='word_1_44' title='bbox 985 1065 1321 1120; x_wconf 84' lang='lat' dir='ltr'>imitandam</span> <span class='ocrx_word' id='word_1_45' title='bbox 1351 1067 1768 1122; x_wconf 83' lang='lat' dir='ltr'>verecundiam</span> <span class='ocrx_word' id='word_1_46' title='bbox 1792 1067 2005 1137; x_wconf 87' lang='lat' dir='ltr'>seduli,</span> 
     </span>
    </p>
   </div>
   <div class='ocr_carea' id='block_1_9' title="bbox 335 1149 2012 1227">
    <p class='ocr_par' dir='ltr' id='par_1_9' title="bbox 335 1149 2012 1227">
     <span class='ocr_line' id='line_1_9' title="bbox 335 1149 2012 1227; baseline 0.004 -24"><span class='ocrx_word' id='word_1_47' title='bbox 335 1149 408 1204; x_wconf 90' lang='lat' dir='ltr'>ad</span> <span class='ocrx_word' id='word_1_48' title='bbox 436 1150 854 1221; x_wconf 78' lang='lat' dir='ltr'>conferendam</span> <span class='ocrx_word' id='word_1_49' title='bbox 885 1154 1134 1224; x_wconf 81' lang='lat' dir='ltr'>gratiam</span> <span class='ocrx_word' id='word_1_50' title='bbox 1164 1171 1282 1208; x_wconf 89' lang='lat' dir='ltr'>non</span> <span class='ocrx_word' id='word_1_51' title='bbox 1316 1159 1722 1226; x_wconf 88' lang='lat' dir='ltr'>usurpatores,</span> <span class='ocrx_word' id='word_1_52' title='bbox 1757 1172 1889 1227; x_wconf 75' lang='lat' dir='ltr'>quae</span> <span class='ocrx_word' id='word_1_53' title='bbox 1927 1157 2012 1210; x_wconf 83' lang='lat' dir='ltr'>illi</span> 
     </span>
    </p>
   </div>
   <div class='ocr_carea' id='block_1_10' title="bbox 335 1237 2010 1316">
    <p class='ocr_par' dir='ltr' id='par_1_10' title="bbox 335 1237 2010 1316">
     <span class='ocr_line' id='line_1_10' title="bbox 335 1237 2010 1316; baseline 0.004 -23"><span class='ocrx_word' id='word_1_54' title='bbox 335 1237 590 1308; x_wconf 85' lang='lat' dir='ltr'>Spiritus</span> <span class='ocrx_word' id='word_1_55' title='bbox 629 1239 708 1310; x_wconf 92' lang='lat'>(6)</span> <span class='ocrx_word' id='word_1_56' title='bbox 739 1241 952 1296; x_wconf 87' lang='lat' dir='ltr'>infudit</span> <span class='ocrx_word' id='word_1_57' title='bbox 1001 1243 1328 1314; x_wconf 62' lang='lat' dir='ltr'>sapientiae,</span> <span class='ocrx_word' id='word_1_58' title='bbox 1375 1260 1440 1300; x_wconf 90' lang='lat' dir='ltr'>ea</span> <span class='ocrx_word' id='word_1_59' title='bbox 1480 1261 1588 1316; x_wconf 91' lang='lat' dir='ltr'>per</span> <span class='ocrx_word' id='word_1_60' title='bbox 1625 1245 1789 1299; x_wconf 89' lang='lat' dir='ltr'>illum</span> <span class='ocrx_word' id='word_1_61' title='bbox 1835 1245 2010 1300; x_wconf 88' lang='lat' dir='ltr'>nobis</span> 
     </span>
    </p>
   </div>
   <div class='ocr_carea' id='block_1_11' title="bbox 339 1327 2006 1406">
    <p class='ocr_par' dir='ltr' id='par_1_11' title="bbox 339 1327 2006 1406">
     <span class='ocr_line' id='line_1_11' title="bbox 339 1327 2006 1406; baseline 0.005 -26"><span class='ocrx_word' id='word_1_62' title='bbox 339 1327 734 1396; x_wconf 85' lang='lat' dir='ltr'>manifestata,</span> <span class='ocrx_word' id='word_1_63' title='bbox 783 1333 839 1384; x_wconf 91' lang='lat' dir='ltr'>et</span> <span class='ocrx_word' id='word_1_64' title='bbox 887 1331 1022 1386; x_wconf 86' lang='lat' dir='ltr'>visu</span> <span class='ocrx_word' id='word_1_65' title='bbox 1053 1335 1348 1400; x_wconf 81' lang='lat' dir='ltr'>comperta</span> <span class='ocrx_word' id='word_1_66' title='bbox 1395 1334 1473 1402; x_wconf 87' lang='lat'>(7)</span> <span class='ocrx_word' id='word_1_67' title='bbox 1502 1337 1674 1406; x_wconf 89' lang='lat' dir='ltr'>atque</span> <span class='ocrx_word' id='word_1_68' title='bbox 1706 1334 2006 1404; x_wconf 86' lang='lat' dir='ltr'>exemplo,</span> 
     </span>
    </p>
   </div>
   <div class='ocr_carea' id='block_1_12' title="bbox 331 1415 2010 1494">
    <p class='ocr_par' dir='ltr' id='par_1_12' title="bbox 331 1415 2010 1494">
     <span class='ocr_line' id='line_1_12' title="bbox 331 1415 2010 1494; baseline 0.005 -26"><span class='ocrx_word' id='word_1_69' title='bbox 331 1415 522 1470; x_wconf 87' lang='lat' dir='ltr'>vobis</span> <span class='ocrx_word' id='word_1_70' title='bbox 573 1419 745 1488; x_wconf 90' lang='lat' dir='ltr'>quasi</span> <span class='ocrx_word' id='word_1_71' title='bbox 778 1419 982 1474; x_wconf 80' lang='lat' dir='ltr'>liberis</span> <span class='ocrx_word' id='word_1_72' title='bbox 1028 1421 1351 1490; x_wconf 81' lang='lat' dir='ltr'>tradimus;</span> <span class='ocrx_word' id='word_1_73' title='bbox 1403 1439 1536 1476; x_wconf 91' lang='lat' dir='ltr'>cum</span> <span class='ocrx_word' id='word_1_74' title='bbox 1577 1421 1702 1493; x_wconf 84' lang='lat' dir='ltr'>jam</span> <span class='ocrx_word' id='word_1_75' title='bbox 1747 1422 2010 1494; x_wconf 81' lang='lat' dir='ltr'>etfugere</span> 
     </span>
    </p>
   </div>
   <div class='ocr_carea' id='block_1_13' title="bbox 333 1507 2010 1581">
    <p class='ocr_par' dir='ltr' id='par_1_13' title="bbox 333 1507 2010 1581">
     <span class='ocr_line' id='line_1_13' title="bbox 333 1507 2010 1581; baseline 0.004 -23"><span class='ocrx_word' id='word_1_76' title='bbox 333 1519 453 1559; x_wconf 91' lang='lat' dir='ltr'>non</span> <span class='ocrx_word' id='word_1_77' title='bbox 481 1507 788 1576; x_wconf 86' lang='lat' dir='ltr'>possimus</span> <span class='ocrx_word' id='word_1_78' title='bbox 840 1508 1101 1562; x_wconf 88' lang='lat' dir='ltr'>ofﬁcium</span> <span class='ocrx_word' id='word_1_79' title='bbox 1134 1510 1404 1579; x_wconf 86' lang='lat' dir='ltr'>docendi,</span> <span class='ocrx_word' id='word_1_80' title='bbox 1439 1511 1596 1581; x_wconf 91' lang='lat' dir='ltr'>quod</span> <span class='ocrx_word' id='word_1_81' title='bbox 1642 1511 1817 1565; x_wconf 90' lang='lat' dir='ltr'>nobis</span> <span class='ocrx_word' id='word_1_82' title='bbox 1847 1511 2010 1565; x_wconf 87' lang='lat' dir='ltr'>refu-</span> 
     </span>
    </p>
   </div>
   <div class='ocr_carea' id='block_1_14' title="bbox 330 1593 2010 1666">
    <p class='ocr_par' dir='ltr' id='par_1_14' title="bbox 330 1593 2010 1666">
     <span class='ocr_line' id='line_1_14' title="bbox 330 1593 2010 1666; baseline 0.004 -19"><span class='ocrx_word' id='word_1_83' title='bbox 330 1593 639 1664; x_wconf 86' lang='lat' dir='ltr'>gientibus</span> <span class='ocrx_word' id='word_1_84' title='bbox 691 1596 972 1666; x_wconf 85' lang='lat' dir='ltr'>imposuit</span> <span class='ocrx_word' id='word_1_85' title='bbox 1003 1599 1319 1653; x_wconf 89' lang='lat' dir='ltr'>sacerdotii</span> <span class='ocrx_word' id='word_1_86' title='bbox 1366 1599 1745 1654; x_wconf 88' lang='lat' dir='ltr'>necessitudo</span> <span class='ocrx_word' id='word_1_87' title='bbox 1783 1614 1794 1654; x_wconf 95' lang='lat'>:</span> <span class='ocrx_word' id='word_1_88' title='bbox 1829 1599 2010 1654; x_wconf 85' lang='lat' dir='ltr'>Dedit</span> 
     </span>
    </p>
   </div>
   <div class='ocr_carea' id='block_1_15' title="bbox 331 1683 2006 1760">
    <p class='ocr_par' dir='ltr' id='par_1_15' title="bbox 331 1683 2006 1760">
     <span class='ocr_line' id='line_1_15' title="bbox 331 1683 2006 1760; baseline 0.004 -25"><span class='ocrx_word' id='word_1_89' title='bbox 331 1683 492 1736; x_wconf 90' lang='lat' dir='ltr'>enim</span> <span class='ocrx_word' id='word_1_90' title='bbox 521 1683 684 1738; x_wconf 89' lang='lat' dir='ltr'>Deus</span> <span class='ocrx_word' id='word_1_91' title='bbox 705 1686 982 1757; x_wconf 83' lang='lat' dir='ltr'>quosdam</span> <span class='ocrx_word' id='word_1_92' title='bbox 1017 1688 1250 1758; x_wconf 83' lang='lat' dir='ltr'>quidem</span> <span class='ocrx_word' id='word_1_93' title='bbox 1273 1688 1584 1760; x_wconf 75' lang='lat' dir='ltr'>apostolos,</span> <span class='ocrx_word' id='word_1_94' title='bbox 1610 1687 1888 1760; x_wconf 81' lang='lat' dir='ltr'>quosdam</span> <span class='ocrx_word' id='word_1_95' title='bbox 1909 1704 2006 1742; x_wconf 83' lang='lat' dir='ltr'>au-</span> 
     </span>
    </p>
   </div>
   <div class='ocr_carea' id='block_1_16' title="bbox 334 1773 2088 1875">
    <p class='ocr_par' dir='ltr' id='par_1_16' title="bbox 334 1773 2088 1875">
     <span class='ocr_line' id='line_1_16' title="bbox 334 1773 2088 1875; baseline 0.005 -53"><span class='ocrx_word' id='word_1_96' title='bbox 334 1775 450 1826; x_wconf 83' lang='lat' dir='ltr'>tem</span> <span class='ocrx_word' id='word_1_97' title='bbox 466 1773 808 1844; x_wconf 79' lang='lat' dir='ltr'>prophetas,</span> <span class='ocrx_word' id='word_1_98' title='bbox 831 1775 982 1830; x_wconf 85' lang='lat' dir='ltr'>alios</span> <span class='ocrx_word' id='word_1_99' title='bbox 1010 1791 1150 1832; x_wconf 73' lang='lat' dir='ltr'>vero</span> <span class='ocrx_word' id='word_1_100' title='bbox 1172 1778 1599 1849; x_wconf 82' lang='lat' dir='ltr'>evangelistas,</span> <span class='ocrx_word' id='word_1_101' title='bbox 1636 1777 1785 1832; x_wconf 83' lang='lat' dir='ltr'>aIios</span> <span class='ocrx_word' id='word_1_102' title='bbox 1811 1782 2006 1832; x_wconf 83' lang='lat' dir='ltr'>autem</span> <span class='ocrx_word' id='word_1_103' title='bbox 2035 1813 2088 1875; x_wconf 76' lang='grc' dir='ltr'>Β</span> 
     </span>
    </p>
   </div>
   <div class='ocr_carea' id='block_1_17' title="bbox 253 1863 1514 1936">
    <p class='ocr_par' dir='ltr' id='par_1_17' title="bbox 253 1863 1514 1936">
     <span class='ocr_line' id='line_1_17' title="bbox 253 1863 1514 1936; baseline 0.004 -21"><span class='ocrx_word' id='word_1_104' title='bbox 253 1911 264 1915; x_wconf 89' lang='lat'><em>_</em></span> <span class='ocrx_word' id='word_1_105' title='bbox 331 1865 615 1930; x_wconf 83' lang='lat' dir='ltr'>pastores</span> <span class='ocrx_word' id='word_1_106' title='bbox 637 1867 694 1916; x_wconf 87' lang='lat' dir='ltr'>et</span> <span class='ocrx_word' id='word_1_107' title='bbox 719 1863 993 1919; x_wconf 86' lang='lat' dir='ltr'>doctores</span> <span class='ocrx_word' id='word_1_108' title='bbox 1011 1865 1257 1936; x_wconf 83' lang='lat' dir='ltr'>(Ephcs.</span> <span class='ocrx_word' id='word_1_109' title='bbox 1295 1883 1370 1934; x_wconf 80' lang='lat' dir='ltr'>1v,</span> <span class='ocrx_word' id='word_1_110' title='bbox 1404 1865 1514 1922; x_wconf 76' lang='lat' dir='ltr'>ll).</span> 
     </span>
    </p>
   </div>
   <div class='ocr_carea' id='block_1_18' title="bbox 399 1946 2001 2026">
    <p class='ocr_par' dir='ltr' id='par_1_18' title="bbox 399 1946 2001 2026">
     <span class='ocr_line' id='line_1_18' title="bbox 399 1946 2001 2026; baseline 0.002 -22"><span class='ocrx_word' id='word_1_111' title='bbox 399 1946 453 2004; x_wconf 87' lang='grc'><strong>3.</strong></span> <span class='ocrx_word' id='word_1_112' title='bbox 491 1949 626 2005; x_wconf 90' lang='lat' dir='ltr'>Non</span> <span class='ocrx_word' id='word_1_113' title='bbox 652 1951 834 2022; x_wconf 88' lang='lat' dir='ltr'>igitur</span> <span class='ocrx_word' id='word_1_114' title='bbox 862 1953 1007 2006; x_wconf 85' lang='lat' dir='ltr'>mihi</span> <span class='ocrx_word' id='word_1_115' title='bbox 1043 1955 1444 2024; x_wconf 82' lang='lat' dir='ltr'>apostolorum</span> <span class='ocrx_word' id='word_1_116' title='bbox 1483 1954 1557 2025; x_wconf 60' lang='grc'>(⁸)</span> <span class='ocrx_word' id='word_1_117' title='bbox 1589 1955 1838 2026; x_wconf 76' lang='lat' dir='ltr'>gloriam</span> <span class='ocrx_word' id='word_1_118' title='bbox 1868 1957 2001 2008; x_wconf 88' lang='lat' dir='ltr'>vin—</span> 
     </span>
    </p>
   </div>
   <div class='ocr_carea' id='block_1_19' title="bbox 331 2039 2002 2124">
    <p class='ocr_par' dir='ltr' id='par_1_19' title="bbox 331 2039 2002 2124">
     <span class='ocr_line' id='line_1_19' title="bbox 331 2039 2002 2124; baseline 0.004 -25"><span class='ocrx_word' id='word_1_119' title='bbox 331 2045 484 2102; x_wconf 90' lang='lat' dir='ltr'>dico.</span> <span class='ocrx_word' id='word_1_120' title='bbox 518 2039 564 2102; x_wconf 90' lang='lat'><strong>3</strong></span> <span class='ocrx_word' id='word_1_121' title='bbox 595 2048 740 2113; x_wconf 89' lang='lat' dir='ltr'>Quis</span> <span class='ocrx_word' id='word_1_122' title='bbox 773 2050 928 2104; x_wconf 92' lang='lat' dir='ltr'>enim</span> <span class='ocrx_word' id='word_1_123' title='bbox 950 2051 1085 2119; x_wconf 89' lang='lat' dir='ltr'>hoc,</span> <span class='ocrx_word' id='word_1_124' title='bbox 1115 2051 1231 2106; x_wconf 89' lang='lat' dir='ltr'>nisi</span> <span class='ocrx_word' id='word_1_125' title='bbox 1263 2068 1415 2122; x_wconf 90' lang='lat' dir='ltr'>quos</span> <span class='ocrx_word' id='word_1_126' title='bbox 1447 2053 1574 2122; x_wconf 89' lang='lat' dir='ltr'>ipse</span> <span class='ocrx_word' id='word_1_127' title='bbox 1606 2053 1791 2106; x_wconf 80' lang='lat' dir='ltr'>Filius</span> <span class='ocrx_word' id='word_1_128' title='bbox 1822 2053 2002 2124; x_wconf 83' lang='lat' dir='ltr'>elegit</span> 
     </span>
    </p>
   </div>
   <div class='ocr_carea' id='block_1_20' title="bbox 329 2133 2000 2212">
    <p class='ocr_par' dir='ltr' id='par_1_20' title="bbox 329 2133 2000 2212">
     <span class='ocr_line' id='line_1_20' title="bbox 329 2133 2000 2212; baseline 0.004 -24"><span class='ocrx_word' id='word_1_129' title='bbox 329 2133 486 2190; x_wconf 85' lang='lat' dir='ltr'>Dei‘?</span> <span class='ocrx_word' id='word_1_130' title='bbox 547 2136 679 2192; x_wconf 89' lang='lat' dir='ltr'>Non</span> <span class='ocrx_word' id='word_1_131' title='bbox 741 2139 1158 2210; x_wconf 66' lang='lat' dir='ltr'>prolihetarum</span> <span class='ocrx_word' id='word_1_132' title='bbox 1225 2143 1492 2212; x_wconf 78' lang='lat' dir='ltr'>gratiam,</span> <span class='ocrx_word' id='word_1_133' title='bbox 1546 2158 1664 2195; x_wconf 81' lang='lat' dir='ltr'>non</span> <span class='ocrx_word' id='word_1_134' title='bbox 1725 2142 2000 2195; x_wconf 83' lang='lat' dir='ltr'>virtutem</span> 
     </span>
    </p>
   </div>
   <div class='ocr_carea' id='block_1_21' title="bbox 330 2225 1995 2298">
    <p class='ocr_par' dir='ltr' id='par_1_21' title="bbox 330 2225 1995 2298">
     <span class='ocr_line' id='line_1_21' title="bbox 330 2225 1995 2298; baseline 0.004 -22"><span class='ocrx_word' id='word_1_135' title='bbox 330 2225 851 2296; x_wconf 84' lang='lat' dir='ltr'>evangelistarum,</span> <span class='ocrx_word' id='word_1_136' title='bbox 877 2244 995 2282; x_wconf 90' lang='lat' dir='ltr'>non</span> <span class='ocrx_word' id='word_1_137' title='bbox 1017 2232 1318 2298; x_wconf 88' lang='lat' dir='ltr'>pastorum</span> <span class='ocrx_word' id='word_1_138' title='bbox 1345 2229 1995 2298; x_wconf 81' lang='lat' dir='ltr'>circoumspcctionem,</span> 
     </span>
    </p>
   </div>
   <div class='ocr_carea' id='block_1_22' title="bbox 327 2313 2004 2390">
    <p class='ocr_par' dir='ltr' id='par_1_22' title="bbox 327 2313 2004 2390">
     <span class='ocr_line' id='line_1_22' title="bbox 327 2313 2004 2390; baseline 0.003 -25"><span class='ocrx_word' id='word_1_139' title='bbox 327 2313 436 2366; x_wconf 91' lang='lat' dir='ltr'>sed</span> <span class='ocrx_word' id='word_1_140' title='bbox 469 2316 873 2371; x_wconf 87' lang='lat' dir='ltr'>tantummodo</span> <span class='ocrx_word' id='word_1_141' title='bbox 904 2317 1286 2372; x_wconf 89' lang='lat' dir='ltr'>intentionem</span> <span class='ocrx_word' id='word_1_142' title='bbox 1327 2322 1382 2372; x_wconf 89' lang='lat' dir='ltr'>et</span> <span class='ocrx_word' id='word_1_143' title='bbox 1415 2319 1778 2390; x_wconf 87' lang='lat' dir='ltr'>diligentiam</span> <span class='ocrx_word' id='word_1_144' title='bbox 1825 2319 2004 2377; x_wconf 80' lang='lat' dir='ltr'>circa.</span> 
     </span>
    </p>
   </div>
   <div class='ocr_carea' id='block_1_23' title="bbox 325 2400 2006 2477">
    <p class='ocr_par' dir='ltr' id='par_1_23' title="bbox 325 2400 2006 2477">
     <span class='ocr_line' id='line_1_23' title="bbox 325 2400 2006 2477; baseline 0.004 -21"><span class='ocrx_word' id='word_1_145' title='bbox 325 2400 668 2472; x_wconf 66' lang='lat' dir='ltr'>Scrip&#39;turas</span> <span class='ocrx_word' id='word_1_146' title='bbox 704 2405 936 2459; x_wconf 90' lang='lat' dir='ltr'>divinas</span> <span class='ocrx_word' id='word_1_147' title='bbox 969 2409 1102 2476; x_wconf 92' lang='lat' dir='ltr'>opto</span> <span class='ocrx_word' id='word_1_148' title='bbox 1136 2407 1400 2477; x_wconf 89' lang='lat' dir='ltr'>assequi,</span> <span class='ocrx_word' id='word_1_149' title='bbox 1423 2423 1594 2477; x_wconf 87' lang='lat' dir='ltr'>quam</span> <span class='ocrx_word' id='word_1_150' title='bbox 1618 2408 1873 2460; x_wconf 81' lang='lat' dir='ltr'>ultimam</span> <span class='ocrx_word' id='word_1_151' title='bbox 1898 2423 2006 2476; x_wconf 82' lang='lat' dir='ltr'>po—</span> 
     </span>
    </p>
   </div>
   <div class='ocr_carea' id='block_1_24' title="bbox 329 2491 2004 2562">
    <p class='ocr_par' dir='ltr' id='par_1_24' title="bbox 329 2491 2004 2562">
     <span class='ocr_line' id='line_1_24' title="bbox 329 2491 2004 2562; baseline 0.004 -19"><span class='ocrx_word' id='word_1_152' title='bbox 329 2491 449 2545; x_wconf 90' lang='lat' dir='ltr'>suit</span> <span class='ocrx_word' id='word_1_153' title='bbox 494 2493 821 2562; x_wconf 87' lang='lat' dir='ltr'>Apostolus</span> <span class='ocrx_word' id='word_1_154' title='bbox 868 2495 1022 2548; x_wconf 90' lang='lat' dir='ltr'>inter</span> <span class='ocrx_word' id='word_1_155' title='bbox 1073 2495 1268 2549; x_wconf 86' lang='lat' dir='ltr'>ofﬁcia</span> <span class='ocrx_word' id='word_1_156' title='bbox 1315 2499 1687 2562; x_wconf 87' lang='lat' dir='ltr'>sanctorum,</span> <span class='ocrx_word' id='word_1_157' title='bbox 1749 2499 1805 2550; x_wconf 92' lang='lat' dir='ltr'>et</span> <span class='ocrx_word' id='word_1_158' title='bbox 1853 2497 2004 2550; x_wconf 89' lang='lat' dir='ltr'>hanc</span> 
     </span>
    </p>
   </div>
   <div class='ocr_carea' id='block_1_25' title="bbox 323 2574 2002 2652">
    <p class='ocr_par' dir='ltr' id='par_1_25' title="bbox 323 2574 2002 2652">
     <span class='ocr_line' id='line_1_25' title="bbox 323 2574 2002 2652; baseline 0.003 -19"><span class='ocrx_word' id='word_1_159' title='bbox 323 2578 515 2648; x_wconf 86' lang='lat' dir='ltr'>ipsam</span> <span class='ocrx_word' id='word_1_160' title='bbox 534 2584 598 2635; x_wconf 88' lang='lat' dir='ltr'>ut</span> <span class='ocrx_word' id='word_1_161' title='bbox 627 2581 878 2636; x_wconf 89' lang='lat' dir='ltr'>docendi</span> <span class='ocrx_word' id='word_1_162' title='bbox 899 2583 1095 2637; x_wconf 91' lang='lat' dir='ltr'>studio</span> <span class='ocrx_word' id='word_1_163' title='bbox 1117 2574 1348 2652; x_wconf 80' lang='lat' dir='ltr'>possim</span> <span class='ocrx_word' id='word_1_164' title='bbox 1373 2584 1625 2638; x_wconf 87' lang='lat' dir='ltr'>discere.</span> <span class='ocrx_word' id='word_1_165' title='bbox 1655 2585 1822 2639; x_wconf 64' lang='lat' dir='ltr'>linus</span> <span class='ocrx_word' id='word_1_166' title='bbox 1845 2585 2002 2640; x_wconf 90' lang='lat' dir='ltr'>enim</span> 
     </span>
    </p>
   </div>
   <div class='ocr_carea' id='block_1_26' title="bbox 326 2671 2001 2744">
    <p class='ocr_par' dir='ltr' id='par_1_26' title="bbox 326 2671 2001 2744">
     <span class='ocr_line' id='line_1_26' title="bbox 326 2671 2001 2744; baseline 0.007 -27"><span class='ocrx_word' id='word_1_167' title='bbox 326 2683 506 2722; x_wconf 88' lang='lat' dir='ltr'>verus</span> <span class='ocrx_word' id='word_1_168' title='bbox 555 2671 842 2740; x_wconf 84' lang='lat' dir='ltr'>magister</span> <span class='ocrx_word' id='word_1_169' title='bbox 889 2674 999 2735; x_wconf 83' lang='lat' dir='ltr'>est,</span> <span class='ocrx_word' id='word_1_170' title='bbox 1049 2671 1147 2742; x_wconf 83' lang='lat' dir='ltr'>qui</span> <span class='ocrx_word' id='word_1_171' title='bbox 1195 2672 1362 2726; x_wconf 88' lang='lat' dir='ltr'>solus</span> <span class='ocrx_word' id='word_1_172' title='bbox 1411 2688 1527 2726; x_wconf 89' lang='lat' dir='ltr'>non</span> <span class='ocrx_word' id='word_1_173' title='bbox 1589 2673 1793 2726; x_wconf 85' lang='lat' dir='ltr'>didicit</span> <span class='ocrx_word' id='word_1_174' title='bbox 1844 2675 2001 2744; x_wconf 90' lang='lat' dir='ltr'>quod</span> 
     </span>
    </p>
   </div>
   <div class='ocr_carea' id='block_1_27' title="bbox 327 2757 1998 2831">
    <p class='ocr_par' dir='ltr' id='par_1_27' title="bbox 327 2757 1998 2831">
     <span class='ocr_line' id='line_1_27' title="bbox 327 2757 1998 2831; baseline 0.004 -22"><span class='ocrx_word' id='word_1_175' title='bbox 327 2771 534 2811; x_wconf 88' lang='lat' dir='ltr'>omnes</span> <span class='ocrx_word' id='word_1_176' title='bbox 581 2757 820 2812; x_wconf 88' lang='lat' dir='ltr'>doceret</span> <span class='ocrx_word' id='word_1_177' title='bbox 851 2758 930 2826; x_wconf 82' lang='grc'>(9)</span> <span class='ocrx_word' id='word_1_178' title='bbox 964 2775 975 2813; x_wconf 93' lang='lat'><strong>:</strong></span> <span class='ocrx_word' id='word_1_179' title='bbox 1011 2759 1283 2814; x_wconf 89' lang='lat' dir='ltr'>homines</span> <span class='ocrx_word' id='word_1_180' title='bbox 1326 2764 1518 2814; x_wconf 87' lang='lat' dir='ltr'>autem</span> <span class='ocrx_word' id='word_1_181' title='bbox 1561 2762 1795 2816; x_wconf 87' lang='lat' dir='ltr'>discunt</span> <span class='ocrx_word' id='word_1_182' title='bbox 1829 2763 1998 2831; x_wconf 88' lang='lat' dir='ltr'>prius</span> 
     </span>
    </p>
   </div>
   <div class='ocr_carea' id='block_1_28' title="bbox 324 2845 1998 2920">
    <p class='ocr_par' dir='ltr' id='par_1_28' title="bbox 324 2845 1998 2920">
     <span class='ocr_line' id='line_1_28' title="bbox 324 2845 1998 2920; baseline 0.004 -22"><span class='ocrx_word' id='word_1_183' title='bbox 324 2845 483 2915; x_wconf 89' lang='lat' dir='ltr'>quod</span> <span class='ocrx_word' id='word_1_184' title='bbox 516 2845 783 2916; x_wconf 87' lang='lat' dir='ltr'>doceant,</span> <span class='ocrx_word' id='word_1_185' title='bbox 829 2851 884 2902; x_wconf 88' lang='lat' dir='ltr'>et</span> <span class='ocrx_word' id='word_1_186' title='bbox 915 2849 987 2902; x_wconf 89' lang='lat' dir='ltr'>ab</span> <span class='ocrx_word' id='word_1_187' title='bbox 1034 2849 1134 2902; x_wconf 95' lang='lat' dir='ltr'>illo</span> <span class='ocrx_word' id='word_1_188' title='bbox 1165 2849 1458 2920; x_wconf 81' lang='lat' dir='ltr'>accipiunt.</span> <span class='ocrx_word' id='word_1_189' title='bbox 1510 2851 1668 2920; x_wconf 87' lang='lat' dir='ltr'>quod</span> <span class='ocrx_word' id='word_1_190' title='bbox 1711 2851 1845 2904; x_wconf 87' lang='lat' dir='ltr'>aliis</span> <span class='ocrx_word' id='word_1_191' title='bbox 1878 2853 1998 2904; x_wconf 90' lang='lat' dir='ltr'>tra-</span> 
     </span>
    </p>
   </div>
   <div class='ocr_carea' id='block_1_29' title="bbox 327 2931 486 2988">
    <p class='ocr_par' dir='ltr' id='par_1_29' title="bbox 327 2931 486 2988">
     <span class='ocr_line' id='line_1_29' title="bbox 327 2931 486 2988; baseline 0.013 -2"><span class='ocrx_word' id='word_1_192' title='bbox 327 2931 486 2988; x_wconf 63' lang='lat' dir='ltr'>dant</span> 
     </span>
    </p>
   </div>
   <div class='ocr_carea' id='block_1_30' title="bbox 387 3021 2000 3099">
    <p class='ocr_par' dir='ltr' id='par_1_30' title="bbox 387 3021 2000 3099">
     <span class='ocr_line' id='line_1_30' title="bbox 387 3021 2000 3099; baseline 0.002 -23"><span class='ocrx_word' id='word_1_193' title='bbox 387 3021 442 3076; x_wconf 77' lang='grc'>4.</span> <span class='ocrx_word' id='word_1_194' title='bbox 473 3021 639 3088; x_wconf 90' lang='lat' dir='ltr'>Quod</span> <span class='ocrx_word' id='word_1_195' title='bbox 660 3039 733 3080; x_wconf 89' lang='lat' dir='ltr'>ne</span> <span class='ocrx_word' id='word_1_196' title='bbox 757 3025 951 3094; x_wconf 90' lang='lat' dir='ltr'>ipsum</span> <span class='ocrx_word' id='word_1_197' title='bbox 975 3026 1212 3097; x_wconf 87' lang='lat' dir='ltr'>quidem</span> <span class='ocrx_word' id='word_1_198' title='bbox 1245 3027 1387 3081; x_wconf 91' lang='lat' dir='ltr'>mihi</span> <span class='ocrx_word' id='word_1_199' title='bbox 1419 3027 1651 3082; x_wconf 87' lang='lat' dir='ltr'>accidit.</span> <span class='ocrx_word' id='word_1_200' title='bbox 1693 3027 1819 3099; x_wconf 86' lang='lat' dir='ltr'>Ego</span> <span class='ocrx_word' id='word_1_201' title='bbox 1843 3028 2000 3082; x_wconf 90' lang='lat' dir='ltr'>enim</span> 
     </span>
    </p>
   </div>
   <div class='ocr_carea' id='block_1_31' title="bbox 318 3112 2008 3186">
    <p class='ocr_par' dir='ltr' id='par_1_31' title="bbox 318 3112 2008 3186">
     <span class='ocr_line' id='line_1_31' title="bbox 318 3112 2008 3186; baseline 0.004 -23"><span class='ocrx_word' id='word_1_202' title='bbox 318 3114 524 3180; x_wconf 86' lang='lat' dir='ltr'>raptus</span> <span class='ocrx_word' id='word_1_203' title='bbox 554 3112 625 3166; x_wconf 90' lang='lat' dir='ltr'>de</span> <span class='ocrx_word' id='word_1_204' title='bbox 655 3113 1048 3169; x_wconf 89' lang='lat' dir='ltr'>tribunalibus</span> <span class='ocrx_word' id='word_1_205' title='bbox 1080 3118 1252 3186; x_wconf 88' lang='lat' dir='ltr'>atque</span> <span class='ocrx_word' id='word_1_206' title='bbox 1282 3116 1808 3171; x_wconf 84' lang='lat' dir='ltr'>administrationis</span> <span class='ocrx_word' id='word_1_207' title='bbox 1832 3116 2008 3170; x_wconf 77' lang='lat' dir='ltr'>iniu-</span> 
     </span>
    </p>
   </div>
   <div class='ocr_carea' id='block_1_32' title="bbox 318 3199 2003 3279">
    <p class='ocr_par' dir='ltr' id='par_1_32' title="bbox 318 3199 2003 3279">
     <span class='ocr_line' id='line_1_32' title="bbox 318 3199 2003 3279; baseline 0.007 -25"><span class='ocrx_word' id='word_1_208' title='bbox 318 3199 394 3254; x_wconf 90' lang='lat' dir='ltr'>lis</span> <span class='ocrx_word' id='word_1_209' title='bbox 439 3199 556 3272; x_wconf 83' lang='grc'>(10)</span> <span class='ocrx_word' id='word_1_210' title='bbox 603 3202 677 3256; x_wconf 87' lang='lat' dir='ltr'>ad</span> <span class='ocrx_word' id='word_1_211' title='bbox 721 3203 1140 3272; x_wconf 89' lang='lat' dir='ltr'>sacerdotium,</span> <span class='ocrx_word' id='word_1_212' title='bbox 1192 3205 1407 3260; x_wconf 89' lang='lat' dir='ltr'>docere</span> <span class='ocrx_word' id='word_1_213' title='bbox 1458 3223 1568 3260; x_wconf 89' lang='lat' dir='ltr'>vos</span> <span class='ocrx_word' id='word_1_214' title='bbox 1613 3207 1786 3276; x_wconf 84' lang='lat' dir='ltr'>coepi,</span> <span class='ocrx_word' id='word_1_215' title='bbox 1834 3209 2003 3279; x_wconf 88' lang='lat' dir='ltr'>quod</span> 
     </span>
    </p>
   </div>
   <div class='ocr_carea' id='block_1_33' title="bbox 317 3288 1996 3366">
    <p class='ocr_par' dir='ltr' id='par_1_33' title="bbox 317 3288 1996 3366">
     <span class='ocr_line' id='line_1_33' title="bbox 317 3288 1996 3366; baseline 0.007 -24"><span class='ocrx_word' id='word_1_216' title='bbox 317 3288 484 3360; x_wconf 91' lang='lat' dir='ltr'>ipses</span> <span class='ocrx_word' id='word_1_217' title='bbox 516 3307 634 3345; x_wconf 92' lang='lat' dir='ltr'>non</span> <span class='ocrx_word' id='word_1_218' title='bbox 667 3291 866 3346; x_wconf 89' lang='lat' dir='ltr'>didici.</span> <span class='ocrx_word' id='word_1_219' title='bbox 902 3294 1100 3364; x_wconf 85' lang='lat' dir='ltr'>Itaque</span> <span class='ocrx_word' id='word_1_220' title='bbox 1135 3294 1351 3348; x_wconf 87' lang='lat' dir='ltr'>factum</span> <span class='ocrx_word' id='word_1_221' title='bbox 1383 3298 1473 3349; x_wconf 91' lang='lat' dir='ltr'>est</span> <span class='ocrx_word' id='word_1_222' title='bbox 1494 3299 1554 3349; x_wconf 89' lang='lat' dir='ltr'>ut</span> <span class='ocrx_word' id='word_1_223' title='bbox 1579 3296 1746 3366; x_wconf 86' lang='lat' dir='ltr'>prius</span> <span class='ocrx_word' id='word_1_224' title='bbox 1777 3296 1996 3354; x_wconf 89' lang='lat' dir='ltr'>docere</span> 
     </span>
    </p>
   </div>
   <div class='ocr_carea' id='block_1_34' title="bbox 318 3377 1995 3455">
    <p class='ocr_par' dir='ltr' id='par_1_34' title="bbox 318 3377 1995 3455">
     <span class='ocr_line' id='line_1_34' title="bbox 318 3377 1995 3455; baseline 0.005 -24"><span class='ocrx_word' id='word_1_225' title='bbox 318 3377 662 3448; x_wconf 88' lang='lat' dir='ltr'>inciperem,</span> <span class='ocrx_word' id='word_1_226' title='bbox 698 3397 872 3450; x_wconf 89' lang='lat' dir='ltr'>quam</span> <span class='ocrx_word' id='word_1_227' title='bbox 913 3382 1184 3451; x_wconf 89' lang='lat' dir='ltr'>discere;</span> <span class='ocrx_word' id='word_1_228' title='bbox 1220 3383 1574 3438; x_wconf 89' lang='lat' dir='ltr'>Discendum</span> <span class='ocrx_word' id='word_1_229' title='bbox 1626 3384 1808 3455; x_wconf 84' lang='lat' dir='ltr'>igitur</span> <span class='ocrx_word' id='word_1_230' title='bbox 1849 3386 1995 3440; x_wconf 88' lang='lat' dir='ltr'>mihi</span> 
     </span>
    </p>
   </div>
   <div class='ocr_carea' id='block_1_35' title="bbox 319 3465 1990 3609">
    <p class='ocr_par' dir='ltr' id='par_1_35' title="bbox 319 3465 1990 3609">
     <span class='ocr_line' id='line_1_35' title="bbox 319 3465 1990 3609; baseline 0.008 -90"><span class='ocrx_word' id='word_1_231' title='bbox 319 3465 496 3609; x_wconf 55' lang='lat' dir='ltr'>simul</span> <span class='ocrx_word' id='word_1_232' title='bbox 527 3471 583 3522; x_wconf 85' lang='lat' dir='ltr'>et</span> <span class='ocrx_word' id='word_1_233' title='bbox 613 3467 944 3609; x_wconf 59' lang='lat' dir='ltr'>ilocendum</span> <span class='ocrx_word' id='word_1_234' title='bbox 976 3474 1098 3541; x_wconf 92' lang='lat' dir='ltr'>est;</span> <span class='ocrx_word' id='word_1_235' title='bbox 1137 3471 1415 3544; x_wconf 87' lang='lat' dir='ltr'>quoniam</span> <span class='ocrx_word' id='word_1_236' title='bbox 1446 3489 1563 3546; x_wconf 88' lang='lat' dir='ltr'>non</span> <span class='ocrx_word' id='word_1_237' title='bbox 1595 3473 1825 3530; x_wconf 84' lang='lat' dir='ltr'>vacavit</span> <span class='ocrx_word' id='word_1_238' title='bbox 1856 3477 1990 3532; x_wconf 90' lang='lat' dir='ltr'>ante</span> 
     </span>
     <span class='ocr_line' id='line_1_36' title="bbox 360 3555 718 3609; baseline 0 0"><span class='ocrx_word' id='word_1_239' title='bbox 360 3555 555 3609; x_wconf 90' lang='lat' dir='ltr'>iscere</span> <span class='ocrx_word' id='word_1_240' title='bbox 583 3556 617 3609; x_wconf 65' lang='lat'>(&#39;</span> <span class='ocrx_word' id='word_1_241' title='bbox 646 3555 718 3609; x_wconf 75' lang='lat' dir='ltr'>ll.</span> 
     </span>
    </p>
   </div>
   <div class='ocr_carea' id='block_1_36' title="bbox 360 3554 718 3627">
    <p class='ocr_par' dir='ltr' id='par_1_36' title="bbox 360 3554 718 3627">
     <span class='ocr_line' id='line_1_37' title="bbox 360 3554 718 3627; baseline 0.008 -18"><span class='ocrx_word' id='word_1_242' title='bbox 360 3555 555 3612; x_wconf 89' lang='lat' dir='ltr'>iscere</span> <span class='ocrx_word' id='word_1_243' title='bbox 583 3554 718 3627; x_wconf 79' lang='lat' dir='ltr'>(il).</span> 
     </span>
    </p>
   </div>
   <div class='ocr_carea' id='block_1_37' title="bbox 316 3749 1982 3831">
    <p class='ocr_par' dir='ltr' id='par_1_37' title="bbox 316 3749 1982 3831">
     <span class='ocr_line' id='line_1_38' title="bbox 316 3749 1982 3831; baseline 0.007 -27"><span class='ocrx_word' id='word_1_244' title='bbox 316 3749 378 3831; x_wconf 82' lang='lat' dir='ltr'>i_n</span> <span class='ocrx_word' id='word_1_245' title='bbox 406 3753 589 3831; x_wconf 81' lang='lat' dir='ltr'>textu.</span> <span class='ocrx_word' id='word_1_246' title='bbox 607 3754 862 3831; x_wconf 82' lang='lat' dir='ltr'>_Rursus</span> <span class='ocrx_word' id='word_1_247' title='bbox 884 3755 983 3810; x_wconf 90' lang='lat' dir='ltr'>ubi</span> <span class='ocrx_word' id='word_1_248' title='bbox 1016 3761 1132 3812; x_wconf 88' lang='lat' dir='ltr'>vet.</span> <span class='ocrx_word' id='word_1_249' title='bbox 1153 3757 1456 3831; x_wconf 22' lang='lat' dir='ltr'>editacum</span> <span class='ocrx_word' id='word_1_250' title='bbox 1487 3775 1634 3827; x_wconf 88' lang='lat' dir='ltr'>mss,</span> <span class='ocrx_word' id='word_1_251' title='bbox 1659 3760 1982 3831; x_wconf 90' lang='lat' dir='ltr'>nonnullis,</span> 
     </span>
    </p>
   </div>
   <div class='ocr_carea' id='block_1_38' title="bbox 318 3823 1982 3894">
    <p class='ocr_par' dir='ltr' id='par_1_38' title="bbox 318 3823 1982 3894">
     <span class='ocr_line' id='line_1_39' title="bbox 318 3823 1982 3894; baseline 0.007 -19"><span class='ocrx_word' id='word_1_252' title='bbox 318 3823 558 3894; x_wconf 76' lang='lat' dir='ltr'>insigne</span> <span class='ocrx_word' id='word_1_253' title='bbox 581 3823 988 3881; x_wconf 84' lang='lat' dir='ltr'>documentum</span> <span class='ocrx_word' id='word_1_254' title='bbox 1013 3829 1386 3884; x_wconf 71' lang='lat' dir='ltr'>verecundiae</span> <span class='ocrx_word' id='word_1_255' title='bbox 1400 3849 1418 3892; x_wconf 87' lang='lat'><strong><em>;</em></strong></span> <span class='ocrx_word' id='word_1_256' title='bbox 1443 3823 1654 3884; x_wconf 83' lang='lat' dir='ltr'>melius</span> <span class='ocrx_word' id='word_1_257' title='bbox 1675 3832 1824 3886; x_wconf 68' lang='lat' dir='ltr'>llom</span> <span class='ocrx_word' id='word_1_258' title='bbox 1847 3823 1982 3886; x_wconf 80' lang='lat' dir='ltr'>cuni</span> 
     </span>
    </p>
   </div>
   <div class='ocr_carea' id='block_1_39' title="bbox 317 3891 1980 3971">
    <p class='ocr_par' dir='ltr' id='par_1_39' title="bbox 317 3891 1980 3971">
     <span class='ocr_line' id='line_1_40' title="bbox 317 3891 1980 3971; baseline 0.007 -24"><span class='ocrx_word' id='word_1_259' title='bbox 317 3891 776 3971; x_wconf 28' lang='lat' dir='ltr'>long—e‘maxima</span> <span class='ocrx_word' id='word_1_260' title='bbox 805 3901 968 3968; x_wconf 83' lang='lat' dir='ltr'>parte</span> <span class='ocrx_word' id='word_1_261' title='bbox 991 3915 1162 3966; x_wconf 92' lang='lat' dir='ltr'>mss.,</span> <span class='ocrx_word' id='word_1_262' title='bbox 1192 3891 1429 3971; x_wconf 72' lang='lat' dir='ltr'>Insigne</span> <span class='ocrx_word' id='word_1_263' title='bbox 1459 3903 1847 3970; x_wconf 71' lang='lat' dir='ltr'>verecundiae,</span> <span class='ocrx_word' id='word_1_264' title='bbox 1866 3903 1980 3958; x_wconf 91' lang='lat' dir='ltr'>hoc</span> 
     </span>
    </p>
   </div>
   <div class='ocr_carea' id='block_1_40' title="bbox 316 3966 1722 4062">
    <p class='ocr_par' dir='ltr' id='par_1_40' title="bbox 316 3966 1722 4062">
     <span class='ocr_line' id='line_1_41' title="bbox 316 3966 1722 4062; baseline 0.006 -44"><span class='ocrx_word' id='word_1_265' title='bbox 316 3966 700 4062; x_wconf 54' lang='lat' dir='ltr'>est,’\si‘gqum</span> <span class='ocrx_word' id='word_1_266' title='bbox 731 3971 788 4062; x_wconf 55' lang='lat' dir='ltr'>Et</span> <span class='ocrx_word' id='word_1_267' title='bbox 810 3966 986 4040; x_wconf 76' lang='lat' dir='ltr'>quasi</span> <span class='ocrx_word' id='word_1_268' title='bbox 1016 3966 1722 4062; x_wconf 50' lang='lat' dir='ltr'>vexillum&#39;verecund&#39;ite.</span> 
     </span>
    </p>
   </div>
   <div class='ocr_carea' id='block_1_41' title="bbox 387 4035 1775 4104">
    <p class='ocr_par' dir='ltr' id='par_1_41' title="bbox 387 4035 1775 4104">
     <span class='ocr_line' id='line_1_42' title="bbox 387 4035 1775 4104; baseline 0.006 -15"><span class='ocrx_word' id='word_1_269' title='bbox 387 4035 465 4104; x_wconf 72' lang='lat' dir='ltr'>(-t)</span> <span class='ocrx_word' id='word_1_270' title='bbox 497 4035 623 4092; x_wconf 82' lang='lat' dir='ltr'>Vat.</span> <span class='ocrx_word' id='word_1_271' title='bbox 657 4039 787 4094; x_wconf 89' lang='lat' dir='ltr'>cod.</span> <span class='ocrx_word' id='word_1_272' title='bbox 820 4035 996 4104; x_wconf 74' lang='lat' dir='ltr'>unus,</span> <span class='ocrx_word' id='word_1_273' title='bbox 1031 4047 1088 4096; x_wconf 85' lang='lat' dir='ltr'>ct</span> <span class='ocrx_word' id='word_1_274' title='bbox 1111 4041 1341 4097; x_wconf 64' lang='lat' dir='ltr'>effectae</span> <span class='ocrx_word' id='word_1_275' title='bbox 1363 4044 1775 4099; x_wconf 77' lang='lat' dir='ltr'>beatitudinis.</span> 
     </span>
    </p>
   </div>
   <div class='ocr_carea' id='block_1_42' title="bbox 386 4105 1979 4187">
    <p class='ocr_par' dir='ltr' id='par_1_42' title="bbox 386 4105 1979 4187">
     <span class='ocr_line' id='line_1_43' title="bbox 386 4105 1979 4187; baseline 0.006 -26"><span class='ocrx_word' id='word_1_276' title='bbox 386 4105 464 4176; x_wconf 84' lang='lat'>(5)</span> <span class='ocrx_word' id='word_1_277' title='bbox 496 4109 576 4162; x_wconf 87' lang='lat' dir='ltr'>Ita</span> <span class='ocrx_word' id='word_1_278' title='bbox 608 4109 746 4187; x_wconf 73' lang='lat' dir='ltr'>edit.</span> <span class='ocrx_word' id='word_1_279' title='bbox 779 4115 898 4187; x_wconf 78' lang='lat' dir='ltr'>ant.</span> <span class='ocrx_word' id='word_1_280' title='bbox 941 4115 998 4166; x_wconf 88' lang='lat' dir='ltr'>et</span> <span class='ocrx_word' id='word_1_281' title='bbox 1027 4113 1230 4187; x_wconf 83' lang='lat' dir='ltr'>scripti</span> <span class='ocrx_word' id='word_1_282' title='bbox 1264 4115 1402 4187; x_wconf 92' lang='lat' dir='ltr'>_cod.</span> <span class='ocrx_word' id='word_1_283' title='bbox 1437 4131 1652 4187; x_wconf 82' lang='lat' dir='ltr'>magno</span> <span class='ocrx_word' id='word_1_284' title='bbox 1687 4131 1931 4170; x_wconf 89' lang='lat' dir='ltr'>numero</span> <span class='ocrx_word' id='word_1_285' title='bbox 1967 4131 1979 4170; x_wconf 92' lang='lat'>:</span> 
     </span>
    </p>
   </div>
   <div class='ocr_carea' id='block_1_43' title="bbox 318 4177 1981 4258">
    <p class='ocr_par' dir='ltr' id='par_1_43' title="bbox 318 4177 1981 4258">
     <span class='ocr_line' id='line_1_44' title="bbox 318 4177 1981 4258; baseline 0.005 -26"><span class='ocrx_word' id='word_1_286' title='bbox 318 4177 488 4258; x_wconf 78' lang='lat' dir='ltr'>Rom,</span> <span class='ocrx_word' id='word_1_287' title='bbox 520 4195 680 4258; x_wconf 76' lang='lat' dir='ltr'>vero</span> <span class='ocrx_word' id='word_1_288' title='bbox 695 4184 752 4236; x_wconf 88' lang='lat' dir='ltr'>et</span> <span class='ocrx_word' id='word_1_289' title='bbox 776 4182 1000 4258; x_wconf 84' lang='lat' dir='ltr'>_plures</span> <span class='ocrx_word' id='word_1_290' title='bbox 1042 4177 1378 4258; x_wconf 51' lang='lat' dir='ltr'>“eisdem</span> <span class='ocrx_word' id='word_1_291' title='bbox 1411 4177 1641 4258; x_wconf 43' lang='lat' dir='ltr'>autJin</span> <span class='ocrx_word' id='word_1_292' title='bbox 1686 4187 1981 4258; x_wconf 89' lang='lat' dir='ltr'>margine,</span> 
     </span>
    </p>
   </div>
   <div class='ocr_carea' id='block_1_44' title="bbox 307 4249 1982 4323">
    <p class='ocr_par' dir='ltr' id='par_1_44' title="bbox 307 4249 1982 4323">
     <span class='ocr_line' id='line_1_45' title="bbox 307 4249 1982 4323; baseline 0.005 -20"><span class='ocrx_word' id='word_1_293' title='bbox 307 4249 608 4320; x_wconf 86' lang='lat' dir='ltr'>pudenter</span> <span class='ocrx_word' id='word_1_294' title='bbox 622 4249 990 4323; x_wconf 70' lang='lat' dir='ltr'>significavit</span> <span class='ocrx_word' id='word_1_295' title='bbox 1026 4270 1037 4310; x_wconf 96' lang='lat'><strong>:</strong></span> <span class='ocrx_word' id='word_1_296' title='bbox 1074 4255 1211 4309; x_wconf 87' lang='lat' dir='ltr'>edit.</span> <span class='ocrx_word' id='word_1_297' title='bbox 1245 4255 1465 4310; x_wconf 67' lang='lat' dir='ltr'>ultimae</span> <span class='ocrx_word' id='word_1_298' title='bbox 1509 4249 1699 4311; x_wconf 86' lang='lat' dir='ltr'>Paris.</span> <span class='ocrx_word' id='word_1_299' title='bbox 1733 4249 1982 4312; x_wconf 50' lang='lat' dir='ltr'>ac&#39;mss&#39;.</span> 
     </span>
    </p>
   </div>
   <div class='ocr_carea' id='block_1_45' title="bbox 311 4321 1984 4446">
    <p class='ocr_par' dir='ltr' id='par_1_45' title="bbox 311 4321 1984 4446">
     <span class='ocr_line' id='line_1_46' title="bbox 311 4321 1984 4446; baseline 0.004 -70"><span class='ocrx_word' id='word_1_300' title='bbox 311 4335 432 4446; x_wconf 51' lang='lat' dir='ltr'>pen</span> <span class='ocrx_word' id='word_1_301' title='bbox 462 4321 654 4446; x_wconf 54' lang='lat' dir='ltr'>ptauci,</span> <span class='ocrx_word' id='word_1_302' title='bbox 681 4321 1046 4394; x_wconf 75' lang='lat' dir='ltr'>prudenter;</span> <span class='ocrx_word' id='word_1_303' title='bbox 1076 4341 1231 4380; x_wconf 89' lang='lat' dir='ltr'>unus</span> <span class='ocrx_word' id='word_1_304' title='bbox 1263 4327 1455 4397; x_wconf 78' lang='lat' dir='ltr'>etiam,</span> <span class='ocrx_word' id='word_1_305' title='bbox 1481 4334 1762 4399; x_wconf 84' lang='lat' dir='ltr'>potenter</span> <span class='ocrx_word' id='word_1_306' title='bbox 1790 4327 1984 4401; x_wconf 88' lang='lat' dir='ltr'>signi-</span> 
     </span>
     <span class='ocr_line' id='line_1_47' title="bbox 333 4408 535 4446; baseline 0 0"><span class='ocrx_word' id='word_1_307' title='bbox 333 4408 488 4446; x_wconf 77' lang='lat' dir='ltr'>icaw</span> <span class='ocrx_word' id='word_1_308' title='bbox 522 4435 535 4446; x_wconf 95' lang='lat'>.</span> 
     </span>
    </p>
   </div>
   <div class='ocr_carea' id='block_1_46' title="bbox 333 4408 535 4446">
    <p class='ocr_par' dir='ltr' id='par_1_46' title="bbox 333 4408 535 4446">
     <span class='ocr_line' id='line_1_48' title="bbox 333 4408 535 4446; baseline 0 0"><span class='ocrx_word' id='word_1_309' title='bbox 333 4408 422 4446; x_wconf 67' lang='lat'>108</span> <span class='ocrx_word' id='word_1_310' title='bbox 433 4408 535 4446; x_wconf 78' lang='grc' dir='ltr'>γιι.</span> 
     </span>
    </p>
   </div>
   <div class='ocr_carea' id='block_1_47' title="bbox 383 4463 1526 4538">
    <p class='ocr_par' dir='ltr' id='par_1_47' title="bbox 383 4463 1526 4538">
     <span class='ocr_line' id='line_1_49' title="bbox 383 4463 1526 4538; baseline 0.005 -21"><span class='ocrx_word' id='word_1_311' title='bbox 383 4463 465 4538; x_wconf 62' lang='lat' dir='ltr'>(ﬁ)</span> <span class='ocrx_word' id='word_1_312' title='bbox 494 4465 642 4538; x_wconf 58' lang='lat' dir='ltr'>Mss.</span> <span class='ocrx_word' id='word_1_313' title='bbox 677 4466 916 4538; x_wconf 87' lang='lat' dir='ltr'>aliquot,</span> <span class='ocrx_word' id='word_1_314' title='bbox 954 4483 1078 4538; x_wconf 73' lang='lat' dir='ltr'>quae</span> <span class='ocrx_word' id='word_1_315' title='bbox 1107 4467 1212 4523; x_wconf 89' lang='lat' dir='ltr'>ille</span> <span class='ocrx_word' id='word_1_316' title='bbox 1242 4469 1526 4538; x_wconf 81' lang='lat' dir='ltr'>Spiritus.</span> 
     </span>
    </p>
   </div>
   <div class='ocr_carea' id='block_1_48' title="bbox 383 4535 1980 4614">
    <p class='ocr_par' dir='ltr' id='par_1_48' title="bbox 383 4535 1980 4614">
     <span class='ocr_line' id='line_1_50' title="bbox 383 4535 1980 4614; baseline 0.006 -25"><span class='ocrx_word' id='word_1_317' title='bbox 383 4535 464 4606; x_wconf 91' lang='lat'>(7)</span> <span class='ocrx_word' id='word_1_318' title='bbox 493 4535 626 4592; x_wconf 86' lang='lat' dir='ltr'>Era.</span> <span class='ocrx_word' id='word_1_319' title='bbox 653 4540 709 4592; x_wconf 89' lang='lat' dir='ltr'>et</span> <span class='ocrx_word' id='word_1_320' title='bbox 741 4535 868 4610; x_wconf 79' lang='lat' dir='ltr'>seq.</span> <span class='ocrx_word' id='word_1_321' title='bbox 903 4535 1038 4614; x_wconf 81' lang='lat' dir='ltr'>edit.</span> <span class='ocrx_word' id='word_1_322' title='bbox 1065 4556 1196 4594; x_wconf 83' lang='lat' dir='ltr'>cum</span> <span class='ocrx_word' id='word_1_323' title='bbox 1220 4535 1410 4614; x_wconf 76' lang='lat' dir='ltr'>tribus</span> <span class='ocrx_word' id='word_1_324' title='bbox 1433 4544 1794 4612; x_wconf 83' lang='lat' dir='ltr'>autqualuor</span> <span class='ocrx_word' id='word_1_325' title='bbox 1809 4559 1980 4614; x_wconf 87' lang='lat' dir='ltr'>mss.,</span> 
     </span>
    </p>
   </div>
   <div class='ocr_carea' id='block_1_49' title="bbox 317 4611 1982 4680">
    <p class='ocr_par' dir='ltr' id='par_1_49' title="bbox 317 4611 1982 4680">
     <span class='ocr_line' id='line_1_51' title="bbox 317 4611 1982 4680; baseline 0.005 -21"><span class='ocrx_word' id='word_1_326' title='bbox 317 4621 422 4660; x_wconf 90' lang='lat' dir='ltr'>usu</span> <span class='ocrx_word' id='word_1_327' title='bbox 443 4615 740 4680; x_wconf 79' lang='lat' dir='ltr'>comperta</span> <span class='ocrx_word' id='word_1_328' title='bbox 775 4631 792 4664; x_wconf 89' lang='lat'>.-</span> <span class='ocrx_word' id='word_1_329' title='bbox 824 4611 1036 4664; x_wconf 90' lang='lat' dir='ltr'>melius</span> <span class='ocrx_word' id='word_1_330' title='bbox 1067 4612 1306 4668; x_wconf 85' lang='lat' dir='ltr'>Amerb.</span> <span class='ocrx_word' id='word_1_331' title='bbox 1341 4628 1473 4666; x_wconf 90' lang='lat' dir='ltr'>cum</span> <span class='ocrx_word' id='word_1_332' title='bbox 1509 4611 1678 4680; x_wconf 85' lang='lat' dir='ltr'>mss.,</span> <span class='ocrx_word' id='word_1_333' title='bbox 1717 4619 1777 4668; x_wconf 90' lang='lat' dir='ltr'>ut</span> <span class='ocrx_word' id='word_1_334' title='bbox 1808 4611 1982 4668; x_wconf 51' lang='lat' dir='ltr'>mini;</span> 
     </span>
    </p>
   </div>
   <div class='ocr_carea' id='block_1_50' title="bbox 312 4678 1981 4758">
    <p class='ocr_par' dir='ltr' id='par_1_50' title="bbox 312 4678 1981 4758">
     <span class='ocr_line' id='line_1_52' title="bbox 312 4678 1981 4758; baseline 0.006 -28"><span class='ocrx_word' id='word_1_335' title='bbox 312 4691 494 4758; x_wconf 76' lang='lat' dir='ltr'>mum,</span> <span class='ocrx_word' id='word_1_336' title='bbox 541 4678 754 4758; x_wconf 55' lang='lat' dir='ltr'>Xiginti</span> <span class='ocrx_word' id='word_1_337' title='bbox 799 4682 1082 4758; x_wconf 71' lang='lat' dir='ltr'>quinque,</span> <span class='ocrx_word' id='word_1_338' title='bbox 1136 4684 1266 4758; x_wconf 78' lang='lat' dir='ltr'>risu</span> <span class='ocrx_word' id='word_1_339' title='bbox 1313 4688 1631 4758; x_wconf 82' lang='lat' dir='ltr'>comperta.</span> <span class='ocrx_word' id='word_1_340' title='bbox 1667 4678 1981 4758; x_wconf 76' lang='lat' dir='ltr'>Quomodo</span> 
     </span>
    </p>
   </div>
   <div class='ocr_carea' id='block_1_51' title="bbox 313 4747 1982 4826">
    <p class='ocr_par' dir='ltr' id='par_1_51' title="bbox 313 4747 1982 4826">
     <span class='ocr_line' id='line_1_53' title="bbox 313 4747 1982 4826; baseline 0.007 -25"><span class='ocrx_word' id='word_1_341' title='bbox 313 4747 472 4826; x_wconf 80' lang='lat' dir='ltr'>enim</span> <span class='ocrx_word' id='word_1_342' title='bbox 502 4747 794 4826; x_wconf 52' lang='lat' dir='ltr'>sibi—_usu,</span> <span class='ocrx_word' id='word_1_343' title='bbox 818 4747 886 4805; x_wconf 80' lang='lat' dir='ltr'>id</span> <span class='ocrx_word' id='word_1_344' title='bbox 917 4747 1028 4826; x_wconf 69' lang='lat' dir='ltr'>est,</span> <span class='ocrx_word' id='word_1_345' title='bbox 1062 4747 1450 4826; x_wconf 68' lang='lat' dir='ltr'>experientia,</span> <span class='ocrx_word' id='word_1_346' title='bbox 1480 4747 1777 4826; x_wconf 73' lang='lat' dir='ltr'>comperta</span> <span class='ocrx_word' id='word_1_347' title='bbox 1817 4756 1982 4812; x_wconf 87' lang='lat' dir='ltr'>dice-</span> 
     </span>
    </p>
   </div>
   <div class='ocr_carea' id='block_1_52' title="bbox 313 4819 1983 4892">
    <p class='ocr_par' dir='ltr' id='par_1_52' title="bbox 313 4819 1983 4892">
     <span class='ocr_line' id='line_1_54' title="bbox 313 4819 1983 4892; baseline 0.005 -19"><span class='ocrx_word' id='word_1_348' title='bbox 313 4821 421 4886; x_wconf 86' lang='lat' dir='ltr'>ret,</span> <span class='ocrx_word' id='word_1_349' title='bbox 455 4835 525 4874; x_wconf 92' lang='lat' dir='ltr'>eo</span> <span class='ocrx_word' id='word_1_350' title='bbox 543 4819 657 4892; x_wconf 82' lang='lat' dir='ltr'>loci</span> <span class='ocrx_word' id='word_1_351' title='bbox 679 4838 795 4892; x_wconf 88' lang='lat' dir='ltr'>quo</span> <span class='ocrx_word' id='word_1_352' title='bbox 820 4837 886 4875; x_wconf 89' lang='lat' dir='ltr'>se</span> <span class='ocrx_word' id='word_1_353' title='bbox 907 4823 1054 4878; x_wconf 88' lang='lat' dir='ltr'>adeo</span> <span class='ocrx_word' id='word_1_354' title='bbox 1072 4819 1394 4880; x_wconf 75' lang='lat' dir='ltr'>inscientia</span> <span class='ocrx_word' id='word_1_355' title='bbox 1415 4819 1820 4881; x_wconf 79' lang='lat' dir='ltr'>ecclesiastica</span> <span class='ocrx_word' id='word_1_356' title='bbox 1843 4827 1983 4882; x_wconf 88' lang='lat' dir='ltr'>tiro-</span> 
     </span>
    </p>
   </div>
   <div class='ocr_carea' id='block_1_53' title="bbox 313 4891 1980 4968">
    <p class='ocr_par' dir='ltr' id='par_1_53' title="bbox 313 4891 1980 4968">
     <span class='ocr_line' id='line_1_55' title="bbox 313 4891 1980 4968; baseline 0.005 -24"><span class='ocrx_word' id='word_1_357' title='bbox 313 4905 448 4968; x_wconf 74' lang='lat' dir='ltr'>nem</span> <span class='ocrx_word' id='word_1_358' title='bbox 481 4891 836 4968; x_wconf 75' lang='lat' dir='ltr'>profitetur?</span> <span class='ocrx_word' id='word_1_359' title='bbox 865 4893 972 4946; x_wconf 90' lang='lat' dir='ltr'>sed</span> <span class='ocrx_word' id='word_1_360' title='bbox 1003 4896 1150 4968; x_wconf 77' lang='lat' dir='ltr'>visu,</span> <span class='ocrx_word' id='word_1_361' title='bbox 1181 4897 1239 4950; x_wconf 91' lang='lat' dir='ltr'>id</span> <span class='ocrx_word' id='word_1_362' title='bbox 1263 4902 1354 4952; x_wconf 90' lang='lat' dir='ltr'>est</span> <span class='ocrx_word' id='word_1_363' title='bbox 1375 4897 1646 4968; x_wconf 87' lang='lat' dir='ltr'>legendo,</span> <span class='ocrx_word' id='word_1_364' title='bbox 1685 4903 1980 4968; x_wconf 86' lang='lat' dir='ltr'>comperta</span> 
     </span>
    </p>
   </div>
   <div class='ocr_carea' id='block_1_54' title="bbox 311 4960 1982 5040">
    <p class='ocr_par' dir='ltr' id='par_1_54' title="bbox 311 4960 1982 5040">
     <span class='ocr_line' id='line_1_56' title="bbox 311 4960 1982 5040; baseline 0.006 -27"><span class='ocrx_word' id='word_1_365' title='bbox 311 4960 530 5040; x_wconf 60' lang='lat' dir='ltr'>indicat</span> <span class='ocrx_word' id='word_1_366' title='bbox 557 4960 1602 5040; x_wconf 28' lang='lat' dir='ltr'>videlicetcxcjnpla_&#39;virtutuquuae</span> <span class='ocrx_word' id='word_1_367' title='bbox 1634 4960 1982 5040; x_wconf 80' lang='lat' dir='ltr'>consignata</span> 
     </span>
    </p>
   </div>
   <div class='ocr_carea' id='block_1_55' title="bbox 311 5030 1984 5109">
    <p class='ocr_par' dir='ltr' id='par_1_55' title="bbox 311 5030 1984 5109">
     <span class='ocr_line' id='line_1_57' title="bbox 311 5030 1984 5109; baseline 0.005 -24"><span class='ocrx_word' id='word_1_368' title='bbox 311 5030 372 5109; x_wconf 86' lang='lat' dir='ltr'>in</span> <span class='ocrx_word' id='word_1_369' title='bbox 401 5032 724 5109; x_wconf 83' lang='lat' dir='ltr'>Scripturis</span> <span class='ocrx_word' id='word_1_370' title='bbox 755 5030 1180 5109; x_wconf 72' lang='lat' dir='ltr'>animadvertit,</span> <span class='ocrx_word' id='word_1_371' title='bbox 1217 5055 1282 5092; x_wconf 88' lang='lat' dir='ltr'>se</span> <span class='ocrx_word' id='word_1_372' title='bbox 1315 5030 1679 5093; x_wconf 76' lang='lat' dir='ltr'>traditurum.</span> <span class='ocrx_word' id='word_1_373' title='bbox 1706 5030 1984 5109; x_wconf 49' lang='lat' dir='ltr'>Sed’prte-</span> 
     </span>
    </p>
   </div>
   <div class='ocr_carea' id='block_1_56' title="bbox 310 5106 1980 5181">
    <p class='ocr_par' dir='ltr' id='par_1_56' title="bbox 310 5106 1980 5181">
     <span class='ocr_line' id='line_1_58' title="bbox 310 5106 1980 5181; baseline 0.005 -25"><span class='ocrx_word' id='word_1_374' title='bbox 310 5107 469 5181; x_wconf 78' lang='lat' dir='ltr'>terea</span> <span class='ocrx_word' id='word_1_375' title='bbox 491 5121 610 5159; x_wconf 90' lang='lat' dir='ltr'>non</span> <span class='ocrx_word' id='word_1_376' title='bbox 632 5107 888 5181; x_wconf 84' lang='lat' dir='ltr'>obscure</span> <span class='ocrx_word' id='word_1_377' title='bbox 908 5106 1206 5177; x_wconf 88' lang='lat' dir='ltr'>signiﬁcat</span> <span class='ocrx_word' id='word_1_378' title='bbox 1228 5109 1328 5181; x_wconf 82' lang='lat' dir='ltr'>vix</span> <span class='ocrx_word' id='word_1_379' title='bbox 1344 5110 1496 5162; x_wconf 86' lang='lat' dir='ltr'>aliud</span> <span class='ocrx_word' id='word_1_380' title='bbox 1523 5111 1817 5181; x_wconf 84' lang='lat' dir='ltr'>quidpiam</span> <span class='ocrx_word' id='word_1_381' title='bbox 1839 5106 1980 5165; x_wconf 68' lang='lat' dir='ltr'>csse</span> 
     </span>
    </p>
   </div>
   <div class='ocr_carea' id='block_1_57' title="bbox 312 5175 1980 5299">
    <p class='ocr_par' dir='ltr' id='par_1_57' title="bbox 312 5175 1980 5299">
     <span class='ocr_line' id='line_1_59' title="bbox 312 5175 1980 5299; baseline 0.005 -71"><span class='ocrx_word' id='word_1_382' title='bbox 312 5175 469 5299; x_wconf 63' lang='lat' dir='ltr'>quod</span> <span class='ocrx_word' id='word_1_383' title='bbox 501 5177 722 5232; x_wconf 85' lang='lat' dir='ltr'>arctius</span> <span class='ocrx_word' id='word_1_384' title='bbox 759 5175 1100 5233; x_wconf 84' lang='lat' dir='ltr'>sanctiusve</span> <span class='ocrx_word' id='word_1_385' title='bbox 1131 5179 1422 5248; x_wconf 86' lang='lat' dir='ltr'>astringat</span> <span class='ocrx_word' id='word_1_386' title='bbox 1437 5175 1774 5250; x_wconf 74' lang='lat' dir='ltr'>episcopos,</span> <span class='ocrx_word' id='word_1_387' title='bbox 1805 5199 1980 5252; x_wconf 84' lang='lat' dir='ltr'>quam</span> 
     </span>
     <span class='ocr_line' id='line_1_60' title="bbox 353 5247 1979 5299; baseline 0 0"><span class='ocrx_word' id='word_1_388' title='bbox 353 5247 562 5299; x_wconf 89' lang='lat' dir='ltr'>ocendi</span> <span class='ocrx_word' id='word_1_389' title='bbox 594 5265 830 5299; x_wconf 87' lang='lat' dir='ltr'>munus.</span> <span class='ocrx_word' id='word_1_390' title='bbox 868 5251 1083 5299; x_wconf 70' lang='lat' dir='ltr'>Verum</span> <span class='ocrx_word' id='word_1_391' title='bbox 1116 5249 1350 5299; x_wconf 73' lang='lat' dir='ltr'>quidem</span> <span class='ocrx_word' id='word_1_392' title='bbox 1370 5254 1462 5299; x_wconf 87' lang='lat' dir='ltr'>est</span> <span class='ocrx_word' id='word_1_393' title='bbox 1500 5251 1612 5299; x_wconf 81' lang='lat' dir='ltr'>iam</span> <span class='ocrx_word' id='word_1_394' title='bbox 1639 5253 1770 5299; x_wconf 79' lang='lat' dir='ltr'>inde.</span> <span class='ocrx_word' id='word_1_395' title='bbox 1793 5270 1823 5299; x_wconf 66' lang='grc' dir='ltr'>τι</span> <span class='ocrx_word' id='word_1_396' title='bbox 1857 5253 1979 5299; x_wconf 78' lang='lat' dir='ltr'>nri-</span> 
     </span>
    </p>
   </div>
   <div class='ocr_carea' id='block_1_58' title="bbox 353 5247 1979 5322">
    <p class='ocr_par' dir='ltr' id='par_1_58' title="bbox 353 5247 1979 5322">
     <span class='ocr_line' id='line_1_61' title="bbox 353 5247 1979 5322; baseline 0.004 -23"><span class='ocrx_word' id='word_1_397' title='bbox 353 5247 576 5322; x_wconf 63' lang='lat' dir='ltr'>ocepdi</span> <span class='ocrx_word' id='word_1_398' title='bbox 594 5265 830 5322; x_wconf 84' lang='lat' dir='ltr'>munus,</span> <span class='ocrx_word' id='word_1_399' title='bbox 868 5251 1083 5322; x_wconf 72' lang='lat' dir='ltr'>Verum</span> <span class='ocrx_word' id='word_1_400' title='bbox 1116 5247 1350 5322; x_wconf 79' lang='lat' dir='ltr'>quidem</span> <span class='ocrx_word' id='word_1_401' title='bbox 1370 5247 1614 5322; x_wconf 55' lang='lat' dir='ltr'>est&#39;jam</span> <span class='ocrx_word' id='word_1_402' title='bbox 1639 5247 1770 5305; x_wconf 78' lang='lat' dir='ltr'>inde</span> <span class='ocrx_word' id='word_1_403' title='bbox 1793 5247 1838 5305; x_wconf 60' lang='lat' dir='ltr'>a&#39;</span> <span class='ocrx_word' id='word_1_404' title='bbox 1857 5253 1979 5322; x_wconf 88' lang='lat' dir='ltr'>pri-</span> 
     </span>
    </p>
   </div>
   <div class='ocr_carea' id='block_1_59' title="bbox 310 5317 1980 5391">
    <p class='ocr_par' dir='ltr' id='par_1_59' title="bbox 310 5317 1980 5391">
     <span class='ocr_line' id='line_1_62' title="bbox 310 5317 1980 5391; baseline 0.004 -21"><span class='ocrx_word' id='word_1_405' title='bbox 310 5317 426 5370; x_wconf 87' lang='lat' dir='ltr'>mis</span> <span class='ocrx_word' id='word_1_406' title='bbox 443 5317 728 5391; x_wconf 74' lang='lat' dir='ltr'>Ecclesiae</span> <span class='ocrx_word' id='word_1_407' title='bbox 753 5321 994 5374; x_wconf 65' lang='lat' dir='ltr'>saeculis</span> <span class='ocrx_word' id='word_1_408' title='bbox 1013 5317 1163 5372; x_wconf 80' lang='lat' dir='ltr'>hanc</span> <span class='ocrx_word' id='word_1_409' title='bbox 1187 5317 1550 5390; x_wconf 77' lang='lat' dir='ltr'>provinciam</span> <span class='ocrx_word' id='word_1_410' title='bbox 1571 5339 1600 5374; x_wconf 89' lang='lat' dir='ltr'>a</span> <span class='ocrx_word' id='word_1_411' title='bbox 1626 5317 1980 5391; x_wconf 82' lang='lat' dir='ltr'>quihusdam</span> 
     </span>
    </p>
   </div>
   <div class='ocr_carea' id='block_1_60' title="bbox 309 5389 1982 5462">
    <p class='ocr_par' dir='ltr' id='par_1_60' title="bbox 309 5389 1982 5462">
     <span class='ocr_line' id='line_1_63' title="bbox 309 5389 1982 5462; baseline 0.004 -20"><span class='ocrx_word' id='word_1_412' title='bbox 309 5389 673 5462; x_wconf 68' lang='lat' dir='ltr'>praesulibus</span> <span class='ocrx_word' id='word_1_413' title='bbox 713 5391 1116 5446; x_wconf 80' lang='lat' dir='ltr'>demandatum</span> <span class='ocrx_word' id='word_1_414' title='bbox 1167 5389 1356 5446; x_wconf 84' lang='lat' dir='ltr'>fuisse</span> <span class='ocrx_word' id='word_1_415' title='bbox 1388 5389 1776 5462; x_wconf 60' lang='lat' dir='ltr'>presbyteris,</span> <span class='ocrx_word' id='word_1_416' title='bbox 1829 5395 1982 5448; x_wconf 87' lang='lat' dir='ltr'>inter</span> 
     </span>
    </p>
   </div>
   <div class='ocr_carea' id='block_1_61' title="bbox 311 5460 1978 5533">
    <p class='ocr_par' dir='ltr' id='par_1_61' title="bbox 311 5460 1978 5533">
     <span class='ocr_line' id='line_1_64' title="bbox 311 5460 1978 5533; baseline 0.005 -22"><span class='ocrx_word' id='word_1_417' title='bbox 311 5474 464 5529; x_wconf 90' lang='lat' dir='ltr'>quos</span> <span class='ocrx_word' id='word_1_418' title='bbox 497 5460 639 5515; x_wconf 91' lang='lat' dir='ltr'>illud</span> <span class='ocrx_word' id='word_1_419' title='bbox 685 5462 945 5518; x_wconf 75' lang='lat' dir='ltr'>ofﬁcium</span> <span class='ocrx_word' id='word_1_420' title='bbox 992 5463 1363 5532; x_wconf 77' lang='lat' dir='ltr'>Augustinus</span> <span class='ocrx_word' id='word_1_421' title='bbox 1393 5460 1466 5517; x_wconf 13' lang='lat' dir='ltr'>iet</span> <span class='ocrx_word' id='word_1_422' title='bbox 1512 5460 1978 5533; x_wconf 74' lang='lat' dir='ltr'>Chrysostomus</span> 
     </span>
    </p>
   </div>
   <div class='ocr_carea' id='block_1_62' title="bbox 311 5533 1979 5606">
    <p class='ocr_par' dir='ltr' id='par_1_62' title="bbox 311 5533 1979 5606">
     <span class='ocr_line' id='line_1_65' title="bbox 311 5533 1979 5606; baseline 0.005 -24"><span class='ocrx_word' id='word_1_423' title='bbox 311 5533 628 5606; x_wconf 77' lang='lat' dir='ltr'>tanta_cum</span> <span class='ocrx_word' id='word_1_424' title='bbox 661 5534 934 5606; x_wconf 84' lang='lat' dir='ltr'>ecclesiae</span> <span class='ocrx_word' id='word_1_425' title='bbox 969 5533 1213 5589; x_wconf 86' lang='lat' dir='ltr'>utilitate</span> <span class='ocrx_word' id='word_1_426' title='bbox 1247 5535 1546 5604; x_wconf 86' lang='lat' dir='ltr'>obierunt,</span> <span class='ocrx_word' id='word_1_427' title='bbox 1591 5537 1804 5606; x_wconf 87' lang='lat' dir='ltr'>quanta</span> <span class='ocrx_word' id='word_1_428' title='bbox 1845 5553 1979 5590; x_wconf 87' lang='lat' dir='ltr'>cum</span> 
     </span>
    </p>
   </div>
   <div class='ocr_carea' id='block_1_63' title="bbox 312 5599 1977 5674">
    <p class='ocr_par' dir='ltr' id='par_1_63' title="bbox 312 5599 1977 5674">
     <span class='ocr_line' id='line_1_66' title="bbox 312 5599 1977 5674; baseline 0.004 -19"><span class='ocrx_word' id='word_1_429' title='bbox 312 5599 584 5674; x_wconf 77' lang='lat' dir='ltr'>ejusdem</span> <span class='ocrx_word' id='word_1_430' title='bbox 616 5605 874 5674; x_wconf 87' lang='lat' dir='ltr'>pernicie</span> <span class='ocrx_word' id='word_1_431' title='bbox 909 5605 1146 5660; x_wconf 81' lang='lat' dir='ltr'>infamis</span> <span class='ocrx_word' id='word_1_432' title='bbox 1178 5605 1358 5660; x_wconf 89' lang='lat' dir='ltr'>Arius</span> <span class='ocrx_word' id='word_1_433' title='bbox 1402 5621 1414 5661; x_wconf 92' lang='lat'><strong>:</strong></span> <span class='ocrx_word' id='word_1_434' title='bbox 1447 5599 1698 5661; x_wconf 72' lang='lat' dir='ltr'>attamen</span> <span class='ocrx_word' id='word_1_435' title='bbox 1731 5607 1790 5662; x_wconf 90' lang='lat' dir='ltr'>S.</span> <span class='ocrx_word' id='word_1_436' title='bbox 1834 5609 1977 5662; x_wconf 86' lang='lat' dir='ltr'>Am-</span> 
     </span>
    </p>
   </div>
   <div class='ocr_carea' id='block_1_64' title="bbox 312 5669 1982 5750">
    <p class='ocr_par' dir='ltr' id='par_1_64' title="bbox 312 5669 1982 5750">
     <span class='ocr_line' id='line_1_67' title="bbox 312 5669 1982 5750; baseline 0.006 -25"><span class='ocrx_word' id='word_1_437' title='bbox 312 5669 552 5730; x_wconf 82' lang='lat' dir='ltr'>brosius</span> <span class='ocrx_word' id='word_1_438' title='bbox 585 5669 694 5733; x_wconf 68' lang='lat' dir='ltr'>tias</span> <span class='ocrx_word' id='word_1_439' title='bbox 727 5677 1105 5748; x_wconf 86' lang='lat' dir='ltr'>episcopatus</span> <span class='ocrx_word' id='word_1_440' title='bbox 1137 5677 1231 5732; x_wconf 89' lang='lat' dir='ltr'>sui</span> <span class='ocrx_word' id='word_1_441' title='bbox 1251 5681 1450 5749; x_wconf 89' lang='lat' dir='ltr'>partes</span> <span class='ocrx_word' id='word_1_442' title='bbox 1482 5677 1609 5750; x_wconf 87' lang='lat' dir='ltr'>ipse</span> <span class='ocrx_word' id='word_1_443' title='bbox 1628 5695 1734 5750; x_wconf 89' lang='lat' dir='ltr'>per</span> <span class='ocrx_word' id='word_1_444' title='bbox 1753 5695 1820 5734; x_wconf 90' lang='lat' dir='ltr'>se</span> <span class='ocrx_word' id='word_1_445' title='bbox 1839 5695 1982 5734; x_wconf 81' lang='lat' dir='ltr'>nun-</span> 
     </span>
    </p>
   </div>
   <div class='ocr_carea' id='block_1_65' title="bbox 3727 309 3806 372">
    <p class='ocr_par' dir='ltr' id='par_1_65' title="bbox 3727 309 3806 372">
     <span class='ocr_line' id='line_1_68' title="bbox 3727 309 3806 372; baseline 0.025 -2"><span class='ocrx_word' id='word_1_446' title='bbox 3727 309 3806 372; x_wconf 85' lang='lat'>28</span> 
     </span>
    </p>
   </div>
   <div class='ocr_carea' id='block_1_66' title="bbox 2766 530 3144 586">
    <p class='ocr_par' dir='ltr' id='par_1_66' title="bbox 2766 530 3144 586">
     <span class='ocr_line' id='line_1_69' title="bbox 2766 530 3144 586; baseline 0.003 -2"><span class='ocrx_word' id='word_1_447' title='bbox 2766 530 3038 586; x_wconf 76' lang='lat' dir='ltr'>CAPUT.</span> <span class='ocrx_word' id='word_1_448' title='bbox 3075 530 3144 585; x_wconf 87' lang='lat' dir='ltr'>ll.</span> 
     </span>
    </p>
   </div>
   <div class='ocr_carea' id='block_1_67' title="bbox 2125 617 3796 692">
    <p class='ocr_par' dir='ltr' id='par_1_67' title="bbox 2125 617 3796 692">
     <span class='ocr_line' id='line_1_70' title="bbox 2125 617 3796 692; baseline 0.001 -22"><span class='ocrx_word' id='word_1_449' title='bbox 2125 617 2195 670; x_wconf 85' lang='grc' dir='ltr'><em>Μ</em></span> <span class='ocrx_word' id='word_1_450' title='bbox 2197 617 2444 690; x_wconf 76' lang='lat' dir='ltr'>ultiplex</span> <span class='ocrx_word' id='word_1_451' title='bbox 2468 619 2754 692; x_wconf 87' lang='lat' dir='ltr'>loquendo</span> <span class='ocrx_word' id='word_1_452' title='bbox 2774 619 3008 674; x_wconf 85' lang='lat' dir='ltr'>incurri</span> <span class='ocrx_word' id='word_1_453' title='bbox 3026 618 3371 690; x_wconf 88' lang='lat' dir='ltr'>periculum,</span> <span class='ocrx_word' id='word_1_454' title='bbox 3407 619 3502 690; x_wconf 71' lang='lat' dir='ltr'>cui</span> <span class='ocrx_word' id='word_1_455' title='bbox 3511 635 3577 673; x_wconf 89' lang='lat' dir='ltr'>us</span> <span class='ocrx_word' id='word_1_456' title='bbox 3599 634 3796 673; x_wconf 89' lang='lat' dir='ltr'>reme-</span> 
     </span>
    </p>
   </div>
   <div class='ocr_carea' id='block_1_68' title="bbox 2195 707 3785 782">
    <p class='ocr_par' dir='ltr' id='par_1_68' title="bbox 2195 707 3785 782">
     <span class='ocr_line' id='line_1_71' title="bbox 2195 707 3785 782; baseline -0.001 -20"><span class='ocrx_word' id='word_1_457' title='bbox 2195 707 2353 762; x_wconf 80' lang='lat' dir='ltr'>(lium</span> <span class='ocrx_word' id='word_1_458' title='bbox 2383 707 2696 780; x_wconf 81' lang='lat' dir='ltr'>Scriptura</span> <span class='ocrx_word' id='word_1_459' title='bbox 2723 709 2780 762; x_wconf 83' lang='lat' dir='ltr'>in</span> <span class='ocrx_word' id='word_1_460' title='bbox 2806 708 3046 764; x_wconf 82' lang='lat' dir='ltr'>silentio</span> <span class='ocrx_word' id='word_1_461' title='bbox 3067 708 3432 764; x_wconf 77' lang='lat' dir='ltr'>demonstrat</span> <span class='ocrx_word' id='word_1_462' title='bbox 3458 723 3592 763; x_wconf 85' lang='lat' dir='ltr'>esse</span> <span class='ocrx_word' id='word_1_463' title='bbox 3620 709 3785 782; x_wconf 87' lang='lat' dir='ltr'>posi-</span> 
     </span>
    </p>
   </div>
   <div class='ocr_carea' id='block_1_69' title="bbox 2201 803 2336 851">
    <p class='ocr_par' dir='ltr' id='par_1_69' title="bbox 2201 803 2336 851">
     <span class='ocr_line' id='line_1_72' title="bbox 2201 803 2336 851; baseline 0.022 -3"><span class='ocrx_word' id='word_1_464' title='bbox 2201 803 2336 851; x_wconf 84' lang='lat' dir='ltr'>tum.</span> 
     </span>
    </p>
   </div>
   <div class='ocr_carea' id='block_1_70' title="bbox 2193 886 3785 959">
    <p class='ocr_par' dir='ltr' id='par_1_70' title="bbox 2193 886 3785 959">
     <span class='ocr_line' id='line_1_73' title="bbox 2193 886 3785 959; baseline 0.004 -21"><span class='ocrx_word' id='word_1_465' title='bbox 2193 886 2246 942; x_wconf 72' lang='grc' dir='ltr'>δ,</span> <span class='ocrx_word' id='word_1_466' title='bbox 2297 886 2442 952; x_wconf 88' lang='lat' dir='ltr'>Quid</span> <span class='ocrx_word' id='word_1_467' title='bbox 2494 893 2686 943; x_wconf 89' lang='lat' dir='ltr'>autem</span> <span class='ocrx_word' id='word_1_468' title='bbox 2737 907 2858 959; x_wconf 64' lang='lat' dir='ltr'>prie</span> <span class='ocrx_word' id='word_1_469' title='bbox 2911 889 3144 944; x_wconf 61' lang='lat' dir='ltr'>caeteris</span> <span class='ocrx_word' id='word_1_470' title='bbox 3193 889 3478 944; x_wconf 88' lang='lat' dir='ltr'>debemus</span> <span class='ocrx_word' id='word_1_471' title='bbox 3509 890 3785 958; x_wconf 86' lang='lat' dir='ltr'>discere,</span> 
     </span>
    </p>
   </div>
   <div class='ocr_carea' id='block_1_71' title="bbox 2120 979 3792 1050">
    <p class='ocr_par' dir='ltr' id='par_1_71' title="bbox 2120 979 3792 1050">
     <span class='ocr_line' id='line_1_74' title="bbox 2120 979 3792 1050; baseline 0.004 -22"><span class='ocrx_word' id='word_1_472' title='bbox 2120 992 2296 1046; x_wconf 91' lang='lat' dir='ltr'>quam</span> <span class='ocrx_word' id='word_1_473' title='bbox 2327 983 2540 1047; x_wconf 84' lang='lat' dir='ltr'>tacere,</span> <span class='ocrx_word' id='word_1_474' title='bbox 2582 982 2642 1032; x_wconf 93' lang='lat' dir='ltr'>ut</span> <span class='ocrx_word' id='word_1_475' title='bbox 2673 980 2976 1048; x_wconf 87' lang='lat' dir='ltr'>possimus</span> <span class='ocrx_word' id='word_1_476' title='bbox 3007 979 3185 1050; x_wconf 52' lang='lat' dir='ltr'>loqui,</span> <span class='ocrx_word' id='word_1_477' title='bbox 3237 995 3310 1033; x_wconf 90' lang='lat' dir='ltr'>ne</span> <span class='ocrx_word' id='word_1_478' title='bbox 3341 981 3506 1048; x_wconf 89' lang='lat' dir='ltr'>prius</span> <span class='ocrx_word' id='word_1_479' title='bbox 3554 995 3644 1034; x_wconf 91' lang='lat' dir='ltr'>mc</span> <span class='ocrx_word' id='word_1_480' title='bbox 3677 997 3792 1034; x_wconf 78' lang='lat' dir='ltr'>vox</span> 
     </span>
    </p>
   </div>
   <div class='ocr_carea' id='block_1_72' title="bbox 2122 1067 3795 1140">
    <p class='ocr_par' dir='ltr' id='par_1_72' title="bbox 2122 1067 3795 1140">
     <span class='ocr_line' id='line_1_75' title="bbox 2122 1067 3795 1140; baseline 0.001 -20"><span class='ocrx_word' id='word_1_481' title='bbox 2122 1068 2472 1122; x_wconf 88' lang='lat' dir='ltr'>condemnet</span> <span class='ocrx_word' id='word_1_482' title='bbox 2516 1084 2664 1137; x_wconf 88' lang='lat' dir='ltr'>mea,</span> <span class='ocrx_word' id='word_1_483' title='bbox 2713 1085 2887 1140; x_wconf 87' lang='lat' dir='ltr'>quam</span> <span class='ocrx_word' id='word_1_484' title='bbox 2919 1069 3188 1122; x_wconf 84' lang='lat' dir='ltr'>absolvat</span> <span class='ocrx_word' id='word_1_485' title='bbox 3231 1067 3455 1138; x_wconf 87' lang='lat' dir='ltr'>aliena;</span> <span class='ocrx_word' id='word_1_486' title='bbox 3506 1069 3795 1139; x_wconf 89' lang='lat' dir='ltr'>scriptum</span> 
     </span>
    </p>
   </div>
   <div class='ocr_carea' id='block_1_73' title="bbox 2119 1156 3787 1227">
    <p class='ocr_par' dir='ltr' id='par_1_73' title="bbox 2119 1156 3787 1227">
     <span class='ocr_line' id='line_1_76' title="bbox 2119 1156 3787 1227; baseline 0.001 -17"><span class='ocrx_word' id='word_1_487' title='bbox 2119 1160 2210 1210; x_wconf 85' lang='lat' dir='ltr'>est</span> <span class='ocrx_word' id='word_1_488' title='bbox 2241 1159 2396 1212; x_wconf 88' lang='lat' dir='ltr'>enim</span> <span class='ocrx_word' id='word_1_489' title='bbox 2432 1173 2444 1212; x_wconf 87' lang='lat'><strong>:</strong></span> <span class='ocrx_word' id='word_1_490' title='bbox 2484 1158 2585 1212; x_wconf 78' lang='lat' dir='ltr'>Ex</span> <span class='ocrx_word' id='word_1_491' title='bbox 2629 1159 2834 1212; x_wconf 77' lang='lat' dir='ltr'>verbis</span> <span class='ocrx_word' id='word_1_492' title='bbox 2867 1158 2986 1211; x_wconf 86' lang='lat' dir='ltr'>tuis</span> <span class='ocrx_word' id='word_1_493' title='bbox 3025 1156 3515 1212; x_wconf 85' lang='lat' dir='ltr'>condemnaberis</span> <span class='ocrx_word' id='word_1_494' title='bbox 3549 1158 3787 1227; x_wconf 80' lang='lat' dir='ltr'>(Matth.</span> 
     </span>
    </p>
   </div>
   <div class='ocr_carea' id='block_1_74' title="bbox 2119 1245 3792 1319">
    <p class='ocr_par' dir='ltr' id='par_1_74' title="bbox 2119 1245 3792 1319">
     <span class='ocr_line' id='line_1_77' title="bbox 2119 1245 3792 1319; baseline 0 -19"><span class='ocrx_word' id='word_1_495' title='bbox 2119 1263 2220 1314; x_wconf 85' lang='lat' dir='ltr'>xu,</span> <span class='ocrx_word' id='word_1_496' title='bbox 2253 1245 2364 1317; x_wconf 85' lang='lat'>37).</span> <span class='ocrx_word' id='word_1_497' title='bbox 2399 1247 2548 1313; x_wconf 92' lang='lat' dir='ltr'>Quid</span> <span class='ocrx_word' id='word_1_498' title='bbox 2579 1264 2728 1318; x_wconf 92' lang='lat' dir='ltr'>opus</span> <span class='ocrx_word' id='word_1_499' title='bbox 2777 1251 2870 1302; x_wconf 88' lang='lat' dir='ltr'>est</span> <span class='ocrx_word' id='word_1_500' title='bbox 2915 1247 3094 1319; x_wconf 87' lang='lat' dir='ltr'>igitur</span> <span class='ocrx_word' id='word_1_501' title='bbox 3123 1249 3186 1302; x_wconf 91' lang='lat' dir='ltr'>ut</span> <span class='ocrx_word' id='word_1_502' title='bbox 3233 1261 3520 1316; x_wconf 88' lang='lat' dir='ltr'>properes</span> <span class='ocrx_word' id='word_1_503' title='bbox 3557 1247 3792 1316; x_wconf 91' lang='lat' dir='ltr'>pericu—</span> 
     </span>
    </p>
   </div>
   <div class='ocr_carea' id='block_1_75' title="bbox 2119 1335 3790 1406">
    <p class='ocr_par' dir='ltr' id='par_1_75' title="bbox 2119 1335 3790 1406">
     <span class='ocr_line' id='line_1_78' title="bbox 2119 1335 3790 1406; baseline 0.001 -18"><span class='ocrx_word' id='word_1_504' title='bbox 2119 1335 2238 1389; x_wconf 86' lang='lat' dir='ltr'>lurn</span> <span class='ocrx_word' id='word_1_505' title='bbox 2269 1337 2582 1406; x_wconf 89' lang='lat' dir='ltr'>suscipere</span> <span class='ocrx_word' id='word_1_506' title='bbox 2615 1337 3144 1403; x_wconf 90' lang='lat' dir='ltr'>condemnationis,</span> <span class='ocrx_word' id='word_1_507' title='bbox 3179 1335 3494 1406; x_wconf 89' lang='lat' dir='ltr'>loquendo,</span> <span class='ocrx_word' id='word_1_508' title='bbox 3537 1352 3671 1389; x_wconf 90' lang='lat' dir='ltr'>cum</span> <span class='ocrx_word' id='word_1_509' title='bbox 3701 1338 3790 1389; x_wconf 88' lang='lat' dir='ltr'>ta-</span> 
     </span>
    </p>
   </div>
   <div class='ocr_carea' id='block_1_76' title="bbox 2120 1423 3784 1496">
    <p class='ocr_par' dir='ltr' id='par_1_76' title="bbox 2120 1423 3784 1496">
     <span class='ocr_line' id='line_1_79' title="bbox 2120 1423 3784 1496; baseline 0.001 -18"><span class='ocrx_word' id='word_1_510' title='bbox 2120 1425 2307 1480; x_wconf 89' lang='lat' dir='ltr'>cendo</span> <span class='ocrx_word' id='word_1_511' title='bbox 2326 1426 2527 1495; x_wconf 89' lang='lat' dir='ltr'>possis</span> <span class='ocrx_word' id='word_1_512' title='bbox 2547 1443 2684 1481; x_wconf 89' lang='lat' dir='ltr'>esse</span> <span class='ocrx_word' id='word_1_513' title='bbox 2703 1427 2881 1482; x_wconf 88' lang='lat' dir='ltr'>tutior</span> <span class='ocrx_word' id='word_1_514' title='bbox 2896 1426 3324 1493; x_wconf 81' lang='lat' dir='ltr'>?Quamplures</span> <span class='ocrx_word' id='word_1_515' title='bbox 3348 1424 3468 1478; x_wconf 89' lang='lat' dir='ltr'>vidi</span> <span class='ocrx_word' id='word_1_516' title='bbox 3490 1423 3784 1496; x_wconf 83' lang='lat' dir='ltr'>loquendo</span> 
     </span>
    </p>
   </div>
   <div class='ocr_carea' id='block_1_77' title="bbox 2119 1512 3790 1586">
    <p class='ocr_par' dir='ltr' id='par_1_77' title="bbox 2119 1512 3790 1586">
     <span class='ocr_line' id='line_1_80' title="bbox 2119 1512 3790 1586; baseline 0 -18"><span class='ocrx_word' id='word_1_517' title='bbox 2119 1517 2424 1586; x_wconf 87' lang='lat' dir='ltr'>peccatum</span> <span class='ocrx_word' id='word_1_518' title='bbox 2459 1515 2764 1584; x_wconf 90' lang='lat' dir='ltr'>incidisse,</span> <span class='ocrx_word' id='word_1_519' title='bbox 2807 1515 2907 1568; x_wconf 83' lang='lat' dir='ltr'>vix</span> <span class='ocrx_word' id='word_1_520' title='bbox 2930 1529 3288 1586; x_wconf 83' lang='lat' dir='ltr'>quamquam</span> <span class='ocrx_word' id='word_1_521' title='bbox 3319 1512 3596 1581; x_wconf 84' lang='lat' dir='ltr'>tacendo;</span> <span class='ocrx_word' id='word_1_522' title='bbox 3629 1513 3790 1568; x_wconf 89' lang='lat' dir='ltr'>ideo-</span> 
     </span>
    </p>
   </div>
   <div class='ocr_carea' id='block_1_78' title="bbox 2120 1601 3787 1675">
    <p class='ocr_par' dir='ltr' id='par_1_78' title="bbox 2120 1601 3787 1675">
     <span class='ocr_line' id='line_1_81' title="bbox 2120 1601 3787 1675; baseline -0.001 -18"><span class='ocrx_word' id='word_1_523' title='bbox 2120 1619 2233 1674; x_wconf 87' lang='lat' dir='ltr'>que</span> <span class='ocrx_word' id='word_1_524' title='bbox 2261 1607 2456 1658; x_wconf 90' lang='lat' dir='ltr'>tacere</span> <span class='ocrx_word' id='word_1_525' title='bbox 2479 1621 2658 1658; x_wconf 89' lang='lat' dir='ltr'>nosse</span> <span class='ocrx_word' id='word_1_526' title='bbox 2695 1621 2867 1675; x_wconf 87' lang='lat' dir='ltr'>quam</span> <span class='ocrx_word' id='word_1_527' title='bbox 2892 1605 3051 1675; x_wconf 85' lang='lat' dir='ltr'>loqui</span> <span class='ocrx_word' id='word_1_528' title='bbox 3075 1603 3378 1657; x_wconf 87' lang='lat' dir='ltr'>difﬁcilius</span> <span class='ocrx_word' id='word_1_529' title='bbox 3401 1605 3512 1656; x_wconf 90' lang='lat' dir='ltr'>est.</span> <span class='ocrx_word' id='word_1_530' title='bbox 3537 1601 3672 1656; x_wconf 84' lang='lat' dir='ltr'>Scio</span> <span class='ocrx_word' id='word_1_531' title='bbox 3696 1603 3787 1656; x_wconf 93' lang='lat' dir='ltr'>lo-</span> 
     </span>
    </p>
   </div>
   <div class='ocr_carea' id='block_1_79' title="bbox 2120 1693 3792 1764">
    <p class='ocr_par' dir='ltr' id='par_1_79' title="bbox 2120 1693 3792 1764">
     <span class='ocr_line' id='line_1_82' title="bbox 2120 1693 3792 1764; baseline 0 -18"><span class='ocrx_word' id='word_1_532' title='bbox 2120 1693 2219 1764; x_wconf 89' lang='lat' dir='ltr'>qui</span> <span class='ocrx_word' id='word_1_533' title='bbox 2241 1693 2576 1764; x_wconf 80' lang='lat' dir='ltr'>plerosque,</span> <span class='ocrx_word' id='word_1_534' title='bbox 2605 1710 2735 1746; x_wconf 81' lang='lat' dir='ltr'>cum</span> <span class='ocrx_word' id='word_1_535' title='bbox 2759 1697 2954 1747; x_wconf 86' lang='lat' dir='ltr'>tacere</span> <span class='ocrx_word' id='word_1_536' title='bbox 2978 1693 3264 1748; x_wconf 87' lang='lat' dir='ltr'>nesciant.</span> <span class='ocrx_word' id='word_1_537' title='bbox 3292 1693 3514 1746; x_wconf 78' lang='lat' dir='ltr'>Rarum</span> <span class='ocrx_word' id='word_1_538' title='bbox 3534 1694 3626 1746; x_wconf 89' lang='lat' dir='ltr'>est</span> <span class='ocrx_word' id='word_1_539' title='bbox 3643 1694 3792 1746; x_wconf 87' lang='lat' dir='ltr'>taee-</span> 
     </span>
    </p>
   </div>
   <div class='ocr_carea' id='block_1_80' title="bbox 2122 1781 3786 1853">
    <p class='ocr_par' dir='ltr' id='par_1_80' title="bbox 2122 1781 3786 1853">
     <span class='ocr_line' id='line_1_83' title="bbox 2122 1781 3786 1853; baseline -0.001 -17"><span class='ocrx_word' id='word_1_540' title='bbox 2122 1798 2184 1836; x_wconf 86' lang='lat' dir='ltr'>rc</span> <span class='ocrx_word' id='word_1_541' title='bbox 2223 1799 2595 1852; x_wconf 82' lang='lat' dir='ltr'>quemquam,</span> <span class='ocrx_word' id='word_1_542' title='bbox 2624 1799 2752 1836; x_wconf 76' lang='lat' dir='ltr'>cum</span> <span class='ocrx_word' id='word_1_543' title='bbox 2792 1782 2904 1836; x_wconf 80' lang='lat' dir='ltr'>sibi</span> <span class='ocrx_word' id='word_1_544' title='bbox 2943 1781 3102 1853; x_wconf 88' lang='lat' dir='ltr'>loqui</span> <span class='ocrx_word' id='word_1_545' title='bbox 3127 1783 3271 1835; x_wconf 88' lang='lat' dir='ltr'>nihil</span> <span class='ocrx_word' id='word_1_546' title='bbox 3304 1781 3508 1851; x_wconf 84' lang='lat' dir='ltr'>prosit.</span> <span class='ocrx_word' id='word_1_547' title='bbox 3537 1781 3786 1850; x_wconf 86' lang='lat' dir='ltr'>Sapiens</span> 
     </span>
    </p>
   </div>
   <div class='ocr_carea' id='block_1_81' title="bbox 2121 1871 3786 1942">
    <p class='ocr_par' dir='ltr' id='par_1_81' title="bbox 2121 1871 3786 1942">
     <span class='ocr_line' id='line_1_84' title="bbox 2121 1871 3786 1942; baseline -0.001 -18"><span class='ocrx_word' id='word_1_548' title='bbox 2121 1873 2213 1924; x_wconf 92' lang='lat' dir='ltr'>est</span> <span class='ocrx_word' id='word_1_549' title='bbox 2259 1887 2403 1942; x_wconf 90' lang='lat' dir='ltr'>ergo</span> <span class='ocrx_word' id='word_1_550' title='bbox 2453 1873 2554 1942; x_wconf 89' lang='lat' dir='ltr'>qui</span> <span class='ocrx_word' id='word_1_551' title='bbox 2585 1873 2746 1925; x_wconf 88' lang='lat' dir='ltr'>novit</span> <span class='ocrx_word' id='word_1_552' title='bbox 2777 1875 2989 1925; x_wconf 86' lang='lat' dir='ltr'>tacere.</span> <span class='ocrx_word' id='word_1_553' title='bbox 3045 1871 3306 1940; x_wconf 88' lang='lat' dir='ltr'>Denique</span> <span class='ocrx_word' id='word_1_554' title='bbox 3355 1871 3649 1940; x_wconf 84' lang='lat' dir='ltr'>Sapientia</span> <span class='ocrx_word' id='word_1_555' title='bbox 3681 1871 3786 1924; x_wconf 84' lang='lat' dir='ltr'>Dei</span> 
     </span>
    </p>
   </div>
   <div class='ocr_carea' id='block_1_82' title="bbox 2117 1959 3781 2031">
    <p class='ocr_par' dir='ltr' id='par_1_82' title="bbox 2117 1959 3781 2031">
     <span class='ocr_line' id='line_1_85' title="bbox 2117 1959 3781 2031; baseline 0 -19"><span class='ocrx_word' id='word_1_556' title='bbox 2117 1959 2282 2028; x_wconf 76' lang='lat' dir='ltr'>dixit,</span> <span class='ocrx_word' id='word_1_557' title='bbox 2331 1961 2612 2014; x_wconf 80' lang='lat' dir='ltr'>Dominus</span> <span class='ocrx_word' id='word_1_558' title='bbox 2667 1961 2833 2015; x_wconf 81' lang='lat' dir='ltr'>dedit</span> <span class='ocrx_word' id='word_1_559' title='bbox 2890 1960 3038 2013; x_wconf 87' lang='lat' dir='ltr'>mihi</span> <span class='ocrx_word' id='word_1_560' title='bbox 3081 1959 3337 2031; x_wconf 72' lang='lat' dir='ltr'>linguam</span> <span class='ocrx_word' id='word_1_561' title='bbox 3393 1959 3781 2026; x_wconf 80' lang='lat' dir='ltr'>eruditionis,</span> 
     </span>
    </p>
   </div>
   <div class='ocr_carea' id='block_1_83' title="bbox 2119 2048 3783 2120">
    <p class='ocr_par' dir='ltr' id='par_1_83' title="bbox 2119 2048 3783 2120">
     <span class='ocr_line' id='line_1_86' title="bbox 2119 2048 3783 2120; baseline 0.001 -20"><span class='ocrx_word' id='word_1_562' title='bbox 2119 2049 2346 2120; x_wconf 79' lang='lat' dir='ltr'>quando</span> <span class='ocrx_word' id='word_1_563' title='bbox 2380 2056 2644 2119; x_wconf 78' lang='lat' dir='ltr'>oporteat</span> <span class='ocrx_word' id='word_1_564' title='bbox 2677 2066 3006 2103; x_wconf 86' lang='lat' dir='ltr'>sermonem</span> <span class='ocrx_word' id='word_1_565' title='bbox 3049 2049 3254 2102; x_wconf 83' lang='lat' dir='ltr'>dicere</span> <span class='ocrx_word' id='word_1_566' title='bbox 3297 2048 3435 2117; x_wconf 88' lang='lat' dir='ltr'>(Isa,</span> <span class='ocrx_word' id='word_1_567' title='bbox 3475 2066 3527 2117; x_wconf 81' lang='lat'>1.,</span> <span class='ocrx_word' id='word_1_568' title='bbox 3571 2049 3624 2102; x_wconf 71' lang='grc'>4.</span> <span class='ocrx_word' id='word_1_569' title='bbox 3657 2048 3783 2101; x_wconf 81' lang='lat' dir='ltr'>Mc-</span> 
     </span>
    </p>
   </div>
   <div class='ocr_carea' id='block_1_84' title="bbox 2116 2137 3782 2208">
    <p class='ocr_par' dir='ltr' id='par_1_84' title="bbox 2116 2137 3782 2208">
     <span class='ocr_line' id='line_1_87' title="bbox 2116 2137 3782 2208; baseline -0.001 -17"><span class='ocrx_word' id='word_1_570' title='bbox 2116 2137 2228 2192; x_wconf 89' lang='lat' dir='ltr'>rito</span> <span class='ocrx_word' id='word_1_571' title='bbox 2260 2153 2404 2208; x_wconf 90' lang='lat' dir='ltr'>ergo</span> <span class='ocrx_word' id='word_1_572' title='bbox 2436 2138 2676 2207; x_wconf 86' lang='lat' dir='ltr'>sapiens</span> <span class='ocrx_word' id='word_1_573' title='bbox 2721 2139 2820 2208; x_wconf 87' lang='lat' dir='ltr'>qui</span> <span class='ocrx_word' id='word_1_574' title='bbox 2851 2154 2882 2191; x_wconf 90' lang='lat' dir='ltr'>a</span> <span class='ocrx_word' id='word_1_575' title='bbox 2917 2137 3162 2192; x_wconf 87' lang='lat' dir='ltr'>Domino</span> <span class='ocrx_word' id='word_1_576' title='bbox 3193 2137 3424 2206; x_wconf 85' lang='lat' dir='ltr'>accipit,</span> <span class='ocrx_word' id='word_1_577' title='bbox 3473 2153 3591 2207; x_wconf 83' lang='lat' dir='ltr'>quo</span> <span class='ocrx_word' id='word_1_578' title='bbox 3635 2140 3782 2190; x_wconf 79' lang='lat' dir='ltr'>tem-</span> 
     </span>
    </p>
   </div>
   <div class='ocr_carea' id='block_1_85' title="bbox 2116 2225 3778 2296">
    <p class='ocr_par' dir='ltr' id='par_1_85' title="bbox 2116 2225 3778 2296">
     <span class='ocr_line' id='line_1_88' title="bbox 2116 2225 3778 2296; baseline -0.001 -17"><span class='ocrx_word' id='word_1_579' title='bbox 2116 2241 2260 2294; x_wconf 90' lang='lat' dir='ltr'>pore</span> <span class='ocrx_word' id='word_1_580' title='bbox 2293 2226 2409 2279; x_wconf 80' lang='lat' dir='ltr'>sibi</span> <span class='ocrx_word' id='word_1_581' title='bbox 2440 2227 2797 2296; x_wconf 84' lang='lat' dir='ltr'>loquendum</span> <span class='ocrx_word' id='word_1_582' title='bbox 2819 2227 2914 2280; x_wconf 88' lang='lat' dir='ltr'>sit.</span> <span class='ocrx_word' id='word_1_583' title='bbox 2953 2227 3119 2280; x_wconf 87' lang='lat' dir='ltr'>Unde</span> <span class='ocrx_word' id='word_1_584' title='bbox 3157 2227 3308 2280; x_wconf 82' lang='lat' dir='ltr'>bene</span> <span class='ocrx_word' id='word_1_585' title='bbox 3336 2226 3414 2278; x_wconf 88' lang='lat' dir='ltr'>ait</span> <span class='ocrx_word' id='word_1_586' title='bbox 3442 2225 3778 2294; x_wconf 80' lang='lat' dir='ltr'>Scriptura;</span> 
     </span>
    </p>
   </div>
   <div class='ocr_carea' id='block_1_86' title="bbox 2117 2313 3777 2387">
    <p class='ocr_par' dir='ltr' id='par_1_86' title="bbox 2117 2313 3777 2387">
     <span class='ocr_line' id='line_1_89' title="bbox 2117 2313 3777 2387; baseline 0 -19"><span class='ocrx_word' id='word_1_587' title='bbox 2117 2314 2300 2368; x_wconf 82' lang='lat' dir='ltr'>IIomo</span> <span class='ocrx_word' id='word_1_588' title='bbox 2321 2315 2560 2385; x_wconf 74' lang='lat' dir='ltr'>sapiens</span> <span class='ocrx_word' id='word_1_589' title='bbox 2577 2316 2795 2370; x_wconf 74' lang='lat' dir='ltr'>tacebit</span> <span class='ocrx_word' id='word_1_590' title='bbox 2813 2330 2990 2387; x_wconf 79' lang='lat' dir='ltr'>usque</span> <span class='ocrx_word' id='word_1_591' title='bbox 3009 2315 3084 2369; x_wconf 88' lang='lat' dir='ltr'>ad</span> <span class='ocrx_word' id='word_1_592' title='bbox 3107 2314 3558 2386; x_wconf 82' lang='lat' dir='ltr'>tempus(Eccli.</span> <span class='ocrx_word' id='word_1_593' title='bbox 3574 2331 3674 2378; x_wconf 74' lang='lat' dir='ltr'>xx,</span> <span class='ocrx_word' id='word_1_594' title='bbox 3702 2313 3777 2378; x_wconf 86' lang='lat'>7).</span> 
     </span>
    </p>
   </div>
   <div class='ocr_carea' id='block_1_87' title="bbox 2189 2402 3777 2474">
    <p class='ocr_par' dir='ltr' id='par_1_87' title="bbox 2189 2402 3777 2474">
     <span class='ocr_line' id='line_1_90' title="bbox 2189 2402 3777 2474; baseline -0.001 -18"><span class='ocrx_word' id='word_1_595' title='bbox 2189 2403 2240 2457; x_wconf 83' lang='lat' dir='ltr'>ti.</span> <span class='ocrx_word' id='word_1_596' title='bbox 2275 2403 2409 2458; x_wconf 90' lang='lat' dir='ltr'>Ideo</span> <span class='ocrx_word' id='word_1_597' title='bbox 2449 2405 2637 2457; x_wconf 87' lang='lat' dir='ltr'>sancti</span> <span class='ocrx_word' id='word_1_598' title='bbox 2677 2405 2927 2473; x_wconf 81' lang='lat' dir='ltr'>Domini,</span> <span class='ocrx_word' id='word_1_599' title='bbox 2967 2405 3064 2474; x_wconf 89' lang='lat' dir='ltr'>qui</span> <span class='ocrx_word' id='word_1_600' title='bbox 3100 2405 3323 2457; x_wconf 87' lang='lat' dir='ltr'>scirent</span> <span class='ocrx_word' id='word_1_601' title='bbox 3353 2404 3489 2474; x_wconf 88' lang='lat' dir='ltr'>quia</span> <span class='ocrx_word' id='word_1_602' title='bbox 3521 2419 3636 2456; x_wconf 73' lang='lat' dir='ltr'>vox</span> <span class='ocrx_word' id='word_1_603' title='bbox 3667 2402 3777 2455; x_wconf 81' lang='lat' dir='ltr'>ho-</span> 
     </span>
    </p>
   </div>
   <div class='ocr_carea' id='block_1_88' title="bbox 2115 2489 3780 2562">
    <p class='ocr_par' dir='ltr' id='par_1_88' title="bbox 2115 2489 3780 2562">
     <span class='ocr_line' id='line_1_91' title="bbox 2115 2489 3780 2562; baseline 0 -18"><span class='ocrx_word' id='word_1_604' title='bbox 2115 2491 2293 2546; x_wconf 90' lang='lat' dir='ltr'>minis</span> <span class='ocrx_word' id='word_1_605' title='bbox 2336 2493 2682 2562; x_wconf 84' lang='lat' dir='ltr'>plerumque</span> <span class='ocrx_word' id='word_1_606' title='bbox 2715 2493 2936 2562; x_wconf 91' lang='lat' dir='ltr'>peccati</span> <span class='ocrx_word' id='word_1_607' title='bbox 2987 2493 3349 2546; x_wconf 87' lang='lat' dir='ltr'>annuntiatio</span> <span class='ocrx_word' id='word_1_608' title='bbox 3400 2495 3492 2545; x_wconf 90' lang='lat' dir='ltr'>est</span> <span class='ocrx_word' id='word_1_609' title='bbox 3540 2489 3671 2560; x_wconf 73' lang='lat' dir='ltr'>(l2),</span> <span class='ocrx_word' id='word_1_610' title='bbox 3725 2494 3780 2544; x_wconf 86' lang='lat' dir='ltr'>et</span> 
     </span>
    </p>
   </div>
   <div class='ocr_carea' id='block_1_89' title="bbox 2113 2579 3775 2650">
    <p class='ocr_par' dir='ltr' id='par_1_89' title="bbox 2113 2579 3775 2650">
     <span class='ocr_line' id='line_1_92' title="bbox 2113 2579 3775 2650; baseline 0 -18"><span class='ocrx_word' id='word_1_611' title='bbox 2113 2579 2342 2634; x_wconf 90' lang='lat' dir='ltr'>initium</span> <span class='ocrx_word' id='word_1_612' title='bbox 2371 2583 2592 2636; x_wconf 85' lang='lat' dir='ltr'>erroris</span> <span class='ocrx_word' id='word_1_613' title='bbox 2643 2581 2900 2650; x_wconf 84' lang='lat' dir='ltr'>humani,</span> <span class='ocrx_word' id='word_1_614' title='bbox 2935 2597 3131 2635; x_wconf 87' lang='lat' dir='ltr'>sermo</span> <span class='ocrx_word' id='word_1_615' title='bbox 3181 2584 3271 2634; x_wconf 86' lang='lat' dir='ltr'>est</span> <span class='ocrx_word' id='word_1_616' title='bbox 3303 2581 3580 2649; x_wconf 80' lang='lat' dir='ltr'>hominis,</span> <span class='ocrx_word' id='word_1_617' title='bbox 3614 2595 3775 2632; x_wconf 81' lang='lat' dir='ltr'>ama-</span> 
     </span>
    </p>
   </div>
   <div class='ocr_carea' id='block_1_90' title="bbox 2112 2668 3780 2740">
    <p class='ocr_par' dir='ltr' id='par_1_90' title="bbox 2112 2668 3780 2740">
     <span class='ocr_line' id='line_1_93' title="bbox 2112 2668 3780 2740; baseline -0.001 -18"><span class='ocrx_word' id='word_1_618' title='bbox 2112 2669 2253 2724; x_wconf 88' lang='lat' dir='ltr'>bant</span> <span class='ocrx_word' id='word_1_619' title='bbox 2294 2673 2508 2724; x_wconf 84' lang='lat' dir='ltr'>tacere.</span> <span class='ocrx_word' id='word_1_620' title='bbox 2563 2669 2824 2740; x_wconf 83' lang='lat' dir='ltr'>Denique</span> <span class='ocrx_word' id='word_1_621' title='bbox 2877 2673 3118 2724; x_wconf 88' lang='lat' dir='ltr'>sanctus</span> <span class='ocrx_word' id='word_1_622' title='bbox 3172 2668 3400 2723; x_wconf 87' lang='lat' dir='ltr'>Domini</span> <span class='ocrx_word' id='word_1_623' title='bbox 3447 2670 3577 2722; x_wconf 86' lang='lat' dir='ltr'>ait:</span> <span class='ocrx_word' id='word_1_624' title='bbox 3636 2668 3780 2721; x_wconf 76' lang='lat' dir='ltr'>Dixi</span> 
     </span>
    </p>
   </div>
   <div class='ocr_carea' id='block_1_91' title="bbox 2113 2756 3778 2828">
    <p class='ocr_par' dir='ltr' id='par_1_91' title="bbox 2113 2756 3778 2828">
     <span class='ocr_line' id='line_1_94' title="bbox 2113 2756 3778 2828; baseline -0.002 -16"><span class='ocrx_word' id='word_1_625' title='bbox 2113 2759 2434 2813; x_wconf 84' lang='lat' dir='ltr'>custodiam</span> <span class='ocrx_word' id='word_1_626' title='bbox 2477 2759 2605 2812; x_wconf 80' lang='lat' dir='ltr'>vius</span> <span class='ocrx_word' id='word_1_627' title='bbox 2635 2776 2816 2824; x_wconf 80' lang='lat' dir='ltr'>meas,</span> <span class='ocrx_word' id='word_1_628' title='bbox 2859 2765 2917 2812; x_wconf 87' lang='lat' dir='ltr'>ut</span> <span class='ocrx_word' id='word_1_629' title='bbox 2954 2774 3066 2812; x_wconf 86' lang='lat' dir='ltr'>non</span> <span class='ocrx_word' id='word_1_630' title='bbox 3108 2757 3440 2828; x_wconf 85' lang='lat' dir='ltr'>delinquam</span> <span class='ocrx_word' id='word_1_631' title='bbox 3481 2757 3542 2810; x_wconf 85' lang='lat' dir='ltr'>in</span> <span class='ocrx_word' id='word_1_632' title='bbox 3579 2756 3778 2827; x_wconf 78' lang='lat' dir='ltr'>tinguo</span> 
     </span>
    </p>
   </div>
   <div class='ocr_carea' id='block_1_92' title="bbox 2111 2845 3776 2918">
    <p class='ocr_par' dir='ltr' id='par_1_92' title="bbox 2111 2845 3776 2918">
     <span class='ocr_line' id='line_1_95' title="bbox 2111 2845 3776 2918; baseline -0.001 -19"><span class='ocrx_word' id='word_1_633' title='bbox 2111 2863 2239 2901; x_wconf 87' lang='lat' dir='ltr'>mea</span> <span class='ocrx_word' id='word_1_634' title='bbox 2276 2847 2466 2916; x_wconf 88' lang='lat' dir='ltr'>(Psal.</span> <span class='ocrx_word' id='word_1_635' title='bbox 2509 2865 2756 2918; x_wconf 76' lang='lat' dir='ltr'>xxxviii,</span> <span class='ocrx_word' id='word_1_636' title='bbox 2787 2847 2864 2914; x_wconf 73' lang='grc'>2).</span> <span class='ocrx_word' id='word_1_637' title='bbox 2899 2847 3132 2902; x_wconf 87' lang='lat' dir='ltr'>Sciebat</span> <span class='ocrx_word' id='word_1_638' title='bbox 3161 2847 3316 2900; x_wconf 92' lang='lat' dir='ltr'>enim</span> <span class='ocrx_word' id='word_1_639' title='bbox 3347 2850 3404 2900; x_wconf 93' lang='lat' dir='ltr'>et</span> <span class='ocrx_word' id='word_1_640' title='bbox 3433 2845 3656 2916; x_wconf 87' lang='lat' dir='ltr'>legerat</span> <span class='ocrx_word' id='word_1_641' title='bbox 3686 2845 3776 2898; x_wconf 86' lang='lat' dir='ltr'>di-</span> 
     </span>
    </p>
   </div>
   <div class='ocr_carea' id='block_1_93' title="bbox 2111 2935 3775 3006">
    <p class='ocr_par' dir='ltr' id='par_1_93' title="bbox 2111 2935 3775 3006">
     <span class='ocr_line' id='line_1_96' title="bbox 2111 2935 3775 3006; baseline 0 -18"><span class='ocrx_word' id='word_1_642' title='bbox 2111 2935 2268 2990; x_wconf 71' lang='lat' dir='ltr'>vina)</span> <span class='ocrx_word' id='word_1_643' title='bbox 2312 2951 2449 2991; x_wconf 90' lang='lat' dir='ltr'>esse</span> <span class='ocrx_word' id='word_1_644' title='bbox 2495 2937 2919 3006; x_wconf 90' lang='lat' dir='ltr'>protectionis,</span> <span class='ocrx_word' id='word_1_645' title='bbox 2965 2939 3025 2990; x_wconf 90' lang='lat' dir='ltr'>ut</span> <span class='ocrx_word' id='word_1_646' title='bbox 3075 2937 3250 2990; x_wconf 75' lang='lat' dir='ltr'>homo</span> <span class='ocrx_word' id='word_1_647' title='bbox 3298 2951 3332 2988; x_wconf 86' lang='lat' dir='ltr'>a</span> <span class='ocrx_word' id='word_1_648' title='bbox 3381 2935 3601 3005; x_wconf 82' lang='lat' dir='ltr'>linguae</span> <span class='ocrx_word' id='word_1_649' title='bbox 3649 2950 3775 2988; x_wconf 80' lang='lat' dir='ltr'>suae</span> 
     </span>
    </p>
   </div>
   <div class='ocr_carea' id='block_1_94' title="bbox 2116 3023 3777 3095">
    <p class='ocr_par' dir='ltr' id='par_1_94' title="bbox 2116 3023 3777 3095">
     <span class='ocr_line' id='line_1_97' title="bbox 2116 3023 3777 3095; baseline -0.002 -18"><span class='ocrx_word' id='word_1_650' title='bbox 2116 3023 2350 3095; x_wconf 79' lang='lat' dir='ltr'>flagello</span> <span class='ocrx_word' id='word_1_651' title='bbox 2381 3025 2867 3092; x_wconf 83' lang='lat' dir='ltr'>absconderetur,</span> <span class='ocrx_word' id='word_1_652' title='bbox 2902 3027 2959 3078; x_wconf 89' lang='lat' dir='ltr'>et</span> <span class='ocrx_word' id='word_1_653' title='bbox 2988 3041 3018 3077; x_wconf 89' lang='lat' dir='ltr'>a</span> <span class='ocrx_word' id='word_1_654' title='bbox 3044 3024 3426 3078; x_wconf 78' lang='lat' dir='ltr'>conscientiae</span> <span class='ocrx_word' id='word_1_655' title='bbox 3455 3039 3584 3078; x_wconf 66' lang='lat' dir='ltr'>suae</span> <span class='ocrx_word' id='word_1_656' title='bbox 3615 3023 3777 3077; x_wconf 90' lang='lat' dir='ltr'>testi-</span> 
     </span>
    </p>
   </div>
   <div class='ocr_carea' id='block_1_95' title="bbox 2118 3111 3776 3184">
    <p class='ocr_par' dir='ltr' id='par_1_95' title="bbox 2118 3111 3776 3184">
     <span class='ocr_line' id='line_1_98' title="bbox 2118 3111 3776 3184; baseline -0.001 -18"><span class='ocrx_word' id='word_1_657' title='bbox 2118 3113 2314 3167; x_wconf 90' lang='lat' dir='ltr'>monio</span> <span class='ocrx_word' id='word_1_658' title='bbox 2345 3113 2479 3184; x_wconf 87' lang='lat' dir='ltr'>(Job</span> <span class='ocrx_word' id='word_1_659' title='bbox 2511 3132 2567 3182; x_wconf 89' lang='lat' dir='ltr'>v,</span> <span class='ocrx_word' id='word_1_660' title='bbox 2590 3111 2702 3183; x_wconf 74' lang='lat'>‘21).</span> <span class='ocrx_word' id='word_1_661' title='bbox 2736 3113 3130 3168; x_wconf 73' lang='lat' dir='ltr'>Verberamur</span> <span class='ocrx_word' id='word_1_662' title='bbox 3167 3113 3322 3167; x_wconf 91' lang='lat' dir='ltr'>enim</span> <span class='ocrx_word' id='word_1_663' title='bbox 3350 3111 3526 3166; x_wconf 86' lang='lat' dir='ltr'>tacito</span> <span class='ocrx_word' id='word_1_664' title='bbox 3549 3112 3776 3184; x_wconf 85' lang='lat' dir='ltr'>cogita-</span> 
     </span>
    </p>
   </div>
   <div class='ocr_carea' id='block_1_96' title="bbox 2115 3201 3772 3274">
    <p class='ocr_par' dir='ltr' id='par_1_96' title="bbox 2115 3201 3772 3274">
     <span class='ocr_line' id='line_1_99' title="bbox 2115 3201 3772 3274; baseline -0.002 -16"><span class='ocrx_word' id='word_1_665' title='bbox 2115 3204 2295 3258; x_wconf 90' lang='lat' dir='ltr'>tionis</span> <span class='ocrx_word' id='word_1_666' title='bbox 2339 3207 2561 3259; x_wconf 71' lang='lat' dir='ltr'>nostrie</span> <span class='ocrx_word' id='word_1_667' title='bbox 2620 3204 2936 3274; x_wconf 83' lang='lat' dir='ltr'>opprobrio</span> <span class='ocrx_word' id='word_1_668' title='bbox 2990 3207 3046 3257; x_wconf 90' lang='lat' dir='ltr'>et</span> <span class='ocrx_word' id='word_1_669' title='bbox 3083 3202 3308 3274; x_wconf 80' lang='lat' dir='ltr'>judicio</span> <span class='ocrx_word' id='word_1_670' title='bbox 3359 3201 3772 3268; x_wconf 87' lang='lat' dir='ltr'>conscientiae;</span> 
     </span>
    </p>
   </div>
   <div class='ocr_carea' id='block_1_97' title="bbox 2111 3290 3773 3358">
    <p class='ocr_par' dir='ltr' id='par_1_97' title="bbox 2111 3290 3773 3358">
     <span class='ocr_line' id='line_1_100' title="bbox 2111 3290 3773 3358; baseline -0.001 -12"><span class='ocrx_word' id='word_1_671' title='bbox 2111 3293 2497 3348; x_wconf 87' lang='lat' dir='ltr'>verberamur</span> <span class='ocrx_word' id='word_1_672' title='bbox 2526 3293 2699 3347; x_wconf 87' lang='lat' dir='ltr'>etiam</span> <span class='ocrx_word' id='word_1_673' title='bbox 2748 3293 2914 3346; x_wconf 81' lang='lat' dir='ltr'>vocis</span> <span class='ocrx_word' id='word_1_674' title='bbox 2946 3294 3166 3346; x_wconf 86' lang='lat' dir='ltr'>nostrae</span> <span class='ocrx_word' id='word_1_675' title='bbox 3196 3290 3466 3358; x_wconf 87' lang='lat' dir='ltr'>verbere,</span> <span class='ocrx_word' id='word_1_676' title='bbox 3518 3305 3652 3344; x_wconf 91' lang='lat' dir='ltr'>cum</span> <span class='ocrx_word' id='word_1_677' title='bbox 3683 3290 3773 3344; x_wconf 93' lang='lat' dir='ltr'>lo-</span> 
     </span>
    </p>
   </div>
   <div class='ocr_carea' id='block_1_98' title="bbox 2109 3381 3769 3454">
    <p class='ocr_par' dir='ltr' id='par_1_98' title="bbox 2109 3381 3769 3454">
     <span class='ocr_line' id='line_1_101' title="bbox 2109 3381 3769 3454; baseline -0.003 -17"><span class='ocrx_word' id='word_1_678' title='bbox 2109 3383 2346 3453; x_wconf 88' lang='lat' dir='ltr'>quimur</span> <span class='ocrx_word' id='word_1_679' title='bbox 2385 3399 2452 3438; x_wconf 86' lang='lat' dir='ltr'>ea</span> <span class='ocrx_word' id='word_1_680' title='bbox 2497 3399 2746 3454; x_wconf 86' lang='lat' dir='ltr'>quorum</span> <span class='ocrx_word' id='word_1_681' title='bbox 2792 3397 2940 3436; x_wconf 89' lang='lat' dir='ltr'>sono</span> <span class='ocrx_word' id='word_1_682' title='bbox 2985 3381 3230 3436; x_wconf 61' lang='lat' dir='ltr'>caeditur</span> <span class='ocrx_word' id='word_1_683' title='bbox 3275 3382 3507 3434; x_wconf 88' lang='lat' dir='ltr'>animus</span> <span class='ocrx_word' id='word_1_684' title='bbox 3547 3381 3769 3447; x_wconf 89' lang='lat' dir='ltr'>noster,</span> 
     </span>
    </p>
   </div>
   <div class='ocr_carea' id='block_1_99' title="bbox 2107 3467 3774 3541">
    <p class='ocr_par' dir='ltr' id='par_1_99' title="bbox 2107 3467 3774 3541">
     <span class='ocr_line' id='line_1_102' title="bbox 2107 3467 3774 3541; baseline -0.002 -16"><span class='ocrx_word' id='word_1_685' title='bbox 2107 3475 2164 3526; x_wconf 90' lang='lat' dir='ltr'>et</span> <span class='ocrx_word' id='word_1_686' title='bbox 2193 3488 2360 3528; x_wconf 91' lang='lat' dir='ltr'>mens</span> <span class='ocrx_word' id='word_1_687' title='bbox 2392 3473 2824 3528; x_wconf 86' lang='lat' dir='ltr'>consauciatur.</span> <span class='ocrx_word' id='word_1_688' title='bbox 2855 3471 3212 3538; x_wconf 89' lang='lat' dir='ltr'>Quisautem</span> <span class='ocrx_word' id='word_1_689' title='bbox 3239 3472 3332 3525; x_wconf 91' lang='lat' dir='ltr'>est</span> <span class='ocrx_word' id='word_1_690' title='bbox 3360 3469 3459 3541; x_wconf 90' lang='lat' dir='ltr'>qui</span> <span class='ocrx_word' id='word_1_691' title='bbox 3490 3467 3774 3523; x_wconf 89' lang='lat' dir='ltr'>mundum</span> 
     </span>
    </p>
   </div>
   <div class='ocr_carea' id='block_1_100' title="bbox 2107 3559 3770 3632">
    <p class='ocr_par' dir='ltr' id='par_1_100' title="bbox 2107 3559 3770 3632">
     <span class='ocr_line' id='line_1_103' title="bbox 2107 3559 3770 3632; baseline -0.001 -19"><span class='ocrx_word' id='word_1_692' title='bbox 2107 3577 2211 3615; x_wconf 90' lang='lat' dir='ltr'>cor</span> <span class='ocrx_word' id='word_1_693' title='bbox 2255 3578 2285 3616; x_wconf 90' lang='lat' dir='ltr'>a</span> <span class='ocrx_word' id='word_1_694' title='bbox 2317 3565 2693 3632; x_wconf 88' lang='lat' dir='ltr'>peccatorum</span> <span class='ocrx_word' id='word_1_695' title='bbox 2735 3560 2946 3614; x_wconf 88' lang='lat' dir='ltr'>habeat</span> <span class='ocrx_word' id='word_1_696' title='bbox 2989 3559 3342 3627; x_wconf 90' lang='lat' dir='ltr'>colluvione,</span> <span class='ocrx_word' id='word_1_697' title='bbox 3377 3561 3476 3614; x_wconf 87' lang='lat' dir='ltr'>aut</span> <span class='ocrx_word' id='word_1_698' title='bbox 3505 3573 3624 3614; x_wconf 89' lang='lat' dir='ltr'>non</span> <span class='ocrx_word' id='word_1_699' title='bbox 3663 3559 3770 3612; x_wconf 89' lang='lat' dir='ltr'>de-</span> 
     </span>
    </p>
   </div>
   <div class='ocr_carea' id='block_1_101' title="bbox 2105 3754 3769 3830">
    <p class='ocr_par' dir='ltr' id='par_1_101' title="bbox 2105 3754 3769 3830">
     <span class='ocr_line' id='line_1_104' title="bbox 2105 3754 3769 3830; baseline -0.003 -16"><span class='ocrx_word' id='word_1_700' title='bbox 2105 3775 2279 3830; x_wconf 87' lang='lat' dir='ltr'>quam</span> <span class='ocrx_word' id='word_1_701' title='bbox 2310 3773 2428 3814; x_wconf 89' lang='lat' dir='ltr'>non</span> <span class='ocrx_word' id='word_1_702' title='bbox 2468 3758 2748 3830; x_wconf 87' lang='lat' dir='ltr'>implevit,</span> <span class='ocrx_word' id='word_1_703' title='bbox 2783 3758 2885 3829; x_wconf 88' lang='lat' dir='ltr'>qui</span> <span class='ocrx_word' id='word_1_704' title='bbox 2929 3755 3280 3830; x_wconf 73' lang='lat' dir='ltr'>nonsolum</span> <span class='ocrx_word' id='word_1_705' title='bbox 3306 3755 3606 3830; x_wconf 72' lang='lat' dir='ltr'>_clericos,</span> <span class='ocrx_word' id='word_1_706' title='bbox 3660 3754 3769 3830; x_wconf 73' lang='lat' dir='ltr'>sed</span> 
     </span>
    </p>
   </div>
   <div class='ocr_carea' id='block_1_102' title="bbox 2105 3825 3768 3901">
    <p class='ocr_par' dir='ltr' id='par_1_102' title="bbox 2105 3825 3768 3901">
     <span class='ocr_line' id='line_1_105' title="bbox 2105 3825 3768 3901; baseline -0.002 -17"><span class='ocrx_word' id='word_1_707' title='bbox 2105 3825 2279 3884; x_wconf 80' lang='lat' dir='ltr'>etiam</span> <span class='ocrx_word' id='word_1_708' title='bbox 2317 3825 2597 3901; x_wconf 80' lang='lat' dir='ltr'>pepulum</span> <span class='ocrx_word' id='word_1_709' title='bbox 2629 3825 2820 3883; x_wconf 53' lang='lat' dir='ltr'>suum&#39;</span> <span class='ocrx_word' id='word_1_710' title='bbox 2852 3827 3176 3901; x_wconf 83' lang='lat' dir='ltr'>erudiebat,</span> <span class='ocrx_word' id='word_1_711' title='bbox 3209 3826 3460 3901; x_wconf 76' lang='lat' dir='ltr'>publice</span> <span class='ocrx_word' id='word_1_712' title='bbox 3511 3825 3768 3898; x_wconf 86' lang='lat' dir='ltr'>singulis</span> 
     </span>
    </p>
   </div>
   <div class='ocr_carea' id='block_1_103' title="bbox 2105 3897 3766 3968">
    <p class='ocr_par' dir='ltr' id='par_1_103' title="bbox 2105 3897 3766 3968">
     <span class='ocr_line' id='line_1_106' title="bbox 2105 3897 3766 3968; baseline -0.002 -14"><span class='ocrx_word' id='word_1_713' title='bbox 2105 3897 2418 3956; x_wconf 76' lang='lat' dir='ltr'>dominicis</span> <span class='ocrx_word' id='word_1_714' title='bbox 2449 3901 2629 3956; x_wconf 88' lang='lat' dir='ltr'>verba</span> <span class='ocrx_word' id='word_1_715' title='bbox 2661 3901 2920 3966; x_wconf 87' lang='lat' dir='ltr'>faciens;</span> <span class='ocrx_word' id='word_1_716' title='bbox 2973 3904 3033 3953; x_wconf 92' lang='lat' dir='ltr'>ut</span> <span class='ocrx_word' id='word_1_717' title='bbox 3064 3898 3334 3952; x_wconf 79' lang='lat' dir='ltr'>Confess.</span> <span class='ocrx_word' id='word_1_718' title='bbox 3387 3897 3488 3951; x_wconf 92' lang='lat' dir='ltr'>lib.</span> <span class='ocrx_word' id='word_1_719' title='bbox 3525 3897 3766 3968; x_wconf 36' lang='lat' dir='ltr'>vn,’cap.</span> 
     </span>
    </p>
   </div>
   <div class='ocr_carea' id='block_1_104' title="bbox 2101 3969 3768 4042">
    <p class='ocr_par' dir='ltr' id='par_1_104' title="bbox 2101 3969 3768 4042">
     <span class='ocr_line' id='line_1_107' title="bbox 2101 3969 3768 4042; baseline -0.002 -15"><span class='ocrx_word' id='word_1_720' title='bbox 2101 3970 2155 4040; x_wconf 82' lang='lat'>3,</span> <span class='ocrx_word' id='word_1_721' title='bbox 2189 3975 2467 4027; x_wconf 88' lang='lat' dir='ltr'>testatum</span> <span class='ocrx_word' id='word_1_722' title='bbox 2497 3971 2730 4042; x_wconf 88' lang='lat' dir='ltr'>reliquit</span> <span class='ocrx_word' id='word_1_723' title='bbox 2785 3971 3178 4042; x_wconf 81' lang='lat' dir='ltr'>Augustinus,</span> <span class='ocrx_word' id='word_1_724' title='bbox 3229 3972 3283 4022; x_wconf 90' lang='lat' dir='ltr'>et</span> <span class='ocrx_word' id='word_1_725' title='bbox 3317 3984 3435 4042; x_wconf 87' lang='lat' dir='ltr'>nos_</span> <span class='ocrx_word' id='word_1_726' title='bbox 3457 3969 3768 4042; x_wconf 76' lang='lat' dir='ltr'>superiore</span> 
     </span>
    </p>
   </div>
   <div class='ocr_carea' id='block_1_105' title="bbox 2101 4039 3766 4112">
    <p class='ocr_par' dir='ltr' id='par_1_105' title="bbox 2101 4039 3766 4112">
     <span class='ocr_line' id='line_1_108' title="bbox 2101 4039 3766 4112; baseline -0.002 -16"><span class='ocrx_word' id='word_1_727' title='bbox 2101 4039 2280 4111; x_wconf 82' lang='lat' dir='ltr'>temo,</span> <span class='ocrx_word' id='word_1_728' title='bbox 2313 4044 2592 4098; x_wconf 88' lang='lat' dir='ltr'>admonit.</span> <span class='ocrx_word' id='word_1_729' title='bbox 2624 4039 2686 4096; x_wconf 88' lang='lat' dir='ltr'>in</span> <span class='ocrx_word' id='word_1_730' title='bbox 2716 4042 2970 4112; x_wconf 86' lang='lat' dir='ltr'>exposit.</span> <span class='ocrx_word' id='word_1_731' title='bbox 2996 4041 3222 4112; x_wconf 87' lang='lat' dir='ltr'>Evang.</span> <span class='ocrx_word' id='word_1_732' title='bbox 3255 4055 3377 4094; x_wconf 92' lang='lat' dir='ltr'>sec.</span> <span class='ocrx_word' id='word_1_733' title='bbox 3413 4039 3632 4093; x_wconf 84' lang='lat' dir='ltr'>Lucam</span> <span class='ocrx_word' id='word_1_734' title='bbox 3662 4039 3766 4094; x_wconf 87' lang='lat' dir='ltr'>ob-</span> 
     </span>
    </p>
   </div>
   <div class='ocr_carea' id='block_1_106' title="bbox 2103 4115 2496 4168">
    <p class='ocr_par' dir='ltr' id='par_1_106' title="bbox 2103 4115 2496 4168">
     <span class='ocr_line' id='line_1_109' title="bbox 2103 4115 2496 4168; baseline 0.003 -1"><span class='ocrx_word' id='word_1_735' title='bbox 2103 4115 2496 4168; x_wconf 86' lang='lat' dir='ltr'>servavimus.</span> 
     </span>
    </p>
   </div>
   <div class='ocr_carea' id='block_1_107' title="bbox 2171 4181 3764 4256">
    <p class='ocr_par' dir='ltr' id='par_1_107' title="bbox 2171 4181 3764 4256">
     <span class='ocr_line' id='line_1_110' title="bbox 2171 4181 3764 4256; baseline -0.004 -15"><span class='ocrx_word' id='word_1_736' title='bbox 2171 4185 2251 4256; x_wconf 88' lang='lat'>(8)</span> <span class='ocrx_word' id='word_1_737' title='bbox 2281 4186 2539 4240; x_wconf 90' lang='lat' dir='ltr'>Nonnuli</span> <span class='ocrx_word' id='word_1_738' title='bbox 2560 4201 2707 4240; x_wconf 92' lang='lat' dir='ltr'>mss.</span> <span class='ocrx_word' id='word_1_739' title='bbox 2741 4187 2797 4238; x_wconf 90' lang='lat' dir='ltr'>et</span> <span class='ocrx_word' id='word_1_740' title='bbox 2817 4184 2948 4238; x_wconf 88' lang='lat' dir='ltr'>Gill.</span> <span class='ocrx_word' id='word_1_741' title='bbox 2982 4185 3043 4239; x_wconf 91' lang='lat' dir='ltr'>in</span> <span class='ocrx_word' id='word_1_742' title='bbox 3072 4182 3358 4254; x_wconf 85' lang='lat' dir='ltr'>margine,</span> <span class='ocrx_word' id='word_1_743' title='bbox 3395 4181 3764 4253; x_wconf 82' lang='lat' dir='ltr'>vigilantiam</span> 
     </span>
    </p>
   </div>
   <div class='ocr_carea' id='block_1_108' title="bbox 2103 4257 2818 4328">
    <p class='ocr_par' dir='ltr' id='par_1_108' title="bbox 2103 4257 2818 4328">
     <span class='ocr_line' id='line_1_111' title="bbox 2103 4257 2818 4328; baseline 0.001 -18"><span class='ocrx_word' id='word_1_744' title='bbox 2103 4257 2516 4328; x_wconf 83' lang='lat' dir='ltr'>apostolorum.</span> <span class='ocrx_word' id='word_1_745' title='bbox 2807 4285 2818 4288; x_wconf 95' lang='lat'><strong><em>-</em></strong></span> 
     </span>
    </p>
   </div>
   <div class='ocr_carea' id='block_1_109' title="bbox 2172 4324 3590 4400">
    <p class='ocr_par' dir='ltr' id='par_1_109' title="bbox 2172 4324 3590 4400">
     <span class='ocr_line' id='line_1_112' title="bbox 2172 4324 3590 4400; baseline -0.004 -17"><span class='ocrx_word' id='word_1_746' title='bbox 2172 4329 2258 4400; x_wconf 73' lang='lat'>(9)</span> <span class='ocrx_word' id='word_1_747' title='bbox 2281 4329 2413 4383; x_wconf 92' lang='lat' dir='ltr'>Non</span> <span class='ocrx_word' id='word_1_748' title='bbox 2443 4328 2614 4400; x_wconf 85' lang='lat' dir='ltr'>pauci</span> <span class='ocrx_word' id='word_1_749' title='bbox 2645 4344 2814 4394; x_wconf 89' lang='lat' dir='ltr'>mss.,</span> <span class='ocrx_word' id='word_1_750' title='bbox 2852 4327 3001 4400; x_wconf 84' lang='lat' dir='ltr'>quod</span> <span class='ocrx_word' id='word_1_751' title='bbox 3031 4326 3298 4380; x_wconf 83' lang='lat' dir='ltr'>homines</span> <span class='ocrx_word' id='word_1_752' title='bbox 3329 4324 3590 4400; x_wconf 78' lang='lat' dir='ltr'>doceret.</span> 
     </span>
    </p>
   </div>
   <div class='ocr_carea' id='block_1_110' title="bbox 2172 4393 3762 4470">
    <p class='ocr_par' dir='ltr' id='par_1_110' title="bbox 2172 4393 3762 4470">
     <span class='ocr_line' id='line_1_113' title="bbox 2172 4393 3762 4470; baseline -0.004 -17"><span class='ocrx_word' id='word_1_753' title='bbox 2172 4393 2288 4470; x_wconf 66' lang='lat'>(&#39;10)</span> <span class='ocrx_word' id='word_1_754' title='bbox 2329 4393 2512 4454; x_wconf 76' lang='lat' dir='ltr'>Infula</span> <span class='ocrx_word' id='word_1_755' title='bbox 2542 4403 2668 4454; x_wconf 90' lang='lat' dir='ltr'>erat</span> <span class='ocrx_word' id='word_1_756' title='bbox 2694 4393 2902 4469; x_wconf 77' lang='lat' dir='ltr'>capitis</span> <span class='ocrx_word' id='word_1_757' title='bbox 2933 4400 3340 4470; x_wconf 84' lang='lat' dir='ltr'>ornamentum</span> <span class='ocrx_word' id='word_1_758' title='bbox 3370 4410 3401 4449; x_wconf 91' lang='lat' dir='ltr'>e</span> <span class='ocrx_word' id='word_1_759' title='bbox 3429 4395 3600 4470; x_wconf 81' lang='lat' dir='ltr'>laneo</span> <span class='ocrx_word' id='word_1_760' title='bbox 3640 4393 3762 4470; x_wconf 69' lang='lat' dir='ltr'>ﬁlo,</span> 
     </span>
    </p>
   </div>
   <div class='ocr_carea' id='block_1_111' title="bbox 2013 4451 3764 4540">
    <p class='ocr_par' dir='ltr' id='par_1_111' title="bbox 2013 4451 3764 4540">
     <span class='ocr_line' id='line_1_114' title="bbox 2013 4451 3764 4540; baseline -0.002 -15"><span class='ocrx_word' id='word_1_761' title='bbox 2013 4451 2068 4512; x_wconf 86' lang='lat' dir='ltr'>D</span> <span class='ocrx_word' id='word_1_762' title='bbox 2099 4451 2663 4540; x_wconf 20' lang='lat' dir='ltr'>qurid’noinfsol&#39;um-</span> <span class='ocrx_word' id='word_1_763' title='bbox 2703 4451 3158 4539; x_wconf 65' lang='lat' dir='ltr'>magistratibus</span> <span class='ocrx_word' id='word_1_764' title='bbox 3195 4466 3582 4540; x_wconf 71' lang='lat' dir='ltr'>copveniehat</span> <span class='ocrx_word' id='word_1_765' title='bbox 3607 4509 3621 4538; x_wconf 88' lang='lat'>,</span> <span class='ocrx_word' id='word_1_766' title='bbox 3648 4451 3764 4540; x_wconf 80' lang='lat' dir='ltr'>sed</span> 
     </span>
    </p>
   </div>
   <div class='ocr_carea' id='block_1_112' title="bbox 2099 4527 3760 4612">
    <p class='ocr_par' dir='ltr' id='par_1_112' title="bbox 2099 4527 3760 4612">
     <span class='ocr_line' id='line_1_115' title="bbox 2099 4527 3760 4612; baseline -0.002 -17"><span class='ocrx_word' id='word_1_767' title='bbox 2099 4527 2270 4597; x_wconf 72' lang='lat' dir='ltr'>étiam</span> <span class='ocrx_word' id='word_1_768' title='bbox 2317 4542 2685 4612; x_wconf 85' lang='lat' dir='ltr'>supplicibus</span> <span class='ocrx_word' id='word_1_769' title='bbox 2735 4527 3091 4612; x_wconf 63' lang='lat' dir='ltr'>oratoribus,</span> <span class='ocrx_word' id='word_1_770' title='bbox 3141 4527 3760 4612; x_wconf 52' lang='lat' dir='ltr'>sacc‘rdotibus,&#39;imo</span> 
     </span>
    </p>
   </div>
   <div class='ocr_carea' id='block_1_113' title="bbox 2099 4610 3758 4682">
    <p class='ocr_par' dir='ltr' id='par_1_113' title="bbox 2099 4610 3758 4682">
     <span class='ocr_line' id='line_1_116' title="bbox 2099 4610 3758 4682; baseline -0.001 -17"><span class='ocrx_word' id='word_1_771' title='bbox 2099 4629 2240 4668; x_wconf 88' lang='lat' dir='ltr'>vero</span> <span class='ocrx_word' id='word_1_772' title='bbox 2287 4617 2346 4667; x_wconf 90' lang='lat' dir='ltr'>et</span> <span class='ocrx_word' id='word_1_773' title='bbox 2373 4610 2630 4668; x_wconf 80' lang='lat' dir='ltr'>victimis</span> <span class='ocrx_word' id='word_1_774' title='bbox 2661 4612 2832 4682; x_wconf 86' lang='lat' dir='ltr'>ipsis.</span> <span class='ocrx_word' id='word_1_775' title='bbox 2864 4611 3031 4677; x_wconf 90' lang='lat' dir='ltr'>Quod</span> <span class='ocrx_word' id='word_1_776' title='bbox 3061 4610 3633 4682; x_wconf 76' lang='lat' dir='ltr'>porroAmbrosius</span> <span class='ocrx_word' id='word_1_777' title='bbox 3659 4625 3758 4682; x_wconf 79' lang='lat' dir='ltr'>ra-</span> 
     </span>
    </p>
   </div>
   <div class='ocr_carea' id='block_1_114' title="bbox 2095 4680 3760 4754">
    <p class='ocr_par' dir='ltr' id='par_1_114' title="bbox 2095 4680 3760 4754">
     <span class='ocr_line' id='line_1_117' title="bbox 2095 4680 3760 4754; baseline -0.002 -16"><span class='ocrx_word' id='word_1_778' title='bbox 2095 4687 2258 4754; x_wconf 90' lang='lat' dir='ltr'>ptum</span> <span class='ocrx_word' id='word_1_779' title='bbox 2289 4699 2356 4739; x_wconf 91' lang='lat' dir='ltr'>se</span> <span class='ocrx_word' id='word_1_780' title='bbox 2387 4701 2420 4738; x_wconf 88' lang='lat' dir='ltr'>a</span> <span class='ocrx_word' id='word_1_781' title='bbox 2448 4680 2844 4738; x_wconf 90' lang='lat' dir='ltr'>tribunalibus</span> <span class='ocrx_word' id='word_1_782' title='bbox 2874 4684 2946 4738; x_wconf 90' lang='lat' dir='ltr'>ad</span> <span class='ocrx_word' id='word_1_783' title='bbox 2970 4680 3367 4754; x_wconf 81' lang='lat' dir='ltr'>sacerdotium</span> <span class='ocrx_word' id='word_1_784' title='bbox 3397 4682 3557 4754; x_wconf 82' lang='lat' dir='ltr'>dicit,</span> <span class='ocrx_word' id='word_1_785' title='bbox 3583 4680 3760 4754; x_wconf 88' lang='lat' dir='ltr'>id_fu-</span> 
     </span>
    </p>
   </div>
   <div class='ocr_carea' id='block_1_115' title="bbox 2095 4751 3759 4828">
    <p class='ocr_par' dir='ltr' id='par_1_115' title="bbox 2095 4751 3759 4828">
     <span class='ocr_line' id='line_1_118' title="bbox 2095 4751 3759 4828; baseline -0.002 -20"><span class='ocrx_word' id='word_1_786' title='bbox 2095 4751 2225 4810; x_wconf 75' lang='lat' dir='ltr'>sius</span> <span class='ocrx_word' id='word_1_787' title='bbox 2257 4756 2513 4828; x_wconf 68' lang='lat' dir='ltr'>explicat</span> <span class='ocrx_word' id='word_1_788' title='bbox 2542 4755 2918 4828; x_wconf 10' lang='lat' dir='ltr'>Paulinusiin</span> <span class='ocrx_word' id='word_1_789' title='bbox 2949 4751 3084 4824; x_wconf 83' lang='lat' dir='ltr'>ejus</span> <span class='ocrx_word' id='word_1_790' title='bbox 3113 4753 3278 4824; x_wconf 83' lang='lat' dir='ltr'>Vita;</span> <span class='ocrx_word' id='word_1_791' title='bbox 3311 4753 3464 4808; x_wconf 90' lang='lat' dir='ltr'>unde</span> <span class='ocrx_word' id='word_1_792' title='bbox 3496 4751 3759 4806; x_wconf 87' lang='lat' dir='ltr'>eamdem</span> 
     </span>
    </p>
   </div>
   <div class='ocr_carea' id='block_1_116' title="bbox 2093 4826 3046 4897">
    <p class='ocr_par' dir='ltr' id='par_1_116' title="bbox 2093 4826 3046 4897">
     <span class='ocr_line' id='line_1_119' title="bbox 2093 4826 3046 4897; baseline 0.001 -18"><span class='ocrx_word' id='word_1_793' title='bbox 2093 4841 2217 4897; x_wconf 86' lang='lat' dir='ltr'>rem</span> <span class='ocrx_word' id='word_1_794' title='bbox 2235 4826 2348 4897; x_wconf 90' lang='lat' dir='ltr'>_alii</span> <span class='ocrx_word' id='word_1_795' title='bbox 2377 4826 2580 4897; x_wconf 85' lang='lat' dir='ltr'>postea</span> <span class='ocrx_word' id='word_1_796' title='bbox 2613 4827 2854 4880; x_wconf 85' lang='lat' dir='ltr'>mutuati</span> <span class='ocrx_word' id='word_1_797' title='bbox 2887 4828 3046 4880; x_wconf 87' lang='lat' dir='ltr'>sunt.</span> 
     </span>
    </p>
   </div>
   <div class='ocr_carea' id='block_1_117' title="bbox 2162 4892 3758 4967">
    <p class='ocr_par' dir='ltr' id='par_1_117' title="bbox 2162 4892 3758 4967">
     <span class='ocr_line' id='line_1_120' title="bbox 2162 4892 3758 4967; baseline -0.003 -17"><span class='ocrx_word' id='word_1_798' title='bbox 2162 4895 2276 4966; x_wconf 81' lang='grc'>(11)</span> <span class='ocrx_word' id='word_1_799' title='bbox 2305 4892 2525 4952; x_wconf 79' lang='lat' dir='ltr'>omnes</span> <span class='ocrx_word' id='word_1_800' title='bbox 2557 4897 2694 4952; x_wconf 91' lang='lat' dir='ltr'>edit.</span> <span class='ocrx_word' id='word_1_801' title='bbox 2744 4913 2856 4967; x_wconf 91' lang='lat' dir='ltr'>pos</span> <span class='ocrx_word' id='word_1_802' title='bbox 2891 4897 3134 4951; x_wconf 85' lang='lat' dir='ltr'>verbum</span> <span class='ocrx_word' id='word_1_803' title='bbox 3178 4895 3447 4967; x_wconf 75' lang='lat' dir='ltr'>discere,</span> <span class='ocrx_word' id='word_1_804' title='bbox 3483 4892 3576 4967; x_wconf 82' lang='lat' dir='ltr'>sic</span> <span class='ocrx_word' id='word_1_805' title='bbox 3615 4907 3758 4962; x_wconf 88' lang='lat' dir='ltr'>pro-</span> 
     </span>
    </p>
   </div>
   <div class='ocr_carea' id='block_1_118' title="bbox 2092 4963 3760 5041">
    <p class='ocr_par' dir='ltr' id='par_1_118' title="bbox 2092 4963 3760 5041">
     <span class='ocr_line' id='line_1_121' title="bbox 2092 4963 3760 5041; baseline -0.002 -20"><span class='ocrx_word' id='word_1_806' title='bbox 2092 4963 2398 5039; x_wconf 71' lang='lat' dir='ltr'>sequatur,</span> <span class='ocrx_word' id='word_1_807' title='bbox 2431 4969 2511 5022; x_wconf 85' lang='lat' dir='ltr'>Et</span> <span class='ocrx_word' id='word_1_808' title='bbox 2553 4963 2978 5041; x_wconf 79' lang='lat' dir='ltr'>quantumlibet</span> <span class='ocrx_word' id='word_1_809' title='bbox 3001 4968 3244 5041; x_wconf 84' lang='lat' dir='ltr'>quisque</span> <span class='ocrx_word' id='word_1_810' title='bbox 3273 4963 3620 5041; x_wconf 69' lang='lat' dir='ltr'>profecerit,</span> <span class='ocrx_word' id='word_1_811' title='bbox 3659 4978 3760 5017; x_wconf 86' lang='lat' dir='ltr'>ne-</span> 
     </span>
    </p>
   </div>
   <div class='ocr_carea' id='block_1_119' title="bbox 2089 5034 3758 5112">
    <p class='ocr_par' dir='ltr' id='par_1_119' title="bbox 2089 5034 3758 5112">
     <span class='ocr_line' id='line_1_122' title="bbox 2089 5034 3758 5112; baseline -0.002 -21"><span class='ocrx_word' id='word_1_812' title='bbox 2089 5034 2307 5112; x_wconf 45' lang='lat' dir='ltr'>uio—est</span> <span class='ocrx_word' id='word_1_813' title='bbox 2347 5034 2446 5112; x_wconf 82' lang='lat' dir='ltr'>qui</span> <span class='ocrx_word' id='word_1_814' title='bbox 2467 5034 2672 5096; x_wconf 77' lang='lat' dir='ltr'>doceri</span> <span class='ocrx_word' id='word_1_815' title='bbox 2693 5057 2814 5111; x_wconf 79' lang='lat' dir='ltr'>non</span> <span class='ocrx_word' id='word_1_816' title='bbox 2856 5034 3045 5112; x_wconf 70' lang='lat' dir='ltr'>egeat,</span> <span class='ocrx_word' id='word_1_817' title='bbox 3088 5034 3220 5112; x_wconf 79' lang='lat' dir='ltr'>dum</span> <span class='ocrx_word' id='word_1_818' title='bbox 3266 5034 3448 5112; x_wconf 69' lang='lat' dir='ltr'>i&#39;ivit._</span> <span class='ocrx_word' id='word_1_819' title='bbox 3476 5034 3758 5112; x_wconf 67' lang='lat' dir='ltr'>Sedcum</span> 
     </span>
    </p>
   </div>
   <div class='ocr_carea' id='block_1_120' title="bbox 2089 5105 3756 5170">
    <p class='ocr_par' dir='ltr' id='par_1_120' title="bbox 2089 5105 3756 5170">
     <span class='ocr_line' id='line_1_123' title="bbox 2089 5105 3756 5170; baseline -0.002 -7"><span class='ocrx_word' id='word_1_820' title='bbox 2089 5109 2300 5164; x_wconf 68' lang='lat' dir='ltr'>isthaec</span> <span class='ocrx_word' id='word_1_821' title='bbox 2334 5105 2532 5166; x_wconf 81' lang='lat' dir='ltr'>omnio</span> <span class='ocrx_word' id='word_1_822' title='bbox 2581 5112 2638 5164; x_wconf 91' lang='lat' dir='ltr'>in</span> <span class='ocrx_word' id='word_1_823' title='bbox 2669 5105 2818 5164; x_wconf 84' lang='lat' dir='ltr'>mss.</span> <span class='ocrx_word' id='word_1_824' title='bbox 2860 5105 3292 5170; x_wconf 83' lang='lat' dir='ltr'>desiderentur,</span> <span class='ocrx_word' id='word_1_825' title='bbox 3343 5106 3395 5160; x_wconf 91' lang='lat' dir='ltr'>si</span> <span class='ocrx_word' id='word_1_826' title='bbox 3427 5105 3756 5160; x_wconf 73' lang='lat' dir='ltr'>I_.amlinum</span> 
     </span>
    </p>
   </div>
   <div class='ocr_carea' id='block_1_121' title="bbox 2092 5177 3756 5253">
    <p class='ocr_par' dir='ltr' id='par_1_121' title="bbox 2092 5177 3756 5253">
     <span class='ocr_line' id='line_1_124' title="bbox 2092 5177 3756 5253; baseline -0.002 -19"><span class='ocrx_word' id='word_1_827' title='bbox 2092 5197 2268 5235; x_wconf 90' lang='lat' dir='ltr'>unum</span> <span class='ocrx_word' id='word_1_828' title='bbox 2303 5183 2588 5253; x_wconf 81' lang='lat' dir='ltr'>excipias,</span> <span class='ocrx_word' id='word_1_829' title='bbox 2636 5186 2692 5235; x_wconf 89' lang='lat' dir='ltr'>at</span> <span class='ocrx_word' id='word_1_830' title='bbox 2724 5181 2820 5234; x_wconf 84' lang='lat' dir='ltr'>vix</span> <span class='ocrx_word' id='word_1_831' title='bbox 2853 5180 2986 5253; x_wconf 83' lang='lat' dir='ltr'>edit.</span> <span class='ocrx_word' id='word_1_832' title='bbox 3022 5177 3611 5253; x_wconf 37' lang='lat' dir='ltr'>ipsisuantiquiorem,</span> <span class='ocrx_word' id='word_1_833' title='bbox 3647 5193 3756 5253; x_wconf 83' lang='lat' dir='ltr'>nec</span> 
     </span>
    </p>
   </div>
   <div class='ocr_carea' id='block_1_122' title="bbox 2089 5249 3757 5322">
    <p class='ocr_par' dir='ltr' id='par_1_122' title="bbox 2089 5249 3757 5322">
     <span class='ocr_line' id='line_1_125' title="bbox 2089 5249 3757 5322; baseline -0.002 -18"><span class='ocrx_word' id='word_1_834' title='bbox 2089 5253 2294 5320; x_wconf 88' lang='lat' dir='ltr'>paucis</span> <span class='ocrx_word' id='word_1_835' title='bbox 2338 5249 2748 5322; x_wconf 77' lang='lat' dir='ltr'>interpolatum</span> <span class='ocrx_word' id='word_1_836' title='bbox 2792 5249 3522 5322; x_wconf 14' lang='lat' dir='ltr'>hujuscemodi,laciniis;</span> <span class='ocrx_word' id='word_1_837' title='bbox 3571 5249 3757 5302; x_wconf 84' lang='lat' dir='ltr'>mani-</span> 
     </span>
    </p>
   </div>
   <div class='ocr_carea' id='block_1_123' title="bbox 2091 5319 3759 5391">
    <p class='ocr_par' dir='ltr' id='par_1_123' title="bbox 2091 5319 3759 5391">
     <span class='ocr_line' id='line_1_126' title="bbox 2091 5319 3759 5391; baseline 0 -17"><span class='ocrx_word' id='word_1_838' title='bbox 2091 5319 2306 5377; x_wconf 81' lang='lat' dir='ltr'>festum</span> <span class='ocrx_word' id='word_1_839' title='bbox 2339 5329 2430 5378; x_wconf 84' lang='lat' dir='ltr'>est</span> <span class='ocrx_word' id='word_1_840' title='bbox 2463 5319 2575 5377; x_wconf 82' lang='lat' dir='ltr'>non</span> <span class='ocrx_word' id='word_1_841' title='bbox 2609 5323 2762 5375; x_wconf 87' lang='lat' dir='ltr'>aliud</span> <span class='ocrx_word' id='word_1_842' title='bbox 2804 5321 2917 5374; x_wconf 90' lang='lat' dir='ltr'>nisi</span> <span class='ocrx_word' id='word_1_843' title='bbox 2950 5321 3332 5391; x_wconf 87' lang='lat' dir='ltr'>marginalem</span> <span class='ocrx_word' id='word_1_844' title='bbox 3365 5319 3621 5388; x_wconf 86' lang='lat' dir='ltr'>aliquam</span> <span class='ocrx_word' id='word_1_845' title='bbox 3660 5337 3759 5374; x_wconf 86' lang='lat' dir='ltr'>no-</span> 
     </span>
    </p>
   </div>
   <div class='ocr_carea' id='block_1_124' title="bbox 2089 5392 3761 5464">
    <p class='ocr_par' dir='ltr' id='par_1_124' title="bbox 2089 5392 3761 5464">
     <span class='ocr_line' id='line_1_127' title="bbox 2089 5392 3761 5464; baseline -0.002 -17"><span class='ocrx_word' id='word_1_846' title='bbox 2089 5397 2200 5448; x_wconf 90' lang='lat' dir='ltr'>tam</span> <span class='ocrx_word' id='word_1_847' title='bbox 2234 5410 2394 5464; x_wconf 74' lang='lat' dir='ltr'>esse.</span> <span class='ocrx_word' id='word_1_848' title='bbox 2431 5411 2562 5464; x_wconf 59' lang='lat' dir='ltr'>qua)</span> <span class='ocrx_word' id='word_1_849' title='bbox 2600 5393 2989 5462; x_wconf 63' lang='lat' dir='ltr'>int-ngitanter</span> <span class='ocrx_word' id='word_1_850' title='bbox 3035 5392 3090 5464; x_wconf 84' lang='lat' dir='ltr'>in</span> <span class='ocrx_word' id='word_1_851' title='bbox 3123 5396 3342 5445; x_wconf 75' lang='lat' dir='ltr'>textum</span> <span class='ocrx_word' id='word_1_852' title='bbox 3378 5393 3612 5464; x_wconf 84' lang='lat' dir='ltr'>inducta</span> <span class='ocrx_word' id='word_1_853' title='bbox 3643 5395 3761 5462; x_wconf 63' lang='lat' dir='ltr'>est.</span> 
     </span>
    </p>
   </div>
   <div class='ocr_carea' id='block_1_125' title="bbox 2159 5462 3755 5535">
    <p class='ocr_par' dir='ltr' id='par_1_125' title="bbox 2159 5462 3755 5535">
     <span class='ocr_line' id='line_1_128' title="bbox 2159 5462 3755 5535; baseline -0.003 -16"><span class='ocrx_word' id='word_1_854' title='bbox 2159 5463 2276 5535; x_wconf 76' lang='grc'>(12)</span> <span class='ocrx_word' id='word_1_855' title='bbox 2308 5462 2605 5520; x_wconf 62' lang='grc' dir='ltr'>’κἐι.“θ‹1ὶι.</span> <span class='ocrx_word' id='word_1_856' title='bbox 2639 5480 2774 5535; x_wconf 84' lang='lat' dir='ltr'>cum</span> <span class='ocrx_word' id='word_1_857' title='bbox 2806 5479 2978 5530; x_wconf 87' lang='lat' dir='ltr'>mss.,</span> <span class='ocrx_word' id='word_1_858' title='bbox 3011 5463 3250 5535; x_wconf 85' lang='lat' dir='ltr'>aliquot,</span> <span class='ocrx_word' id='word_1_859' title='bbox 3271 5462 3755 5535; x_wconf 72' lang='lat' dir='ltr'>peccatiannun-</span> 
     </span>
    </p>
   </div>
   <div class='ocr_carea' id='block_1_126' title="bbox 2090 5533 3754 5606">
    <p class='ocr_par' dir='ltr' id='par_1_126' title="bbox 2090 5533 3754 5606">
     <span class='ocr_line' id='line_1_129' title="bbox 2090 5533 3754 5606; baseline -0.002 -17"><span class='ocrx_word' id='word_1_860' title='bbox 2090 5533 2307 5605; x_wconf 75' lang='lat' dir='ltr'>tiaeSt,</span> <span class='ocrx_word' id='word_1_861' title='bbox 2348 5537 2552 5590; x_wconf 84' lang='lat' dir='ltr'>eadem</span> <span class='ocrx_word' id='word_1_862' title='bbox 2583 5534 2720 5606; x_wconf 85' lang='lat' dir='ltr'>edit.</span> <span class='ocrx_word' id='word_1_863' title='bbox 2756 5535 2812 5587; x_wconf 89' lang='lat' dir='ltr'>in</span> <span class='ocrx_word' id='word_1_864' title='bbox 2851 5534 3140 5606; x_wconf 87' lang='lat' dir='ltr'>margine,</span> <span class='ocrx_word' id='word_1_865' title='bbox 3175 5551 3244 5587; x_wconf 83' lang='lat' dir='ltr'>ac.</span> <span class='ocrx_word' id='word_1_866' title='bbox 3291 5535 3457 5606; x_wconf 78' lang='lat' dir='ltr'>Hom.</span> <span class='ocrx_word' id='word_1_867' title='bbox 3499 5533 3557 5586; x_wconf 91' lang='lat' dir='ltr'>in</span> <span class='ocrx_word' id='word_1_868' title='bbox 3589 5535 3754 5586; x_wconf 73' lang='lat' dir='ltr'>textu</span> 
     </span>
    </p>
   </div>
   <div class='ocr_carea' id='block_1_127' title="bbox 2089 5604 3748 5673">
    <p class='ocr_par' dir='ltr' id='par_1_127' title="bbox 2089 5604 3748 5673">
     <span class='ocr_line' id='line_1_130' title="bbox 2089 5604 3748 5673; baseline -0.002 -13"><span class='ocrx_word' id='word_1_869' title='bbox 2089 5624 2220 5662; x_wconf 90' lang='lat' dir='ltr'>cum</span> <span class='ocrx_word' id='word_1_870' title='bbox 2264 5604 2411 5662; x_wconf 88' lang='lat' dir='ltr'>mss.</span> <span class='ocrx_word' id='word_1_871' title='bbox 2459 5622 2576 5660; x_wconf 89' lang='lat' dir='ltr'>uno</span> <span class='ocrx_word' id='word_1_872' title='bbox 2627 5605 2720 5659; x_wconf 86' lang='lat' dir='ltr'>vel</span> <span class='ocrx_word' id='word_1_873' title='bbox 2764 5605 2969 5672; x_wconf 87' lang='lat' dir='ltr'>altero,</span> <span class='ocrx_word' id='word_1_874' title='bbox 2991 5604 3242 5673; x_wconf 74' lang='lat' dir='ltr'>peccato</span> <span class='ocrx_word' id='word_1_875' title='bbox 3290 5604 3568 5673; x_wconf 75' lang='lat' dir='ltr'>adjuncta</span> <span class='ocrx_word' id='word_1_876' title='bbox 3620 5610 3748 5670; x_wconf 81' lang='lat' dir='ltr'>est,</span> 
     </span>
    </p>
   </div>
   <div class='ocr_carea' id='block_1_128' title="bbox 2085 5675 3498 5750">
    <p class='ocr_par' dir='ltr' id='par_1_128' title="bbox 2085 5675 3498 5750">
     <span class='ocr_line' id='line_1_131' title="bbox 2085 5675 3498 5750; baseline -0.001 -18"><span class='ocrx_word' id='word_1_877' title='bbox 2085 5678 2183 5733; x_wconf 84' lang='lat' dir='ltr'>alii</span> <span class='ocrx_word' id='word_1_878' title='bbox 2215 5678 2384 5734; x_wconf 92' lang='lat' dir='ltr'>codd.</span> <span class='ocrx_word' id='word_1_879' title='bbox 2419 5676 2884 5750; x_wconf 84' lang='lat' dir='ltr'>frequentissimi</span> <span class='ocrx_word' id='word_1_880' title='bbox 2916 5677 3228 5733; x_wconf 88' lang='lat' dir='ltr'>nobiscum</span> <span class='ocrx_word' id='word_1_881' title='bbox 3259 5675 3498 5730; x_wconf 84' lang='lat' dir='ltr'>faciunt.</span> 
     </span>
    </p>
   </div>
  </div>
