4128 6132
280 338 367 402 29
1284 334 1394 396 DE
1430 295 1778 397 amens
1812 295 2423 396 MINIS'rRoauM
2459 293 2717 394 nimi»;
2742 332 2790 393 Ι.
3666 336 3744 400 30

272 556 511 632 linquat
540 559 601 614 in
632 558 834 630 lingua
866 574 974 613 sua
1002 559 1030 612 9
1065 556 1135 611 Et
1163 556 1295 611 ideo
1345 514 1965 627 quia°neinimni5xis
1996 533 2041 587 Α
2074 548 2449 620 epembatur:
2480 548 2756 607 salutes»
2801 548 3101 609 hominum
3157 549 3292 623 (l7).
3365 552 3545 607 Recte
3594 567 3739 626 ergo

282 652 461 705 debat
493 652 763 704 sanctum
785 646 901 717 (i3)
942 664 1011 702 os
1044 662 1284 701 servare
1331 661 1510 715 posse
1543 645 1616 698 ab
1646 643 1959 697 immundi-

282 740 361 792 tia
387 740 710 807 sermonis,
736 739 864 807 ipse
898 737 1014 790 sibi
1066 736 1299 790 silentio
1332 735 1525 806 legem
1556 732 1833 803 imposuit
1864 732 1955 784 in-

281 828 578 882 nocentiae
605 844 619 895 ;
651 827 700 890 4
730 828 791 879 ut
822 825 1068 879 tacendo
1119 825 1352 894 culpam
1398 823 1745 889 declinaret,
1780 836 1955 891 quam

283 926 390 978 vix
420 924 685 996 effugere
716 926 922 994 posset
962 923 1275 994 loquendo.

350 1014 408 1067 '7.
458 1014 784 1067 Audiamus
824 1028 970 1084 ergo
1031 1012 1322 1066 cautionis
1370 1011 1721 1082 magistrum
1762 1026 1772 1063 :
1809 1009 1954 1062 Dixi

282 1102 615 1157 custodiam
655 1102 782 1156 vias
810 1118 991 1165 meas,
1016 1102 1127 1155 hoc
1148 1104 1237 1155 est
1268 1100 1403 1169 (14),
1438 1100 1557 1154 dixi
1582 1099 1743 1165 mihi,
1778 1098 1950 1152 tacito

282 1192 667 1262 cogitationis
700 1194 996 1261 praecepto
1044 1190 1229 1243 indixi
1286 1189 1447 1256 mihi,
1500 1191 1561 1242 ut
1594 1187 1953 1241 custodirem

276 1280 413 1333 vias
443 1296 629 1334 meas.
665 1280 812 1333 Aliae
872 1282 1009 1333 sunt
1063 1280 1176 1332 viae
1217 1294 1365 1349 quas
1415 1277 1700 1331 debemus
1757 1277 1948 1345 sequi,

276 1369 416 1421 aliae
440 1384 591 1439 quas
624 1368 923 1422 custodire
958 1384 969 1421 :
1005 1368 1174 1438 sequi
1207 1369 1335 1420 vias
1369 1367 1620 1434 Domini,
1656 1367 1952 1419 custodire

276 1460 524 1510 nostras
552 1472 566 1523 ;
600 1472 672 1510 ne
698 1457 755 1510 in
780 1457 1009 1526 culpam
1032 1457 1307 1527 dirigant.
1336 1457 1509 1509 Potes
1532 1458 1724 1509 autem
1749 1457 1952 1508 custo-

281 1545 435 1615 dire,
467 1545 521 1597 si
550 1562 668 1599 non
710 1547 822 1599 cito
856 1545 1140 1616 loquaris,
1178 1546 1299 1598 Lex
1331 1545 1489 1613 dicit,
1524 1544 1700 1606 Audi,
1738 1543 1946 1607 Israel,

282 1633 599 1687 Dominum
631 1634 814 1687 Deum
850 1641 1005 1687 tuum
1034 1633 1231 1699 (Deut.
1268 1651 1344 1687 v1.
1378 1631 1409 1687 3
1439 1633 1478 1702 ).
1515 1634 1647 1686 Non
1679 1633 1843 1697 dixit,
1870 1632 1952 1684 lo-

280 1738 489 1792 quere,
525 1722 631 1775 sed
663 1723 818 1775 andi.
854 1723 988 1776 Ideo
1045 1723 1166 1775 Eva
1214 1722 1380 1791 lapsa
1437 1725 1547 1788 est,
1592 1722 1727 1792 quia
1758 1722 1951 1775 locuta

285 1815 381 1864 est
414 1811 562 1878 viro,
609 1812 766 1881 quod
808 1828 927 1865 non
964 1812 1226 1865 audierat
1268 1826 1300 1862 a
1345 1811 1590 1865 Domino
1638 1811 1758 1864 Deo
1816 1826 1946 1863 suo.

278 1899 480 1953 Prima
510 1915 629 1953 vox
660 1900 763 1954 Dei
793 1900 935 1953 dicit
964 1901 1088 1969 tibi,
1110 1900 1287 1954 Audi.
1320 1900 1379 1953 Si
1413 1899 1619 1953 audias
1652 1897 1784 1967 ('15),
1810 1914 1950 1952 eus-

275 1988 436 2042 todis
461 1989 587 2042 vias
621 1992 752 2061 tuas
780 2005 793 2056 ;
853 1992 907 2042 et
939 1989 991 2042 si
1039 1989 1245 2059 lapsus
1286 2005 1371 2058 es,
1429 1989 1542 2041 cito
1576 1987 1849 2057 eorrigis.
1883 1987 1950 2039 In

276 2092 393 2148 quo
415 2077 564 2130 enim
586 2077 842 2149 corrigit
859 2078 1150 2149 juvenior
1178 2079 1355 2131 vitam
1378 2093 1561 2145 suum,
1591 2076 1712 2129 nisi
1738 2076 1799 2128 in
1822 2092 1951 2129 cus-

280 2166 562 2220 todiendo
610 2166 790 2220 verba
850 2166 1085 2220 Domini
1129 2166 1316 2232 (Psal.
1380 2182 1581 2233 cxvni,
1636 2166 1749 2228 9)?
1796 2165 1949 2219 Tace

280 2269 432 2324 ergo
465 2255 650 2323 prius,
672 2257 728 2309 et
749 2256 905 2323 audi,
932 2258 993 2309 ut
1023 2271 1141 2309 non
1164 2256 1473 2325 delinquas
1508 2255 1567 2307 in
1597 2254 1800 2323 lingua
1830 2256 1946 2307 tua.

351 2346 407 2395 8.
451 2343 642 2397 Grave
686 2345 905 2398 malum
934 2348 995 2398 ut
1042 2345 1256 2415 aliquis
1289 2360 1391 2398 ore
1450 2359 1560 2397 suo
1594 2342 1951 2396 condemne-

282 2432 397 2484 tur.
428 2432 655 2485 Etenim
687 2433 738 2486 si
768 2449 876 2502 pro
901 2435 1091 2488 otioso
1113 2433 1296 2488 verbo
1317 2433 1522 2487 reddet
1542 2433 1951 2502 unusquisque

281 2522 577 2575 rationem
608 2522 844 2589 (Matth.
878 2540 979 2591 xu,
1012 2522 1124 2591 36),
1158 2525 1374 2592 quanto
1408 2522 1599 2592 magis
1630 2537 1737 2590 pro
1768 2520 1950 2574 verbo

273 2610 632 2679 impuritatis
690 2615 745 2664 et
785 2612 1209 2681 turpitudinis!
1270 2611 1553 2665 Graviora
1602 2610 1757 2663 enim
1815 2611 1953 2662 sunt

276 2698 461 2752 verba
494 2700 979 2770 prmcipitationis
1021 2716 1197 2770 quam
1247 2701 1455 2753 otiosa.
1518 2698 1699 2770 Ergo,
1761 2698 1814 2752 si
1844 2713 1950 2767 pro

278 2789 473 2841 otioso
504 2788 692 2841 verbo
723 2790 870 2842 ratio
899 2789 1186 2859 poscitur,
1215 2792 1434 2858 quanto
1458 2788 1651 2858 magis
1680 2803 1785 2857 pro
1818 2802 1949 2841 ser-

278 2891 453 2931 mone
484 2877 801 2946 impietatis
834 2894 1005 2947 pmna
1045 2878 1377 2931 exsolvitur
1411 2875 1421 2931 !

912 3020 1161 3074 CAPUT
1210 3021 1301 3073 III.

275 3126 413 3181 Non
429 3132 777 3198 perpetuum
801 3144 909 3181 nec
938 3129 1185 3182 otiosum
1210 3143 1344 3182 esse
1367 3126 1593 3182 debere
1610 3125 1942 3181 silentium:

1985 1852 2034 1911 Β

2072 639 2256 692 David
2296 656 2414 693 non
2467 640 2767 694 silentium
2811 639 2926 693 sibi
2969 639 3178 692 indixit
3227 644 3594 712 perpetuum,
3630 643 3739 697 sed

2073 729 2423 781 custodiam.

2124 813 2209 869 10.
2235 816 2653 871 Custodiamus
2686 833 2830 887 ergo
2865 833 2968 871 cor
3008 818 3298 886 nostrum,
3335 819 3737 873 custodiamus

2070 919 2138 958 os
2170 908 2477 974 nostrum;
2514 909 2824 975 utrumque
2860 904 3016 959 enim
3046 905 3333 974 scriptum
3363 908 3453 959 est
3481 922 3491 961 :
3528 907 3643 974 hic,
3679 910 3740 961 ut

2069 1007 2136 1046 os
2189 994 2613 1062 custodiamus,
2661 994 2801 1047 alibi
2833 994 2937 1046 tibi
2989 993 3220 1061 dicitur,
3269 994 3440 1047 Omni
3469 995 3734 1049 custodia

2068 1097 2247 1135 serva
2272 1098 2373 1135 cor
2405 1087 2560 1136 tuum
2591 1082 2759 1151 (Pro.
2784 1100 2861 1145 ιν,
2896 1083 3006 1141 23).
3041 1082 3101 1135 Si
3119 1082 3491 1136 custodiebat
3522 1083 3726 1146 David,

2065 1173 2125 1223 tu
2156 1186 2271 1224 non
2296 1171 2598 1224 custodias
2621 1174 2648 1224 ἶ)
2678 1172 2739 1224 Si
2762 1171 3058 1224 immunda
3075 1170 3225 1224 labia
3252 1171 3505 1225 habebat
3524 1172 3732 1237 Isaias,

2066 1260 2163 1328 qui
2187 1258 2332 1312 dixit
2366 1275 2377 1313 :
2416 1258 2462 1312 0
2492 1260 2678 1313 miser
2709 1275 2834 1330 ego,
2873 1261 3138 1330 quoniam
3179 1265 3557 1330 compunctus
3579 1277 3726 1330 sum,

2067 1348 2197 1418 quia
2221 1364 2346 1401 enin
2378 1348 2489 1401 sim
2505 1349 2686 1412 homo,
2716 1354 2773 1402 et
2803 1349 3098 1402 immunda
3130 1348 3287 1403 labia
3319 1348 3567 1402 habeam
3588 1349 3730 1417 (lsa.

2065 1452 2140 1500 v1,
2177 1438 2251 1504 5),
2291 1436 2341 1489 si
2373 1437 2658 1506 propheta
2696 1437 2923 1490 Domini
2959 1437 3255 1490 immunda
3280 1436 3532 1491 habebat
3555 1437 3731 1506 labia,

2067 1525 2363 1594 quomodo
2395 1541 2505 1578 nos
2538 1526 2753 1579 munda
2789 1525 3075 1578 habemus
3116 1528 3143 1578 ἱ)

2120 1611 2206 1665 11.
2234 1612 2305 1665 Et
2347 1613 2461 1679 cui,
2488 1614 2603 1665 nisi
2634 1614 2931 1683 inicuique
2974 1617 3242 1667 nostrum
3276 1614 3561 1684 scriptum
3597 1618 3687 1668 est
3720 1631 3731 1669 :

2067 1699 2212 1771 Sepi
2235 1704 2674 1772 possessionem
2699 1708 2850 1755 tuam
2874 1703 3132 1772 spinis...
3172 1709 3229 1756 et
3261 1709 3570 1772 argentum
3613 1706 3657 1766 5
3679 1710 3736 1758 et

2066 1814 2271 1851 aurum
2306 1805 2464 1852 tuum
2497 1799 2696 1870 alliga,
2733 1806 2789 1853 et
2814 1801 2907 1854 ori
2932 1806 3026 1854 tuo
3057 1800 3148 1853 fac
3167 1802 3379 1854 ostium
3394 1806 3452 1854 et
3488 1808 3733 1871 vectem,

2067 1893 2123 1941 et
2160 1889 2691 1960 ver/u'tuisjugum
2734 1896 2790 1942 et
2819 1896 3105 1944 stateram
3143 1890 3357 1959 (Eecli.
3393 1907 3598 1957 xxvm,
3644 1892 3732 1959 ‘28,

2064 1973 2186 2045 ‘29)?
2238 1978 2557 2032 Possessio
2588 1981 2686 2032 tua
2718 1994 2885 2033 mens
2915 1983 3013 2033 tua
3042 1982 3133 2033 est
3158 1995 3168 2033 :
3195 1996 3404 2033 aurum
3430 1983 3595 2034 tuum
3633 1995 3738 2033 eor

2063 2068 2228 2119 tuum
2273 2070 2409 2120 est:
2445 2071 2755 2138 argentum
2813 2071 2975 2121 tuum
3025 2069 3324 2138 eloquium
3372 2071 3535 2123 tuum
3585 2070 3677 2122 est
3720 2084 3732 2123 :

2062 2154 2309 2225 Eloquia
2334 2156 2587 2225 Domini,
2623 2156 2848 2227 eloquia
2881 2162 3062 2222 casta,
3090 2162 3400 2227 argentum
3422 2159 3560 2227 igne
3591 2173 3735 2210 exa-

2065 2244 2345 2296 minatum
2378 2244 2568 2309 (Psal.
2595 2261 2673 2311 χι,
2700 2244 2775 2312 7).
2824 2246 2984 2299 Bona
3017 2245 3190 2298 etiam
3222 2246 3533 2313 possessio
3566 2261 3734 2299 mens

2066 2331 2240 2385 bona.
2270 2332 2535 2402 Denique
2584 2333 2898 2401 possessio
2930 2333 3191 2402 pretiosa
3231 2332 3405 2387 homo
3454 2334 3730 2386 mundus.

2067 2420 2204 2489 Sepi
2237 2436 2381 2490 ergo
2414 2421 2566 2474 hanc
2588 2422 3061 2490 possessionem.
3083 2424 3137 2474 et
3156 2421 3595 2475 circumvallato
3628 2437 3732 2475 co-

2067 2509 2474 2579 gitationibus,
2527 2510 2750 2563 munito
2798 2510 3010 2580 spinis,
3051 2509 3552 2563 sollicitudinibus
3597 2507 3733 2579 (18),

2067 2612 2139 2651 ne
2168 2598 2228 2650 in
2251 2613 2379 2651 eam
2402 2599 2645 2665 irruant,
2671 2601 2725 2652 et
2745 2598 3031 2668 captivam
3051 2598 3269 2651 ducant
3298 2597 3735 2652 irrationabiles

2069 2687 2337 2755 corporis
2370 2687 2707 2756 passiones,
2741 2702 2813 2740 ne
2844 2687 3151 2740 incursent
3175 2688 3369 2740 motus
3388 2702 3628 2757 graves,
3662 2702 3735 2742 ne

2066 2774 2341 2844 diripiant
2371 2775 2726 2828 vindemiam
2776 2776 2889 2843 (19)
2928 2773 3083 2845 ejus,
3132 2777 3509 2829 transeuntes
3552 2776 3730 2830 viam.

2065 2863 2308 2917 Custodi
2338 2864 2677 2918 interiorem
2709 2864 3200 2917 hominemtuum.
3228 2863 3361 2917 Noli
3387 2879 3520 2917 eum
3554 2864 3727 2935 quasi

2065 2952 2243 3005 vilem
2275 2953 2583 3023 negligere
2616 2970 2684 3005 ac
2718 2952 3005 3022 fastidire,
3040 2952 3177 3023 quia
3208 2952 3467 3022 pretiosa
3498 2968 3738 3022 posses-

2066 3040 2156 3094 sio
2171 3043 2281 3094 est.
2306 3040 2375 3093 Et
2391 3041 2595 3094 merito
2610 3041 2886 3110 pretiosa,
2906 3039 3081 3110 cujus
3099 3040 3326 3094 fructus
3341 3056 3459 3094 non
3473 3041 3734 3096 caducus

2066 3129 2503 3198 ettemporalis,
2529 3129 2635 3182 sed
2656 3128 2887 3181 stabilis
2917 3132 3091 3205 atque
3119 3131 3355 3182 aeternae
3389 3128 3599 3182 salutis
3621 3131 3732 3183 est.

347 3224 407 3269 et
442 3232 550 3287 quo
594 3222 765 3286 pacto
797 3217 1060 3271 custodia
1101 3217 1269 3271 cordi
1309 3232 1375 3271 ac
1418 3217 1510 3270 ori
1540 3221 1744 3269 contra
1782 3215 1948 3268 inor-
1980 3184 2031 3246 Ο
2064 3218 2201 3272 (ῑοίθ
2221 3233 2365 3288 ergo
2380 3218 2837 3287 possessionem
2866 3203 3122 3283 tuam,ut
3155 3216 3275 3269 sint
3302 3215 3406 3269 tibi
3436 3216 3564 3287 agri
3597 3214 3730 3285 (‘20).

351 3305 591 3359 dinatos
621 3304 871 3359 atl‘ectus
910 3306 1253 3359 adhibenda
1286 3307 1387 3358 sit.

347 3393 401 3447 9.
434 3392 585 3457 Quid
618 3393 799 3465 igitur
825 3396 852 3447 ‘2
884 3394 1076 3448 Mutos
1134 3410 1245 3447 nos
1300 3409 1437 3447 esse
1471 3395 1747 3462 oportet?
1782 3393 1948 3447 Mini—

276 3498 392 3535 me.
421 3482 525 3535 Est
556 3483 711 3536 enim
743 3486 974 3552 tempus
1016 3482 1269 3551 tacendi,
1328 3485 1385 3536 et
1438 3487 1529 3535 est
1579 3484 1810 3551 tempus
1857 3483 1946 3536 lo-

276 3571 497 3643 quendi
523 3571 782 3639 (Ecclus.
807 3589 887 3638 in,
920 3572 996 3642 '7),
1050 3572 1271 3625 Deinde
1304 3571 1358 3625 si
1390 3588 1496 3641 pro
1538 3572 1730 3625 otioso
1764 3572 1946 3626 verbo

275 3660 587 3715 reddimus
617 3660 917 3722 rationem,
960 3661 1267 3715 videamus
1298 3677 1372 3714 ne
1404 3660 1722 3715 reddamus
1753 3664 1809 3714 et
1840 3676 1947 3731 pro

276 3750 474 3803 otioso
506 3749 763 3803 silentio.
807 3749 911 3803 Est
942 3750 1098 3803 enim
1128 3753 1184 3803 ct
1207 3749 1586 3820 negotiosum
1618 3748 1730 3815 (15)
1776 3749 1951 3803 silen-

274 3840 456 3907 tium;
519 3841 582 3892 ut
611 3842 733 3893 erat
764 3838 1072 3904 Susanna,
1109 3840 1265 3910 (quze
1310 3839 1444 3908 plus
1496 3838 1617 3909 egit
1676 3838 1945 3906 tacendo,

278 3944 461 3999 quam
494 3928 545 3981 si
577 3932 737 3982 esset
784 3928 976 3982 locuta
999 3927 1170 3997 (Dan.
1205 3945 1327 3996 xm,
1360 3926 1435 3996 3).
1478 3927 1751 3981 'I‘acendo
1792 3927 1947 3980 enim

275 4018 435 4087 apud
472 4016 762 4086 homines,
812 4018 1006 4071 locuta
1057 4020 1149 4070 est
1195 4017 1336 4084 Deo,
1382 4032 1489 4069 nec
1538 4016 1718 4069 ullum
1750 4015 1945 4086 majus

274 4106 563 4160 indicium
598 4122 722 4160 sum
767 4106 1054 4160 castitatis
1113 4105 1353 4174 invenit,
1407 4121 1582 4175 quam
1623 4104 1943 4158 silentium.

272 4194 655 4249 Conscientia
685 4194 1056 4265 loquebatur,
1089 4194 1191 4247 ubi
1223 4210 1340 4248 vox
1390 4209 1507 4247 non
1551 4193 1897 4247 audiebatur
1930 4208 1942 4246 :

275 4300 387 4338 nec
420 4283 725 4354 quaerebat
754 4300 860 4354 pro
892 4299 959 4337 se
1006 4283 1307 4336 hominum
1334 4281 1644 4353 judicium,
1680 4298 1813 4352 quae
1836 4282 1945 4335 ha-

274 4372 457 4427 bebat
507 4372 734 4426 Domini
767 4372 1187 4426 testimonium.
1230 4370 1320 4424 Ab
1353 4370 1451 4424 illo
1483 4371 1664 4441 igitur
1710 4370 1944 4424 volebat

275 4460 532 4529 absolvi,
565 4477 740 4532 quem
763 4461 990 4514 sciebat
1018 4460 1179 4514 nullo
1212 4459 1385 4513 modo
1418 4474 1599 4528 posse
1640 4458 1781 4512 falli.
1810 4459 1943 4528 Ipse

276 4550 567 4605 Dominus
616 4551 675 4604 in
726 4548 1047 4620 Evangelio
1099 4548 1336 4618 (.tlattli.
1389 4564 1551 4617 xxv1,
1605 4546 1695 4618 63)
1742 4551 1943 4602 tacens

346 4726 461 4800 (13)
495 4727 724 4793 Erasm,
758 4731 813 4781 et
845 4742 1013 4798 seqq.
1048 4726 1183 4781 edit.
1222 4741 1355 4780 cum
1394 4725 1601 4796 paucis
1635 4741 1805 4796 mss.,
1842 4743 1941 4779 ca-

277 4807 433 4854 stum
456 4816 522 4854 os
553 4815 826 4853 scrvare.

328 4871 443 4939 (Η)
475 4870 706 4924 Erasm.
740 4874 796 4924 et
828 4884 956 4940 seq.
993 4868 1153 4933 edit.,
1178 4868 1298 4940 [τοο
1330 4873 1421 4922 est
1453 4868 1651 4923 tacito.

330 4942 447 5008 (15)
477 4943 557 4994 Ita
591 4958 760 5003 mss.,
805 4939 1071 5009 exceptis
1118 4939 1328 5007 tribus,
1382 4954 1634 5009 quorum
1675 4954 1832 4992 unus
1861 4939 1943 4992 le-

276 5015 359 5084 git
391 5013 712 5079 custodias,
732 5012 895 5084 alter
922 5015 1134 5084 autem,
1170 5011 1288 5063 cito
1319 5010 1595 5084 corrigas
1626 5030 1641 5072 ;
1673 5010 1810 5084 edig
1848 5027 1940 5084 ve-

277 5081 341 5138 ro
365 5101 498 5137 cum
531 5100 677 5137 mss.
716 5083 885 5150 Full.,
919 5083 973 5134 si
994 5081 1654 5147 audiscustodismom.
1689 5084 1746 5134 et
1768 5081 1939 5148 Full.,

274 5156 530 5221 custodi)
557 5172 683 5207 γωδ
718 5161 847 5207 tuas
883 5169 893 5207 :
930 5159 987 5206 et
1020 5153 1076 5204 si
1096 5152 1295 5220 lapsus
1318 5166 1401 5215 es,
1429 5152 1547 5206 cito
1568 5152 1827 5221 corrige.
1858 5153 1944 5203 ln-

275 5227 362 5280 fra
397 5230 589 5279 autem
622 5226 719 5279 ubi
752 5242 826 5279 ex
876 5240 1020 5277 mss.
1056 5222 1177 5276 fere
1217 5222 1493 5276 omnibus
1542 5223 1940 5291 reposuimus,

278 5308 336 5351 ul
370 5314 485 5351 non
518 5297 870 5368 delinquas,
910 5296 1044 5348 edit.
1093 5310 1225 5347 cum
1267 5293 1473 5363 paucis
1513 5310 1662 5347 mss.
1714 5294 1939 5365 legunt,

276 5378 333 5423 et
371 5385 485 5439 non
518 5368 847 5439 delinquas.

325 5438 443 5495 liti)
473 5440 607 5493 Gill.
640 5436 708 5492 ac
737 5441 903 5492 item.
938 5437 1099 5507 edit.,
1140 5442 1231 5490 est
1269 5436 1423 5489 enim
1448 5453 1716 5509 magnum
1760 5440 1817 5488 et
1852 5452 1945 5489 ne-

270 5513 615 5583 gotiosuzn..
846 5566 876 5583 ί,

325 5583 445 5645 ti?)
492 5582 706 5651 Seripti
753 5581 922 5635 codd.
970 5596 1185 5651 magno
1229 5595 1494 5647 numero,
1538 5579 1786 5632 salutem
1821 5594 1943 5651 om-

272 5657 433 5707 nium
448 5673 465 5711 ,υ
498 5649 679 5723 aliqui
710 5657 895 5706 tamen
928 5655 984 5705 et
1026 5649 1234 5706 omnes
1278 5651 1440 5720 edit.,
1475 5650 1724 5706 salutem
1756 5649 1943 5703 homi-

274 5742 430 5781 IIUIR.

2126 3307 2205 3359 1:2.
2234 3306 2427 3377 Alliga
2460 3321 2798 3359 sermonem
2829 3308 3012 3373 tuum,
3049 3320 3121 3357 ne
3154 3303 3427 3371 luxuriet,
3460 3319 3534 3358 ne
3566 3303 3737 3359 lasci-

2064 3395 2200 3462 viat,
2247 3399 2302 3448 et
2358 3394 2726 3464 multiloquio
2773 3396 3010 3463 peccata
3045 3392 3159 3445 sibi
3194 3391 3451 3463 colligat.
3485 3391 3571 3446 Sit
3599 3408 3733 3447 res-

2064 3484 2310 3550 trictior,
2347 3486 2403 3537 et
2450 3483 2598 3553 ripis
2632 3483 2760 3536 suis
2794 3484 3155 3536 coerceatur.
3190 3479 3317 3535 Cito
3351 3481 3534 3534 lutum
3567 3480 3735 3535 colli-

2065 3572 2150 3643 git
2179 3573 2370 3626 amnis
2405 3572 2734 3625 exundans.
2786 3571 2980 3641 Alliga
3013 3585 3259 3623 sensum
3288 3572 3472 3636 tuum,
3515 3585 3633 3623 non
3656 3570 3734 3624 sit

2062 3661 2357 3714 remissus
2390 3677 2457 3713 ac
2509 3660 2759 3729 deﬂuus,
2800 3676 2871 3712 ne
2932 3659 3161 3712 dicatur
3199 3658 3270 3711 de
3320 3661 3376 3711 te
3412 3673 3423 3711 :
3458 3657 3592 3712 Non
3642 3663 3735 3712 est

2062 3748 2348 3819 malagma
2397 3764 2705 3820 HIJIlOItt’t‘t’,
2751 3765 2934 3819 neque
2967 3747 3183 3814 oleum,
3226 3762 3412 3816 neque
3455 3745 3733 3816 alligatu-

2065 3837 2348 3908 ram(lsa.
2384 3855 2420 3905 ι,
2456 3837 2531 3905 6).
2567 3837 2757 3891 Habet
2788 3853 2929 3890 suas
2954 3837 3218 3891 habenas
3250 3834 3465 3888 mentis
3499 3833 3733 3888 sobrie-

2063 3932 2174 3993 tas,
2210 3926 2429 3997 quibus
2460 3926 2689 3997 regitur
2716 3928 2770 3979 et
2804 3925 3188 3996 gubernatur.

2138 4013 2223 4069 13.
2259 4015 2345 4068 Sit
2375 4014 2463 4068 ori
2492 4018 2591 4069 tuo
2624 4015 2859 4079 ostium,
2896 4018 2958 4067 ut
2985 4014 3290 4068 claudatur
3322 4012 3422 4067 ubi
3447 4014 3675 4082 oportet
3712 4026 3723 4066 :

2062 4106 2119 4159 et
2150 4104 2464 4158 obseretur
2485 4103 2847 4173 diligentius,
2869 4118 2942 4157 ne
2966 4103 3100 4173 quis
3118 4102 3175 4156 in
3195 4101 3559 4156 iracundiam
3577 4100 3730 4154 exci-

2059 4196 2142 4246 tet
2192 4208 2398 4246 vocem
2456 4196 2631 4260 tuam,
2680 4194 2736 4245 et
2786 4190 3199 4244 contumeliam
3247 4189 3540 4261 rependas
3587 4205 3733 4243 con-

2058 4282 2337 4335 tumeliae.
2374 4280 2603 4334 Audisti
2644 4279 2817 4333 hodie
2850 4280 3067 4333 lectum
3104 4294 3115 4333 :
3171 4278 3513 4333 Irascimini
3542 4283 3600 4332 et
3634 4291 3732 4329 no-

2058 4370 2168 4425 lite
2213 4385 2464 4441 peccare
2506 4368 2693 4437 (Psal.
2746 4385 2825 4437 vr,
2888 4367 2963 4437 5).
3007 4368 3166 4439 Ergo
3217 4369 3331 4422 etsi
3392 4365 3726 4432 irascimur,

2058 4460 2197 4530 quia
2225 4458 2472 4513 affectus
2504 4461 2727 4513 naturae
2772 4459 2865 4511 est
2892 4455 3028 4527 (‘21),
3063 4471 3182 4511 non
3212 4453 3521 4525 potestatis
3557 4467 3570 4506 :
3604 4466 3730 4505 ma-

2060 4548 2179 4602 lum
2209 4563 2545 4603 sermonem
2576 4563 2693 4601 non
2722 4545 3096 4617 proferamus
3144 4544 3215 4595 de
3255 4555 3356 4594 ore
3395 4541 3621 4608 nostro,
3656 4554 3730 4593 ne

2130 4726 2241 4796 (18)
2278 4728 2406 4780 Ant.
2461 4725 2623 4789 edit.,
2688 4722 2880 4796 spinis
2907 4718 3731 4796 sollicitudinum_3_quaedam

2057 4799 2117 4851 in
2140 4788 2333 4867 marg.
2369 4800 2425 4849 et
2452 4788 2628 4867 pauci
2656 4788 2813 4867 mss.
2840 4792 2897 4844 in
2928 4807 3114 4867 co_rp_.,
3133 4791 3279 4867 piis
3299 4788 3729 4867 sollicitudini:

2058 4869 2190 4938 bus,
2224 4860 2582 4938 qdodR-om.
2617 4865 2677 4938 in
2708 4862 3190 4938 testnmadmisit.
3228 4862 3374 4938 Mss.
3408 4863 3602 4938 autem
3624 4860 3720 4938 alii

2059 4933 2185 4993 non
2232 4933 2423 5007 pauci,
2474 4936 2668 5007 spinis
2698 4933 3159 5007 sollicitudinis,-
3197 4933 3433 5007 pluresﬁ
3448 4934 3643 5007 tamen
3675 4933 3732 4985 et

2058 5002 2429 5080 proba—tiores
2456 5049 2469 5076 ,
2504 5002 2770 5080 'spinis,_
2811 5004 3337 5080 sollicitudinibus.
3396 5002 3529 5071 Big.
3582 5017 3727 5080 vero

2059 5072 2369 5148 utrumque
2391 5121 2404 5147 ,
2437 5072 2647 5148 spinis,
2682 5075 2803 5148 piis
2834 5074 3359 5148 sollicitudinibus,
3395 5072 3726 5148 non‘male.

2131 5151 2244 5221 (t9)
2278 5142 2422 5203 Mss.
2454 5142 2695 5220 aliquot'
2728 5151 2783 5200 et
2825 5147 2958 5200 Gill.
2994 5147 3052 5200 in
3097 5162 3308 5216 marg,
3356 5160 3430 5198 ne
3474 5142 3732 5197 disrum-

2053 5229 2198 5295 pan_t
2230 5221 2602 5295 vindemiam:

2132 5292 2244 5361 (220)
2278 5294 2356 5345 Ita
2389 5296 2501 5345 vet.
2529 5291 2666 5345 edit.
2699 5305 2767 5341 ac
2798 5303 2982 5361 prope
3021 5303 3226 5361 omnes
3262 5302 3409 5361 mss.
3448 5287 3533 5361 At
3556 5286 3725 5340 Rom.

2061 5354 2194 5419 cum
2227 5354 2395 5417 codd.
2430 5363 2560 5415 aliis
2623 5354 2942 5427 nonnullis,
2982 5366 3040 5411 ut
3071 5360 3192 5410 sint
3238 5358 3349 5410 tibi
3392 5358 3561 5428 agni,
3597 5373 3730 5426 quae

2060 5438 2230 5490 etiam
2262 5436 2498 5489 annotat
2530 5434 2589 5485 in
2620 5447 2805 5499 marg.
2835 5430 3018 5484 I’rov.
3070 5446 3254 5491 xxvn,
3316 5443 3527 5496 nempe
3560 5442 3724 5499 vers,

2059 5507 2148 5573 illi,
2182 5523 2388 5561 verum
2428 5520 2574 5558 eone
2620 5495 2949 5571 respexerit
2992 5503 3235 5554 sanctus
3268 5495 3517 5565 Prmsul,
3573 5495 3727 5548 haud

2061 5579 2208 5632 satis
2240 5581 2413 5647 patet.

2130 5636 2256 5718 (21Ῐῖ
2278 5648 2426 5701 Edit.
2451 5647 2669 5718 ultimae
2699 5647 2889 5701 Paris.
2927 5659 2993 5697 ac
3028 5642 3447 5718 mss,aliquot,
3482 5636 3646 5707 Ergo
3663 5641 3725 5690 et

2062 5720 2399 5782 irascimur,
2427 5719 2557 5790 quia
2578 5717 2828 5772 ell‘ectus
2852 5722 3078 5772 naturae
3102 5717 3214 5768 est.
