4002 6150
381 330 458 395 31
1245 339 1252 346 _
1693 250 2049 384 τέ

2186 247 2454 386 Ξ
2509 255 2555 330 ’Ξ
3739 320 3812 382 32

381 551 442 606 in
475 548 705 620 culpam
743 563 984 602 ruamus
1023 561 1035 603 :
1072 545 1176 601 sed
1203 499 1936 618 ἀαᾴιίιηὲεξιιένξίδίεοειῖίίξ
1985 499 2049 597 et‘

2186 514 2248 598 ιῐιξ
2269 502 2424 612 Eadd,
2455 519 2532 597 δέ
2562 511 2882 599 ᾗέιῆοοιωι
2929 540 3292 612 adversario,
3343 540 3451 596 sed
3489 555 3609 596 non
3650 539 3810 595 multi

381 642 618 706 statera,
653 637 766 692 hoc
797 639 888 692 est
904 636 1393 706 humilitasatque
1407 649 1721 701 mensura;
1755 635 1818 687 ut
1838 632 2043 704 lingua

379 729 477 782 tua
508 726 686 781 menti
719 725 953 779 subdita
983 724 1080 778 sit.
1117 724 1534 795 Rostringatur
1558 723 1806 776 habenae
1837 720 2046 774 vincu-

381 815 704 885 lis,\frenos
735 813 946 868 habeat
993 829 1160 882 suos,
1195 813 1413 883 quibus
1453 811 1724 865 revocari
1756 809 1948 880 possit
1969 809 2042 862 ad

381 919 740 970 mensuram,
767 917 1078 956 sermones
1101 901 1362 972 proferat
1379 900 1526 954 libra
1541 899 1908 954 examinatos
1922 897 2050 968 jus-

380 993 541 1060 titiae,
573 995 637 1046 ut
666 991 744 1044 sit
775 991 1037 1063 gravitas
1069 991 1128 1044 in
1160 1005 1366 1057 sensu,
1401 990 1461 1044 in
1491 1003 1767 1044 sermone
1785 987 2042 1059 pondus,

379 1082 553 1152 atque
581 1080 643 1134 in
665 1079 867 1136 verbis
890 1079 1123 1135 modus.

1023 1256 1276 1311 CAPUT
1309 1257 1402 1312 1V.

379 1401 606 1456 Eadem
639 1401 902 1456 custodia
913 1401 1298 1472 prospicitur,
1328 1416 1402 1454 ne
1424 1415 1455 1454 a
1479 1399 1692 1471 pravis
1723 1380 2046 1469 mentibus,

433 1488 544 1543 sed
553 1505 586 1543 a
606 1495 771 1544 recta
795 1489 1028 1543 ratione
1043 1489 1294 1560 prodeat
1317 1489 1508 1544 oratio
1535 1503 1546 1544 :
1573 1488 1634 1542 in
1655 1503 1763 1560 qua
1799 1485 2048 1558 potissié

437 1594 589 1633 mum
622 1577 794 1633 nobis
810 1577 1080 1633 diabolus
1102 1577 1448 1633 insidiatur.

437 1699 501 1756 14
535 1701 678 1756 Haec
701 1702 756 1756 si
787 1701 1078 1758 custodiat
1099 1701 1343 1773 aliquis,
1369 1702 1432 1756 ﬁt
1465 1701 1644 1772 mitis,
1678 1702 2046 1771 mansuetus,

386 1791 710 1846 modestus.
745 1791 1144 1846 Custodiendo
1175 1791 1331 1846 enim
1367 1807 1436 1845 os
1467 1807 1640 1846 suum
1659 1789 1798 1862 (22),
1824 1792 1880 1846 et
1909 1790 2048 1845 reti-

385 1880 578 1935 nendo
601 1880 862 1952 linguam
892 1895 1080 1950 suam,
1116 1896 1224 1935 nec
1246 1881 1412 1950 prius
1436 1879 1731 1952 loquendo
1755 1895 1929 1951 quam
1959 1879 2045 1932 in-

383 1970 678 2041 terroget,
732 1971 790 2024 et
845 1968 1142 2040 expendat
1169 1971 1344 2040 atque
1375 1969 1670 2023 examinet
1699 1967 1882 2022 verba
1937 1983 2047 2022 sua

386 2055 521 2126 (23),
547 2057 600 2112 si
619 2057 932 2112 dicendum
963 2057 1096 2127 hoc,
1129 2057 1183 2112 si
1212 2057 1526 2112 dicendum
1547 2057 1840 2112 adversus
1868 2057 2046 2127 hunc,

388 2145 442 2200 si
470 2149 701 2216 tempus
725 2147 1021 2200 sermonis
1054 2146 1235 2218 hujus
1266 2149 1375 2217 est,
1417 2147 1471 2200 is
1506 2145 1774 2216 profecto
1813 2147 2054 2200 exercet

386 2235 754 2304 modestiam,
789 2249 857 2288 ac
893 2235 1432 2302 mansuetudinem,
1467 2238 1524 2288 et
1556 2235 1932 2306 patientiam;
1991 2235 2054 2287 ut

389 2339 507 2378 non
543 2339 620 2378 ex
672 2323 1076 2395 indignatione
1107 2327 1164 2378 et
1183 2325 1268 2378 ira
1296 2323 1357 2378 in
1388 2339 1724 2378 sermonem
1761 2324 2048 2394 erumpat,

387 2429 504 2469 non
527 2411 782 2483 alicujus
812 2411 1116 2482 passionis
1143 2411 1431 2484 judicium
1465 2413 1560 2467 det
1583 2411 1640 2466 in
1661 2411 1865 2466 verbis
1897 2411 2049 2480 suis,

388 2517 508 2559 non
535 2501 806 2556 ardorem
853 2500 1122 2555 libidinis
1177 2502 1476 2555 ﬂammare
1519 2501 1581 2554 in
1617 2514 1895 2555 sermone
1937 2513 2050 2554 suo

387 2591 626 2662 indicet,
661 2594 703 2657 6
729 2593 785 2644 et
809 2589 1010 2644 inesse
1040 2590 1214 2644 dictis
1245 2589 1374 2644 suis
1405 2589 1681 2644 stimulos
1705 2587 2048 2658 iracundiae,

388 2698 462 2738 ne
494 2698 691 2738 sermo
721 2686 1020 2754 postremo
1061 2684 1161 2755 qui
1195 2683 1607 2738 commendare
1640 2683 1921 2738 interiora
1953 2681 2054 2735 dc-

387 2771 506 2842 bet,
557 2773 760 2827 vitium
803 2771 1041 2844 aliquod
1077 2787 1216 2828 esse
1248 2772 1320 2826 in
1370 2771 1667 2842 moribus,
1718 2769 1944 2842 aperiat
1994 2769 2055 2824 et

387 2861 616 2933 prodat.

460 2967 547 3024 15.
581 2969 744 3024 Tunc
789 2971 943 3026 enim
985 2971 1238 3027 maxime
1289 2970 1602 3026 insidiatur
1636 2965 2048 3036 adversarius,

389 3059 623 3129 quando
666 3058 826 3114 videt
871 3060 1044 3115 nobis
1085 3061 1402 3130 passiones
1434 3059 1664 3130 aliquas
1707 3056 1982 3129 generari
2035 3070 2047 3110 :

387 3149 527 3202 tunc
557 3147 793 3203 fomites
814 3149 1290 3220 movet,laqueos
1311 3150 1492 3220 parat.
1521 3147 1689 3202 Unde
1708 3162 1824 3201 non
1845 3146 2050 3199 imme-
2085 3152 2136 3214 ο

387 3237 519 3307 rito,
552 3237 706 3292 sicut
734 3238 950 3292 audisti
983 3239 1154 3294 hodie
1195 3239 1334 3312 legi.
1373 3238 1660 3308 Propheta
1688 3236 1865 3291 dicit:
1902 3234 2048 3300 Quia

389 3326 518 3399 ipse
531 3326 726 3381 libera
739 3327 820 3380 vit
833 3328 1053 3398 1220(24)
1068 3329 1141 3382 de
1158 3327 1363 3400 laqueo
1387 3327 1719 3383 venantium
1742 3331 1800 3381 et
1815 3342 1845 3380 a
1871 3324 2054 3380 verbo

390 3431 602 3487 aspero
637 3414 827 3484 (Psal.
863 3432 958 3486 xc,
999 3415 1076 3486 3).
1111 3417 1500 3488 Symmachus
1549 3414 1892 3470 irritationis
1940 3411 2054 3484 (‘25)

387 3503 636 3560 verbum
665 3503 830 3574 dixit,
867 3504 964 3558 alii
995 3505 1475 3576 perturbationis.
1520 3505 1796 3576 Laqueus
1847 3502 2054 3556 adver-

390 3594 534 3648 sarii
555 3597 648 3648 est
677 3607 875 3648 sermo
899 3597 1104 3648 noster
1135 3610 1146 3650 :
1183 3595 1287 3650 sed
1341 3595 1514 3650 etiam
1549 3594 1678 3666 ipse
1708 3608 1826 3647 non
1856 3591 2052 3644 minus

389 3682 768 3738 adversarius
793 3683 988 3738 nobis.
1010 3683 1334 3755 Loquimur
1355 3684 1701 3754 plerumque
1725 3681 1884 3752 quod
1901 3679 2056 3736 exci-

389 3771 508 3842 piat
537 3771 832 3843 inimicus,
866 3776 923 3828 et
943 3774 1115 3845 quasi
1138 3775 1342 3826 nostra
1373 3773 1570 3844 gladio
1615 3786 1726 3827 nos
1756 3769 2048 3824 vulneret.

390 3864 607 3932 quanto
635 3862 1003 3918 tolerabilius
1035 3865 1126 3918 est
1155 3861 1347 3917 alieno
1397 3861 1615 3934 gladio,
1640 3875 1816 3932 quam
1847 3861 2052 3914 nostro

389 3950 583 4018 perire
615 3949 628 4005 l

462 4053 549 4110 16.
591 4057 871 4128 Explorat
919 4075 1063 4133 ergo
1110 4058 1492 4114 adversarius
1537 4060 1742 4112 nostra
1773 4071 1954 4124 arma,
1999 4056 2056 4110 et

390 4147 650 4202 concutit
669 4163 776 4203 sua
807 4148 919 4204 tela
942 4148 1077 4220 (96).
1110 4148 1175 4204 Si
1203 4147 1416 4203 viderit
1445 4147 1673 4202 moveri
1701 4161 1813 4214 me,
1847 4143 2058 4200 inserit

390 4235 632 4291 aculeos
655 4253 820 4306 suos,
858 4241 918 4292 ut
967 4237 1283 4293 seminaria
1318 4236 1661 4310 jurgiorum
1705 4235 1940 4290 excitet.
1993 4232 2054 4286 Si

392 4325 648 4382 emisero
678 4327 926 4382 verbum
973 4328 1338 4397 indecorum,
1372 4327 1646 4398 laqueum
1669 4341 1843 4381 suum
1877 4323 2054 4379 strin-

387 4415 493 4487 git.
529 4416 824 4471 Interdum
855 4416 995 4470 mihi
1029 4417 1200 4488 quasi
1231 4432 1431 4472 escam
1471 4416 1746 4487 proponit
1775 4413 2052 4468 vindictae

2156 633 2313 687 hunc
2343 633 2564 688 vident.

2815 756 3066 812 CAPUT
3099 757 3168 810 ν.

2154 867 2372 922 Contra
2399 864 2696 921 visrbilem
2719 865 2896 920 etiam
2919 863 3354 932 adversarium,
3373 879 3498 918 cum
3519 879 3624 917 nos
3643 862 3807 917 insti-

2219 961 2341 1028 gat,
2379 955 2653 1010 ntendnm
2683 954 2944 1023 silentio,
2996 953 3163 1025 cujus
3204 937 3376 1006 unius
3414 967 3518 1023 ape
3548 951 3811 1022 superio-

2221 1061 2326 1100 res
2357 1045 2680 1109 evadimus,
2707 1049 2766 1098 et
2797 1042 3188 1098 humilitatem
3217 1057 3342 1114 quae
3361 1040 3698 1096 exhibenda
3717 1039 3812 1094 ad-

2230 1149 2446 1188 νειοεηε
2457 1149 2677 1204 01211198,
2697 1148 2910 1188 00118οΓ
2921 1147 3044 1186 γεω
3053 1147 3140 1186 ηε.

2226 1241 2312 1296 1'1.
2341 1240 2459 1296 Sed
2489 1241 2663 1295 etiam
2709 1239 2806 1294 ille
2851 1238 3152 1294 cavendus
3190 1240 3302 1308 est,
3349 1235 3452 1308 qui
3491 1233 3682 1290 videri
3713 1249 3812 1306 po-

2153 1333 2288 1400 test,
2329 1329 2664 1402 quicunque
2686 1327 2891 1397 irritat,
2927 1327 3263 1399 quicunque
3300 1325 3524 1393 incitat,
3564 1323 3812 1396 quicun-

2155 1435 2270 1491 que
2318 1420 2670 1490 exasperat,
2711 1417 3048 1489 quicunque
3087 1415 3381 1470 incentiva
3429 1413 3680 1468 luxuriaa
3719 1414 3814 1466 aut

2153 1508 2418 1562 libidinis
2441 1507 2732 1579 suggerit.
2777 1505 3020 1571 Quando
3043 1521 3187 1577 ergo
3218 1503 3433 1575 aliquis
3472 1501 3646 1556 nobis
3671 1515 3812 1555 con-

2156 1597 2424 1666 viciatur,
2463 1596 2726 1665 lacessit,
2764 1595 2837 1650 ad
2873 1594 3211 1649 violentiam
3231 1593 3533 1663 provocat,
3575 1591 3649 1645 ad
3683 1588 3814 1660 jur-

2157 1687 2322 1759 gium
2342 1687 2532 1754 vocat,
2555 1687 2696 1740 tunc
2716 1684 3015 1741 silentium
3052 1696 3459 1750 exerceamus,
3497 1682 3636 1734 tunc
3675 1679 3816 1734 muti

2160 1777 2285 1831 ﬂeri
2309 1791 2427 1831 non
2449 1775 2897 1830 erubescamus.
2938 1773 3221 1827 Peccator
3259 1774 3351 1824 est
3389 1769 3544 1824 enim
3565 1768 3666 1839 qui
3706 1782 3814 1820 nos

2075 1835 2130 1898 Β
2159 1867 2462 1936 provocat,
2487 1864 2586 1936 qui
2608 1862 2885 1935 injuriam
2919 1861 3076 1932 facit,
3119 1864 3175 1915 et
3195 1875 3306 1915 nos
3327 1858 3555 1914 similes
3577 1856 3671 1912 sui
3691 1855 3818 1910 ﬁeri

2161 1954 2479 2009 desiderat.

2231 2060 2317 2116 18.
2343 2059 2607 2130 Denique
2628 2058 2680 2113 si
2703 2061 2922 2127 taceas,
2947 2059 2999 2112 si
3019 2055 3386 2124 dissimules,
3411 2053 3563 2109 solet
3583 2051 3776 2106 dicere
3801 2064 3812 2104 :

2156 2148 2306 2216 Quid
2345 2150 2556 2204 taces?
2595 2148 2886 2219 Loquerc,
2930 2147 2985 2199 si
3021 2147 3228 2200 audes.
3271 2143 3388 2198 Sed
3430 2157 3547 2197 non
3599 2141 3814 2207 audes,

2157 2241 2356 2292 mutus
2387 2253 2476 2307 es,
2517 2238 2816 2308 elinguem
2856 2238 2912 2290 te
2950 2233 3086 2288 feci.
3129 2233 3192 2288 Si
3231 2249 3376 2304 ergo
3425 2233 3642 2296 taceas,
3686 2227 3818 2298 plus

2157 2328 2448 2398 rumpitur
2472 2341 2484 2381 :
2517 2327 2738 2380 victum
2761 2339 2899 2379 sese
2931 2325 3112 2394 putat,
3135 2322 3397 2389 irrisum,
3420 2317 3817 2390 posthabitam

2157 2419 2332 2488 atque
2354 2415 2614 2470 illusum.
2634 2413 2696 2468 Si
2719 2411 3108 2484 respondeas,
3127 2410 3498 2480 superiorem
3519 2423 3586 2462 se
3604 2405 3821 2461 factum

2157 2505 2508 2571 arbitratur,
2547 2503 2684 2575 quia
2727 2517 2927 2573 parem
2971 2501 3214 2556 invenit.
3258 2499 3318 2554 Si
3375 2497 3532 2552 enim
3581 2498 3818 2562 taceas,

2157 2593 2419 2649 dicetur:
2446 2591 2549 2646 Ille
2581 2591 2946 2646 conviciatus
2986 2592 3098 2658 est,
3123 2588 3280 2642 hunc
3312 2584 3664 2654 contempsit
3681 2583 3816 2636 iste.

2157 2683 2218 2738 Si
2249 2681 2478 2738 referas
2511 2680 2944 2743 contumeliam,
2981 2678 3243 2732 dicetur:
3275 2675 3459 2730 Ambo
3507 2669 3818 2728 conviciati

2158 2773 2315 2826 sunt.
2340 2770 2601 2842 Uterque
2625 2769 3069 2836 condemnatur,
3095 2780 3267 2822 nemo
3289 2762 3634 2820 absolvitur.
3659 2759 3820 2830 Ergo

2158 2859 2319 2915 illius
2349 2861 2440 2915 est
2460 2859 2740 2928 studium,
2780 2861 2843 2913 ut
2878 2857 3082 2926 irritet,
3115 2858 3177 2910 ut
3204 2853 3418 2909 similia
3458 2851 3542 2905 illi
3589 2850 3820 2919 loquar,

2159 2948 2378 3004 similia
2411 2964 2622 3021 agam;
2657 2947 2805 3019 justi
2848 2947 2940 3002 est
2986 2949 3180 3000 autem
3219 2939 3599 3028 dissimulare
3623 2979 3638 3008 ,
3679 2935 3822 2992 nihil

2159 3037 2342 3108 loqui,
2367 3040 2572 3092 tenere
2589 3036 2762 3091 bonae
2787 3035 3040 3090 fructum
3074 3031 3477 3097 conscientiae,
3511 3028 3646 3098 plus
3669 3041 3826 3080 com-

2161 3127 2390 3181 mittere
2417 3125 2708 3180 bonorum
2736 3123 2984 3195 judicio,
3043 3137 3220 3194 quam
3259 3116 3626 3174 criminantis
3657 3115 3823 3169 inso-

2163 3215 2380 3285 lentiae,
2415 3215 2458 3278 7
2483 3215 2818 3268 contentum
2839 3227 2978 3267 esse
3001 3209 3284 3283 gravitate
3303 3221 3532 3262 morum
3553 3217 3818 3259 suorum.

2167 3313 2294 3368 Hoc
2323 3315 2417 3368 est
2445 3311 2600 3367 enim
2630 3311 2808 3365 silere
2847 3326 2880 3363 a
2917 3309 3129 3376 bonis;
3161 3307 3298 3378 quia
3344 3305 3497 3360 bene
3529 3302 3648 3358 sibi
3692 3315 3826 3356 con-

2161 3401 2348 3471 scius,
2383 3400 2554 3456 falsis
2587 3415 2705 3455 non
2726 3398 2900 3454 debet
2930 3397 3155 3453 moveri
3188 3411 3335 3451 :nec
3363 3393 3658 3450 testimare
3687 3390 3822 3460 plus

2159 3491 2442 3562 ponderis
2473 3491 2532 3545 in
2553 3489 2746 3544 alieno
2777 3503 2916 3544 esse
2956 3485 3256 3556 convicio,
3286 3499 3464 3556 quam
3501 3481 3562 3536 in
3591 3494 3702 3536 suo
3732 3481 3824 3534 te-

2161 3580 2460 3636 stimonio.

2231 3686 2317 3742 19.
2352 3687 2433 3741 Ita
2451 3686 2513 3740 fit
2531 3687 2594 3740 ut
2637 3685 2810 3740 etiam
2859 3682 3244 3738 humilitatem
3277 3677 3590 3735 custodiat.
3630 3674 3690 3731 Si
3713 3689 3824 3728 au-

2158 3778 2276 3832 tem
2315 3774 2460 3830 nolit
2508 3774 2787 3829 humilior
2841 3771 3052 3840 videri,
3112 3769 3249 3824 talia
3296 3767 3524 3834 tractat,
3577 3767 3634 3820 et
3685 3761 3829 3818 dicit

2159 3865 2288 3936 ipse
2336 3879 2578 3918 secum:
2605 3862 2714 3917 Hic
2738 3877 2882 3934 ergo
2917 3863 2976 3914 ut
2996 3859 3110 3928 (27)
3161 3872 3254 3912 me
3301 3854 3654 3919 contemnat,
3687 3849 3828 3906 etin

2160 3955 2484 4024 conspectu
2525 3967 2655 4006 meo
2694 3951 2968 4022 loquatur
2995 3948 3130 4003 talia
3167 3946 3485 4000 adversum
3515 3957 3628 4011 me,
3653 3938 3832 4012 quasi

2159 4057 2277 4097 non
2296 4041 2526 4112 possim
2555 4056 2668 4112 ego
2691 4039 2746 4094 ei
2776 4039 3006 4110 aperire
3025 4053 3094 4092 os
3115 4035 3349 4090 meum?
3375 4031 3496 4087 Cur
3514 4046 3632 4086 non
3650 4029 3829 4083 etiam

2161 4147 2274 4205 ego
2304 4131 2514 4200 dicam,
2547 4129 2606 4184 in
2628 4129 2846 4201 quibus
2867 4143 3000 4182 eum
3014 4124 3390 4180 mocstiiicare
3418 4120 3646 4192 possim
3664 4120 3692 4172 ἲ)
3714 4117 3828 4170 Hic

2160 4237 2305 4294 ergo
2345 4222 2408 4274 ut
2437 4219 2582 4274 mihi
2630 4217 2882 4290 injurias
2923 4215 3116 4284 faciat,
3169 4211 3342 4284 quasi
3389 4209 3482 4264 vir
3529 4223 3648 4262 non
3689 4207 3829 4274 sim,

2159 4310 2332 4382 quasi
2360 4309 2662 4364 vindicare
2696 4321 2786 4360 me
2809 4321 2924 4361 non
2949 4303 3227 4375 possim?
3261 4301 3372 4355 Hic
3407 4301 3470 4354 ut
3493 4313 3585 4352 me
3624 4293 3831 4350 crimi-

2163 4402 2353 4468 netur,
2377 4397 2550 4469 quasi
2571 4412 2682 4468 ego
2717 4411 2834 4450 non
2864 4393 3092 4464 possim
3119 4389 3393 4464 graviora
3423 4388 3484 4442 in
3505 4403 3640 4442 eum
3669 4399 3834 4439 com-

389 4466 492 4487 tr“
529 4466 824 4471 ——~-——-—-
1036 4466 1200 4488 τ--ν
1237 4466 1431 4472 --ν--η
1472 4466 1740 4487 ι--νιητ--ν
2340 4466 2347 4468 -
2396 4466 2414 4469 -

389 4504 842 4574 possibilitatem
877 4521 892 4574 ;
941 4508 1002 4560 ut
1033 4506 1170 4560 dum
1204 4505 1490 4560 vindicari
1552 4505 1746 4576 cupio,
1780 4503 1908 4574 ipse
1956 4516 2049 4557 me
2081 4466 2135 4530 D
2165 4489 2444 4576 Pone???

389 4593 650 4650 inseram
681 4595 908 4666 laqueo,
943 4599 999 4650 et
1041 4596 1260 4650 nodum
1290 4595 1496 4650 mortis
1527 4597 1854 4667 astringam
1885 4591 2048 4646 mihi.

390 4679 452 4736 Si
499 4683 636 4754 quis
679 4699 822 4755 ergo
873 4684 1031 4740 hunc
1085 4685 1496 4740 adversarium
1541 4683 1722 4738 sentit
1781 4696 2054 4753 praesen-

388 4771 508 4828 tem
547 4785 703 4839 esse,
749 4775 888 4828 tunc
938 4773 1130 4846 magis
1177 4773 1506 4829 custodiam
1547 4772 1831 4828 adhibere
1881 4770 2057 4826 debet

441 4913 556 4986 (29.)
577 4914 722 4969 Mss.
757 4915 996 4986 aliquot.
1031 4932 1100 4970 ac
1132 4916 1268 4970 edit.
1313 4916 1450 4970 Era.
1483 4918 1540 4970 et
1570 4915 1704 4972 Gill.
1746 4914 1806 4968 in
1839 4930 2052 4986 marg.,

393 5001 496 5058 cor
538 5002 722 5040 suum.
781 4988 1013 5041 Rursus
1044 4991 1178 5057 post
1217 5004 1425 5058 pauca,
1484 4987 1586 5042 ubi
1625 5002 1737 5041 nos
1771 5003 1902 5040 cum
1934 4991 2052 5040 ant.

391 5057 529 5130 edit.
555 5073 623 5112 ac
642 5074 788 5112 mss.
804 5075 986 5128 prope
1005 5057 1301 5126 omnibus,
1325 5076 1490 5130 quam
1505 5059 1861 5130 interroget,
1883 5059 2052 5112 Rom.

392 5128 528 5182 edit.
563 5144 696 5183 cum
725 5130 932 5198 paucis
963 5145 1111 5183 mss.
1153 5128 1496 5200 atque'Era.
1543 5129 1604 5183 in
1635 5145 1842 5200 marg,
1883 5144 2055 5200 quam

392 5199 836 5272 interrogetur;
887 5201 993 5254 scd
1031 5199 1364 5271 interroget
1391 5201 1504 5254 hoc
1533 5200 1666 5272 loco
1700 5199 2057 5272 referturad

398 5270 728 5343 verbasua,
754 5275 962 5343 estque
992 5270 1384 5342 synonymum
1415 5289 1550 5326 cum
1589 5270 1822 5324 duobus
1855 5270 2056 5324 verbis

391 5341 511 5396 illic
532 5342 850 5410 adjunctis.

395 5410 567 5540 1163)
599 5414 744 5468 Mss.
778 5430 896 5470 non
916 5415 1108 5484 pauci,
1150 5415 1332 5470 verba
1355 5431 1481 5484 sua,
1521 5413 1578 5467 si
1609 5411 2057 5467 custodiendum

440 5501 525 5540 oc.

440 5501 525 5540 06.

455 5555 568 5625 (24)
599 5555 696 5610 Sic
747 5572 953 5612 omnes
994 5557 1130 5612 edit.
1178 5573 1246 5610 ac
1305 5557 1506 5626 plures
1567 5554 2057 5626 probatioresque

396 5643 544 5682 mss.
579 5644 711 5682 cum
750 5627 1037 5682 Psalterio
1090 5630 1259 5684 Rom.
1307 5632 1364 5681 et
1411 5627 1624 5697 Vulg.;
1667 5627 1931 5680 nonnulli
1967 5628 2059 5680 ta-

397 5711 552 5768 men,
574 5697 964 5752 liberabitme
989 5718 1004 5762 ,-
1029 5701 1246 5768 quibus
1277 5699 1564 5753 accedunt
1593 5698 1842 5768 plurima
1873 5713 1904 5752 e
1937 5699 2051 5752 vet.

394 5765 574 5825 Psalt.
634 5773 690 5824 et
727 5765 1139 5852 Augustimus.
1179 5770 1440 5834 Hierom.
1479 5765 1674 5834 autem
1718 5785 1791 5826 ex
1836 5770 2062 5847 aliquot

2236 4575 2326 4631 20.
2367 4574 2478 4641 Qui
2496 4573 2632 4629 talia
2653 4572 2820 4642 dicit,
2853 4587 2972 4627 non
3010 4572 3103 4624 est
3145 4567 3305 4624 mitis
3345 4569 3520 4638 atque
3561 4563 3828 4630 humilis,

2161 4680 2280 4721 non
2309 4667 2404 4720 est
2432 4663 2560 4718 sine
2581 4660 2917 4716 tentatione.
2953 4659 3231 4714 Tentator
3246 4671 3382 4711 eum
3402 4654 3679 4726 exagitat,
3697 4651 3830 4722 ipse

2159 4755 2214 4810 ei
2251 4753 2398 4808 tales
2430 4751 2740 4822 opiniones
2769 4749 2997 4804 inserit.
3041 4747 3396 4817 Plerumque
3443 4741 3682 4798 adhibet
3709 4739 3826 4794 ho-

2159 4894 2388 4954 Graacis
2413 4893 2568 4964 cod.,
2596 4891 2885 4949 liberabit
2911 4898 2988 4948 te.
3013 4893 3087 4946 At
3116 4905 3257 4946 vero
3289 4903 3395 4958 pro
3425 4883 3602 4964 quod,
3643 4881 3834 4964 verba

2162 4992 2394 5048 aspero,
2419 4961 2820 5048 Symmachus
2849 4972 3084 5048 quidem
3123 4969 3367 5048 scripsit
3395 4963 3544 5048 ,λόγον
3564 4961 3828 5047 infucata,

2160 5036 2494 5102 sermonem
2523 5044 2768 5101 violenti
2798 5036 3072 5109 insultns,
3118 5036 3506 5106 contumelizc,
3552 5036 3834 5107 injurim;

2159 5127 2591 5194 Theodoretus,
2623 5121 2710 5177 τόν
2731 5113 3185 5195 λόγονταραχώδη,
3232 5133 3564 5174 sermonem
3617 5113 3834 5169 turbu-

2160 5195 3006 5269 lentum,acperturbationis.
3052 5263 3064 5269 _
3349 5260 3363 5269 ,
3450 5260 3460 5269 ,
3547 5259 3582 5269 ,,
3635 5256 3672 5269 ,.
3767 5255 3778 5267 .

2231 5269 2344 5338 (25)
2374 5259 2522 5324 Tres
2553 5283 2725 5338 mss.,
2761 5263 3152 5338 Symmachus
3173 5277 3204 5316 a
3230 5260 3414 5316 verba
3438 5259 3832 5338 irritationis.

2233 5328 2351 5410 7‘26)
2377 5341 2542 5394 Rom.
2577 5328 3214 5410 edit.ac:_pauci_nlss.,
3261 5339 3320 5410 ct
3351 5331 3530 5410 acnit_
3554 5328 3669 5410 tela
3702 5343 3834 5408 sua.

2233 5398 2349 5480 (27}
2379 5411 2529 5464 Hinc
2556 5408 2698 5480 edit.
2731 5398 2880 5480 cui,
2915 5422 2984 5459 ac
3018 5398 3400 5480 uomgunjus
3441 5403 3538 5480 aut
3584 5398 3836 5480 alterius

2162 5467 2310 5537 mss.
2331 5467 2683 5536 auctoritate
2722 5477 3016 5548 triplicem
3065 5475 3410 5546 particulam
3459 5478 3519 5548 ut
3563 5467 3836 5548 sustule-

2163 5556 2296 5609 rant
2328 5569 2339 5607 :
2379 5541 2974 5624 quanrtamen'aliae
3005 5541 3152 5624 etEt.
3181 5564 3250 5602 ac
3278 5541 3839 5624 mss.__frequentis-

2166 5624 2304 5680 simi
2350 5612 3012 5694 el‘egantius‘exhibeut‘.
3057 5619 3161 5673 Est
3194 5615 3509 5694 autem‘ibi
3551 5612 3832 5694 quaedam

2162 5695 2388 5766 ellipsis
2403 5685 2738 5766 supplenda
2755 5707 2860 5764 pcr
2881 5691 3129 5747 verbum
3141 5689 3362 5762 patiar,
3385 5685 3697 5743 ferendum
3713 5687 3832 5749 est,

2169 5763 2424 5840 aut'quid
2454 5763 2669 5822 simile.
