4128 6132
256 246 341 309 33
1209 246 1319 312 DE
1358 240 1717 310 OFFICIIS
1762 240 2378 310 MINISTRORUM
2427 246 2687 308 LIBER
2731 244 2779 309 Ι.
3634 253 3717 317 34

260 463 486 518 minem
533 461 668 534 (28),
718 466 892 535 atque
933 465 1173 535 apponit
1219 479 1473 536 nequam
1520 464 1787 535 spiritus,
1833 461 1936 535 qui
1962 442 2024 505 Α
2052 462 2375 519 delectatus
2406 462 2540 535 ejus
2572 478 2758 519 sensu
2788 463 3080 534 profundo
3111 468 3167 520 et
3215 467 3428 524 virtute
3474 473 3711 526 senten-

261 551 396 608 haac
427 552 513 606 illi
550 553 742 607 dicat:
806 553 914 608 sed
960 557 1022 607 tu
1068 555 1129 608 in
1173 557 1335 624 petra
1384 554 1566 608 fixum
1612 552 1935 625 vestigium

260 644 419 695 tene.
456 641 584 695 Etsi
617 658 832 697 servus
852 643 1187 698 convicium
1206 643 1379 711 dicat,
1400 641 1604 713 justus
1626 644 1780 696 tacet
1795 639 1931 711 (29);

261 731 378 784 etsi
410 730 684 786 inﬁrmus
715 732 1130 786 contumeliam
1152 731 1348 801 faciat,
1368 731 1572 803 justus
1601 733 1784 785 tacet:
1820 728 1931 784 etsi

260 834 492 889 pauper
512 820 874 884 criminetur,
895 819 1100 891 justus
1122 836 1240 875 non
1267 820 1606 891 respondet.
1635 819 1777 872 Haec
1794 821 1934 872 sunt

258 921 426 960 arma
451 906 624 978 justi,
675 912 738 962 ut
770 908 1034 963 cedendo
1073 909 1288 963 vincat.
1347 908 1511 963 Sicut
1558 908 1730 978 periti
1756 906 1931 978 jacu-

256 994 420 1049 landi
474 996 753 1051 cedentes
804 996 999 1051 solent
1044 998 1304 1066 vincere,
1340 1000 1396 1051 et
1441 997 1739 1068 fugientes
1788 1011 1931 1068 gra-

261 1083 541 1139 vioribus
571 1084 919 1157 sequentem
950 1085 1262 1141 vulnerare
1292 1085 1531 1141 ictibus.

902 1208 1157 1265 CAPUT
1187 1209 1283 1265 Vl.

252 1332 387 1390 Hac
414 1334 480 1389 in
509 1349 583 1407 re
606 1334 912 1390 silentium
940 1340 1122 1407 atque
1142 1333 1538 1407 humilitatem
1568 1333 1655 1407 Da
1669 1334 1766 1407 vid
1783 1333 1927 1389 imi-

445 1406 619 1460 tanda
653 1422 807 1477 esse,
843 1422 918 1461 ne
954 1406 1126 1478 digni
1165 1406 1470 1461 videamur
1504 1406 1748 1479 injuria.

330 1528 421 1584 91.
472 1529 624 1595 Quid
653 1530 810 1586 enim
855 1546 1007 1602 opus
1053 1534 1148 1587 est
1193 1533 1440 1601 moveri,
1476 1548 1610 1587 cum
1656 1530 1930 1587 audimus

258 1619 534 1674 convicia
554 1621 582 1673 ?
608 1618 731 1675 Cur
758 1636 878 1674 non
918 1619 1214 1675 imitamur
1246 1621 1540 1676 dicentem
1564 1636 1578 1676 :
1630 1620 1927 1690 Obmutui,

259 1713 322 1762 et
344 1708 722 1763 humilitatus
741 1714 897 1774 sunt,
935 1715 993 1763 et
1015 1710 1163 1764 situi
1189 1725 1221 1764 a
1259 1709 1435 1765 bonis
1462 1708 1655 1778 (Psal.
1679 1726 1928 1779 xxxvm,
1965 1735 2019 1798 Β

255 1796 367 1867 3)?
416 1798 510 1851 An
557 1798 671 1852 hoc
720 1798 868 1852 dixit
914 1798 1337 1868 tantummodo,
1388 1813 1508 1853 non
1567 1799 1744 1853 etiam
1792 1798 1931 1853 fecit

259 1885 449 1941 David
469 1888 499 1940 ?
542 1886 663 1941 lmo
692 1888 749 1941 et
778 1886 918 1942 fecit
946 1886 1031 1957 (II
1075 1887 1223 1959 Reg.
1257 1904 1380 1956 xvx,
1412 1885 1445 1941 9
1477 1893 1537 1942 et
1574 1889 1747 1960 seq.).
1780 1888 1931 1942 Nam

258 1990 398 2029 cum
427 1975 481 2029 ei
513 1975 948 2030 conviciaretur
994 1975 1191 2031 Semei
1223 1975 1382 2030 filius
1431 1976 1667 2045 Jemini,
1699 1976 1929 2031 tacebat

259 2064 452 2118 David
480 2064 622 2134 (30):
658 2067 715 2119 et
743 2064 1014 2136 quamvis
1044 2068 1251 2135 septus
1282 2065 1545 2132 armatis,
1581 2080 1700 2120 non
1731 2068 1924 2120 retor-

257 2154 480 2225 quebat
511 2153 866 2223 convicium,
886 2170 1003 2208 non
1021 2153 1301 2209 ultionem
1323 2153 1645 2225 quaerebat,
1662 2169 1930 2225 eousque

255 2245 324 2296 ut
352 2242 588 2297 dicendi
616 2242 734 2296 sibi
763 2241 989 2297 Sarviae
1019 2242 1141 2297 filio
1172 2243 1329 2314 quod
1360 2243 1663 2298 vindicare
1702 2243 1765 2297 in
1797 2259 1931 2298 eum

256 2331 460 2401 vellet,
497 2347 615 2387 non
635 2332 992 2403 permiserit.
1014 2331 1139 2386 Ibat
1170 2347 1315 2403 ergo
1350 2335 1626 2404 tanquam
1648 2335 1844 2387 mutus
1875 2335 1932 2387 et

258 2419 630 2490 humiliatus,
677 2421 801 2475 ibat
844 2422 1072 2490 tacens,
1106 2435 1215 2475 nec
1258 2421 1625 2490 movebatur,
1674 2438 1807 2476 cum
1839 2421 1932 2475 vir

256 2509 660 2580 appellaretur
687 2509 1025 2581 sanguinis,
1057 2511 1158 2581 qui
1190 2514 1313 2565 erat
1359 2510 1640 2565 conscius
1672 2509 1929 2581 propriae

259 2598 759 2653 mansuetudinis.
787 2598 919 2653 Non
952 2614 1098 2671 ergo
1130 2600 1480 2654 movebatur
1499 2598 1809 2670 conviciis,
1835 2600 1931 2654 cui

261 2686 601 2742 abundabat
628 2686 923 2742 bonorum
952 2702 1198 2757 operum
1230 2688 1592 2744 conscientia
1623 2687 1756 2758 (31).

328 2774 422 2831 22.
456 2775 660 2847 Itaque
712 2776 766 2831 is
797 2777 898 2847 qui
942 2777 1056 2833 cito
1087 2776 1306 2849 injuria
1352 2780 1643 2847 movetur,
1689 2777 1831 2832 facit
1862 2793 1929 2833 se

260 2866 508 2937 dignum
550 2866 741 2922 videri
790 2866 1162 2935 contumelia,
1194 2867 1334 2921 dum
1376 2866 1501 2921 vult
1530 2882 1599 2921 ea
1645 2866 1930 2938 indignus

256 2954 521 3025 probari.
557 2954 768 3010 Melior
795 2957 888 3010 est
916 2955 1112 3027 itaque
1130 2955 1228 3027 qui
1271 2956 1609 3025 contemnit,
1649 2954 1930 3027 injuriam

260 3058 441 3114 quam
470 3045 571 3115 qui
610 3043 809 3112 dolet;
860 3043 960 3114 qui
1005 3044 1163 3099 enim
1211 3044 1549 3113 contemnit,
1594 3046 1768 3116 quasi
1810 3059 1930 3100 non

260 3133 500 3200 sentiat,
530 3134 608 3188 ita
647 3133 932 3203 despicit:
985 3133 1087 3205 qui
1117 3135 1310 3190 autem
1360 3134 1537 3205 dolet,
1570 3133 1741 3207 quasi
1786 3149 1929 3190 sen-

262 3223 408 3278 serit
441 3220 576 3295 (3‘2),
610 3224 936 3294 torquetur.

852 3383 901 3448 8
930 3382 1182 3439 CAPUT
1212 3383 1331 3438 VII.

265 3517 449 3584 Quam
466 3517 714 3590 pulchre
736 3519 1015 3590 procemii
1044 3517 1168 3574 loco
1201 3524 1518 3590 usurpatus
1536 3517 1724 3574 fuerit
1761 3518 1931 3590 psal-

333 3624 462 3662 mus
480 3624 729 3677 xxxviii,
756 3623 864 3679 quo
892 3607 1171 3663 inductus
1198 3607 1303 3662 Vir
1322 3612 1569 3662 sanctus
1595 3607 1669 3663 de
1700 3607 1934 3663 Officiis

334 3697 615 3752 scribere
636 3697 944 3751 constituit
968 3712 984 3766 ς
1012 3696 1188 3769 idque
1211 3696 1583 3768 potiorijure
1603 3711 1775 3768 quem
1794 3697 1931 3752 olim

338 3786 554 3841 Cicero
583 3785 659 3840 ad
686 3783 888 3850 ﬁlium,
926 3790 985 3839 et
1017 3801 1182 3857 quam
1213 3785 1285 3840 ob
1304 3800 1558 3840 causam.

332 3910 423 3967 28.
456 3910 665 3981 Neque
682 3909 1009 3980 improvide
1032 3909 1102 3964 ad
1126 3924 1238 3965 vos
1260 3909 1416 3965 filios
1438 3924 1606 3965 meos
1628 3909 1927 3982 scribens,

259 3999 449 4071 hujus
481 3998 689 4070 psalmi
720 3998 1006 4069 prommio
1027 3997 1216 4069 (Psal.
1242 4015 1490 4069 xxxvm,
1524 3992 1578 4068 1)
1598 4014 1749 4053 usus
1772 4015 1925 4054 sum.

256 4089 452 4154 Quem
502 4088 790 4158 psalmum
834 4087 1119 4157 propheta
1164 4087 1349 4140 David
1393 4086 1503 4158 (33)
1553 4090 1759 4142 sancto
1809 4087 1929 4142 Idi-

256 4180 409 4233 thun
441 4176 768 4231 canendum
801 4177 980 4247 dedit,
1004 4191 1118 4248 ego
1148 4176 1322 4231 vobis
1340 4175 1659 4231 tenendum
1679 4176 1925 4247 suadeo,

2049 553 2281 607 tiarum.
2306 553 2684 607 Advertimus
2707 552 2863 608 enim
2885 569 2961 607 ex
2978 554 3071 608 his
3105 570 3237 625 qum
3258 556 3520 612 breviter
3558 561 3709 615 liba-

2048 641 2265 711 vimus,
2326 645 2383 696 et
2440 641 2653 696 silendi
2702 640 3060 711 patientiam,
3120 646 3175 697 et
3219 647 3710 714 opportunitatem

2049 729 2348 800 loquendi,
2384 734 2440 784 et
2467 730 2526 783 in
2558 729 2993 800 posterioribus
3023 730 3200 800 (Ibid.
3225 732 3279 799 8)
3313 738 3710 805 contemptum

2049 817 2406 889 divitiarum,
2422 834 2556 890 quae
2571 820 2821 872 maxima
2836 819 3116 874 virtutum
3146 819 3523 877 fundamenta
3548 829 3704 896 sunt,

2049 906 2162 961 hoc
2184 906 2413 977 psalmo
2434 907 2653 962 doceri.
2680 907 2829 962 Dum
2851 907 3033 979 igitur
3053 908 3210 963 hunc
3238 910 3529 979 psalmum
3563 929 3708 968 con-

2048 996 2270 1065 sidero,
2304 996 2603 1051 successit
2633 996 2826 1050 animo
2859 996 2930 1050 de
2956 996 3183 1051 Officiis
3215 999 3501 1055 scribere.

2117 1082 2206 1139 24.
2242 1084 2324 1139 De
2355 1084 2573 1155 quibus
2606 1084 2835 1139 etiamsi
2866 1086 3103 1157 quidam
3135 1086 3534 1158 Philosophiae
3580 1095 3710 1148 stu-

2047 1172 2256 1228 dentes
2288 1168 2659 1243 Scripserim,
2692 1177 2756 1228 ut
2787 1173 3082 1229 Panaetius
3115 1174 3250 1245 (34),
3287 1180 3344 1231 et
3374 1177 3533 1233 filius
3574 1179 3709 1252 ejus

2047 1261 2203 1332 apud
2231 1260 2501 1333 Graecos,
2541 1262 2769 1317 Tullius
2801 1263 2956 1334 apud
2988 1263 3228 1319 Latinos
3255 1280 3270 1335 ;
3301 1281 3418 1321 non
3448 1267 3705 1325 alienum

2048 1351 2181 1406 duae
2212 1366 2244 1404 a
2273 1353 2479 1405 nostro
2510 1352 2775 1422 munere,
2826 1355 2889 1406 ut
2920 1351 3095 1406 etiam
3140 1353 3271 1424 ipse
3312 1356 3604 1412 scribere.
3640 1358 3711 1414 Et

2048 1439 2204 1495 sicut
2242 1439 2471 1494 Tullius
2523 1440 2636 1509 (35)
2680 1440 2752 1494 ad
2798 1440 3184 1496 erudiendum
3232 1441 3436 1513 filium,
3472 1445 3548 1500 ita
3596 1462 3709 1520 ego

2048 1544 2283 1601 quoque
2301 1528 2373 1581 ad
2398 1543 2505 1583 vos
2530 1527 2936 1582 informandos
2957 1529 3111 1584 filios
3130 1545 3318 1601 meos;
3345 1549 3536 1604 neque
3550 1537 3710 1591 enim

2048 1620 2245 1673 minus
2274 1634 2385 1672 vos
2422 1617 2604 1689 diligo
2646 1632 2798 1688 quos
2821 1617 2880 1671 in
2903 1617 3227 1689 Evangelio
3245 1622 3445 1692 genui,
3462 1638 3637 1694 quam
3656 1624 3711 1680 si

2047 1707 2328 1780 conjugio
2360 1706 2788 1776 suscepissem.
2823 1706 2955 1761 Non
2998 1707 3153 1761 enim
3184 1709 3589 1768 vehementior
3618 1717 3712 1769 est

2046 1799 2252 1851 natura
2269 1797 2341 1850 ad
2360 1795 2746 1868 diligendum,
2768 1811 2941 1866 quam
2956 1796 3164 1867 gratia.
3182 1797 3323 1852 Plus
3338 1802 3495 1855 certe
3509 1800 3712 1874 dilige-

2045 1901 2110 1940 re
2124 1885 2409 1939 debemus
2423 1899 2575 1955 quos
2606 1888 2888 1955 perpetuo
2918 1884 3231 1940 nobiscum
3246 1889 3519 1956 putamus
3546 1889 3707 1945 futu-

2044 1990 2168 2044 ros,
2203 1989 2377 2045 quam
2407 1989 2558 2045 quos
2582 1972 2641 2026 in
2664 1972 2777 2027 hoc
2798 1975 3023 2028 tantum
3044 1974 3289 2030 saeculo.
3324 1975 3413 2030 Illi
3445 1977 3708 2051 degene-

2044 2079 2144 2118 res
2174 2066 2501 2118 nascuntur
2530 2061 2890 2132 frequenter,
2935 2062 3035 2134 qui
3066 2063 3390 2120 dedeceant
3446 2070 3703 2137 patrem:

2043 2168 2155 2207 vos
2186 2155 2319 2206 ante
2366 2150 2681 2221 elegimus,
2734 2153 2798 2206 ut
2844 2150 3182 2223 diligamus.
3230 2153 3431 2225 Itaque
3470 2155 3554 2210 illi
3600 2173 3707 2213 ne-

2046 2241 2325 2296 cessitate
2369 2240 2714 2311 diliguntur,
2767 2255 2901 2310 quae
2932 2256 3051 2294 non
3100 2241 3248 2295 satis
3281 2242 3492 2298 idonea
3532 2247 3707 2316 atque

2044 2329 2318 2384 diuturna
2340 2330 2433 2382 est
2464 2328 2535 2382 ad
2568 2328 3018 2398 perpetuitatem
3049 2328 3333 2402 diligendi
3380 2332 3665 2404 magistra
3691 2349 3703 2389 :

2042 2434 2155 2474 vos
2195 2417 2446 2489 judicio,
2479 2432 2596 2488 quo
2648 2432 2927 2489 magnum
2976 2416 3281 2473 charitatis
3310 2420 3545 2490 pondus
3593 2420 3706 2493 (36)

2044 2507 2117 2562 ad
2147 2508 2266 2561 vim
2296 2506 2582 2579 diligendi
2612 2505 2978 2577 adjungitur,
3002 2506 3256 2577 probare
3278 2523 3430 2579 quos
3462 2509 3697 2583 diligas,

2043 2600 2100 2652 et
2129 2597 2377 2669 diligere
2410 2610 2563 2668 quos
2593 2594 2872 2666 elegeris.

2646 2756 2899 2812 CAPUT
2948 2757 3101 2813 VIII.

2042 2913 2273 2970 Nomen
2322 2910 2524 2980 officii,
2576 2926 2689 2965 non
2725 2910 2910 2965 solum
2945 2910 3334 2983 philosophis,
3381 2913 3493 2968 sed
3527 2919 3704 2970 etiam

2115 3000 2519 3074 scriptoribus
2558 3000 2755 3054 sacris
2798 2999 3076 3054 usitatum
3115 3015 3285 3066 esse;
3318 3008 3378 3056 et
3420 3003 3571 3058 unde
3602 3004 3710 3060 hoc

1956 3122 2009 3186 Ο
2116 3091 2451 3147 deductum.

2112 3215 2202 3273 25.
2229 3215 2388 3288 Ergo
2412 3214 2689 3288 quoniam
2707 3228 2981 3284 persona
3005 3213 3381 3284 conveniunt,
3401 3215 3709 3272 videamus

2045 3311 2240 3365 utrum
2268 3320 2369 3360 res
2418 3304 2548 3375 ipsa
2581 3302 2891 3357 conveniat
2936 3302 3204 3357 scribere
3242 3303 3312 3356 de
3343 3302 3604 3359 Officiis:
3654 3308 3711 3361 et

2044 3400 2241 3453 utrum
2298 3395 2412 3449 hoc
2470 3408 2686 3448 nomen
2751 3391 3242 3462 philosophorum
3308 3395 3708 3451 tantummodo

2047 3485 2272 3542 scholae
2290 3488 2488 3555 aptum
2508 3482 2604 3552 sit,
2639 3497 2712 3535 an
2745 3481 2918 3536 etiam
2945 3480 3008 3534 in
3037 3479 3358 3551 Scripturis
3382 3482 3711 3552 reperiatur

2047 3574 2287 3631 divinis.
2305 3572 2558 3628 Pulchre
2581 3574 2776 3641 itaque
2800 3570 2938 3624 dum
2955 3569 3210 3642 legimus
3233 3567 3408 3626 hodie
3433 3571 3710 3644 Evange-

2044 3664 2188 3720 lium
2222 3662 2406 3735 (quasi
2455 3660 2867 3715 adhortaretur
2892 3659 2967 3713 ad
3009 3659 3412 3730 scribendum)
3456 3660 3709 3731 Spiritus

2045 3756 2290 3810 sanctus
2313 3750 2522 3806 obtulit
2538 3749 2712 3803 nobis
2734 3748 3068 3818 lectionem,
3089 3764 3203 3820 qua
3222 3749 3710 3806 confirmaremur

2044 3845 2219 3898 etiam
2250 3842 2309 3895 in
2341 3839 2517 3895 nobis
2545 3837 2817 3892 Officium
2848 3836 2963 3891 dici
2992 3852 3197 3906 posse.
3232 3837 3383 3891 Nam
3434 3855 3566 3893 cum
3598 3840 3708 3895 Za-

2045 3931 2279 3987 charias
2329 3927 2614 3984 sacerdos
2659 3926 3055 3981 obmutuisset
3094 3927 3153 3981 in
3198 3926 3414 3997 templo
3448 3931 3504 3982 et
3548 3928 3709 4000 loqui

2043 4036 2161 4075 non
2192 4020 2427 4091 posset:
2464 4016 2706 4071 Factum
2730 4020 2842 4084 est,
2863 4015 3070 4085 inquit,
3099 4022 3157 4069 ut
3179 4015 3408 4087 impleti
3428 4018 3711 4073 suntdies

2044 4108 2229 4166 officii
2268 4106 2381 4178 (37)
2430 4106 2578 4176 ejus,
2612 4104 2761 4158 abiit
2802 4103 2865 4157 in
2896 4103 3124 4157 domum
3154 4121 3317 4158 suam
3356 4105 3520 4174 (Luc.
3546 4123 3563 4159 ι
3593 4102 3706 4178 23).

2043 4198 2328 4270 Legimus
2357 4196 2541 4267 igitur
2559 4192 2834 4249 Officium
2862 4192 2978 4246 dici
3007 4209 3039 4245 a
3072 4192 3246 4247 nobis
3277 4210 3459 4264 posse

692 4318 830 4375 edit.
878 4319 1028 4389 sola,
1062 4318 1310 4374 adhibet
1356 4319 1651 4375 hominem
1683 4334 1928 4392 nequam
1955 4355 2011 4417 D
2043 4338 2732 4417 quis-autP-oss‘id9nium
2746 4334 2885 4417 Ejus
2918 4335 3362 4417 discipulunlgt
3383 4351 3707 4417 auges-son-

259 4394 538 4447 SDil‘ltuS.

289 4409 635 4529 Ρῖἒὲίῗίεε.
672 4478 787 4515 non
820 4460 992 4533 pauci
1033 4461 1129 4515 hic
1157 4464 1216 4517 et
1258 4460 1432 4531 infra,
1451 4461 1659 4533 justus
1694 4467 1924 4518 taceat:

260 4538 321 4589 et
352 4538 722 4616 post_pauca,
744 4534 1083 4616 justusno‘n
1112 4533 1490 4616 respondeat.

333 4607 449 4671 (:50)
484 4606 630 4658 Mss.
666 4620 783 4658 non
803 4604 994 4674 pauci,
1018 4604 1220 4657 Semei
1240 4604 1420 4672 filius,
1443 4604 1677 4659 tacebat
1700 4604 1926 4670 David;

259 4677 359 4729 alii
382 4677 623 4745 aliquot,
648 4675 851 4730 Semei
871 4675 1030 4728 [ilius
1055 4674 1229 4729 Gera.
1257 4675 1490 4730 tacebat
1512 4675 1727 4731 David.
1756 4678 1924 4731 Rom.

261 4748 427 4811 edit.,
461 4747 664 4801 Semei
686 4746 847 4800 [ilius
879 4746 1056 4815 Gera,
1088 4745 1201 4799 lilii
1226 4745 1493 4815 Gemeni,
1528 4751 1641 4801 etc.

336 4787 1056 4898 (a'iﬁvoﬁi'i‘iiéé'aféii
1080 4787 1653 4873 ῥ’ὀῦηὲἷῶἷῖᾖοῖὄί
1684 4823 1743 4872 et
1790 4834 1928 4891 ope-

261 4906 395 4943 rum
428 4895 812 4943 conscientia.

336 4958 451 5029 (32)
496 4959 803 5029 Plerisque
849 4974 1020 5028 mss.,
1056 4962 1190 5028 post
1233 4960 1401 5085 quasi
1429 4961 1715 5031 senserit,
1756 4962 1929 5017 omit-

336 5035 395 5084 ut
443 5036 783 5085 torquetur.-
834 5031 1012 5085 cujus
1061 5031 1194 5085 loco
1263 5031 1384 5085 egit
1415 5031 1547 5085 cod.
1595 5030 1802 5085 Laud..
1839 5038 1929 5085 est

264 5034 395 5085 tunt
430 5036 783 5104 torquetur;
834 5031 1012 5102 cujus
1061 5031 1194 5085 loco
1241 5030 1384 5103 legit
1415 5031 1547 5087 cod.
1595 5030 1802 5104 Laud.,
1839 5038 1930 5087 est

265 5103 437 5174 quasi
457 5102 745 5174 senserit.

335 5173 451 5242 (33)
483 5172 704 5226 Confer
750 5171 904 5227 hunc
933 5172 1130 5228 locum
1175 5175 1233 5227 et
1276 5188 1343 5227 ea
1384 5190 1518 5244 quae
1558 5174 1742 5243 priori
1772 5176 1930 5229 tomo

263 5260 402 5317 pagi.
465 5244 589 5317 841,
624 5259 785 5297 num.
837 5244 863 5296 1
915 5244 1084 5317 θιηὲ,
1128 5244 1189 5298 in
1236 5245 1469 5299 titulum
1501 5245 1683 5317 hujus
1740 5246 1932 5316 ipsius

264 5314 809 5387 psalmidicuntur,
840 5318 896 5369 et
925 5315 1269 5371 affinitatem
1298 5332 1417 5371 non
1446 5314 1689 5387 parvam
1719 5314 1936 5372 utrobi-

260 5402 381 5458 que
412 5386 870 5458 animadvertes.

334 5457 451 5530 (34)
487 5457 828 5530 Panaetium,
874 5457 1049 5530 cujus
1091 5458 1454 5530 mentionem
1487 5476 1605 5514 non
1652 5475 1769 5514 uno
1801 5459 1933 5513 loco

262 5528 503 5585 Tullius
535 5528 694 5597 facit,
752 5528 1045 5585 Rhodium
1078 5529 1268 5585 fuisse
1300 5546 1374 5585 ex
1420 5531 1709 5586 Strabone
1756 5530 1937 5584 refert

262 5600 524 5675 Vossius
554 5599 656 5675 lib.
678 5600 936 5675 del’hil.
961 5603 1168 5675 sectis,
1189 5601 1425 5675 cap.19,
1450 5618 1585 5675 pag.
1610 5602 1735 5675 103,
1752 5616 1936 5675 quem

263 5672 658 5753 consule.‘De
686 5670 807 5753 filio
838 5675 1032 5753 aute_m
1061 5670 1199 5753 ejus
1230 5670 1667 5753 q_ui_scrips'erit
1687 5670 1932 5753 aliquid,

2042 4406 2169 4469 rem
2190 4411 2497 4481 intelligat,
2523 4409 2729 4481 dequo
2746 4407 2897 4460 Tull.
2922 4406 3024 4481 libi,
3047 4407 3131 4473 Ill)
3154 4408 3228 4481 de
3247 4408 3414 4461 Oflic.
3443 4412 3498 4460 et
3530 4406 3704 4481 epist.

2044 4483 2110 4540 16
2134 4484 2209 4539 ad
2240 4476 2452 4551 Attii,
2481 4476 2575 4534 vel
2600 4476 2958 4551 Hecanotem
2978 4478 3232 4551 Panaetii
3267 4493 3501 4551 quoque
3532 4476 3708 4529 audi-

2039 4560 2249 4623 torem,
2274 4548 2627 4625 quemidem
2662 4549 2815 4625 Tull.
2844 4564 2955 4602 sex
2987 4548 3172 4625 libros
3203 4548 3273 4601 de
3304 4549 3418 4600 hoc
3448 4548 3579 4617 ipso
3610 4562 3709 4601 ar-

2042 4621 2893 4700 gumentoscripsissenauctor
2921 4621 3031 4700 est.

2114 4698 2227 4769 (36)
2258 4696 2389 4750 Lib.
2425 4711 2441 4747 ι
2468 4688 2548 4769 de
2584 4691 2739 4745 offic.
2766 4704 2929 4769 page.
2960 4688 3086 4769 Q51,
3133 4689 3383 4769 tom.“I.V'
3433 4688 3712 4769 ejusdem

2041 4758 2163 4824 Cic.
2199 4758 2446 4837 operum
2476 4764 2731 4818 Genava:
2768 4758 3087 4837 θερμᾷ-πιεῖν.
3124 4758 3231 4814 des
3284 4758 3578 4837 Planches
3611 4777 3706 4816 an.

2043 4839 2179 4894 1584
2217 4829 2507 4893 θ’ἀὶιοιιιιηι
2552 4836 2751 4903 (quam
2795 4831 2914 4903 edit
2948 4829 3009 4883 in
3050 4832 3439 4901 sequentibus
3473 4847 3713 4903 semper

2042 4907 2462 4974 laudabimus),
2497 4900 2611 4957 lin:
2642 4904 2703 4956 3:
2744 4924 2766 4949 «ι
2802 4900 2919 4974 Sed
2948 4917 3081 4956 cum
3112 4900 3457 4957 statuissem
3488 4900 3713 4973 aliquid

2043 4982 2159 5063 hoc
2180 4975 2548 5085 tegpqore'ad
2595 4978 2651 5028 te
2683 4973 2971 5043 scribere,
3009 4996 3031 5021 υ
3087 4978 3199 5028 etc.
3236 4974 3378 5027 Item
3410 4974 3483 5027 ad
3532 4975 3709 5029 Attio.

2045 5053 2218 5123 epist.
2251 5047 2377 5123 327,
2412 5047 2529 5123 lib_._
2543 5062 2648 5123 ‘xv.

2116 5121 2231 5195 (36)
2264 5115 2390 5174 γει.
2440 5118 2577 5173 edit.
2613 5131 2746 5172 cum
2785 5116 2992 5186 paucis
3043 5131 3215 5185 mss.,
3252 5115 3539 5172 charitati
3563 5129 3711 5187 pon-

2049 5213 2179 5269 dus.

2118 5282 2235 5355 (3'7)
2282 5280 2361 5336 lta
2414 5279 2553 5335 edit.
2614 5277 2788 5350 Vulg.
2846 5277 3093 5333 Graecus
3142 5279 3335 5332 autem
3387 5279 3584 5332 textus
3626 5288 3714 5346 τῆς

2045 5369 2356 5445 λειτουργίας
2378 5366 2551 5429 αὐτὸν,
2578 5356 3052 5445 ministrationis,
3073 5371 3188 5445 seu
3210 5357 3523 5445 ministerii
3554 5356 3709 5445 ejus.

2047 5444 2164 5499 Sed
2209 5435 2347 5498 cum
2393 5441 2654 5496 officium
2704 5440 2780 5494 sit
2828 5437 2887 5490 id
2936 5438 3093 5507 quod
3145 5437 3356 5508 cuique
3409 5435 3710 5499 convenit,

2048 5526 2202 5581 unde
2252 5524 2467 5578 dicitur
2508 5520 2713 5576 Graece
2742 5518 2982 5574 καθῆκονε
3040 5517 3185 5572 nihil
3217 5533 3359 5572 vero
3390 5531 3561 5571 sacro
3609 5511 3713 5565 mi-

2050 5597 2237 5651 nistro
2270 5610 2439 5666 aeque
2479 5592 2791 5666 conveniat
2818 5592 2993 5666 atque
3024 5591 3155 5666 ipsa
3187 5586 3538 5666 ministratio
3574 5582 3716 5666 hinc

2049 5653 2362 5749 intelligas.
2380 5664 2535 5749 haud
2561 5653 3319 5749 absurdenfmbrosianam
3350 5658 3501 5713 hanc
3530 5653 3712 5713 allicit

254 5748 482 5827 preter
527 5742 914 5811 Ambrosium
962 5733 1118 5805 forte
1162 5733 1427 5824 reperias
1460 5733 1943 5823 ﬂaminemfnie'i
2044 5733 2447 5821 acceptionem
2479 5733 2716 5797 defendi
2746 5746 2950 5813 posse.
