4128 6132
429 227 508 296 35
703 315 718 323 η
1862 235 1926 298 s.
1986 234 2433 305 AMBROSII.
3784 260 3860 321 36

510 446 554 547 r.9
581 443 673 536 g6.
897 446 1217 547 ratiqnipsa
1237 449 1562 547 ‘abhorret,
1615 453 2092 547 quandoquidem
2117 438 2178 502 Α
2209 475 2343 515 nem
2373 462 2597 520 invenit
2627 465 2791 536 (Luc.
2826 484 2944 535 xvr,
2979 467 3092 540 25).
3128 471 3350 529 Deinde
3383 476 3487 547 qui
3509 475 3632 532 illla
3662 479 3874 536 nonle-

425 524 698 580 Ofﬁcium
727 525 840 594 (88)
871 526 945 580 ab
978 527 1294 583 efﬁciendo
1327 530 1542 584 dictum
1592 524 1890 604 putamus,
1921 537 2094 607 quasi

425 612 714 668 efﬁciam:
772 615 880 668 sed
914 619 1154 686 propter
1184 617 1460 672 decorem
1502 623 1797 677 sermonis
1827 640 1942 678 una
1985 627 2094 680 im-

421 703 638 755 mutata
668 701 878 772 littera,
914 703 1175 760 ofﬁcium
1235 709 1560 778 nuncupari
1591 709 1738 780 (39):
1782 713 1876 767 vel
1910 719 2088 785 certe,

422 792 580 844 utea
609 805 776 862 agas,
830 807 963 862 qum
994 793 1141 848 nulli
1189 795 1472 867 ofﬁciant,
1509 799 1739 868 prosint
1788 803 2086 860 omnibus.

1047 899 1300 992 CiAPU'I‘
1333 938 1432 994 1x.

423 1055 694 1130 Officium
726 1057 800 1113 ab
831 1058 1080 1116 honesto
1119 1067 1176 1116 et
1212 1062 1364 1130 utili,
1399 1079 1506 1118 nec
1536 1081 1648 1120 non
1679 1068 1754 1122 ab
1782 1068 2086 1126 amborum

488 1128 654 1202 inter
688 1145 755 1202 se
772 1133 1210 1202 comparatione
1234 1128 1466 1189 desumi
1479 1156 1495 1189 :
1527 1137 1638 1192 sed
1657 1154 1688 1191 a
1713 1138 2084 1196 Christianis

489 1200 640 1270 quod
668 1199 744 1279 ad
773 1199 1031 1279 futuram
1077 1205 1254 1258 vitam
1297 1222 1410 1279 non
1445 1207 1732 1279 conferat,
1768 1211 2086 1266 honestum

487 1269 586 1350 aut
617 1269 760 1350 utile
782 1273 1062 1350 agnosci;
1095 1280 1266 1350 atque
1289 1275 1437 1331 adeo
1456 1293 1567 1332 non
1582 1269 2086 1350 supervacaneum

484 1340 616 1394 fere
644 1341 796 1395 hunc
819 1340 900 1397 de
932 1343 1141 1398 Officio
1168 1340 1506 1403 tractatum.

2206 554 2372 620 gunt,
2407 557 2611 608 nostra
2642 555 2842 626 legent
2871 559 2926 612 si
2958 560 3195 616 volent:
3251 563 3348 633 qui
3378 580 3495 619 non
3527 581 3866 623 sermonum

2166 624 2179 648 ‘
2204 641 2654 714 supellectilem,
2691 624 2883 716 neque
2915 651 3099 703 artem
3122 624 3386 723 dicendi;
3407 655 3515 709 sed
3538 655 3868 726 simplicem

2200 743 2398 784 rerum
2429 732 2749 803 exquirunt
2781 736 3050 807 gratiam.

2852 860 3105 916 CAPUT
3152 865 3225 918 Χ.

2195 960 2385 1044 Prius
2409 962 2471 1016 in
2501 965 2700 1044 sacris
2729 966 2982 1044 Litteris
3013 969 3290 1026 decorum
3321 989 3486 1044 quam
3511 973 3571 1028 in
3599 977 3866 1044 philoso-

2259 1033 2510 1118 phiarum
2550 1034 2733 1118 libris
2764 1036 3202 1118 frequentatum
3235 1033 3370 1118 esse
3449 1033 3866 1118 Pythagoram

2267 1103 2500 1157 silentii
2526 1106 2622 1158 sui
2641 1105 2833 1176 legem
2858 1103 3186 1189 iantes-tum
3209 1129 3240 1166 a
3266 1103 3532 1189 Davideff
3565 1103 3688 1172 sed,
3693 1103 3870 1189 hujus

2269 1178 2462 1254 tamen
2495 1187 2806 1256 praestare
2821 1179 3206 1256 disciplinam
3226 1203 3244 1248 ;
3278 1201 3404 1238 cum
3429 1187 3684 1256 primum
3727 1178 3862 1244 07']!-

2266 1245 2417 1298 cium
2447 1245 2528 1299 sit
2551 1247 2831 1319 loquendi
2852 1245 3074 1306 modus.

2261 1351 2350 1405 30.
2402 1352 2692 1408 Decorum
2749 1355 2867 1424 (-H)
2914 1361 3108 1412 autem
3152 1359 3211 1413 in
3257 1364 3482 1416 nostris
3539 1365 3862 1437 Scripturis

484 1461 572 1519 27.
623 1464 826 1519 Ofﬁcia
881 1467 994 1537 (40)
1027 1472 1218 1522 autem
1264 1471 1336 1523 ab
1381 1470 1630 1527 honesto
1681 1478 1737 1528 et
1767 1476 1890 1530 utili
1945 1478 2068 1532 duci

2190 1451 2378 1520 primo
2431 1451 2704 1506 constitui
2761 1453 2892 1507 loco
2931 1456 3107 1525 (quod
3143 1457 3346 1512 Graece
3377 1460 3563 1532 πρέπον
3597 1456 3688 1518 10
3717 1465 3862 1519 dici-

420 1553 926 1624 existimaverunt,
961 1559 1013 1610 et
1047 1557 1117 1610 de
1148 1558 1223 1610 iis
1256 1558 1490 1615 duobus
1522 1562 1744 1633 eligere
1765 1565 1905 1635 quid
1923 1582 2080 1636 prae-

415 1645 568 1697 stet:
605 1642 817 1697 deinde
848 1643 1110 1698 incidere
1143 1647 1256 1716 (il)
1288 1651 1349 1700 ut
1380 1648 1494 1703 duo
1526 1657 1879 1706 concurrant
1900 1653 2081 1710 hone-

2189 1539 2304 1608 tur)
2337 1539 2684 1594 instruimur
2705 1545 2760 1596 et
2789 1543 3086 1614 docemur,
3115 1545 3412 1616 legentes:
3458 1550 3534 1605 Te
3552 1552 3722 1608 decet
3744 1555 3854 1626 11y-

2189 1643 2377 1696 mnus,
2433 1628 2611 1694 Deus,
2647 1630 2708 1682 in
2760 1629 2905 1684 Sion
2936 1633 3126 1695 (I‘sal.
3175 1652 3330 1704 ωιτν,
3363 1635 3458 1706 ‘2):
3507 1641 3600 1694 vel
3631 1641 3858 1708 Graece,

415 1733 524 1799 sta,
559 1733 614 1785 et
645 1731 761 1785 duo
792 1731 986 1801 utilia;
1033 1735 1088 1787 et
1121 1739 1418 1804 qureretur
1468 1739 1609 1808 quid
1641 1739 1970 1813 honestius,
2023 1748 2068 1799 et

2191 1726 2274 1776 Σοὶ
2313 1723 2491 1796 πρέπει
2531 1724 2698 1798 ὑμνὸς.
2745 1719 2958 1790 ὧνθεὸς,
2995 1727 3042 1780 ἐν
3067 1731 3210 1782 Σιών.
3265 1733 3335 1787 Et
3382 1737 3708 1804 Apostolus
3756 1742 3864 1796 ait:

413 1819 554 1890 quid
578 1819 801 1874 utilius.
830 1821 1090 1875 Primum
1121 1823 1302 1894 igitur
1332 1825 1390 1878 in
1434 1829 1555 1880 tres
1586 1831 1782 1896 partes
1804 1830 2078 1887 Ofﬁcium

413 1905 725 1963 dividitur:
775 1909 1187 1980 honestum,et
1226 1913 1387 1984 utile,
1412 1918 1468 1968 ct
1506 1916 1646 1986 quid
1677 1921 2076 1987 praastantius.

413 1995 636 2051 Deinde
666 1997 794 2052 haec
826 1998 933 2052 tria
982 1999 1040 2052 in
1073 1999 1332 2072 quinque
1365 2019 1584 2073 genera
1617 2005 1976 2079 diviserunt,
2021 2009 2080 2064 in

412 2085 527 2139 duo
576 2085 846 2155 honesta,
881 2090 937 2140 et
986 2087 1102 2142 duo
1133 2089 1314 2154 utilia,
1369 2094 1425 2144 et
1457 2093 1715 2164 eligendi
1751 2095 2070 2165 judicium.

411 2171 607 2227 Prima
655 2175 948 2245 pertinere
989 2177 1190 2231 dicunt
1237 2179 1314 2231 ad
1357 2179 1542 2234 decus
1589 2181 2079 2257 honestatemque

413 2261 568 2330 vitae,
605 2263 866 2317 secunda
897 2264 968 2317 ad
1000 2264 1136 2319 vitae
1170 2268 1494 2336 commoda,
1531 2271 1754 2340 copias,
1782 2287 1948 2344 opes,
1989 2274 2080 2328 fa-

411 2351 685 2406 cultates:
721 2350 809 2420 {de
840 2353 914 2406 iis
948 2353 1240 2425 eligendis
1289 2355 1545 2412 subesse
1571 2357 1882 2429 judicium.
1935 2363 2080 2418 Haec

408 2439 514 2494 illi.

477 2526 566 2582 28.
602 2529 728 2582 Nos
760 2531 953 2583 autem
1001 2529 1116 2601 (/19)
1148 2531 1291 2585 nihil
1342 2535 1579 2588 omnius
1611 2536 1728 2590 nisi
1782 2539 1939 2608 quod
1972 2541 2078 2594 de-

410 2620 536 2670 ceat
567 2621 623 2671 et
653 2617 967 2671 honestum
1001 2620 1096 2688 sit,
1124 2619 1456 2676 futurorum
1488 2625 1680 2695 magis
1712 2642 1887 2696 quam
1918 2645 2076 2698 prae-

409 2705 662 2759 sentium
694 2706 968 2760 metimur
997 2706 1248 2762 formula
1276 2724 1288 2763 :
1322 2710 1585 2781 nihilque
1606 2713 1744 2767 utile
1769 2715 1885 2768 nisi
1917 2719 2076 2786 quod

407 2793 479 2847 ad
507 2793 644 2848 vitae
676 2793 836 2848 illius
855 2798 1093 2849 aeterna}
1124 2799 1310 2866 prosit
1328 2801 1576 2868 gratiam
1599 2801 1934 2874 deﬁnimus,
1955 2823 2074 2860 non

407 2883 564 2953 quod
613 2883 685 2937 ad
733 2883 1183 2940 delectationem
1231 2891 1570 2956 praesentis.
1628 2890 1834 2962 Neque
1876 2893 2072 2965 aliqua

407 2971 708 3026 commoda
741 2972 799 3024 in
831 2971 1205 3028 facultatibus
1238 2979 1296 3028 et
1327 2977 1514 3045 copiis
1559 2993 1735 3048 Opum
1768 2983 2071 3037 constitui-

2194 1814 2463 1885 Loquere
2492 1831 2624 1885 qua)
2673 1815 2886 1870 decent
2931 1835 3133 1872 sanam
3165 1821 3495 1878 doctrinam
3535 1825 3661 1894 (Tit
3695 1844 3756 1896 ιι,
3786 1830 3860 1897 1).

2195 1902 2266 1956 Ει
2313 1903 2492 1957 alibi:
2543 1904 2806 1959 Docebat
2845 1914 3037 1961 autem
3087 1926 3215 1962 eum
3261 1927 3376 1982 per
3433 1930 3600 1984 quem
3645 1918 3855 1982 omnia,

2196 1997 2254 2045 et
2281 1998 2532 2063 propter
2563 2009 2730 2064 quem
2753 1996 2964 2066 omnia,
2992 1997 3195 2051 multis
3217 1998 3364 2054 ﬁliis
3393 2001 3454 2054 iu
3483 2002 3734 2072 gloriam
3757 2007 3859 2060 ad-

2195 2080 2422 2146 ductis,
2475 2081 2680 2135 ducem
2712 2082 2926 2136 salutis
2955 2101 3156 2139 eorum
3187 2103 3302 2158 per
3343 2091 3686 2160 passionem
3718 2111 3858 2150 con-

2193 2169 2477 2223 summari
2506 2169 2718 2238 (Hebr.
2752 2187 2790 2239 ι,
2825 2171 2932 2242 10).

2262 2257 2351 2311 3t.
2390 2257 2687 2329 Numquid
2721 2261 2884 2330 prior
2915 2263 3212 2317 Panaetius
3245 2265 3378 2336 (45),
3415 2271 3697 2341 numquid
3720 2273 3858 2328 Ari-

2195 2345 2462 2414 stoteles,
2499 2347 2599 2417 qui
2631 2350 2688 2401 et
2745 2348 2875 2418 ipse
2907 2349 3230 2421 disputavit
3280 2355 3350 2410 de
3398 2356 3629 2428 Ofﬁcio,
3687 2376 3860 2431 quam

2193 2433 2415 2503 David;
2450 2437 2506 2488 et
2535 2436 2664 2504 ipse
2691 2437 3079 2508 Pythagoras,
3115 2441 3215 2512 qui
3234 2442 3453 2513 legitur
3475 2445 3721 2503 Socrate
3749 2466 3858 2504 an-

2189 2522 2428 2593 tiquior,
2462 2524 2806 2593 prophetam
2839 2530 3082 2581 secutus
3115 2529 3297 2585 David
3331 2533 3519 2600 (Psal.
3555 2553 3802 2607 xxxvm,
3826 2537 3861 2594 3

2192 2617 2250 2665 et
2281 2613 2486 2683 seqq.),
2535 2611 2728 2682 legem
2768 2614 2987 2668 silentii
3020 2617 3245 2671 dederit
3294 2621 3468 2676 suis?
3515 2622 3632 2678 Sed
3665 2625 3762 2680 illc
3795 2631 3856 2681 ut

2187 2717 2295 2770 per
2325 2701 2789 2772 quinquennium
2835 2703 3146 2773 disvipulis
3197 2723 3372 2762 usum
3422 2710 3718 2767 inhiberet
3761 2715 3855 2770 lo-
3939 2741 3954 2748 υ

2188 2790 2438 2860 quendi:
2475 2789 2659 2844 David
2689 2794 2882 2844 autem
2915 2807 3031 2847 non
3067 2797 3124 2846 ut
3145 2799 3368 2850 naturae
3400 2815 3615 2855 munus
3659 2802 3854 2857 immi-

2187 2882 2392 2933 nucret
2418 2894 2432 2946 ;
2466 2879 2570 2932 sed
2604 2883 2664 2932 ut
2695 2880 3021 2934 custodiam
3053 2884 3392 2952 proferendi
3423 2891 3720 2946 sermonis
3742 2893 3853 2946 do-

2187 2972 2364 3022 ceret.
2403 2967 2471 3021 Et
2503 2968 2870 3039 Pythagoras
2893 2971 3130 3040 quidem
3153 2976 3215 3026 ut
3237 2990 3353 3029 non
3373 2975 3667 3047 loquendo
3690 2979 3853 3052 loqui

405 3075 564 3114 mus:
589 3060 694 3113 sed
715 3060 1084 3116 incommoda
1109 3063 1237 3118 haec
1259 3067 1553 3134 putamus,
1575 3067 1628 3120 si
1651 3085 1768 3122 non
1787 3070 2068 3141 rejician-

2190 3057 2445 3126 doceret,
2490 3057 2674 3110 David
2705 3061 2768 3112 ut
2808 3057 3102 3128 loquendo
3134 3063 3327 3134 magis
3358 3064 3730 3123 disceremus
3760 3070 3852 3124 lo-

403 3153 533 3216 tur;
595 3163 780 3219 eaque
827 3151 991 3202 oneri
1042 3167 1175 3204 cum
1225 3153 1302 3205 sit
1349 3154 1628 3208 aestimari
1693 3159 1883 3229 magis
1929 3161 2064 3230 (43).

403 3253 576 3308 quam
608 3237 920 3306 dispendio
953 3255 1083 3292 cum
1114 3245 1456 3312 erogantur.

469 3324 558 3379 99.
595 3325 727 3378 Non
759 3328 1125 3395 superﬂuum
1157 3329 1337 3400 igitur
1367 3331 1710 3402 scriptionis
1735 3340 1954 3391 nostrae
1977 3342 2070 3392 est

401 3426 572 3483 Opus,
597 3413 732 3483 quia
750 3413 1020 3468 Ofﬁcium
1045 3416 1279 3470 diversa
1295 3420 1658 3474 aestimamus
1674 3424 1878 3493 regula
1893 3429 2068 3496 atque

399 3499 482 3554 illi
513 3502 974 3556 aestimaverunt.
1027 3503 1115 3557 Illi
1166 3507 1373 3560 saeculi
1424 3510 1730 3564 commoda
1780 3513 1841 3565 in
1887 3514 2066 3569 bonis

399 3588 638 3659 ducunt,
689 3606 800 3645 nos
850 3591 979 3646 haec
1025 3593 1198 3648 etiam
1231 3595 1288 3648 in
1333 3597 1736 3670 detrimentis;
1789 3603 2066 3672 quoniam

397 3678 497 3748 qui
529 3678 623 3732 hic
655 3680 860 3749 recipit
891 3680 1064 3751 bona,
1100 3687 1161 3736 ut
1191 3683 1286 3737 ille
1318 3685 1509 3754 dives,
1562 3687 1680 3741 illic
1714 3691 2012 3745 cruciatur
2040 3709 2052 3746 :

398 3770 454 3820 et
485 3767 764 3836 Lazarus,
799 3768 900 3839 qui
940 3769 1088 3823 mala
1133 3770 1228 3824 hic
1276 3774 1532 3843 pertulit,
1569 3775 1648 3829 illi
1699 3779 2062 3834 consolatio-

467 3910 580 3986 (38)
601 3909 764 3986 lianc
785 3911 976 3986 Ofﬁcii
1015 3914 1429 3986 etymologiam
1454 3917 1662 3986 probat
1685 3919 1886 3975 Franc.
1911 3921 2062 3976 San-

397 3980 570 4059 ctius,
593 3981 1007 4059 illinerwelib.
1034 3980 1112 4050 1v,
1133 3980 1588 4059 Deantipbi'asi,
1631 3989 1734 4059 g4,
1761 3995 1816 4045 et
1851 3993 2062 4047 Donati

396 4052 742 4133 auctoritate
765 4054 1080 4133 conﬁrmat
1105 4070 1127 4133 ε.
1172 4052 1492 4133 secundum
1524 4052 1739 4114 refellit
1789 4062 1900 4116 hoc
1931 4064 2062 4133 ipso

397 4121 464 4175 D.
500 4122 1543 4206 Ambrosii.tesli‘moqio:Sedmale,
1581 4146 1713 4184 cum
1747 4121 2058 4206 utramque

395 4192 639 4263 perinde
670 4194 1054 4262 amplectatur
1083 4195 1142 4250 S.
1177 4198 1462 4252 Antistes.

475 4264 588 4344 id?)
615 4264 824 4344 lzlures
848 4281 992 4344 mss,
1020 4267 1692 4344 (lit-i‘existimaverunt,
1729 4290 1843 4344 non
1875 4279 2056 4344 recte,

2187 3147 2306 3216 qui.
2351 3146 2654 3209 Quomodo
2705 3147 2859 3200 enim
2910 3148 3038 3202 sine
3089 3153 3373 3207 exercitio
3406 3154 3692 3227 doctrina,
3752 3163 3854 3214 aut

2186 3236 2319 3287 sine
2354 3250 2466 3287 usu
2495 3234 2850 3302 profectus?

2251 3320 2340 3376 :52.
2357 3323 2462 3388 Qui
2479 3323 2850 3393 disciplinam
2872 3325 3145 3381 bellicam
3159 3330 3281 3383 vult
3303 3333 3568 3403 assequi,
3587 3335 3847 3405 quotidie

2181 3414 2494 3465 exercetur
2522 3413 2724 3481 armis,
2761 3416 2816 3466 et
2859 3418 3133 3486 tanquam
3175 3417 3234 3471 in
3266 3420 3574 3489 procinctu
3617 3424 3848 3492 positus

2177 3500 2452 3570 praeludit
2483 3501 2770 3571 praelium,
2795 3507 2851 3556 et
2882 3504 3042 3558 velut
3071 3521 3270 3560 coram
3314 3513 3508 3577 posito
3538 3513 3849 3580 praetendit

2179 3589 2386 3643 hoste:
2443 3593 2615 3660 atque
2657 3591 2731 3644 ad
2778 3593 3046 3660 peritiam
3094 3595 3374 3666 viresque
3400 3597 3701 3668 jaculandi
3753 3602 3847 3656 vel

2177 3693 2322 3732 suos
2355 3677 2620 3747 explorat
2651 3678 2924 3747 lacertos,
2957 3681 3050 3734 vel
3083 3682 3561 3740 adversariorum
3593 3688 3849 3744 declinat

2176 3765 2351 3836 ictus,
2388 3769 2444 3820 et
2472 3765 2739 3838 vigilanti
2790 3767 2911 3821 exit
2942 3768 3147 3825 obtutu
3200 3770 3334 3841 (46).
3386 3773 3499 3838 Qui
3545 3777 3740 3831 navim
3785 3779 3844 3832 in

2175 3912 2298 3982 tur,
2326 3908 2550 3982 noniita
2587 3909 2916 3982 accipimus
2949 3911 3121 3980 quasi
3171 3914 3535 3982 peculiarem
3569 3917 3681 3972 sub
3727 3919 3840 3974 hoc

2177 3981 2343 4034 titulo
2375 3981 2622 4058 ediderit
2664 3981 3212 4058 commentationem
3242 4001 3254 4038 :
3317 3986 3425 4040 sed
3456 3990 3611 4058 quod
3665 3991 3844 4045 multa

2177 4068 2310 4126 quae
2332 4051 2794 4126 a_(le_ingulo_r_um
2829 4052 3024 4106 ofﬁcia
3060 4056 3405 4126 pertineant,
3452 4051 3755 4114 tradiderit
3784 4062 3842 4116 in

2177 4121 2280 4176 lib.
2345 4121 2570 4176 Politie.
2631 4123 2962 4178 (Econom..
3017 4121 3270 4179 maxime
3334 4121 3474 4182 vero
3534 4130 3591 4182 in
3650 4131 3842 4187 tribus

2180 4192 2497 4266 Moralium
2518 4208 2761 4246 suorum
2793 4194 3216 4266 voluminibus,
3254 4213 3388 4266 qum
3419 4201 3692 4254 manibus
3717 4217 3842 4256 om-

2177 4265 2338 4318 nium
2371 4263 2742 4340 evolvuntur.
2777 4264 2945 4340 Quod
2974 4281 3114 4340 vero
3151 4263 3330 4340 David
3364 4269 3529 4323 hisce
3577 4271 3842 4340 philoso-

463 4334 734 4419 μωρία.
759 4335 860 4390 lib.
896 4353 912 4389 ι
945 4337 1020 4391 de
1055 4337 1221 4394 omo.
1248 4357 1381 4412 pag.
1414 4342 1511 4395 3.31
1544 4358 1555 4396 :
1603 4334 1846 4414 Triplex
1873 4334 2062 4416 igitur

2190 4335 2312 4404 phis
2344 4335 2636 4415 asseritur
2663 4350 2801 4419 esse
2831 4336 3143 4416 antiquior,
3181 4337 3236 4419 id
3271 4353 3404 4419 cum
3453 4334 3838 4419 chronologia

394 4412 504 4466 cst,
551 4409 660 4460 etc.

463 4477 578 4557 (-tl_)
611 4477 755 4532 Mss.
804 4495 920 4532 non
955 4479 1142 4549 pauci,
1193 4481 1412 4537 deinde
1451 4483 1754 4549 indicere;
1794 4487 2054 4557 quidam,

392 4548 696 4602 incedere.

461 4617 574 4694 (42)
606 4620 965 4694 Sententiam
995 4621 1147 4676 hanc
1178 4638 1294 4676 non
1324 4624 1466 4678 nihil
1490 4625 1824 4694 impeditam
1855 4629 1932 4682 ita
1959 4644 2056 4682 ex-

392 4687 545 4757 plica
573 4704 584 4742 :
619 4689 745 4744 Nos
776 4697 969 4746 autem
1001 4695 1126 4747 sola
1160 4695 1424 4748 decentia
1475 4699 1530 4749 et
1561 4687 1808 4752 honesta
1838 4703 2054 4753 tracta-

393 4774 526 4840 mus
558 4774 626 4812 ac
658 4761 993 4830 deﬁnimus,
1027 4764 1202 4840 idque
1234 4765 1485 4820 facimus
1511 4769 1700 4840 magis
1731 4770 1936 4840 regula
1960 4771 2056 4826 fu-

391 4833 676 4902 turorum,
711 4849 886 4902 quam
918 4833 1319 4902 praesentium.

465 4900 570 4969 (43)
603 4900 830 4983 Erasm.
857 4900 1066 4983 tet—seq.
1093 4907 1230 4960 edit.
1249 4923 1385 4983 cum
1409 4924 1524 4983 uno
1550 4909 1651 4983 vel
1669 4911 1853 4967 altero
1879 4928 2051 4983 mss.,

392 4985 575 5053 eaque
597 4973 768 5026 oneri
803 4975 997 5053 magis
1029 4973 1162 5029 cum
1202 4979 1670 5053 si12t_zestiinari,
1709 4999 1896 5053 quam,
1939 4973 2050 5039 etc:

390 5042 506 5120 sed
536 5057 605 5098 ea
635 5042 1039 5120 ti'ailspositio,
1075 5063 1208 5120 qua;
1241 5049 1486 5120 reliquis
1518 5042 1666 5106 mss.
1719 5042 1780 5107 et
1808 5042 2050 5110 Amerb.

391 5113 529 5168 edit.
591 5113 882 5170 contraria
927 5113 1035 5184 est,
1089 5113 1201 5172 loci
1249 5113 1386 5173 non'
1412 5122 1562 5176 tollit
1609 5124 2049 5182 obscuritatem.

389 5184 556 5239 Hanc
587 5201 732 5268 ergo
764 5189 822 5240 ut
854 5203 1154 5257 amoveas,
1191 5191 1576 5268 subintellng
1604 5195 1851 5250 verbum
1876 5201 2053 5268 puta-

387 5271 535 5336 mus,
571 5261 627 5311 et
656 5259 1062 5336 interpretare,
1099 5277 1226 5314 cum
1265 5263 1406 5336 sint,
1448 5259 1705 5336 positum
1743 5259 1893 5336 pro;
1924 5284 2052 5322 cum

388 5325 630 5391 adsint;
660 5333 720 5383 ut
751 5325 1080 5400 opponatur
1109 5325 1398 5404 sequenti
1426 5325 1711 5406 membro,
1743 5325 1872 5390 cum
1913 5353 2050 5394 ero-

428 5404 623 5453 antur.

384 5413 989 5548 git-i231}:ini__0_l‘lic_.
1021 5489 1158 5548 pag.
1191 5473 1332 5532 363:
1384 5476 1673 5534 Hoc'loco
1717 5479 2052 5548 continetur

381 5538 474 5610 id,
497 5538 656 5671 quod
686 5541 828 5598 dicit
857 5538 1062 5627 betin‘e
1093 5538 1396 5632 decorum,
1436 5570 1456 5597 υ
1495 5551 1606 5604 etc.

455 5609 510 5696 (4
546 5611 566 5682 )
597 5611 765 5686 Quod
793 5615 1148 5678 Aristoteles
1179 5617 1520 5696 disputasse
1548 5617 1606 5682 dt

597 5611 765 5686 Quod
793 5614 1148 5678 Aristotcles
1179 5611 1520 5697 disputasse
1548 5617 1620 5682 de
1666 5618 1863 5684 ofﬁcio
1896 5621 2049 5702 diciq

2178 4403 2513 4459 consentire
2541 4403 2666 4483 jam
2697 4403 3150 4483 observavimus
3185 4411 3339 4483 tomo
3371 4410 3420 4477 l,
3459 4427 3594 4483 pag.
3645 4403 3841 4469 76ti’et

2175 4477 2299 4530 982.
2329 4477 2396 4529 Et
2415 4479 2571 4530 certe
2600 4476 2894 4528 Panmtius
2918 4477 3162 4530 ﬂorebat
3202 4476 3422 4534 tantum
3454 4476 3643 4537 aniab
3679 4484 3839 4540 Urbe

2177 4547 2410 4626 condita
2446 4545 2835 4626 circ.
2874 4551 2966 4600 est
3005 4547 3106 4602 1‘26
3127 4555 3390 4626 anuantu
3423 4553 3633 4626 salutis
3666 4572 3839 4626 repa-

2175 4618 2499 4686 rationem;
2549 4617 2900 4671 Arislotcles
2957 4634 3052 4673 an.
3099 4620 3171 4674 ab
3218 4621 3374 4677 Orbe
3408 4624 3644 4681 condito
3693 4617 3834 4683 circ.

2172 4689 2333 4757 3570,
2377 4688 2434 4741 id
2459 4691 2550 4741 est
2585 4704 2700 4764 ειη.-
2721 4689 2906 4764 ferme
2940 4689 3041 4764 3ἒο
3071 4695 3203 4764 ante
3235 4693 3533 4749 Christum
3561 4712 3574 4764 ;
3625 4697 3841 4752 Socra-

2173 4764 2264 4837 tes
2312 4775 2465 4837 anno
2504 4759 2706 4837 mundi
2753 4757 2929 4837 35325;
2961 4762 3347 4837 Pythagoras
3393 4757 3645 4837 denique
3705 4772 3838 4823 ante

2173 4830 2437 4908 l’irginis
2486 4834 2714 4908 partum
2763 4825 2927 4908 circ._'
2959 4825 3083 4908 550ζ
3131 4825 3245 4908 hoc
3290 4839 3398 4908 est
3429 4853 3523 4890 an.
3701 4843 3839 4908 post

2172 4902 2472 4976 Davidem.
2508 4903 2692 4976 Porro
2721 4902 3020 4976 quiiplura
3053 4905 3125 4957 de
3155 4906 3248 4959 bis
3282 4905 3654 4976 philosophis
3678 4902 3836 4963 desi-

2169 4973 2484 5048 deraverit,
2516 4973 2686 5027 adeat
2717 4973 2788 5027 de
2839 4973 3171 5048 Pythagora
3204 4973 3537 5048 Lacrtium,‘
3565 4977 3834 5048 Porphy-

2168 5045 2738 5117 rium,fAnonymum
2759 5045 3234 5117 apudl’hotium;
3275 5047 3528 5117 August.
3552 5047 3641 5103 De
3663 5045 3835 5110 civit.

2167 5117 2282 5170 Dei
2303 5116 2404 5170 lib.
2434 5132 2595 5192 xviii,
2622 5132 2748 5192 cap.
2773 5116 2839 5168 37
2867 5131 2896 5192 ;_
2918 5115 3248 5192 \‘ayerium,
3284 5115 3618 5192 llefvirtute
3646 5138 3834 5192 paga—

2168 5203 2372 5242 norum
2405 5191 2463 5241 et
2493 5187 2819 5254 Naudeum,
2854 5186 3138 5258 Apologia
3161 5186 3482 5242 illustrium
3529 5186 3831 5258 Vit-ordia,-

2167 5259 2238 5312 de
2270 5258 2511 5331 Socrate
2533 5261 2746 5331 autem,
2767 5255 2983 5331 praeter
3003 5255 3260 5331 plurese
3285 5261 3653 5331 memoratis,
3692 5255 3836 5319 Dio-

2167 5330 2375 5383 dorum
2407 5327 2963 5401 Sicul.,it_\risti_de[n
2996 5331 3141 5401 orat.
3191 5326 3245 5401 2,
3298 5326 3649 5401 Eusebium,
3693 5333 3832 5389 Sui-

2167 5401 2300 5474 dam
2331 5403 2387 5454 et
2417 5400 2586 5474 alios.
2624 5399 2770 5453 Nam
2801 5398 2872 5452 de
2906 5397 3164 5454 Panaetio
3189 5399 3312 5472 jam
3351 5397 3639 5474 quantum
3663 5405 3836 5462 sufﬁ-

2167 5471 2652 5542 ciat,iattigimus.

2238 5513 2780 5615 edit.
2815 5556 2940 5615 acc.
2973 5557 3122 5615 mss.
3158 5543 3282 5600 fere
3311 5543 3381 5599 ad
3402 5561 3612 5603 unum:
3654 5547 3826 5608 Rom.

2166 5612 2360 5680 autem
2379 5613 2540 5692 edit.,
2571 5612 2846 5692 vigilanti
2862 5614 3086 5695 exeipit
3109 5615 3331 5676 obtutu.
3372 5615 3490 5678 Sed
3519 5616 3666 5678 nihil
3696 5634 3831 5684 mu-
