4128 6132
321 276 403 339 37

321 492 473 547 mari
505 505 717 563 regere
739 488 1163 562 gubernaculis
1194 489 1409 559 studet,
1435 490 1529 544 vel
1552 489 1732 544 remis
1754 490 1993 561 dueere,
2022 469 2085 534 Α
2186 490 2275 546 3'7.
2312 491 2576 563 Denique
2626 491 2767 546 dicit
2813 493 2898 546 illi
2945 492 3299 548 adolescens

318 582 494 651 prius
526 580 585 633 in
618 579 796 634 fluvio
826 578 1119 650 prmludit.
1152 577 1262 642 Qui
1285 578 1534 632 canendi
1558 578 1907 633 suavitatem
1943 581 2001 632 ct

319 670 495 724 vocis
517 667 792 723 affectant
823 668 1242 738 praestantiam,
1276 667 1443 736 prius
1473 667 1701 721 sensim
1736 668 2000 722 canendo

320 774 538 813 vocem
565 758 843 811 excitant.
877 757 947 810 Et
977 756 1077 827 qui
1113 756 1344 810 viribus
1377 757 1669 826 corporis,
1702 756 2001 826 legitimo-

321 864 442 919 que
473 846 735 901 luctandi
765 846 1083 900 certamine
1104 860 1382 899 coronam
1413 848 1635 915 petunt,
1661 845 2003 916 quotidiano

323 953 443 991 usu
473 935 772 1006 palaestra
804 935 1085 988 durantes
1118 933 1399 999 membra,
1427 934 1752 988 nutrientes
1776 933 2004 1002 patien-

322 1027 467 1080 tiam
499 1024 761 1078 laborem
794 1026 1173 1077 assuescant.

401 1110 492 1168 33.
528 1112 671 1167 Hinc
716 1111 848 1181 ipsa
877 1115 1085 1166 natura
1117 1109 1229 1181 (47)
1258 1127 1370 1166 nos
1405 1111 1466 1165 in
1504 1111 1768 1181 parvulis
1814 1110 2005 1181 docet,

326 1201 492 1274 quod
527 1202 693 1272 prius
724 1216 911 1255 sonos
954 1200 1310 1255 meditantur
1338 1199 1646 1271 loquendi,
1699 1202 1761 1253 ut
1806 1200 2007 1270 loqui,

325 1292 583 1346 discant.
627 1290 826 1360 Itaque
859 1305 1046 1344 sonus
1096 1289 1438 1343 exercitatio
1483 1288 1596 1359 (48)
1645 1288 1915 1359 quaedam
1956 1290 2014 1342 et

326 1381 615 1451 palaestra
644 1378 814 1433 vocis
861 1381 970 1433 est.
1012 1378 1092 1431 ita
1123 1393 1275 1449 ergo
1302 1381 1360 1432 et
1397 1378 1499 1448 qui
1529 1377 1734 1432 volunt
1779 1377 2012 1431 discere

329 1469 670 1523 cautionem
708 1467 1008 1537 loquendi,
1043 1466 1202 1537 quod
1232 1469 1458 1521 natura:
1481 1469 1591 1534 est,
1617 1482 1736 1521 non
1758 1469 2009 1536 negent:

328 1558 493 1628 quod
542 1556 829 1611 custodiae
877 1559 988 1625 est,
1040 1558 1396 1625 exerceant;
1431 1559 1493 1609 ut
1532 1555 1630 1625 qui
1662 1555 1721 1609 in
1772 1556 2015 1625 specula

330 1650 493 1715 sunt,
529 1645 890 1716 speculando
922 1644 1245 1714 intendant,
1269 1659 1387 1698 non
1418 1643 1786 1699 dormienda.
1806 1644 2013 1698 Omnis

334 1736 494 1789 enim
541 1749 642 1788 res
689 1733 946 1803 propriis
1007 1750 1076 1787 ac
1133 1734 1479 1789 domesticis
1546 1733 1848 1788 exercitiis
1906 1749 2014 1787 au-

341 1827 534 1896 getur.

406 1912 496 1966 34.
534 1912 695 1984 Ergo
735 1912 921 1965 David
968 1912 1198 1967 tacebat
1264 1927 1381 1967 non
1432 1927 1696 1982 semper,
1754 1912 1861 1966 sed
1909 1927 2015 1981 pro

338 2006 603 2072 tempore
636 2017 648 2055 :
683 2016 800 2055 non
828 2001 1074 2073 jugiter,
1136 2016 1327 2072 neque
1386 2001 1697 2071 omnibus;
1737 2002 1844 2055 sed
1890 2000 2019 2054 irri-

336 2092 478 2145 tanti
510 2080 877 2161 adversario,
910 2090 1252 2160 provocanti
1278 2091 1573 2159 peccatori
1616 2105 1734 2145 non
1765 2106 2018 2160 respon-

337 2179 530 2234 debat.
576 2179 678 2247 Et,
730 2179 887 2232 sicut
932 2179 1075 2232 alibi
1132 2179 1211 2231 ait
1268 2178 1456 2246 (Psal.
1504 2195 1732 2248 xxxv",
1768 2176 1853 2248 13,
1910 2179 2018 2248 1-1),

339 2268 651 2338 loquentes
682 2268 1019 2335 vanitatem,
1055 2271 1111 2321 et
1151 2268 1481 2338 cogitantes
1512 2267 1731 2337 dolum,
1766 2282 1885 2321 non
1915 2283 2023 2321 au-

342 2356 541 2411 diebat
558 2356 729 2427 quasi
761 2356 1006 2426 surdus,
1054 2360 1110 2410 et
1146 2356 1318 2427 quasi
1348 2358 1545 2411 mutus
1578 2372 1695 2410 non
1725 2356 2027 2428 aperiebat

341 2445 473 2498 illis
503 2460 570 2497 os
591 2460 796 2513 suum;
831 2444 969 2515 quia
992 2448 1048 2498 et
1075 2444 1213 2499 alibi
1237 2445 1422 2499 habes
1450 2461 1461 2499 :
1496 2445 1639 2500 Noli
1658 2447 2027 2516 respondere

342 2533 705 2603 imprudenti
739 2534 816 2587 ad
846 2534 1304 2603 imprudentiam
1356 2535 1518 2606 ejus,
1571 2551 1645 2589 ne
1675 2535 1895 2589 similis
1933 2535 2031 2599 illi

340 2619 456 2676 ﬁas
484 2620 688 2687 (Prov.
723 2639 887 2691 xxvx,
911 2621 989 2691 4).

415 2708 504 2763 35.
549 2710 810 2764 Primum
840 2712 1016 2782 igitur
1049 2712 1311 2766 ofﬁcium
1342 2715 1434 2766 est
1464 2712 1741 2783 loquendi
1791 2713 2024 2767 modus.

345 2798 473 2853 Hoc
532 2798 890 2852 sacriﬁcium
939 2800 1131 2855 laudis
1181 2801 1300 2856 Deo
1357 2802 1724 2871 dependitur,
1776 2803 1859 2863 11
1914 2802 2027 2855 hoe

342 2879 680 2933 reverentia
714 2878 1041 2948 exhibetur,
1068 2897 1199 2934 cum
1222 2880 1541 2949 Scripturee
1573 2880 1788 2934 divinae
1819 2880 2027 2953 legun-

340 2971 462 3037 tur,
498 2967 609 3021 hoc
650 2967 1013 3021 honorantur
1044 2972 1340 3038 parentes.
1375 2972 1511 3023 Scio
1548 2969 1662 3038 (t9)
1693 2970 1855 3039 loqui
1898 2970 2027 3039 ple-

1259 273 1371 335 DE
1414 272 1775 335 OFFICIIS
1820 271 2431 339 MINISTRORUM
2482 274 2734 338 LIBER
2775 275 2824 337 Ι.

3716 280 3796 344 38

3349 509 3361 548 :
3414 494 3620 549 Omnia
3668 496 3796 551 haec

2118 581 2350 635 custodi
2360 582 2416 633 vi
2444 597 2476 634 α
2491 579 2811 652 juventute
2841 597 2987 646 mea,
3024 581 3162 653 quid
3196 582 3387 635 adhuc
3416 583 3565 637 mihi
3585 583 3797 638 deest?

2115 669 2223 723 Ait
2252 668 2345 723 illi
2374 669 2552 724 Jesus
2582 690 2599 723 :
2633 668 2704 723 Si
2738 670 2829 723 vis
2857 669 3171 741 perfectus
3202 686 3354 740 esse,
3395 671 3561 738 vade,
3606 673 3796 727 vende

2118 758 2309 813 omnia
2350 757 2500 813 bona
2527 764 2641 824 tua,
2679 764 2737 813 et
2768 758 2841 813 da
2871 757 3255 829 pauperibus,
3296 765 3354 812 et
3391 759 3643 814 habebis
3677 761 3800 816 the-

2117 863 2357 901 saurum
2373 847 2436 901 in
2453 847 2617 906 caelo.
2648 854 2705 901 et
2732 848 2885 917 veni,
2911 863 3164 919 sequere
3185 863 3276 900 me
3293 848 3531 915 (Matth.
3555 865 3655 916 xx,
3679 848 3793 917 21).

2064 986 2070 993 .
2120 935 2190 989 Et
2219 951 2402 1005 supra
2452 936 2689 1004 (Matth.
2739 953 2797 1003 v,
2844 935 2932 1005 41,
2966 934 3058 1003 45)
3090 936 3166 989 ita
3214 938 3304 989 est
3345 936 3647 1007 scriptum,
3699 938 3800 991 ubi

2121 1024 2458 1096 diligendos
2508 1024 2781 1078 inimicos
2803 1066 2817 1093 ,
2853 1028 2908 1078 et
2940 1024 3224 1078 orandum
3264 1024 3405 1078 dicit
3432 1041 3538 1095 pro
3588 1024 3799 1096 calum,

2123 1113 2424 1168 niantibus
2455 1116 2511 1167 et
2541 1113 3040 1184 persequentibus
3062 1129 3195 1183 nos,
3223 1117 3278 1167 et
3298 1113 3651 1168 benedicere
3680 1130 3802 1167 ma-

2123 1201 2488 1271 ledicentes;
2540 1202 2651 1257 hoc
2682 1218 2793 1256 nos
2842 1202 3037 1256 facere
3086 1201 3402 1271 debemus,
3436 1202 3489 1256 si
3527 1202 3803 1257 volumus

2125 1290 2370 1361 perfecti
2401 1306 2559 1361 esse,
2608 1291 2762 1345 sicut
2808 1291 2979 1346 Pater
3025 1295 3231 1346 noster
3267 1292 3368 1362 qui
3411 1292 3473 1345 in
3509 1290 3660 1346 coelo
3690 1294 3802 1362 est,

2127 1381 2229 1451 qui
2262 1396 2444 1450 super
2472 1380 2663 1434 bonos
2697 1383 2753 1434 et
2782 1380 2969 1434 malos
3015 1380 3202 1434 solem
3226 1378 3400 1451 jubet
3426 1380 3626 1435 radios
3657 1393 3806 1435 suos

2128 1469 2396 1539 fundere,
2432 1473 2491 1523 ct
2518 1468 2716 1539 pluvia
2746 1471 2801 1522 et
2834 1484 2965 1523 rore
3000 1471 3188 1523 terras
3227 1468 3643 1523 universorum
3676 1469 3805 1523 sine

2127 1559 2246 1612 ulla
2279 1559 2639 1612 discretione
2698 1558 3114 1629 pinguescere.
3156 1557 3282 1611 IIoc
3323 1560 3413 1611 est
3445 1558 3627 1629 igitur
3667 1572 3806 1628 per-

2129 1648 2346 1702 fectum
2367 1646 2626 1701 ofﬁcium
2646 1644 2781 1716 (51),
2807 1646 2962 1717 quod
2981 1650 3279 1727 κατόρθωμα
3298 1646 3573 1700 dixerunt
3592 1646 3804 1712 Graeci,

2046 1777 2098 1839 Β
2132 1762 2249 1817 quo
2308 1745 2690 1816 corriguntur
2736 1745 2964 1815 omnia,
3016 1760 3149 1815 quae
3212 1744 3445 1815 aliquos
3494 1746 3810 1814 potuerunt

2135 1836 2339 1906 lapsus
2370 1834 2608 1888 habere.

2203 1921 2291 1977 38.
2326 1924 2489 1977 Bona
2516 1922 2690 1978 etiam
2721 1923 3149 1997 misericordia,
3184 1938 3317 1994 quae
3361 1926 3418 1977 et
3454 1922 3581 1993 ipsa
3610 1921 3810 1994 perfe-

2134 2016 2262 2067 ctos
2297 2012 2452 2082 facit,
2488 2013 2623 2083 quia
2672 2012 2930 2067 imitatur
2976 2012 3304 2082 perfectum
3348 2011 3597 2066 Patrem.
3652 2013 3813 2084 Nihil

2135 2107 2251 2158 tam
2285 2102 2654 2156 commendat
2704 2101 3097 2157 Christianam
3128 2101 3379 2154 animam
3413 2117 3586 2172 quam
3630 2101 3816 2156 mise-

2138 2191 2392 2246 ricordia
2422 2190 2557 2260 (5:2).
2594 2190 2851 2243 Primum
2902 2191 2960 2243 in
2992 2204 3310 2259 pauperes,
3357 2193 3421 2243 ut
3470 2205 3813 2245 communes

2136 2280 2373 2352 judices
2405 2282 2609 2349 partus
2639 2281 2884 2347 naturas,
2919 2293 3051 2349 quae
3091 2278 3367 2332 omnibus
3397 2278 3470 2332 ad
3502 2294 3674 2332 usum
3714 2294 3816 2350 ge-

2145 2373 2310 2424 nerat
2350 2368 2576 2421 fructus
2620 2372 2948 2436 terrarum;
2992 2370 3051 2420 ut
3091 2367 3248 2437 quod
3284 2366 3490 2436 habes,
3537 2367 3816 2439 largioris

2145 2458 2407 2529 pauperi,
2444 2460 2499 2511 et
2529 2459 2867 2511 consortem
2890 2459 2945 2509 et
2965 2454 3329 2510 conformem
3351 2459 3511 2510 tuum
3541 2456 3814 2527 adjuves.

2146 2548 2233 2601 Tu
2271 2563 2570 2600 nummum
2602 2545 2863 2616 largiris,
2897 2544 2994 2598 ille
3040 2544 3217 2598 vitam
3248 2546 3475 2614 accepit
3505 2561 3517 2600 :
3550 2548 3612 2599 tu
3640 2561 3819 2615 pecu-

2146 2636 2301 2691 niam
2331 2636 2458 2704 das,
2490 2636 2584 2688 ille
2608 2634 2998 2688 substantiam
3029 2650 3198 2688 suam
3222 2634 3490 2689 aestimat.
3526 2634 3690 2689 Tuus
3720 2635 3820 2688 de-

2145 2725 2368 2794 narius,
2411 2740 2631 2778 census
2662 2724 2818 2777 illius
2853 2727 2961 2777 est.

2214 2812 2302 2867 39.
2336 2812 2424 2866 Ad
2456 2813 2583 2866 haec
2614 2812 2750 2882 plus
2782 2811 2877 2865 illc
2911 2811 3013 2865 tibi
3048 2812 3295 2880 confert,
3321 2825 3456 2866 eum
3486 2812 3563 2866 sit
3591 2812 3823 2866 debitor

2144 2902 2374 2957 salutis.
2397 2902 2457 2956 Si
2480 2902 2700 2955 nudum
2729 2901 2972 2969 vestias,
2998 2903 3053 2954 te
3072 2900 3266 2970 ipsum
3296 2900 3494 2955 induis
3507 2899 3821 2971 justitiam.

2143 2992 2205 3047 Si
2246 2991 2626 3062 peregrinum
2661 2990 2773 3043 sub
2806 2992 3022 3043 tectum
3045 2989 3291 3043 inducas
3323 2992 3506 3060 tuum,
3539 2989 3591 3044 si
3622 2990 3823 3047 susci-

344 3071 599 3126 rosque,
651 3072 785 3109 cum
838 3060 1033 3110 tacere
1084 3058 1368 3111 nesciant.
1434 3060 1653 3111 Rarum
1696 3062 1786 3112 est
1829 3062 2026 3113 tacere

2156 3058 2273 3150 pias
2305 3058 2576 3151 egentem
2612 3093 2623 3132 :
2660 3078 2757 3131 ille
2804 3077 2911 3131 tibi
2948 3077 3207 3147 acquirit
3236 3058 3577 3132 sanctorum
3624 3079 3826 3135 amici-

346 3160 721 3215 quemquam,
758 3161 893 3198 cum
924 3146 1041 3198 sibi
1086 3161 1204 3199 non
1234 3147 1421 3215 prosit
1460 3147 1641 3217 loqui.
1685 3147 1934 3217 Sapiens
1968 3151 2030 3202 ut

344 3234 644 3303 loquatur,
678 3234 856 3287 multa
905 3235 1073 3303 prius
1113 3235 1477 3303 considerat,
1531 3235 1669 3306 quid
1711 3236 1886 3305 dicat,
1933 3239 2032 3290 aut

348 3324 447 3376 cui
486 3322 668 3391 dicat,
719 3338 837 3392 quo
894 3323 953 3375 in
1005 3322 1164 3391 loco,
1215 3327 1273 3377 et
1317 3327 1600 3394 tempore.
1638 3323 1744 3378 Est
1788 3340 1934 3397 ergo
1976 3328 2034 3379 et

348 3411 584 3466 tacendi
613 3414 669 3464 et
699 3410 979 3481 loquendi
1010 3412 1221 3465 modus
1254 3428 1265 3466 :
1300 3416 1392 3466 est
1422 3413 1594 3467 etiam
1629 3413 1765 3468 facti
1797 3413 2029 3468 modus.

352 3500 673 3556 Pulchrum
697 3500 876 3571 igitur
897 3502 1096 3555 tenere
1119 3516 1461 3556 mensuram
1488 3501 1687 3557 ofﬁcii.

985 3643 1255 3699 CAPUT.
1290 3643 1387 3699 XI.

358 3779 631 3835 Ofﬁcium
645 3794 831 3849 omne,
847 3783 944 3833 aut
962 3778 1234 3843 medium,
1252 3783 1350 3832 aut
1364 3777 1695 3849 perfectum
1720 3793 1856 3849 esse
1874 3777 2037 3833 Scri-

421 3857 618 3923 pturae
663 3850 1022 3923 testimoniis
1068 3848 1406 3923 ostenditur
1451 3865 1462 3903 :
1517 3849 1621 3923 cui
1653 3848 2038 3923 subjungitur

424 3920 859 3976 misericordiw
879 3921 1027 3988 laus,
1061 3926 1234 3991 atque
1252 3921 1326 3974 ad
1360 3936 1486 3974 eam
1518 3920 1876 3975 exhortatio.

551 4009 820 4064 Ofﬁcium
858 4013 1049 4063 autem
1101 4024 1272 4063 omne
1303 4013 1401 4063 aut
1443 4007 1718 4079 medium,
1763 4011 1862 4063 aut
1903 4024 2040 4080 per-

358 4098 578 4152 fectum
592 4102 679 4151 est
695 4098 831 4167 (50),
852 4097 1009 4168 quod
1039 4114 1207 4169 aeque
1230 4097 1665 4167 Scripturarum
1689 4099 2036 4151 auctoritate

356 4187 613 4258 probare
660 4202 1003 4256 possumus.
1046 4186 1348 4241 tlabemus
1385 4187 1601 4240 etenim
1621 4186 1681 4240 in
1712 4185 2038 4257 Evangelia

357 4276 589 4329 dixisse
626 4277 967 4330 Dominum:
995 4275 1064 4328 Si
1098 4276 1190 4328 vis
1211 4276 1271 4329 in
1296 4276 1474 4329 vitam
1490 4281 1777 4331 :eternam
1810 4275 2037 4344 venire,

361 4381 545 4419 serva
577 4365 870 4417 mandata.
899 4364 1067 4417 Dixit
1089 4363 1235 4417 ille?
1270 4363 1449 4429 Quae?
1470 4364 1645 4419 Jesus
1667 4369 1858 4418 autem
1888 4364 2043 4418 dixit
2075 4401 2128 4461 Β

360 4454 454 4508 illi
486 4471 498 4508 :
536 4454 667 4508 Non
705 4453 1079 4508 homicidium
1112 4452 1321 4522 fitCiOS,
1356 4469 1469 4506 non
1501 4452 1890 4520 adulterabis,
1930 4468 2042 4507 non

359 4544 551 4598 facies
580 4543 820 4609 furtum,
874 4558 985 4595 non
1027 4541 1236 4594 falsum
1271 4542 1668 4596 testimonium
1698 4541 1867 4597 dices
1890 4561 1905 4594 :
1934 4542 2042 4596 110-

360 4649 506 4686 nora
558 4637 789 4702 patrem
840 4637 899 4683 et
955 4636 1204 4683 matrem
1239 4651 1254 4683 :
1286 4634 1371 4699 et,
1423 4630 1661 4701 Diliges
1705 4630 2040 4701 proximum

364 4728 524 4774 tuum
566 4721 719 4773 sit-ut
753 4725 810 4773 te
841 4720 1026 4789 ipsum
1078 4719 1315 4786 (.llatth.
1360 4736 1483 4787 xix,
1516 4716 1580 4771 17
1615 4724 1671 4771 et
1709 4722 1860 4790 seq.)
1902 4718 2045 4773 Haec

362 4814 501 4864 sunt
524 4810 711 4863 inedia
735 4808 951 4876 ofﬁcia,
986 4807 1205 4879 quibus
1237 4807 1460 4879 aliquid
1490 4807 1677 4861 deest.

367 4952 626 5005 tandum.
659 4950 873 5015 Quidni
895 4950 1048 5004 enim
1086 4953 1242 5003 recte
1273 4950 1521 5018 dicatur,
1557 4948 1720 5003 exire
1743 4948 1922 5002 ictum
1950 4949 2047 5002 vel

364 5025 530 5077 exire
563 5025 727 5076 extra
764 5024 962 5090 ictum,
986 5021 1478 5091 quemadmodum
1505 5037 1536 5074 e
1569 5021 1865 5074 contrario
1896 5020 2047 5073 dici-

366 5109 521 5159 mus,
547 5094 748 5147 venire
782 5093 930 5146 intra
947 5092 1172 5161 jactum
1202 5095 1300 5146 aut
1328 5092 1505 5145 ictum
1536 5091 1680 5145 teli?

437 5165 550 5231 (Π)
585 5165 728 5217 Mss.
754 5164 994 5235 aliquot,
1017 5162 1140 5217 Nec
1158 5163 1284 5233 ipsa
1304 5169 1551 5226 natura;
1586 5162 1723 5216 edit.
1758 5164 1899 5231 vet.,
1920 5161 2048 5217 Nec

365 5252 481 5291 non
515 5238 639 5307 ipsa
674 5240 904 5289 natura.

440 5305 552 5375 (48)
589 5307 733 5360 Mss.
768 5305 1056 5373 nonnulli,
1092 5321 1272 5359 sonus
1304 5305 1608 5360 excitatio.

438 5373 774 5449 (49')7Hanc
848 5377 1226 5449 sententiamg
1256 5376 1382 5447 jam
1461 5376 1718 5448 legimus
1761 5391 1933 5449 _cap._
1978 5373 2046 5443 ‘2,

368 5446 623 5517 nuntii,
657 5449 884 5503 eisdem
915 5448 1135 5502 verbis.
1183 5446 1425 5502 Et’eam
1483 5446 1721 5519 quidem
1761 5447 1874 5501 hoc
1920 5446 2051 5501 loco

365 5538 489 5577 non
539 5520 715 5576 habet
756 5535 867 5574 ms.
918 5520 1043 5573 Vat.
1097 5535 1251 5573 unus
1290 5523 1347 5574 et
1395 5519 1765 5573 Tellerianus
1800 5534 1812 5573 :
1845 5532 2053 5571 verum

368 5608 505 5649 cum
535 5591 595 5646 in
625 5592 758 5647 aliis
798 5591 1075 5647 omnibus
1109 5594 1281 5662 atque
1314 5591 1451 5662 edit.
1481 5589 2055 5662 reperiatur,_ipsa_m

363 5663 500 5729 loco
543 5677 782 5725 movere
814 5663 1153 5737 noluimus;
1183 5658 1518 5738 prasertim
1547 5658 1683 5720 cum
1724 5658 2045 5721 Ambrosio

2145 3170 2257 3225 tias
2305 3174 2361 3223 et
2411 3171 2630 3221 {eterna
2677 3166 3076 3220 tabernacula.
3146 3166 3279 3219 Non
3327 3167 3646 3221 inediocris
3712 3167 3827 3222 ista

2149 3259 2354 3331 gratia.
2389 3256 2728 3327 Corporalia
2750 3256 3032 3324 seminas,
3054 3258 3109 3308 et
3130 3255 3349 3323 recipis
3372 3254 3680 3325 spiritalia.
3712 3255 3826 3308 Mi-

2147 3348 2299 3401 raris
2322 3346 2614 3418 judicium
2652 3344 2882 3399 Domini
2915 3344 2986 3397 de
3028 3346 3232 3396 sancto
3267 3342 3423 3397 Job?
3456 3343 3669 3398 Mirare
3699 3344 3826 3397 vir-

2146 3439 2327 3491 tutem
2382 3436 2515 3507 ejus
2538 3476 2551 3503 ,
2586 3434 2686 3504 qui
2718 3434 2945 3502 poterat
2980 3431 3176 3485 dicere
3212 3448 3223 3485 :
3273 3432 3365 3496 12
3407 3431 3621 3486 Oculus
3663 3447 3826 3486 eram

2149 3535 2432 3573 caecorum
2458 3559 2471 3586 ,
2508 3532 2617 3588 pes
2656 3514 3010 3569 claudorum.
3068 3514 3198 3585 Ego
3247 3529 3409 3568 eram
3460 3511 3829 3566 infirmorum

2143 3615 2339 3680 pater,
2385 3603 2712 3660 velleribus
2746 3618 3029 3674 agnorum
3084 3616 3343 3657 meorum
3385 3599 3661 3655 cale/acti
3692 3600 3830 3654 sunt

2148 3695 2384 3753 humeri
2422 3710 2642 3749 eorum.
2702 3691 2881 3747 Foris
2924 3708 3036 3746 non
3073 3690 3384 3745 habitabat
3425 3688 3827 3760 peregrinus:

2151 3786 2362 3842 ostium
2421 3790 2611 3838 autem
2661 3797 2850 3836 meum
2899 3781 3056 3835 omni
3100 3779 3362 3834 venienti
3390 3777 3636 3849 patebat
3672 3776 3828 3848 (Job.

2151 3891 2314 3944 xxxx,
2342 3872 2555 3943 15,16).
2584 3872 2799 3925 Beatus
2818 3870 3011 3940 plane,
3034 3869 3104 3923 de
3130 3868 3305 3939 cujus
3336 3867 3509 3922 domo
3533 3881 3835 3937 nunquam

2151 3979 2339 4018 vacuo
2372 3963 2506 4016 sinu
2546 3975 2769 4031 pauper
2808 3959 3023 4027 exivit;
3067 3972 3259 4028 neque
3301 3957 3456 4010 enim
3513 3956 3830 4027 quisquam

2153 4054 2344 4125 magis
2374 4052 2605 4120 beatus,
2660 4065 2835 4120 quam
2878 4048 2978 4118 qui
3022 4047 3297 4118 intelligit
3326 4061 3507 4115 super
3554 4042 3836 4115 pauperis

2154 4141 2570 4197 necessitatem
2602 4142 2658 4193 et
2686 4138 2901 4191 inﬁrmi
2942 4141 3115 4207 atque
3155 4135 3350 4206 inopis
3392 4148 3736 4188 aerumnam.
3770 4131 3834 4185 In

2157 4232 2249 4285 die
2275 4228 2486 4300 judicii
2516 4227 2757 4281 habebit
2789 4225 3040 4280 salutem
3070 4242 3103 4279 a
3134 4224 3403 4293 Domino,
3439 4238 3614 4293 quem
3651 4219 3837 4274 habe-

2157 4320 2242 4375 bit
2274 4334 2399 4373 suze
2432 4315 2756 4371 debitorem
2790 4313 3238 4375 misericordiae.

2794 4402 3045 4457 CAPUT
3076 4402 3201 4455 XII.

2160 4499 2255 4553 Ne
2278 4498 2407 4570 quis
2430 4495 2503 4550 ab
2543 4493 2880 4570 exercenda
2915 4489 3331 4570 misericordia
3368 4491 3705 4570 revocetur,
3740 4498 3838 4570 os-

2236 4556 2504 4623 te'nditur
2533 4567 2717 4622 Deum
2742 4579 2956 4617 curare
2978 4569 3144 4616 actus
3166 4561 3480 4626 hominum,
3506 4564 3564 4612 et
3590 4556 3839 4629 quemli-

2232 4641 2333 4694 bet
2373 4637 2699 4709 improbum
2748 4636 2811 4709 in
2857 4636 2984 4709 ipsa
3020 4630 3518 4709 opumaf/luentia
3559 4630 3839 4683 miserum

2235 4727 2369 4766 esse
2392 4703 2528 4763 Jobi
2556 4703 2910 4761 auctoritate
2932 4703 3398 4757 demonstratur.

2230 4800 2321 4854 40.
2353 4796 2471 4852 Sed
2500 4795 2764 4866 plerique
2796 4794 3152 4846 revocantur
3183 4790 3256 4844 ab
3290 4789 3487 4844 ofﬁcio
3525 4788 3842 4859 dispensa-

2165 4940 2431 4996 insolens
2473 4952 2589 4991 non
2622 4935 2699 4990 sit
2748 4934 2988 4989 easdem
3027 4933 3352 4988 sententias
3384 4931 3637 4988 subinde
3668 4946 3843 5001 repe-

2166 5017 2309 5068 tere.
2750 5032 2757 5036 “

2236 5082 2349 5153 (50)
2380 5078 2696 5153 Cic.__lib._i
2732 5074 2925 5146 0f!ic.,
2958 5091 3106 5153 pag.
3130 5073 3277 5153 _531.
3311 5075 3416 5153 lin.
3446 5071 3513 5153 36
3547 5088 3559 5128 :
3598 5092 3624 5153 σς
3654 5072 3846 5153 Atque

2168 5143 2341 5210 etiam
2362 5151 2475 5204 alia
2492 5150 2707 5203 divisio
2734 5152 2844 5217 est,
2871 5171 2892 5196 η
2912 5143 3025 5201 etc.
3054 5143 3316 5201 Adverte
3341 5144 3572 5217 interim
3598 5143 3847 5217 Ambro-

2168 5226 2245 5279 sii
2274 5222 2601 5278 doctrinam
2635 5221 2706 5275 de
2741 5213 3188 5290 praeceptorum,
3212 5222 3270 5271 et
3310 5215 3704 5290 consiliorum.
3727 5213 3848 5290 dis-

2167 5296 2484 5362 tinctione,
2555 5284 2865 5364 quietam
2911 5284 3289 5364 pertinaciter
3343 5288 3416 5341 ab
3464 5284 3847 5340 heterodoxis

2169 5359 2487 5423 neotericis
2521 5359 2900 5435 impugnatur
2919 5359 2985 5435 et
3016 5359 3304 5435 reﬁcitur;

2240 5438 2355 5508 (51)
2386 5436 2531 5504 lbid,
2574 5426 2718 5505 pag:
2761 5432 2885 5504 5.31,
2918 5431 3019 5487 lin.
3053 5426 3120 5487 3⁷7
3155 5447 3167 5488 :
3212 5454 3232 5479 α
3278 5429 3613 5487 Perfectum
3655 5426 3850 5480 autem

2172 5510 2450 5571 ofﬁcium,
2493 5511 2742 5579 ueto.”
3036 5571 3132 5579 μ,
3192 5574 3228 5579 __
3330 5571 3384 5579 __
3516 5568 3541 5579 _
3620 5566 3631 5579 ,

2243 5579 2363 5653 (52)
2388 5565 2518 5634 Lib.
2553 5595 2594 5632 ιι
2628 5575 2820 5647 01‘1ic.,
2855 5591 3007 5653 pag.
3032 5571 3156 5649 383,
3192 5574 3294 5634 lin.
3321 5571 3387 5631 1‘2
3418 5587 3432 5631 :
3462 5592 3484 5623 κ
3516 5568 3583 5625 In
3617 5565 3717 5624 illo
3747 5578 3851 5627 au-

2171 5650 2290 5715 tem
2319 5650 2504 5712 altero
2535 5662 2778 5729 genere,
2812 5650 2924 5709 etc.
