4002 6150
321 249 400 312 39
1751 233 1815 298 s.
1859 227 2278 320 AMBROSII
3713 229 3796 293 4o

320 465 488 520 tricis
521 459 968 530 misericordiae,
993 459 1131 514 dum
1149 457 1352 528 putant
1382 454 1640 510 hominis
1671 455 1840 508 actus
1872 467 1994 506 non
2021 435 2082 493 Α
2113 450 2242 521 ipse
2282 449 2342 504 in
2380 449 2552 504 libris
2589 464 2742 520 quos
2780 449 3023 520 scripsit
3061 449 3134 506 de
3174 449 3517 522 Republica,
3557 448 3618 503 in
3658 464 3789 504 eam

323 567 532 608 curare
566 548 896 617 Dominum,
936 550 1033 602 aut
1063 547 1298 601 nescire
1331 559 1464 598 eum
1485 543 1628 614 quid
1654 541 1715 596 in
1745 541 1993 596 occultis

321 654 622 711 geramus,
645 637 786 708 quid
815 638 1006 690 teneat
1034 637 1240 688 nostra
1263 632 1626 688 conscientia
1659 647 1671 686 :
1707 633 1806 684 aut
1828 629 1996 701 judi-

324 730 478 782 cium
509 725 644 798 ejus
689 741 1056 796 nequaquam
1080 722 1313 795 justum
1341 721 1550 790 videri,
1589 719 1822 791 quando
1853 733 1996 788 pec-

323 818 555 870 catores
569 815 788 869 divitiis
811 813 1109 867 abundare
1125 811 1347 881 vident,
1365 809 1624 882 gaudere
1643 808 1992 864 honoribus.

321 905 589 972 sanitate,
620 901 866 957 liberis:
902 903 1104 956 contra
1143 904 1358 970 autem,
1386 898 1588 971 justos
1627 898 1839 968 inepes
1889 896 1996 951 de-

319 1009 498 1065 gere,
549 987 1073 1061 inbonoros,'sine
1121 989 1363 1058 liberis,
1405 987 1675 1043 infirmos
1709 1000 1992 1056 corpore,

319 1079 480 1137 luctu
511 1079 824 1152 frequenti.

386 1188 477 1244 41.
524 1187 650 1242 Nec
704 1184 1022 1242 mediocris
1071 1200 1139 1239 ea
1187 1183 1474 1256 quaestio,
1521 1181 1998 1255 quandoquidem

317 1279 442 1332 tres
471 1277 557 1330 illi
587 1290 766 1348 reges
811 1275 984 1329 amici
1013 1274 1158 1344 Job,
1191 1276 1500 1344 propterea
1552 1288 1687 1328 eum
1727 1274 1998 1342 peccato-

319 1380 444 1421 rem
479 1364 955 1437 pronuntiabant,
989 1363 1129 1435 quia
1157 1363 1393 1434 inopem
1423 1361 1641 1416 factum
1672 1377 1747 1416 ex
1795 1359 1995 1430 divite,

320 1455 592 1510 orbatum
623 1454 829 1508 liberis
861 1469 936 1507 ex
969 1452 1221 1508 fecundo
1255 1455 1518 1522 parente,
1561 1449 1869 1521 perfusum
1905 1449 1998 1502 ul-

321 1544 580 1613 ceribus,
633 1542 1152 1613 inhorrentemque
1197 1541 1496 1595 vibicibus
1528 1539 1662 1610 (53),
1697 1541 1998 1594 exaratum

321 1631 669 1686 vulneribus
701 1646 734 1684 a
767 1631 954 1701 capite
985 1646 1174 1701 usque
1205 1630 1277 1683 ad
1321 1629 1504 1700 pedes
1544 1627 1821 1682 videbant
1865 1626 1998 1698 (Job

321 1737 400 1790 ιν,
434 1717 488 1790 3,
523 1718 610 1790 11,
637 1717 702 1772 tt
727 1725 786 1774 et
808 1722 978 1790 seq.).
1009 1718 1237 1784 Quibus
1270 1719 1421 1772 hanc
1451 1720 1696 1772 sanctus
1713 1716 1824 1770 Job
1855 1731 1997 1786 pro-
2027 1748 2080 1810 Β

321 1809 483 1880 ponit
529 1809 966 1862 assertionem:
1001 1808 1062 1863 Si
1112 1823 1224 1878 ego
1283 1809 1521 1883 propter
1566 1809 1806 1876 peccata
1865 1820 1994 1858 mea

323 1899 452 1952 haec
481 1899 692 1968 patior,
723 1897 845 1952 Cur
879 1897 1047 1968 impii
1079 1895 1329 1950 vivunt?
1359 1896 1423 1949 In
1438 1899 1861 1950 veteraverunt
1889 1909 1994 1947 au-

325 1993 459 2052 tem,
496 1994 556 2040 et
585 1987 646 2040 in
679 1985 919 2040 divitiis
966 2001 1168 2039 semen
1206 2000 1405 2040 eorum
1435 1985 1754 2038 secundum
1800 1983 1996 2038 volun-

325 2075 523 2146 tatem,
538 2074 651 2130 lilii
668 2090 866 2130 eorum
885 2075 946 2128 in
961 2073 1162 2130 oculis.
1181 2074 1653 2146 domusipsorum
1672 2071 1990 2142 abundant,

325 2165 502 2219 timor
533 2168 724 2218 autem
755 2178 1034 2236 nusquam
1070 2178 1086 2212 :
1123 2161 1419 2233 ﬂagellum
1455 2167 1647 2216 autem
1683 2177 1714 2215 a
1750 2160 1996 2215 Domino

323 2269 437 2308 non
469 2258 560 2308 est
589 2252 651 2306 in
673 2251 974 2324 ipsis(Job
995 2269 1118 2320 xxx,
1153 2249 1291 2320 7-9).

390 2357 480 2414 42.
515 2359 659 2414 Haec
677 2358 888 2413 videns
909 2357 1180 2412 infirmus
1205 2357 1382 2412 corde
1406 2357 1755 2430 exagitatur,
1789 2359 1846 2412 et
1874 2359 1997 2412 stu-

323 2448 483 2504 dium
513 2448 722 2502 avertit
751 2463 944 2501 suum.
975 2445 1162 2518 Cujus
1204 2445 1470 2500 dicturus
1498 2461 1830 2516 sermones,
1863 2449 1998 2502 ante

324 2540 568 2593 sanctus
617 2537 905 2606 praemisit
947 2536 1091 2606 Job,
1127 2535 1372 2588 dicens:
1423 2534 1675 2588 Portate
1721 2551 1846 2605 me,
1892 2550 2000 2606 ego

324 2632 520 2680 autem
553 2625 776 2696 loquar,
819 2624 1036 2679 deinde
1055 2623 1256 2678 ridete
1283 2639 1396 2676 me.
1416 2623 1569 2677 Nam
1593 2629 1652 2677 et
1679 2624 1736 2677 si
1757 2639 1996 2694 arguor,

328 2714 498 2788 quasi
525 2713 694 2768 bomo
737 2729 976 2785 arguor.
1008 2712 1260 2766 Portate
1310 2727 1454 2784 ergo
1493 2728 1638 2768 onus
1665 2727 1998 2767 sermonum

321 2818 582 2858 meorum
617 2801 752 2870 (Job
783 2799 808 2854 1
852 2805 911 2856 et
943 2801 1114 2872 seq‘.).
1168 2801 1444 2855 Dicturus
1477 2801 1632 2855 enim
1662 2816 1796 2855 sum
1843 2800 2001 2871 quod

322 2907 442 2949 non
486 2891 718 2962 probo:
764 2891 872 2945 sed
925 2890 996 2944 ad
1040 2906 1149 2944 vos
1207 2889 1654 2962 redarguendos
1706 2889 2001 2960 proferam

323 2981 622 3037 sermonis
662 2981 920 3051 iniquos.
961 2981 1076 3033 Aut
1127 2982 1314 3049 certe;
1345 2980 1480 3050 quia
1528 2981 1606 3033 ita
1645 2982 1738 3034 est
1782 2995 1999 3034 versus

322 3069 458 3142 (54).
504 3069 658 3136 Quid
704 3068 946 3124 autem?
993 3069 1294 3140 Numquid
1337 3069 1412 3124 ab
1453 3069 1689 3124 bomiue
1730 3071 2000 3141 arguor?
2037 3082 2087 3145 ο

321 3159 437 3214 hoc
467 3163 578 3235 est,
611 3159 786 3214 homo
817 3174 909 3212 me
940 3173 1059 3212 non
1099 3159 1294 3228 potest
1325 3157 1683 3230 redarguere
1716 3157 1828 3229 (55)
1860 3159 1997 3232 quia

321 3250 587 3320 peccavi,
621 3251 678 3302 et
695 3247 749 3302 si
779 3247 949 3320 argui
982 3247 1200 3318 dignus
1223 3263 1355 3300 sum
1381 3263 1396 3316 ;
1428 3247 1563 3318 quia
1587 3263 1704 3302 non
1753 3263 1829 3302 ex
1877 3249 1998 3302 evi-

323 3338 482 3392 denti
513 3337 683 3408 culpa
720 3352 811 3390 me
841 3335 1112 3408 arguitis,
1151 3335 1258 3389 sed
1289 3351 1364 3390 ex
1401 3335 1643 3407 injuriis
1691 3338 1998 3393 aestimatis

323 3427 531 3481 merita
561 3426 929 3480 delictorum.
964 3424 1186 3478 Videns
1217 3439 1361 3495 ergo
1397 3424 1668 3479 inﬁrmus
1698 3427 1998 3481 abundare

322 3515 585 3586 injustos
619 3515 1010 3570 successibus
1051 3515 1358 3584 prosperis
1389 3513 1524 3584 (56),
1560 3530 1627 3569 se
1672 3518 1865 3570 autem
1911 3515 2000 3570 al-

323 3605 455 3675 teri,
490 3604 630 3659 dicit
660 3605 946 3658 Domino:
980 3603 1240 3657 Discede
1289 3619 1320 3656 a
1363 3618 1474 3673 me,
1515 3603 1644 3658 vias
1674 3610 1804 3658 tuas
1840 3605 2002 3660 scire

326 3695 457 3752 uolo
477 3695 649 3765 (ibid.
676 3693 785 3764 14).
817 3693 967 3758 Quid
987 3693 1230 3763 prodest
1269 3693 1405 3763 quia
1441 3693 1800 3749 servxvimus
1835 3695 1949 3764 ipsi
1985 3711 1996 3749 :

325 3788 424 3841 aut
449 3801 582 3857 quae
614 3783 852 3851 utilitas,
887 3781 1022 3854 quia
1051 3783 1420 3837 occurrimus
1449 3783 1612 3852 ipsi?
1644 3784 1707 3837 In
1731 3785 2004 3838 manibus

325 3876 593 3946 ipsorum
625 3873 818 3928 omnia
847 3871 1038 3942 bona,
1079 3887 1256 3942 opera
1309 3875 1502 3926 autem
1531 3873 1844 3943 impiorum
1883 3887 2000 3927 non

325 3965 504 4020 videt.

395 4071 484 4127 43.
518 4069 897 4126 Laudaturin
925 4070 1165 4124 Platone
1197 4069 1332 4144 (57),
1366 4071 1522 4142 quod
1552 4071 1610 4126 in
1641 4069 1864 4125 Politia
1895 4086 2002 4125 sua

330 4162 424 4226 13
471 4170 670 4240 posuit
713 4185 846 4224 cum
910 4169 1012 4240 qui
1069 4174 1271 4224 contra
1327 4169 1618 4240 justitiam
1667 4169 2000 4239 disputandi

329 4264 530 4332 partes
560 4259 908 4328 recepisset,
953 4259 1252 4329 postulare
1283 4259 1516 4312 veniam
1547 4259 1832 4313 dictorum
1871 4276 2004 4331 quae

330 4366 449 4404 non
480 4349 776 4418 probaret,
803 4352 858 4402 et
879 4348 1002 4402 veri
1037 4348 1373 4402 inveniendi
1395 4352 1568 4418 atque
1599 4350 2004 4402 examinandae

329 4438 748 4508 disputationis
799 4437 1024 4509 gratia,
1077 4437 1235 4490 illam
1265 4437 1379 4489 sibi
1427 4436 1756 4506 impositam
1801 4453 2006 4508 perso—

329 4542 462 4582 nam
514 4527 733 4581 dicere.
780 4525 952 4591 Quod
1003 4541 1268 4596 eousque
1317 4525 1546 4579 Tullius
1589 4527 1898 4597 probavit,
1945 4530 2005 4581 ut

401 4683 514 4754 (53)
546 4687 693 4740 Mss.
726 4687 966 4759 aliquot,
994 4687 1518 4758 inborrentemque
1545 4687 1652 4740 vili
1672 4687 1837 4742 cibo:
1870 4689 2003 4759 qui-

329 4757 530 4829 dam...
571 4758 1130 4829 varicibusneutri
1170 4759 1316 4811 satis
1358 4757 1684 4829 commode,
1730 4774 1839 4812 nec
1871 4757 2004 4813 mu-

329 4827 504 4882 tanda
535 4841 653 4880 vox
684 4827 927 4882 Auctori
957 4831 1161 4882 nostro
1193 4829 1520 4883 familiaris.

327 4935 336 4945 ·
399 4914 513 4987 (54)
558 4915 779 4988 Versus
837 4916 950 4988 hoc
1002 4917 1132 4988 loco
1195 4918 1432 4986 ponitur
1477 4934 1583 4988 pro
1647 4935 2003 4985 conversus;

330 4985 502 5062 aliam
531 4989 686 5043 enim
719 4985 990 5062 ejusdem
1023 4987 1134 5041 loci
1170 4985 1544 5060 Ambrosius,
1565 4993 1626 5044 ut
1647 4991 1785 5044 alibi
1818 5007 1999 5062 saepe,

327 5060 665 5113 versionem
696 5059 988 5128 proponit.

408 5146 522 5219 (55)
553 5146 694 5202 Cod.
728 5148 898 5218 Tcll.,
923 5149 1089 5204 homo
1119 5149 1416 5204 mentiens
1439 5167 1550 5205 non
1575 5156 1772 5223 potest
1795 5151 2004 5206 redar-

329 5236 535 5300 guere.

403 5313 516 5396 (56)
546 5312 793 5378 Quidam
837 5327 1009 5382 mss.,
1051 5310 1309 5382 injustas
1343 5309 1826 5366 successiouibus
1872 5327 2005 5382 pro-

329 5403 548 5462 aperis.

545 5475 708 5559 lilna‘to
750 5473 850 5527 lib.
871 5490 935 5559 nn
973 5472 1067 5559 de,
1092 5472 1236 5554 Rep.
1266 5472 1662 5559 .Glaucone‘rn
1683 5469 2004 5559 i‘nhe‘orum

325 5541 427 5619 qui
459 5541 1866 5619 justitiaepraeferendam’injustitiam_dicebant,
1919 5541 2004 5619 lo-

331 5611 603 5689 quentem
648 5611 888 5683 inducit,
924 5611 1098 5689 atque
1135 5611 1477 5689 impositum
1517 5611 1632 5666 sibi
1673 5627 1888 5689 munus
1926 5611 2002 5666 ita

331 5685 715 5750 excusantem
761 5701 774 5748 :
843 5692 985 5748 Ἐπεὶ
1054 5687 1218 5770 ἔμοιγε
1244 5733 1259 5759 ,
1344 5685 1386 5748 ὦ
1453 5691 1704 5781 Σώκρατες
1730 5731 1746 5764 ,
1811 5687 1886 5750 ἔτι
1947 5689 2005 5748 οὐ

2034 4388 2086 4448 1)

2111 540 2460 597 sententiam
2491 539 2804 594 dicendum
2833 539 3163 609 putaverit:

2177 627 2268 682 44.
2310 627 2553 692 Quando
2585 627 2883 698 antiquior
2913 627 3031 681 illis
3069 627 3180 682 Job
3214 625 3349 698 (58),
3387 627 3486 698 qui
3510 626 3638 682 haec
3661 629 3787 698 pri-

2109 733 2242 771 mus
2281 719 2532 786 reperit,
2576 733 2686 772 nec
2738 716 3090 787 eloquentiae
3137 715 3518 786 phalerandas
3557 717 3744 788 gratia
3769 759 3785 786 ,

2109 804 2218 859 sed
2255 805 2519 860 veritatis
2571 805 2926 876 probandae,
2965 805 3372 876 praemittenda
3427 805 3790 860 mstimavit?

2108 893 2431 965 Statimque
2455 894 2584 964 ipse
2607 895 2999 966 quaestionem
3019 893 3269 949 enodem
3288 893 3562 963 reddidit,
3585 893 3786 966 subji-

2109 982 2276 1038 ciens
2343 984 2500 1054 quod
2560 984 2973 1054 exstingualur
3025 982 3268 1038 lucerna
3328 982 3668 1054 impiorum,
3727 986 3787 1036 et

2109 1074 2304 1128 futura
2353 1073 2431 1127 sit
2479 1088 2685 1128 eorum
2722 1073 2958 1128 eversio
2995 1073 3130 1142 (Job
3167 1091 3290 1143 χχι,
3331 1070 3422 1142 17)
3465 1087 3478 1128 :
3517 1087 3634 1128 non
3663 1071 3789 1126 falli

2108 1163 2295 1217 Deum
2331 1162 2632 1217 doctorem
2672 1161 2978 1232 sapientia:
3017 1164 3076 1216 et
3113 1161 3464 1232 disciplinae,
3502 1161 3611 1216 sed
3646 1175 3786 1216 esse

2107 1252 2372 1306 veritatis
2397 1251 2660 1322 judicem
2691 1250 2869 1322 (Ibid.
2895 1247 3022 1320 22):
3059 1253 3115 1305 et
3135 1251 3268 1306 ideo
3305 1265 3424 1306 non
3458 1249 3788 1304 secundum

2110 1340 2413 1395 forensem
2462 1339 2878 1394 abundantiam
2926 1338 3332 1394 aestimandam
3368 1338 3788 1394 beatitudinem

2111 1429 2485 1500 singulorum
2519 1443 2531 1482 :
2575 1427 2682 1482 sed
2723 1429 3051 1482 secundum
3091 1428 3430 1482 interiorem
3472 1427 3787 1482 conscien-

2110 1517 2269 1587 tiam,
2301 1533 2435 1588 quae
2456 1516 2858 1571 innocentium
2878 1521 2933 1571 et
2955 1517 3388 1589 ﬂagitiosorum
3419 1517 3624 1570 merita
3658 1516 3786 1570 dis-

2113 1608 2318 1676 cernit,
2339 1621 2480 1660 vera
2500 1609 2672 1676 atque
2696 1606 3034 1676 incorrupta
3056 1621 3360 1676 poenarum
3383 1605 3790 1676 praemiorum-

2110 1711 2226 1766 que
2257 1694 2493 1749 arbitra.
2523 1694 2772 1748 Moritur
2794 1695 3083 1750 innocens
3107 1695 3168 1748 in
3187 1697 3478 1764 potestate
3508 1694 3790 1764 simplici-

2111 1785 2247 1838 tatis
2295 1799 2445 1853 suac,
2476 1783 2535 1837 in
2565 1783 2920 1837 abundantia
2957 1783 3212 1852 propriae
3251 1783 3596 1853 voluntatis,
3630 1782 3786 1838 sicut

2111 1872 2281 1942 adipe
2329 1871 2610 1942 repletam
2651 1871 2904 1924 animam
2939 1886 3156 1943 gerens
3197 1871 3375 1933 (Ibid.
3415 1869 3486 1926 23
3517 1877 3576 1926 et
3613 1873 3784 1942 seq.).

2109 1964 2185 2014 At
2223 1977 2364 2015 vero
2401 1963 2694 2030 peccator,
2739 1960 3012 2030 quamvis
3055 1959 3201 2014 foris
3240 1959 3515 2028 abundet,
3559 1958 3788 2020 deliciis

2110 2048 2354 2117 difﬂuat,
2380 2052 2436 2102 et
2457 2047 2741 2102 odoribus
2783 2047 3027 2119 fragrat,
3073 2048 3132 2102 in
3170 2047 3556 2102 amaritudine
3576 2048 3786 2102 animae

2111 2152 2236 2191 suaa
2272 2138 2450 2191 vitam
2493 2136 2680 2208 exigit
2721 2135 2864 2205 (59),
2917 2139 2974 2190 ct
3020 2136 3288 2191 ultimum
3343 2137 3496 2190 diem
3549 2135 3784 2206 claudit,

2110 2224 2258 2280 nihil
2287 2241 2493 2280 secum
2522 2241 2728 2279 eorum
2767 2241 2900 2296 qua:
2937 2225 3206 2294 epulatus
3230 2225 3424 2294 fuerit,
3455 2225 3599 2280 boni
3629 2224 3786 2280 refe-

2113 2330 2255 2369 rens
2278 2313 2394 2381 (60)
2429 2314 2612 2369 :nihil
2634 2329 2838 2368 secum
2868 2314 3147 2369 auferens
3188 2313 3303 2368 nisi
3344 2314 3602 2368 sclerum
3642 2329 3786 2368 suo-

2111 2420 2241 2458 rum
2262 2403 2468 2472 pretia.

2181 2490 2271 2547 45.
2315 2491 2458 2546 Haec
2480 2493 2750 2564 cogitans
2775 2507 2945 2563 nega,
2972 2493 3024 2546 si
3049 2495 3236 2562 potes,
3261 2491 3442 2544 divini
3467 2491 3788 2560 essejudi-

2113 2581 2189 2635 cii
2226 2582 2780 2635 remunerationem.
2833 2581 2934 2634 llle
2991 2595 3101 2634 suo
3155 2578 3366 2633 atl'ectu
3410 2579 3640 2648 beatus,
3691 2579 3787 2633 hic

2113 2670 2332 2724 miser:
2369 2669 2464 2723 ille
2501 2685 2612 2724 suo
2643 2669 2872 2740 judicio
2901 2669 3232 2737 absolutus,
3268 2667 3362 2720 hic
3394 2682 3572 2722 reus:
3607 2667 3704 2721 ille
3724 2669 3785 2721 in

2114 2759 2274 2813 exitu
2314 2758 2508 2827 laetus,
2546 2757 2644 2811 hic
2693 2773 2972 2812 mmrens.
3011 2757 3116 2811 Cui
3146 2755 3379 2810 absolvi
3422 2757 3634 2826 potest,
3685 2756 3787 2826 qui

2113 2863 2223 2902 nec
2253 2847 2368 2902 sibi
2392 2847 2682 2902 innocens
2723 2847 2856 2900 est?
2889 2846 3095 2914 Dicite,
3133 2845 3340 2916 inquit,
3383 2844 3544 2912 mihi,
3571 2845 3670 2899 ubi
3695 2847 3786 2898 est

2113 2938 2400 3007 protectio
2456 2935 2974 2990 tabernaculorum
3027 2934 3162 3006 ejus
3193 2935 3326 3004 (Job
3365 2951 3486 3002 xxx,
3523 2932 3660 3004 28)?
3698 2931 3789 2988 Si-

2115 3041 2298 3097 gnum
2319 3024 2455 3095 ejus
2477 3041 2594 3078 non
2615 3024 2968 3078 invenietur.
2995 3024 3125 3078 Vita
3157 3023 3312 3078 enim
3346 3021 3686 3092 facinerosi,
3728 3024 3792 3076 ut

2117 3115 2431 3170 somnium.
2483 3113 2729 3182 Aperuit
2763 3112 2992 3181 oculos,
3033 3111 3306 3166 transivit
3352 3112 3593 3182 requies
3629 3109 3785 3182 ejus,

2117 3204 2353 3258 evanuit
2396 3203 2702 3256 delectatio
2742 3217 2754 3254 :
2805 3201 2942 3254 licet
2986 3201 3114 3271 ipsa
3153 3217 3287 3272 quae
3325 3200 3578 3269 videtur,
3615 3200 3791 3254 etiam

2117 3293 2253 3346 dum
2278 3293 2500 3360 vivunt,
2525 3290 2838 3360 impiorum
2860 3290 3100 3360 requies
3123 3289 3425 3344 ininferno
3449 3289 3524 3343 sit
3549 3303 3560 3344 :
3586 3289 3792 3343 viven-

2115 3385 2208 3435 tes
2228 3380 2384 3436 enim
2416 3380 2474 3434 in
2500 3379 2730 3432 inferna
2754 3378 3141 3434 descendunt.

2188 3468 2276 3524 46.
2321 3468 2505 3522 Vides
2539 3469 2872 3522 convivium
2913 3467 3262 3538 peccatoris,
3305 3467 3607 3538 interroga
3643 3481 3790 3521 con-

2118 3559 2426 3614 scientiam
2448 3555 2602 3628 ejus.
2631 3557 2839 3611 Nonne
2864 3557 3108 3627 gravius
3131 3555 3406 3610 omnibus
3431 3555 3568 3609 fetet
3587 3555 3789 3625 sepul-

2119 3648 2238 3702 cris
2255 3650 2282 3702 ἱ)
2312 3647 2561 3700 Intueris
2584 3645 2842 3700 laetitiam
2866 3644 3022 3715 ejus,
3055 3648 3111 3698 et
3133 3644 3534 3698 salubritatem
3555 3643 3788 3698 miraris

2117 3735 2386 3806 corporis
2419 3733 2676 3788 filiorum
2704 3736 2878 3803 atque
2901 3748 3078 3803 cpum
3115 3732 3568 3787 abundantiam:
3601 3731 3789 3785 intro-

2117 3825 2281 3896 spice
2303 3823 2502 3878 ulcera
2527 3825 2582 3876 ct
2603 3821 2831 3876 vibices
2854 3821 3063 3874 animae
3086 3820 3240 3892 ejus,
3267 3824 3322 3875 et
3354 3819 3554 3874 cordis
3576 3819 3798 3874 moesti-

2115 3914 2397 3968 tudinem.
2431 3911 2579 3966 Nam
2611 3911 2682 3964 de
2705 3911 2918 3980 opibus
2949 3910 3338 3981 quidloquar,
3369 3923 3502 3964 eam
3531 3907 3750 3980 legeris
3779 3924 3790 3964 :

2121 4003 2265 4068 Quia
2290 4017 2402 4055 non
2424 4002 2485 4055 in
2509 4000 2870 4054 abundantia
2911 4005 3003 4054 est
3049 4000 3166 4053 vita
3189 3998 3318 4070 ejus
3346 3997 3508 4066 (Luc.
3538 4014 3640 4066 χιι,
3666 3994 3755 4067 15)
3781 4011 3794 4051 :

2119 4109 2252 4146 cum
2275 4091 2456 4161 scias,
2490 4089 2646 4161 quia,
2685 4090 2798 4143 etsi
2837 4089 2943 4142 tibi
2981 4088 3250 4142 videatur
3280 4087 3470 4155 dives,
3496 4086 3612 4140 sibi
3647 4089 3826 4156 pau-‘

2116 4197 2224 4252 per
2253 4184 2363 4246 est,
2389 4183 2444 4233 et
2475 4183 2638 4233 tuum
2665 4178 2954 4250 judicium
2989 4177 3084 4240 14
3115 4193 3224 4230 suo
3259 4175 3491 4230 refelli?
3527 4175 3608 4228 De
3639 4172 3796 4228 mul-

2119 4261 2364 4315 titudine
2424 4275 2658 4330 quoque
2719 4258 3010 4326 ﬁliorum,
3071 4255 3243 4310 etde
3306 4254 3603 4309 indolenta
3653 4253 3795 4324 quid

2116 4350 2362 4420 loquar;
2387 4363 2520 4402 cum
2551 4363 2618 4400 se
2650 4347 2778 4416 ipse
2800 4346 3013 4416 lugeat,
3037 4349 3092 4398 et
3114 4345 3242 4398 sine
3275 4343 3512 4398 haerede
3535 4342 3796 4396 futurum

2113 4438 2360 4510 judicet,
2410 4453 2542 4490 cum
2565 4436 2886 4489 imitatores
2925 4434 3020 4486 sui
3049 4448 3441 4488 successores
3475 4446 3620 4486 suos
3651 4445 3792 4484 esse

2121 4527 2262 4582 nolit
2277 4528 2304 4580 ‘?
2325 4526 2498 4580 Nulla
2521 4524 2674 4578 enim
2699 4523 3012 4577 ham-editas
3026 4522 3376 4592 peccatoris.
3397 4521 3556 4592 Ergo
3576 4519 3794 4590 impius

2117 4691 2257 4748 δκϐεϊ
2294 4689 2469 4754 οἸτως.
2497 4684 2566 4738 Εἰ
2599 4684 2750 4738 infra
2784 4698 2796 4738 Ζ
2830 4691 2913 4749 Μὴ
2935 4689 3017 4762 ἐμὲ
3048 4689 3155 4743 oi'eu
3198 4688 3374 4762 λέγειν,
3420 4682 3460 4740 ὦ
3515 4687 3788 4762 Σώκρατες,

2117 4774 2244 4828 ἀλλά
2285 4774 2400 4834 τοὺς
2442 4773 2761 4835 ἐπαιοῦντας,
2804 4769 2902 4844 πρὸ
2943 4766 3247 4833 damnatam;
3297 4766 3498 4822 ἀδικίαν
3538 4769 3707 4845 ἑροὺσι
3741 4762 3793 4820 δὲ

2117 4850 2258 4919 τάδε,

2191 4979 2302 5048 (58)
2336 4980 2448 5034 Job
2473 4980 2827 5050 scriptorum
2857 4979 3114 5034 omnium
3134 4975 3588 5050 antiquissimus
3609 4974 3790 5050 vulgo

2121 5053 2398 5116 creditur,
2440 5047 2730 5122 natusque
2765 5067 2918 5104 anno
2954 5055 3089 5120 post
3126 5049 3330 5103 orbem
3349 5047 3651 5122 frondium]
3675 5047 3796 5122 cir-

2121 5125 2268 5177 citer
2285 5123 2445 5188 9330,
2473 5139 2605 5177 cum
2629 5117 2790 5176 Plato
2820 5123 2922 5174 vix
2941 5117 3073 5174 ante
3109 5135 3324 5174 annum
3345 5117 3486 5172 3550
3507 5117 3790 5172 ﬂoruerit.

2121 5195 2252 5248 Non
2272 5195 2485 5248 desunt
2510 5199 2703 5247 tamen
2725 5209 2756 5246 a
2786 5193 3003 5262 quibus
3026 5192 3176 5244 liber
3209 5191 3308 5262 qui
3331 5190 3522 5259 ipsius
3553 5188 3793 5262 nomine

2119 5266 2482 5326 inscribitur,
2524 5281 2639 5318 non
2671 5264 2746 5330 ei,
2787 5259 2892 5316 sed
2927 5263 3116 5332 Moysi
3147 5259 3514 5332 attribuatur.
3553 5259 3791 5332 Videsis

2118 5337 2253 5391 Jobi
2281 5336 2598 5390 Historiam
2619 5329 2796 5388 multa
2833 5349 2965 5387 cum
3003 5329 3330 5388 eruditione
3361 5349 3394 5386 a
3435 5329 3790 5402 Spanhemio

2119 5407 2540 5462 elucubratam.

2187 5529 2302 5603 (59)
2344 5530 2517 5586 Pauci
2550 5545 2720 5600 mss.,
2747 5529 2956 5584 animae
2993 5545 3116 5584 sum
3155 5529 3257 5584 ille
3301 5530 3515 5584 victum
3555 5523 3792 5599 accipit.

2187 5619 2302 5695 (A60)
2343 5619 2468 5676 νει.
2492 5618 2656 5695 _edit.
2699 5621 2758 5673 et
2788 5617 3027 5695 quidam
3062 5635 3240 5695 mss”
3277 5617 3546 5695 epulatus
3581 5614 3801 5686 fuerit.

2105 5692 2390 5752 referens
2423 5710 2441 5751 ι
2479 5689 2764 5753 bonorum
2804 5689 2976 5770 nihil,
3018 5693 3131 5749 etc.
