4128 6132
299 360 378 419 41
1247 355 1358 420 DE
1399 353 1756 417 OFFICIIS
1802 352 2414 417 MINISTRORUM
2464 353 2721 417 LIBER
2761 353 2810 416 Ι.
3665 355 3745 417 42

295 556 426 627 ipse
449 555 568 610 sibi
587 570 762 626 poena
783 559 876 610 est
917 571 930 610 :
966 555 1172 626 justus
1207 558 1399 610 autem
1443 555 1570 625 ipse
1613 555 1730 609 sibi
1778 555 1966 626 gratia
1992 537 2052 596 Α
2082 569 2276 609 nonne
2299 557 2390 608 est
2421 553 2610 624 major
2638 552 2855 624 injuria
2885 552 3135 622 fecisse;
3184 569 3316 609 cum
3352 552 3574 626 aliquid
3625 570 3747 610 non

299 646 415 714 (61)
438 661 452 715 ;
473 649 530 699 et
552 645 787 716 utrique
819 648 918 698 aut
948 645 1239 700 honorum
1259 648 1357 699 aut
1394 645 1682 699 malorum
1724 659 1967 715 operum

298 750 534 789 merces
557 750 633 788 ex
665 751 733 790 se
763 735 892 804 ipso
934 735 1203 789 solvitur.

923 858 1172 913 CAPUT
1203 859 1356 913 XIII.

302 985 1192 1071 Refelluntur'phiIOSOphorum
1231 1001 1538 1071 Opiniones
1577 999 1674 1071 qui
1711 998 1836 1053 Deo
1881 997 1978 1071 vel

373 1071 576 1126 mundi
605 1070 806 1136 totius,
841 1070 1206 1142 ria-[alicujus
1237 1070 1314 1126 ex
1336 1070 1618 1142 partibus
1648 1087 1846 1125 curam
1865 1070 1972 1125 ab-

371 1143 670 1214 judicent.

371 1248 462 1304 47.
518 1249 640 1304 Sed
686 1253 1055 1304 revertamur
1087 1250 1158 1304 ad
1188 1249 1586 1320 propositum,
1627 1264 1700 1303 ne
1733 1248 1976 1304 divisio-

310 1355 450 1394 nem
486 1339 695 1392 factam
715 1340 1082 1408 praeteriisse
1101 1339 1425 1408 videamur,
1447 1339 1582 1409 quia
1606 1339 1976 1393 occurrimus

310 1428 578 1498 opinioni
616 1443 820 1482 eorum
877 1428 977 1499 qui
1025 1428 1294 1482 videntes
1343 1428 1670 1482 sceleratos
1706 1443 1976 1498 quosque

308 1518 546 1584 divites,
591 1517 783 1585 laetos,
820 1517 1162 1586 honoratos,
1205 1519 1497 1587 potentes,
1542 1533 1674 1571 cum
1710 1516 1976 1587 plerique

302 1605 611 1677 justorum
653 1608 902 1678 egeant,
945 1610 1118 1677 atque
1170 1607 1386 1660 infirmi
1436 1607 1588 1670 sint,
1634 1609 1835 1676 putant
1883 1605 1977 1659 vel

307 1695 453 1750 nihil
478 1696 665 1749 Deum
686 1711 893 1750 curare
916 1695 986 1749 de
1009 1695 1203 1764 nobis,
1229 1699 1290 1748 ut
1312 1695 1584 1766 Epicurei
1605 1695 1805 1748 dicunt
1833 1694 1974 1764 (62):

312 1785 404 1838 vel
445 1784 683 1838 nescire
723 1787 891 1838 actus
930 1784 1254 1853 hominum,
1296 1787 1358 1837 ut
1395 1783 1671 1854 flagitiosi
1721 1786 1922 1853 putant
1962 1798 1974 1837 :

309 1875 402 1928 vel
463 1874 518 1927 si
550 1874 663 1928 scit
686 1874 900 1940 omnia,
936 1873 1199 1944 iniquum
1216 1888 1354 1927 esse
1379 1871 1674 1943 judicem;
1705 1875 1764 1926 ut
1784 1872 1977 1926 bonos

310 1977 489 2034 egere
536 1962 809 2032 patiatur,
863 1961 1164 2016 abundare
1211 1961 1538 2031 improbos.
1589 1961 1712 2015 Nec
1763 1976 1976 2030 super-

307 2053 462 2105 fluus
492 2051 653 2105 velut
686 2049 924 2121 quidam
943 2066 1236 2104 excursus
1261 2049 1386 2117 fuit,
1406 2053 1465 2103 ut
1487 2049 1748 2120 opinioni
1772 2048 1978 2120 hujus-

313 2140 470 2194 modi
526 2140 796 2210 ipsorum
854 2137 1101 2193 affectus
1148 2138 1571 2208 responderet,
1633 2154 1784 2209 quos
1833 2138 1978 2192 bea-

313 2230 408 2282 tos
436 2227 724 2299 judicant,
754 2243 886 2281 cum
917 2229 1035 2297 ipsi
1080 2243 1146 2281 se
1175 2228 1433 2281 miseros
1463 2230 1682 2296 putent.
1707 2227 1977 2282 Arbitra-

317 2320 414 2370 tus
444 2317 598 2370 enim
628 2333 762 2370 sum
803 2316 961 2388 quod
990 2317 1107 2386 ipsi
1150 2316 1266 2370 sibi
1315 2315 1548 2370 facilius
1597 2332 1771 2387 quam
1803 2317 1977 2371 nobis

315 2405 642 2460 crederent.

390 2494 479 2548 48.
524 2493 644 2559 Quo
693 2494 971 2564 decurso,
1013 2494 1276 2564 proclive
1322 2494 1572 2565 aestimo,
1623 2497 1686 2549 ut
1715 2493 1980 2549 refellam

320 2587 555 2638 caetera.
607 2583 673 2636 Et
721 2584 911 2654 primo
961 2598 1167 2638 eorum
1201 2584 1614 2653 assertionem,
1663 2585 1764 2654 qui
1797 2584 1981 2638 Deum

315 2676 521 2744 putant
543 2688 743 2726 curam
763 2672 965 2726 mundi
985 2688 1356 2743 nequaquam
1378 2672 1618 2742 habere,
1639 2672 1794 2727 sicut
1815 2673 1982 2727 Aris-

312 2763 522 2818 toteles
553 2761 668 2831 (63)
702 2761 918 2815 asserit
949 2776 1141 2832 usque
1191 2761 1264 2815 ad
1313 2761 1509 2815 lunam
1545 2759 1680 2832 ejus
1732 2762 1982 2816 descen-

313 2854 452 2907 dere
485 2850 938 2921 providentiam.
973 2850 1044 2904 Et
1065 2851 1200 2921 quis
1234 2854 1508 2921 operator
1547 2851 1810 2922 negligat
1839 2866 1983 2921 ope-

305 2943 392 2997 ris
451 2941 549 2995 sui
601 2955 800 2993 curam
831 2941 859 2994 ε>
896 2939 1040 3004 Quis
1093 2940 1330 2994 deserat
1373 2945 1430 2994 et
1487 2941 1765 2994 destituat
1828 2941 1984 3011 quod

308 3033 447 3103 ipso
490 3029 865 3084 condendum
901 3029 1184 3098 putavit?
1222 3028 1284 3083 Si
1331 3027 1548 3099 injuria
1603 3032 1696 3083 est
1734 3043 1943 3101 regere
1968 3071 1982 3098 ,

2084 643 2304 697 fecisse
2335 643 2511 696 mulla
2543 642 2829 713 injustitia
2852 644 2946 712 sit,
2969 658 3084 696 non
3105 659 3310 698 curare
3327 644 3482 715 quod
3507 644 3745 714 feceris,

2085 748 2313 786 summa
2343 732 2716 786 inelementia
2747 734 2774 786 ‘?

2153 821 2242 875 49.
2281 821 2448 886 Quod
2507 821 2558 874 si
2607 823 2705 875 aut
2751 821 2936 875 Deum
2997 824 3321 876 creatorem
3372 837 3545 877 suum
3577 821 3752 876 abne-

2084 914 2225 980 gant
2266 909 2398 980 (64),
2424 913 2521 964 aut
2562 909 2816 964 ferarum
2857 913 2916 964 et
2941 909 3266 965 bestiarum
3297 925 3363 965 se
3405 910 3607 966 haberi
3638 927 3752 966 nu-

2086 1015 2248 1053 mero
2282 1002 2526 1053 censent
2569 1015 2580 1053 :
2617 997 2757 1070 quid
2791 998 2862 1053 de
2903 998 3022 1054 illis
3051 999 3350 1070 dicamus,
3384 1001 3484 1071 qui
3524 1000 3634 1054 hac
3684 1016 3751 1055 se

2088 1088 2476 1142 condemnant
2505 1086 2722 1158 injuria
2750 1089 2778 1142 ε)
2811 1089 2924 1142 Per
2971 1088 3166 1142 omnia
3191 1089 3375 1144 Deum
3406 1089 3492 1144 ire
3513 1089 3628 1160 ipsi
3649 1105 3745 1144 as-

2088 1181 2312 1247 serunt,
2346 1179 2403 1231 et
2432 1178 2626 1231 omnia
2656 1177 2716 1230 in
2755 1176 2970 1232 virtute
3000 1177 3135 1248 ejus
3169 1177 3524 1248 consistere,
3557 1178 3678 1234 vim
3701 1181 3758 1234 et

2088 1266 2458 1337 majestatem
2480 1266 2613 1336 ejus
2644 1281 2750 1336 per
2767 1267 2961 1320 omnia
2983 1267 3270 1322 elementa
3290 1270 3757 1338 penetrare,ter-

2089 1372 2208 1426 ras,
2237 1356 2469 1424 cmlum,
2488 1356 2667 1410 maria
2696 1371 2707 1410 :
2742 1359 2798 1409 et
2819 1359 3022 1425 putant
3044 1355 3323 1426 injuriam
3344 1356 3500 1428 ejus,
3525 1356 3579 1412 si
3601 1373 3763 1412 men-

2089 1448 2206 1499 tem
2227 1445 2485 1498 hominis
2509 1461 2621 1515 qua
2654 1444 2797 1498 nihil
2822 1445 2996 1498 nobis
3018 1445 3146 1514 ipse
3171 1445 3554 1516 praestantius
3576 1446 3754 1514 dedit,

2089 1537 2374 1605 penetret,
2395 1537 2449 1588 et
2473 1534 2688 1588 divinae
2719 1532 3050 1604 majestatis
3081 1533 3452 1606 ingrediatur
3472 1534 3760 1590 scientia?

2141 1631 2231 1686 50.
2256 1631 2370 1686 Sed
2397 1632 2604 1685 horum
2628 1631 2979 1703 magistrum
2993 1631 3154 1686 velut
3176 1632 3406 1687 ebrium
3424 1631 3558 1704 (65),
3583 1637 3640 1688 et
3665 1625 3758 1687 15

2091 1722 2409 1791 voluptatis
2440 1723 2771 1790 patronum,
2797 1721 2912 1791 ipsi
2942 1721 3041 1792 qui
3071 1723 3349 1791 putantur
3386 1722 3596 1791 sobrii,
3628 1722 3760 1776 irri-

2091 1809 2608 1881 dentphiIOSOphi?
2621 1809 2751 1864 Nan
2768 1809 2839 1864 de
2860 1810 3197 1864 Aristotelis
3222 1811 3498 1881 opinione
3521 1811 3762 1883 quidlo-

2094 1916 2259 1971 quar,
2285 1899 2382 1970 qui
2411 1902 2573 1969 putat
2603 1898 2787 1953 Deum
2809 1898 2937 1954 suis
2985 1903 3322 1954 contentum
3351 1915 3490 1956 esse
3513 1900 3757 1971 finibus,

2095 1993 2152 2043 et
2203 1989 2554 2059 praescripto
2605 1988 2776 2060 regni
2815 1989 2988 2044 modo
3040 1988 3290 2061 degere,
3344 1992 3410 2044 ut
3457 1992 3763 2061 poetarum

2091 2079 2412 2149 loquuntur
2425 2077 3077 2148 fabulae,quimundum
3106 2079 3259 2134 inter
3285 2081 3408 2134 tres
3440 2076 3762 2150 ferunt(66)

2093 2183 2230 2222 esse
2253 2168 2540 2237 divisum;
2572 2171 2633 2221 ut
2654 2167 2752 2222 alii
2785 2168 3020 2236 ccelum,
3059 2167 3158 2221 alii
3188 2183 3370 2238 mare,
3414 2168 3764 2223 aliiinferna

2095 2257 2422 2312 coercenda
2454 2257 2722 2326 imperio,
2759 2260 2920 2311 sorte
2967 2256 3352 2312 obvenerint:
3405 2273 3630 2329 eosque
3669 2273 3766 2311 ca-

2093 2362 2234 2401 vere
2266 2362 2340 2402 ne
2369 2349 2651 2416 usurpata
2686 2344 3011 2400 alienarum
3049 2346 3302 2415 partium
3343 2346 3762 2416 sollicitudine,

2095 2436 2248 2490 inter
2260 2451 2325 2489 se
2347 2434 2566 2489 bellum
2590 2434 2865 2489 excitent.
2891 2433 3172 2489 Similiter
3191 2449 3336 2506 ergo
3367 2434 3584 2489 asserit
3606 2434 3767 2507 quod

2093 2529 2382 2579 terrarum
2420 2540 2620 2579 curam
2644 2538 2762 2578 non
2785 2523 3018 2593 habeat,
3044 2524 3200 2578 sicut
3219 2523 3402 2579 maris
3431 2523 3527 2580 vel
3548 2523 3768 2580 inferni

2094 2631 2213 2671 non
2262 2613 2458 2668 habet.
2503 2613 2574 2668 Et
2622 2613 2918 2685 quomodo
2951 2612 3068 2684 ipsi
3102 2613 3425 2669 excludunt
3454 2611 3570 2685 (67)
3610 2628 3766 2686 quos

2096 2707 2446 2777 sequuntur,
2471 2706 2678 2774 poetas
2706 2705 2734 2758 ξ)

2693 2826 2946 2882 CAPUT
2976 2827 3133 2884 XIV.

2099 2937 2212 2993 Dei
2228 2935 2620 3008 cognitionem
2645 2933 2802 2989 nihil
2815 2933 3028 3006 fugere
3051 2939 3112 2990 et
3133 2933 3584 3006 Scripturarum
3608 2934 3772 2993 testi-

2203 3026 2438 3095 moniis,
2467 3030 2526 3080 et
2543 3024 3122 3096 soliscomprobatur
3143 3023 3430 3098 exemplo,
3456 3025 3699 3099 quilicet

374 3173 489 3256 (ϐξ)
523 3172 758 3256 Edit..et
785 3185 939 3256 mss,
975 3171 1217 3253 aliquot,
1249 3172 1398 3252 .ipse
1432 3171 1558 3256 sibi
1594 3170 1988 3256 gloriaiplus
2020 3194 2071 3256 ο
2101 3173 2253 3256 ειιιιι¹
2289 3169 2387 3240 qui
2429 3185 2562 3249 eum
2613 3168 2684 3222 de
2714 3167 2934 3256 animae:
2981 3167 3290 3256 voluptate
3311 3167 3773 3256 intelligendum

310 3247 448 3301 rimi
480 3260 621 3298 vero
654 3247 709 3296 et
741 3242 941 3312 Optimi
961 3241 1201 3314 quique,
1235 3241 1364 3314 ipse
1385 3241 1508 3296 sibi
1525 3241 1723 3314 gratia
1743 3263 1760 3308 ;
1786 3243 1842 3296 id
1863 3241 1975 3310 est,

311 3318 486 3389 quies
518 3319 691 3389 atque
725 3313 1056 3389 oblectatio.

377 3387 490 3458 (6'2)
521 3387 666 3440 Cum
701 3385 1180 3458 providentia__e_t
1224 3384 1426 3438 mundi
1473 3384 1980 3439 administratione

314 3455 436 3514 non
466 3458 655 3511 solum
687 3456 1022 3509 felicitatem
1055 3455 1311 3508 divinam
1333 3458 1488 3510 stare
1521 3472 1638 3510 non
1669 3471 1850 3526 posse
1881 3458 1982 3510 dO-

318 3531 438 3585 cuit
463 3529 776 3598 Epicurus,
823 3527 930 3580 sed
980 3527 1160 3580 multo
1198 3527 1394 3580 minus
1443 3527 1777 3581 humanam.
1822 3527 1981 3591 Quo-

315 3601 476 3655 circa
499 3600 660 3653 omni
688 3598 862 3652 modo
897 3602 1144 3651 conatus
1177 3602 1268 3651 est
1316 3614 1391 3651 ex
1436 3598 1737 3652 hominum
1770 3599 1982 3652 animis

312 3672 594 3726 Numinis
621 3673 837 3722 metum
870 3670 1155 3737 evellere;
1189 3672 1250 3722 ut
1277 3669 1481 3724 videre
1538 3670 1675 3723 licet
1721 3671 1875 3739 apud
1906 3670 1979 3723 cl.

315 3744 557 3797 Petrum
615 3740 988 3811 Gassendum
1038 3740 1097 3793 in
1145 3741 1447 3811 Syntagm.
1508 3740 1672 3809 Epic.
1719 3741 1893 3806 Phil.,
1943 3759 1983 3794 ιι

359 3818 486 3880 art.,
521 3815 666 3866 seet.
700 3812 753 3878 2,
777 3827 828 3865 c.
862 3810 894 3864 ξ’)
918 3816 973 3865 et
1003 3811 1056 3878 6,
1091 3827 1199 3865 nec
1231 3810 1352 3864 non
1379 3828 1440 3864 ιιι
1472 3815 1644 3880 part.,
1669 3827 1794 3881 cap.
1829 3813 1898 3865 20
1928 3815 1986 3865 et

359 3832 486 3880 ενι,
521 3832 666 3866 εδει.
701 3832 753 3878 Ζ,
777 3832 828 3865 0.
862 3832 894 3864 ἰ)
918 3832 973 3865 θι
1003 3832 1056 3878 0,
1091 3832 1199 3865 nec
1231 3832 1349 3864 non
1379 3832 1440 3864 ΠΙ
1473 3832 1644 3880 part.,
1669 3832 1794 3881 cup.
1829 3832 1898 3865 Συ
1928 3832 1986 3865 ϐῐ

313 3832 404 3954 ξι,
437 3899 611 3954 quam
635 3883 708 3937 ob
741 3883 1096 3951 impietatem
1118 3882 1446 3954 discipulus
1479 3881 1612 3952 ejus
1673 3883 1986 3936 Lucretius

318 3953 589 4011 eumdem
618 3954 786 4007 miris
808 3954 1086 4007 laudibus
1121 3953 1345 4007 extollit
1367 3957 1487 4006 tum
1522 3954 1580 4006 in
1610 3953 1740 4011 ipso
1786 3953 1986 4007 limine

316 4028 420 4081 lib.
453 4044 472 4080 ι
502 4042 570 4079 ac
601 4043 662 4094 ιι,
693 4028 815 4078 tum
847 4025 1099 4077 maxime
1123 4041 1203 4092 ιιι,
1235 4024 1339 4077 ubi
1368 4025 1563 4094 ipsum
1594 4024 1667 4078 ob
1698 4040 1825 4078 eam
1849 4040 1985 4079 cau-

317 4115 447 4152 sam
481 4098 541 4151 in
569 4097 711 4150 deos
733 4095 1109 4150 referendum
1134 4096 1307 4148 canit.

373 4168 485 4236 (63)
539 4168 704 4238 Diog.
766 4167 1035 4220 Laertius
1091 4168 1151 4220 in
1217 4167 1334 4219 vita
1393 4165 1576 4238 hujus
1643 4165 1983 4236 philosophi

318 4239 582 4294 eamdem
625 4238 958 4307 opinionem
1021 4238 1135 4306 ipsi
1187 4237 1490 4305 attribuit,
1521 4237 1688 4291 hisce
1749 4238 1981 4307 verbis,

313 4315 551 4372 διατείνει
572 4312 624 4368 δὲ
647 4317 802 4369 αὑτοῦ
826 4310 1002 4384 (Θεόὗ)
1025 4318 1114 4373 τὴν
1133 4315 1371 4390 πρὸνοιαν
1399 4334 1554 4389 μεχρι
1575 4320 1675 4368 τῶν
1717 4317 1980 4391 οὐρανιων,

316 4401 382 4451 τὰ
401 4394 450 4450 δὲ
474 4399 671 4469 ἐπίγεια
713 4398 844 4448 κατὰ
864 4396 988 4470 πρὸς
1027 4401 1191 4448 ταῦτα
1234 4397 1549 4470 συμπάθειαν
1593 4397 1979 4469 οἰκονομεῖσθαι.

2099 3239 2451 3310 aiunt;’cum
2484 3239 2618 3310 ejus
2661 3239 2841 3293 verba
2883 3240 2955 3292 ab
2987 3240 3194 3311 eodem
3226 3239 3397 3311 Diog.
3451 3239 3772 3311 memorata

2101 3309 2458 3367 contrarium
2482 3309 2908 3379 demonstrent;
2945 3310 3083 3364 sudt
3126 3313 3319 3364 autem
3348 3309 3713 3381 'hujusmodi
3746 3327 3761 3367 ε

2099 3393 2173 3444 Οὐ
2193 3411 2293 3465 γαρ
2316 3386 2466 3463 ἔγωγε
2490 3386 2594 3462 ἔχω
2615 3409 2667 3442 τι
2688 3390 2850 3446 νοήσω
2871 3388 3132 3461 τ’ὰγαθὸν,
3173 3387 3397 3463 ἀφαιρῶν
3414 3389 3504 3463 μὲν
3543 3391 3636 3450 τὰς
3671 3385 3758 3444 διὰ

2097 3471 2267 3545 χυλῶν
2289 3466 2484 3533 ἡδονὰς,
2532 3472 2756 3542 ἀφαιρῶν
2787 3465 2838 3521 δέ
2866 3471 2958 3530 τὰς
2979 3465 3054 3545 δέ
3091 3465 3414 3545 ᾴφροδισὶων.
3457 3469 3552 3545 ⁸καί
3581 3471 3672 3532 τάς
3691 3465 3762 3545 δι’

2098 3541 2430 3634 ἇκροαμςὶτων
2451 3553 2538 3602 καὶ
2559 3541 2650 3611 τλάς
2671 3545 2756 3601 διὰ
2776 3541 3087 3632 μορφ.άς..Εῑ.
3110 3543 3236 3634 hoc.
3254 3558 3370 3634 non
3393 3543 3588 3634 minus
3611 3544 3774 3598 evin-

2103 3621 2180 3679 cit
2211 3621 2481 3695 ejusdem
2527 3639 2659 3676 eum
2704 3621 3126 3695 perditissimis
3169 3621 3654 3695 adolescentibus
3702 3639 3772 3677 ac

2100 3693 2466 3750 mulierculis
2499 3694 2888 3748 consuetudo.
2924 3693 3130 3764 Neque
3159 3696 3354 3746 tamen
3385 3693 3772 3748 dissimulan-

2102 3768 2236 3820 dum
2261 3766 2532 3819 eumdem
2565 3765 2861 3819 Laertium
2892 3764 3111 3818 ibidem
3159 3765 3424 3818 scribere
3465 3764 3616 3821 hanc
3663 3766 3771 3820 de-

2100 3839 2375 3910 mentiam
2427 3837 2510 3910 illi
2557 3837 2629 3890 ab
2681 3836 2910 3910 aemulis
2951 3835 3188 3910 invidia
3241 3836 3567 3910 conflandae
3624 3851 3770 3910 ergo

2100 3909 2290 3963 fuisse
2313 3907 2683 3975 attributam;
2718 3923 2826 3960 nec
2866 3906 3132 3979 defuisse
3171 3922 3421 3978 magnos
3450 3907 3636 3976 viros,
3669 3906 3771 3979 q'ui

2101 3997 2167 4034 se
2199 3980 2550 4034 defensores
2575 3979 2813 4048 Epicuri
2830 3977 3265 4046 profiterentur,
3280 3977 3538 4048 quorum
3551 3977 3771 4033 antesi-

2101 4056 2360 4122 gnanum
2382 4049 3197 4122 rdoctissimumGassendum
3228 4053 3469 4122 propter
3497 4049 3770 4122 ejusdem

2098 4119 2440 4203 phiIOSOphi
2471 4121 2648 4174 vitam
2675 4120 2903 4203 erudite
2934 4119 3248 4203 admodum
3268 4120 3444 4203 abneo
3485 4119 3770 4203 seriptam

2093 4191 2230 4264 jure
2253 4193 2648 4264 nominamus.
2675 4192 2892 4264 Verum
2917 4207 3058 4264 cum
3079 4191 3308 4264 Tullius
3345 4191 3448 4246 lib.
3487 4209 3550 4246 ιιι
3597 4191 3763 4264 Tusc.

2105 4261 2321 4330 Qumsl.
2346 4264 2473 4317 haec
2516 4263 2645 4333 ipsa
2682 4262 2742 4315 in
2772 4262 2924 4316 libro
2958 4261 3197 4332 Epicuri
3227 4263 3316 4316 De
3348 4278 3570 4317 summa
3593 4263 3761 4328 bono,

2100 4351 2273 4406 quem
2298 4333 2431 4404 ejus
2455 4350 2592 4406 esse
2617 4333 2869 4404 negabat
2889 4333 3152 4406 eamdem
3171 4333 3287 4406 ipsi
3315 4333 3386 4406 de
3409 4334 3764 4406 voluptatate

2101 4404 2744 4471 sententiamtribuant;
2767 4404 3110 4458 credibilius
3139 4405 3247 4472 esl,
3272 4408 3334 4458 ut
3355 4405 3573 4457 indicat
3610 4404 3766 4456 idem

315 4472 435 4552 Sed.
461 4487 528 4559 ea
591 4469 988 4559 sententiain
1043 4470 1138 4538 iis,
1172 4469 1306 4540 quae
1351 4473 1595 4540 restant,
1644 4470 1984 4523 Aristotelis
2013 4499 2067 4559 D
2097 4478 2347 4559 Tullius,
2382 4469 2952 4559 .Epie‘uri‘d-icipulos
3001 4469 3241 4559 invidiae
3280 4475 3546 4528 levandae
3579 4489 3761 4559 causa

321 4543 560 4642 scriptis
593 4557 711 4594 non
743 4541 976 4610 legitur.

381 4612 490 4642 [Qui
515 4611 766 4642 Ὼηξηηηιι
799 4611 976 4642 'hnnm

381 4611 492 4681 (64)
515 4611 766 4682 Epicuro
799 4611 985 4665 Deum
1033 4626 1223 4681 neque
1257 4613 1582 4665 creatorem
1621 4611 1843 4677 mundi,
1879 4627 1978 4665 ne-

322 4699 458 4754 que,
483 4683 564 4736 uti
587 4699 766 4752 supra
795 4683 1053 4736 diximus
1072 4724 1084 4748 ,
1119 4683 1575 4754 gubernatorem
1607 4698 1775 4754 esse,
1815 4683 1983 4754 igno-

319 4753 408 4808 rat
441 4769 611 4808 nemo
637 4769 649 4808 :
674 4770 786 4824 qua
813 4754 884 4807 de
907 4770 969 4807 re
984 4753 1435 4824 adiri'potestel.
1461 4753 1808 4824 Gassendus
1831 4753 1979 4806 Phil.

319 4826 502 4896 Epic:
527 4823 828 4896 Syntagm.
862 4829 1024 4893 parte
1057 4841 1115 4890 ιι,
1141 4828 1286 4878 sect.
1321 4823 1388 4896 1,7
1411 4839 1537 4894 cap.
1571 4823 1624 4892 3,
1650 4828 1706 4878 et
1749 4828 1892 4878 sect.
1926 4825 1980 4893 ‘2,

326 4913 454 4967 cap.
477 4895 592 4964 2,3,
628 4897 680 4959 4,
713 4895 820 4949 ﬁet
847 4898 899 4949 6.
937 4896 1120 4949 Porro
1158 4896 1315 4966 quod
1345 4895 1618 4965 Epicurei
1650 4911 1787 4949 esse
1819 4896 1878 4948 in
1914 4910 1982 4948 ea

319 4966 594 5038 Opinione
626 4968 918 5034 dicuntur,
958 4971 1019 5020 ut
1052 4967 1235 5020 Deum
1281 4970 1554 5038 asserant
1583 4966 1763 5020 rebus
1794 4967 1982 5019 admi-

317 5037 473 5093 sceri
508 5039 804 5105 omnibus,
839 5038 1068 5091 videtur
1108 5038 1266 5091 istud
1313 5037 1611 5106 respicere
1660 5038 1734 5090 ad
1766 5038 1983 5091 Lucre-

318 5113 462 5163 tium
484 5110 583 5180 qui
615 5109 714 5162 lib.
749 5126 787 5175 1,
814 5109 975 5162 initio
999 5109 1127 5162 haec
1157 5110 1288 5180 ipsa
1320 5108 1432 5161 sub
1467 5108 1714 5180 Veneris
1745 5109 1983 5162 nomine

318 5179 824 5251 atqueinvolucro
857 5180 1172 5250 significat.
1210 5179 1361 5232 Hine
1395 5183 1586 5251 autem
1637 5179 1984 5251 desumptos

319 5249 551 5306 constat
583 5251 850 5304 celebres
875 5249 1024 5304 duos
1059 5251 1288 5321 Virgilii
1320 5251 1506 5318 locos,
1527 5250 1774 5303 alterum
1809 5249 1988 5305 Geor-

316 5322 806 5401 giciv,"al_terum
840 5323 858 5391 )
891 5321 1166 5401 (Ei-ient;
1186 5337 1338 5401 quos
1361 5321 1627 5401 consule.

373 5393 488 5461 (65)
524 5393 840 5462 Epicurum
873 5393 1104 5447 ebrium
1153 5392 1249 5446 hic
1280 5394 1469 5463 vocat,
1505 5393 1719 5463 quippe
1768 5392 1868 5462 qui
1900 5395 1989 5446 ter

316 5466 376 5519 in
399 5465 512 5530 die,
549 5470 608 5517 ut
629 5464 862 5534 quidam
881 5463 1194 5532 tradidere,
1221 5462 1824 5532 crapulamevomere
1859 5480 1991 5518 con-

315 5536 602 5602 sueverit,
636 5538 692 5588 et
721 5535 1064 5605 priusquam
1093 5534 1153 5587 in
1183 5534 1412 5588 balmeo
1457 5534 1841 5588 volontariam
1873 5535 1994 5589 Obi~

312 5612 406 5664 ret
429 5610 677 5687 mortem
709 5621 723 5687 :_
755 5611 851 5666 Τὸν
872 5630 1091 5687 expuier
1111 5607 1358 5687 ἦπασεν,
1408 5608 1472 5660 ut
1507 5605 1768 5687 loquitur
1793 5605 1988 5687 _Diog.

311 5687 511 5745 Laert.
561 5683 805 5758 in_ejus
848 5683 988 5758 vita.
1041 5685 1208 5758 Quod
1250 5701 1393 5741 vero
1445 5686 1674 5758 spectat
1739 5684 1814 5758 ad
1847 5700 1989 5740 sus-

313 5760 554 5837 ceptum
607 5755 682 5814 ab
706 5755 721 5758 “
748 5771 820 5815 eo
886 5756 1206 5830 voluptatis
1261 5755 1699 5836 patrocinium,
1769 5755 1994 5820 frustra

603 5863 864 5933 Parma.
902 5862 1062 5931 XVI.

2097 4551 2170 4603 ad
2220 4545 2397 4602 animi
2445 4545 2805 4617 voluptatem
2850 4551 3126 4616 tanquam
3165 4546 3239 4598 ad
3275 4560 3507 4600 sacram
3545 4545 3766 4600 ancho-

2097 4637 2242 4690 ram,
2279 4636 2410 4674 cum
2432 4622 2805 4690 urgerentur,
2832 4617 3202 4690 confugisse.

2149 4689 2264 4760 (66)
2284 4686 2533 4744 Cunctae
2548 4690 2684 4743 edit.
2710 4704 2798 4742 ac.
2841 4704 2988 4741 mss.
3025 4686 3178 4741 haud
3210 4686 3402 4760 pauci,
3440 4688 3502 4742 in
3527 4695 3659 4760 tres
3678 4687 3764 4743 fc-

2093 4758 2254 4830 riint,
2282 4766 2391 4816 etc.
2413 4761 2625 4814 Melius
2647 4760 2764 4826 alii,
2791 4760 2952 4812 inter
2974 4764 3120 4827 tres,
3155 4761 3265 4812 etc.
3304 4758 3520 4814 lterum
3560 4759 3765 4814 eadem

2095 4834 2232 4888 edit.
2258 4849 2326 4886 ac
2349 4849 2497 4886 mss.
2531 4832 2770 4901 aliquot,
2797 4830 3124 4884 coercenda
3149 4831 3388 4900 imperii
3405 4836 3572 4886 sorte
3593 4831 3770 4885 obve-

2096 4905 2299 4959 nerint
2323 4919 2334 4958 ε
2358 4918 2504 4956 mss.
2531 4903 2732 4972 plures
2755 4905 2811 4955 et
2831 4901 3217 4972 antiquiores,
3243 4903 3567 4973 coercenda
3584 4903 3767 4973 impe-

2096 4977 2207 5039 rio,
2244 4978 2355 5028 etc.
2391 4974 2622 5038 Melius,
2660 4976 2722 5026 ut
2743 4989 2860 5026 vox
2884 4973 3136 5042 imperio
3171 4972 3463 5027 referatur
3491 4974 3564 5027 ad
3595 4972 3767 5027 coer-

2097 5047 2303 5101 cenda.
2338 5046 2420 5098 De
2459 5044 2750 5098 divisione
2789 5047 2981 5115 autem
3009 5043 3107 5098 illa
3145 5059 3262 5115 qua
3311 5045 3566 5098 mundus
3616 5045 3769 5098 inter

2098 5121 2241 5183 tres,
2268 5117 2473 5170 Jovem
2496 5116 2790 5181 nimirum,
2816 5114 3251 5185 Neptunum’ac
3276 5115 3581 5170 Plutonem
3611 5115 3768 5169 divi-

2100 5205 2207 5242 sus
2230 5188 2435 5257 fertur,
2460 5202 2638 5258 Opera
2661 5186 3002 5258 philosophi
3022 5187 3095 5240 ad
3117 5202 3227 5241 nos
3245 5187 3601 5242 transmissa
3621 5185 3770 5242 nihil

2101 5259 2338 5314 habenL

2157 5330 2272 5398 (67)
2313 5329 2664 5384 Aristoteles
2715 5329 2951 5400 quidem
3001 5328 3104 5383 lib.
3157 5345 3174 5382 ι
3222 5325 3662 5400 ΜθιερΙιηοεῙ).
3711 5329 3766 5399 2,

2102 5405 2307 5472 poetas
2327 5401 2397 5455 de
2429 5402 2543 5455 diis
2567 5399 2808 5471 indigna
2842 5400 3173 5472 fabulantes
3205 5403 3383 5471 negat
3400 5399 3768 5472 audiendos,

2104 5471 2426 5544 eorumque
2450 5473 2682 5527 fabulas
2699 5472 2930 5544 ibidem
2952 5471 3053 5526 lib.
3086 5487 3208 5540 xxv,
3234 5487 3361 5541 cap.
3387 5471 3443 5540 8,
3477 5471 3766 5544 exagitat;

2105 5544 2214 5598 sed
2266 5537 2378 5600 bdo
2425 5544 2607 5599 multo
2656 5542 2901 5598 uberius
2951 5537 3570 5614 tractatumii‘eperias
3598 5537 3775 5614 'apud

2105 5615 2407 5749 Ξὲαῗῖἓθω
2437 5630 2571 5675 cum
2591 5614 2752 5691 alibi,
2777 5618 2898 5675 tum
2917 5614 3216 5692 praecipue
3237 5612 3428 5689 libris,
3453 5629 3515 5688 ιι,
3548 5626 3632 5684 ιιι,
3658 5612 3714 5670 et
3733 5625 3776 5668 κ

2297 5704 2354 5749 n.

2148 5701 2180 5748 θ
2207 5701 2354 5768 mp.
