4128 6132
343 287 430 352 43

1863 283 1928 346 S.
1981 281 2406 348 AMBROSII

3727 291 3809 352 44

427 491 703 542 creatura
726 484 826 556 sit,
854 489 1048 540 tamen
1069 483 1168 540 vel
1192 483 1432 556 lumine,
1472 483 1570 539 vel
1595 481 1792 539 calore
1813 487 2022 538 cuneta
2051 467 2109 530 Α
2145 483 2357 540 domus
2379 483 2476 540 vel
2507 486 2742 540 secreta
2763 483 3069 539 conclavia
3095 485 3191 540 vis
3209 484 3426 542 caloris
3447 486 3584 559 ejus
3603 487 3812 544 irrum-

419 562 720 630 penetrat.

425 663 512 718 51.
547 662 828 734 Sequitur
850 662 946 716 illa
969 663 1306 732 responsio,
1346 664 1545 716 utrum
1576 661 1782 732 Deum,
1806 661 1860 716 si
1880 677 2024 732 ope-

373 753 460 807 ris
507 752 600 806 sui
631 767 771 806 cura
817 767 936 805 non
977 752 1359 822 praeterierit,
1404 755 1718 821 praetereat
1757 751 2024 806 scientia.

375 841 535 913 Ergo
584 841 684 910 qui
729 839 1012 910 plantavit
1049 855 1272 911 aurem,
1332 856 1452 894 non
1491 840 1652 895 audit
1683 855 1696 896 :
1732 841 1833 912 qui
1862 839 2032 895 tinxit

365 930 621 998 oculum,
657 944 776 982 non
797 929 976 999 videt,
1018 944 1137 983 non
1169 929 1552 984 considerat?

414 1036 504 1090 52.
537 1035 669 1090 Non
701 1035 984 1105 praeteriit
1025 1035 1155 1090 haec
1191 1051 1344 1090 vana
1377 1036 1575 1107 opinio
1609 1038 1851 1092 sanctos
1889 1051 2030 1108 pro-

359 1124 596 1196 phetas.
631 1123 896 1195 Denique
919 1123 1104 1178 David
1125 1125 1349 1179 inducit
1371 1141 1477 1180 eos
1518 1125 1853 1196 loquentes,
1878 1141 2030 1197 quos

362 1213 644 1284 superbia
665 1213 905 1267 inflatos
924 1213 1160 1267 asserit.
1177 1213 1327 1278 Quid
1354 1215 1510 1269 enim
1545 1217 1662 1268 tam
1681 1215 2028 1285 superbum,

362 1319 540 1376 quam
564 1317 698 1356 cum
716 1303 834 1372 ipsi
863 1301 976 1356 sub
1008 1306 1253 1372 peccato
1292 1303 1432 1374 sint,
1479 1303 1632 1359 alios
1663 1303 1908 1377 indigne
1948 1303 2032 1360 fe-

363 1393 496 1448 rant
523 1395 872 1464 peccatores
890 1392 1112 1458 vivere,
1137 1391 1403 1446 dicentes
1427 1407 1440 1448 :
1481 1391 1598 1465 Usq
1611 1409 1796 1465 neque
1821 1408 2032 1466 pecca-

365 1489 549 1552 tores,
591 1481 864 1551 Domine,
906 1496 1202 1553 usqucquo
1227 1487 1580 1554 peccatores
1614 1481 2034 1554 gloriabuntur

360 1571 551 1641 (Psal.
576 1585 739 1640 xcm,
763 1567 820 1640 3)
850 1571 878 1624 ε)
900 1569 971 1623 Et
1000 1569 1152 1624 infra
1177 1584 1190 1625 :
1216 1570 1297 1624 Et
1318 1569 1622 1625 dixerunt.
1641 1571 1778 1626 Non
1805 1571 2034 1626 videbit

362 1659 668 1729 Dominus,
691 1674 882 1730 neque
905 1658 1206 1732 intelliget
1230 1659 1390 1714 Deus
1418 1659 1620 1715 Jacob.
1644 1659 1872 1726 Quibus
1903 1675 2036 1716 res-

360 1750 581 1822 pondet
602 1747 896 1818 Propheta
917 1748 1122 1802 dicens
1149 1763 1161 1803 :
1197 1748 1528 1821 Intelligite
1577 1766 1727 1804 nunc
1748 1750 2035 1821 insipien-

363 1846 458 1895 tes
475 1839 538 1892 in
553 1837 780 1910 populo,
806 1844 864 1892 et
883 1837 1055 1892 stulti
1075 1837 1392 1908 aliquando
1420 1839 1632 1910 sapite.
1672 1838 1783 1904 Qui
1795 1838 2033 1911 planta-

367 1930 692 1994 vituurem,
721 1943 834 1981 non
858 1926 1022 1982 audit
1045 1926 1073 1980 ?
1093 1933 1150 1982 et
1170 1928 1275 1998 qui
1290 1926 1464 1982 ﬁnxit
1487 1927 1732 1998 oculum,
1757 1944 1870 1983 non
1894 1943 2034 1983 con-

364 2019 646 2074 siderat?
671 2016 784 2082 Qui
803 2016 1055 2088 corripit
1073 2023 1304 2088 gentes:
1348 2031 1462 2071 non
1485 2019 1718 2090 arguit,
1743 2017 1848 2088 qui
1866 2017 2038 2072 docet

363 2109 659 2164 hominem
715 2107 1028 2162 scientiam
1061 2107 1088 2160 ‘2
1131 2105 1418 2160 Dominus
1468 2107 1584 2160 scit
1644 2106 2040 2178 cogitationes

367 2197 688 2266 hominum,
715 2196 989 2266 quoniam
1017 2209 1181 2248 vanae
1200 2199 1336 2248 sunt
1379 2193 1556 2263 (Ibid.
1583 2192 1614 2248 7
1651 2201 1709 2250 et
1731 2196 1908 2266 seq.).
1932 2195 2045 2260 Qui

369 2303 438 2342 ea
463 2300 834 2358 quaecunque
864 2299 1014 2338 vana
1032 2287 1172 2338 sunt
1188 2283 1595 2354 deprehendit,
1629 2299 1699 2338 ea
1721 2299 1854 2355 quae
1877 2299 2044 2339 sanc-

367 2379 426 2430 ta
458 2379 598 2430 sunt
629 2373 766 2444 (68),
819 2373 1034 2443 nescit,
1085 2375 1144 2427 et
1185 2372 1421 2444 ignorat
1467 2372 1625 2443 quod
1672 2373 1801 2442 ipse
1849 2372 2044 2428 fecit?

374 2464 584 2520 Potest
612 2479 762 2534 opus
785 2477 960 2517 suum
991 2461 1270 2534 ignorare
1311 2461 1574 2516 artifex?
1605 2461 1794 2516 Homo
1827 2465 1938 2533 est,
1989 2463 2047 2516 et

370 2554 434 2608 in
465 2567 644 2624 opere
685 2567 794 2606 suo
827 2551 1065 2605 latentia
1115 2549 1500 2620 deprehendit
1533 2565 1548 2620 ;
1590 2553 1647 2604 et
1687 2551 1846 2606 Deus
1895 2565 2046 2622 opus

371 2659 572 2697 suum‘
604 2641 844 2696 nescit?
892 2640 1086 2694 Altius
1121 2655 1268 2711 ergo
1317 2639 1676 2708 profundum
1731 2639 1794 2694 in
1843 2654 2042 2710 opere,

379 2747 556 2804 quam
608 2731 669 2785 in
713 2734 972 2785 auctore.
1017 2729 1089 2783 Et
1133 2728 1273 2783 fecit
1310 2728 1530 2800 aliquid
1568 2729 1724 2800 quod
1756 2744 1937 2800 supra
1980 2743 2047 2783 se

378 2825 564 2892 esset,
597 2820 772 2892 cujus
792 2819 1062 2874 meritum
1081 2817 1382 2891 ignoraret
1409 2820 1630 2886 auctor,
1669 2817 1845 2890 cujus
1875 2816 2051 2872 ali'ec-

372 2915 502 2966 tum
531 2911 792 2966 nesciret
823 2908 1044 2962 arbiter
1071 2907 1099 2960 ?
1146 2906 1288 2962 Haec
1320 2907 1460 2962 illis.

429 2999 518 3056 53.
543 3000 834 3054 Caeterum
864 2995 1041 3052 nobis
1089 2996 1236 3050 satis
1275 2999 1367 3050 est
1394 2995 1585 3066 ipsius
1619 2995 2042 3067 testimonium,

2138 576 2281 645 pat?
2309 573 2454 638 Quis
2471 577 2668 646 neget,
2702 589 2884 628 verna
2915 574 3194 644 temperie
3235 575 3498 646 tepefieri
3527 577 3809 633 interiora
3846 631 3850 636 ,

2117 660 2450 734 terrarum,
2483 679 2632 734 quas
2664 662 2890 734 glacies
2912 663 3643 721 hibernaconstrinxerit?
3692 667 3807 722 No-

2136 756 2271 806 runt
2301 767 2445 822 ergo
2477 752 2756 806 arborum
2778 752 3066 806 occultam
3091 753 3210 806 vim
3241 753 3456 808 caloris
3477 754 3571 809 vel
3617 755 3810 828 frigo-

2135 841 2242 911 ris,
2275 842 2422 896 adeo
2446 843 2509 894 ut
2529 840 2760 895 radices
2812 841 3094 896 arborum
3140 845 3239 896 aut
3281 846 3526 897 urantur
3557 843 3805 916 frigore,

2136 933 2235 985 aut
2283 929 2408 985 fotu
2456 929 2604 984 solis
2643 929 2961 984 virescant.
3016 929 3282 1002 Denique
3339 931 3442 986 ubi
3500 931 3810 988 clementia

2139 1019 2273 1074 cmli
2303 1018 2590 1089 arriserit,
2622 1019 2822 1073 varios
2845 1021 3000 1073 terra
3031 1035 3097 1074 se
3128 1019 3320 1074 fundit
3341 1021 3400 1074 in
3423 1020 3652 1076 fructus
3671 1021 3806 1092 (ἿΟ).

2196 1107 2286 1164 56.
2319 1108 2384 1162 Si
2411 1108 2596 1179 igitur
2617 1107 2820 1162 radius
2843 1107 2994 1163 solis
3023 1107 3216 1162 fundit
3251 1109 3452 1164 lumen
3493 1126 3667 1165 suum
3699 1126 3808 1165 su-

2136 1213 2244 1269 per
2260 1212 2492 1252 omnem
2509 1200 2746 1264 terram,
2767 1197 2904 1252 etin
2925 1212 2992 1252 ea
3013 1213 3148 1268 quae
3171 1197 3374 1252 clausa
3391 1201 3550 1268 sunt,
3567 1214 3634 1254 se
3652 1199 3812 1254 inse-

2137 1287 2232 1358 rit,
2264 1301 2374 1341 nec
2404 1285 2676 1340 ve‘ctibus
2706 1285 2920 1340 ferreis
2941 1290 3040 1340 aut
3060 1286 3329 1358 gravium
3353 1287 3656 1342 valvarum
3681 1287 3816 1342 obi-

2139 1376 2332 1445 cibus,
2357 1377 2672 1446 quominus
2695 1377 2980 1444 penetret,
2998 1374 3314 1445 impeditur
3336 1391 3350 1445 ;
3375 1376 3669 1447 quomodo
3681 1387 3812 1431 'non

2138 1467 2332 1537 potest
2349 1463 2737 1536 intelligibilis
2758 1464 2863 1518 Dei
2884 1463 3166 1534 splendor
3184 1465 3244 1519 in
3275 1465 3663 1537 cogitationes
3697 1464 3812 1520 ho-

2140 1555 2364 1609 minum
2391 1556 2448 1607 et
2478 1553 2655 1608 corda
2687 1556 2876 1608 semet
2906 1569 3038 1624 quaa
3071 1553 3200 1624 ipse
3233 1553 3472 1624 creavit,
3507 1553 3814 1609 inserere:

2145 1642 2254 1698 sed
2301 1658 2369 1697 ea
2400 1657 2532 1714 quae
2555 1641 2684 1712 ipse
2715 1641 2872 1712 fecit,
2915 1657 3034 1698 non
3071 1643 3250 1708 videt.
3300 1645 3358 1697 et
3411 1641 3548 1698 fecit
3593 1645 3656 1698 ut
3683 1657 3814 1698 me-

2146 1731 2294 1787 liora
2316 1731 2435 1786 sint
2473 1747 2606 1802 quae
2637 1731 2790 1785 facta
2820 1734 2978 1797 sunt,
3005 1733 3060 1786 et
3088 1731 3446 1802 potentiora,
3479 1746 3656 1804 quam
3685 1731 3815 1801 ipse

2150 1822 2242 1876 est
2262 1836 2364 1892 qui
2391 1835 2459 1874 ea
2482 1819 2640 1890 fecit,
2671 1819 2982 1891 utpossint
3002 1821 3236 1892 quando
3255 1819 3490 1891 volunt,
3518 1819 3814 1892 cognitio-

2150 1925 2286 1964 nem
2316 1909 2410 1964 sui
2429 1909 2758 1980 operatoris
2786 1909 3014 1964 latere?
3064 1909 3306 1964 Tantam
3354 1925 3500 1980 ergo
3536 1910 3816 1963 virtutem

2149 2001 2207 2054 et
2236 2000 2588 2069 potestatem
2621 1998 2872 2052 inseruit
2917 1997 3214 2052 mentibus
3271 1997 3539 2074 nostris;
3578 1999 3642 2052 ut
3685 2012 3813 2052 eam

2151 2085 2655 2158 comprehendere
2687 2102 2821 2142 cum
2841 2085 3002 2158 velit,
3028 2086 3157 2158 ipse
3187 2102 3305 2142 non
3335 2087 3529 2158 possit
3555 2087 3585 2142 ?

2779 2174 3032 2230 CAPUT
3064 2175 3190 2230 XV.

2156 2265 2382 2332 Quibus
2401 2263 2677 2336 displicet
2695 2264 2850 2336 quod
2865 2263 3041 2336 bonis
3070 2263 3240 2331 male,
3263 2270 3323 2320 et
3343 2263 3517 2320 malis
3535 2263 3688 2319 bene
3710 2263 3810 2336 sit,

2206 2338 2298 2392 eis
2318 2334 2536 2391 Lazari
2557 2334 2824 2406 exemplo
2855 2341 2914 2389 et
2949 2335 3129 2390 Pauli
3163 2337 3517 2392 auctoritate
3553 2335 3817 2391 ostendi-

2207 2416 2309 2462 tur
2322 2413 2457 2480 post
2485 2407 2662 2462 vitam
2673 2421 2883 2478 paenas
2903 2422 2972 2461 ac
2983 2409 3233 2480 praemia
3254 2409 3573 2463 reservari

2205 2493 2294 2552 55.
2330 2496 2456 2550 Duo
2505 2494 2875 2550 absolvimus
2910 2495 2987 2564 et,
3033 2497 3096 2548 ut
3141 2495 3515 2566 arbitramur,
3563 2511 3683 2552 non
3729 2495 3816 2550 in-

2153 2599 2416 2657 congrue
2440 2582 2618 2638 nobis
2661 2581 3008 2654 hujusmodi
3046 2583 3259 2637 cecidit
3298 2584 3636 2654 disputatio.
3679 2585 3820 2639 Ter-

2151 2675 2294 2729 tium
2324 2687 2518 2746 genus
2533 2671 2886 2744 quaestionis
2909 2671 3132 2726 residet
3153 2671 3500 2744 hujusmodi
3521 2688 3536 2742 ;
3564 2687 3670 2727 cur
3690 2687 3825 2743 pec-

2155 2765 2386 2817 catores
2419 2760 2720 2816 abundent
2752 2759 2966 2830 opibus
3010 2762 3066 2815 et
3105 2760 3347 2831 divitiis,
3389 2761 3700 2832 epulentur
3719 2759 3825 2832 ju-

2155 2853 2328 2924 giter,
2355 2851 2484 2905 sine
2499 2864 2770 2920 marore,
2797 2849 2928 2904 sine
2956 2849 3149 2918 luctu;
3176 2849 3327 2922 justi
3357 2853 3551 2905 autem
3581 2851 3816 2922 egeant,

2157 2944 2213 2996 et
2232 2939 2568 2994 afﬁciantur
2591 2942 2692 2993 aut
2721 2937 3047 3010 conjugum
3079 2939 3425 3008 amissione,
3466 2942 3566 2994 aut
3597 2939 3822 2994 libero-

2156 3046 2287 3085 rum
2307 3031 2336 3084 ?
2357 3027 2584 3094 Quibus
2617 3027 2967 3083 satisfacere
3002 3026 3204 3082 debuit
3251 3028 3350 3082 illa
3384 3027 3694 3100 Evangelii
3722 3042 3824 3098 pa-

380 3091 481 3164 qui
513 3091 624 3189 ait“?
660 3089 795 3189 (ἶ
812 3104 940 3189 sui”
962 3092 1241 3189 ⁵⁰¹Ἷ¹ξίῖ²¹²⁵
1261 3085 1440 3189 scida
1479 3091 1540 3184 ,et
1573 3101 1758 3189 re?“
1794 3085 2043 3189 (λθξθφζ
2078 3109 2129 3172 C
2155 3085 2403 3188 rabola,‘
2407 3118 2565 3189 quod
2595 3116 2763 3172 dives
2793 3117 2980 3188 bysso
3013 3119 3070 3170 et
3088 3132 3348 3188 purpura
3369 3085 3744 3187 induebatur,
3767 3119 3825 3171 et

375 3177 654 3248 xvn,'10).
682 3177 752 3230 Et
783 3177 842 3230 in
872 3174 1196 3247 Evangelio
1227 3175 1306 3228 ait
1327 3173 1614 3230 Dominus
1645 3174 1824 3229 Jesus
1849 3189 1861 3229 :
1889 3173 2043 3238 Quid

378 3268 658 3341 cogitatis
677 3265 828 3320 mala
847 3266 909 3318 in
931 3263 1217 3320 cordibus
1241 3261 1703 3334 vestris(Luc.v.
1731 3260 1824 3334 22)
1839 3264 1868 3318 ε)
1889 3263 2044 3318 Scie-

375 3361 478 3414 bat
499 3358 652 3412 enim
687 3355 845 3427 quod
892 3354 1222 3426 cogitarent
1267 3352 1438 3407 mala.
1481 3353 1746 3424 Denique
1791 3367 2048 3424 evange-

378 3448 517 3503 lista
547 3445 1018 3501 testaturdicens
1053 3459 1065 3498 :
1101 3441 1346 3497 Sciebat
1371 3443 1526 3498 enim
1546 3442 1724 3498 Jesus
1745 3443 2050 3514 cogitatio-

381 3552 493 3594 nes
524 3551 724 3590 eorum
762 3533 926 3603 (an.
951 3549 1030 3602 Vi,
1063 3528 1140 3597 8).

433 3623 809 3690 54.Quorum
847 3638 966 3676 non
1015 3621 1230 3691 poterit
1267 3619 1414 3674 satis
1463 3635 1703 3676 movere
1739 3619 1956 3692 opinio,
1997 3619 2052 3675 si

380 3715 539 3772 facta
568 3728 775 3768 eorum
807 3711 1276 3766 consideremus.
1309 3709 1531 3764 Nolnnt
1575 3725 1757 3781 supra
1795 3725 1862 3764 se
1911 3725 2050 3765 esse

380 3803 668 3876 judicem,
694 3817 869 3874 quem
891 3799 1037 3854 nihil
1059 3798 1248 3852 fallat:
1296 3798 1502 3853 nolnnt
1533 3800 1587 3854 ei
1617 3799 1757 3854 dare
1789 3797 2054 3854 occulto-

385 3909 519 3949 rum
541 3891 883 3960 scientiam,
909 3888 1010 3961 qui
1041 3890 1306 3944 metuunt
1331 3887 1559 3942 occulta
1581 3904 1690 3943 sua
1719 3887 1911 3958 prodi.
1938 3887 2056 3942 Sed

387 3983 564 4038 etiam
585 3980 874 4036 Dominus
907 3980 1110 4033 sciens
1141 3992 1321 4046 opera
1343 3992 1569 4048 eorum,
1606 3977 1845 4031 tradidit
1874 3993 1980 4032 eos
1996 3977 2058 4031 in

383 4071 684 4130 tenebras.
719 4069 782 4124 1n
815 4075 984 4125 nocte
1029 4067 1237 4138 inquit,
1259 4067 1378 4120 erit
1405 4065 1524 4120 fur.
1555 4066 1638 4120 Et
1668 4065 1867 4120 oculus
1888 4065 2057 4120 adul-

389 4162 508 4218 teri
529 4158 805 4216 servabit
827 4157 1129 4225 tenebras,
1173 4155 1383 4210 dicens
1419 4174 1436 4210 :
1471 4154 1608 4212 Non
1648 4155 2058 4210 considerabit

387 4268 479 4307 me
501 4249 703 4307 oculus
727 4264 739 4304 :
766 4253 826 4302 et
847 4245 1154 4300 latibulum
1189 4259 1466 4316 personae
1491 4246 1692 4316 posuit
1740 4259 1862 4298 suae
1899 4243 2054 4313 (Job.

384 4336 810 4410 xx1v,14,~15).
849 4336 938 4399 16
971 4334 1174 4388 Omnis
1206 4335 1362 4388 enim
1403 4333 1509 4404 qui
1537 4333 1730 4388 lucem
1769 4332 1922 4405 fugit
1943 4330 2054 4402 (69)

388 4438 581 4511 diligit
608 4435 906 4501 tenebras,
941 4431 1188 4486 studens
1227 4431 1430 4502 latere,
1473 4447 1606 4485 cum
1641 4431 1828 4486 Deum
1874 4431 2057 4485 latere
2082 4429 2138 4490 D

390 4543 508 4583 non
541 4526 754 4597 possit,
801 4523 902 4595 qui
933 4522 1082 4576 intra
1129 4520 1489 4592 profundum
1517 4520 1746 4591 abyssi,
1799 4524 1855 4574 et
1909 4521 2060 4574 intra

388 4616 695 4672 hominum
716 4617 944 4668 mentes
967 4627 1086 4666 non
1107 4610 1298 4665 solum
1319 4612 1557 4664 tractata
1577 4651 1592 4677 ,
1617 4609 1723 4662 sed
1741 4608 1914 4664 etiam
1934 4607 2060 4662 vol-

389 4703 583 4759 venda
613 4701 944 4774 cognoscit.
981 4700 1244 4771 Denique
1273 4701 1330 4753 et
1359 4698 1456 4752 ille
1478 4699 1579 4770 qui
1609 4697 1749 4752 dicit
1777 4698 1837 4752 in
1851 4696 2060 4752 Eccle-

396 4795 606 4850 siatico
635 4811 650 4846 :
677 4790 820 4856 Quis
847 4791 1008 4844 videt
1026 4806 1118 4843 me
1139 4789 1168 4842 27
1185 4788 1266 4842 Ει
1301 4787 1568 4843 tenebrae
1589 4787 1931 4859 coeperiunt
1950 4801 2064 4856 me,

392 4889 451 4939 et
465 4882 944 4954 parietes,quem
965 4877 1401 4947 vereor(Echi.
1427 4894 1592 4945 xxiii,
1616 4874 1802 4947 25,26)
1821 4878 1850 4931 ξ)
1867 4891 2069 4947 quam-

389 4973 487 5027 vis
531 4971 592 5026 in
621 4971 772 5024 lecto
805 4983 915 5022 suo
953 4967 1184 5036 positus
1225 4966 1354 5020 haec
1387 4966 1638 5038 cogitet,
1682 4964 1783 5020 ubi
1815 4980 1934 5020 non
1962 4980 2068 5034 pu-

399 5059 634 5129 taverit,
686 5056 1225 5127 comprehenditur.
1266 5054 1347 5108 Et
1386 5057 1528 5124 erit,
1569 5055 1773 5126 inquit,
1807 5053 2069 5109 dedecus

395 5151 552 5224 quod
572 5165 685 5204 non
707 5145 1081 5201 intellexerit
1107 5144 1375 5198 timorem
1396 5143 1527 5197 Dei.
1553 5143 1734 5212 (Ibid.
1771 5139 1888 5213 31.)

454 5238 545 5295 55.
579 5237 728 5304 Quid
751 5238 1083 5290 autemtam
1114 5231 1412 5301 stolidum,
1465 5247 1640 5301 quam
1670 5236 1874 5302 putare
1907 5231 2066 5304 quod

399 5330 586 5385 Deum
618 5326 936 5398 quidquam
969 5325 1317 5394 praetereat;
1349 5336 1484 5374 cum
1527 5320 1619 5375 sol
1665 5321 1767 5392 qui
1797 5321 2068 5376 minister

401 5419 645 5475 luminis
675 5416 786 5486 est,
820 5415 992 5470 etiam
1011 5412 1210 5467 abdita
1226 5413 1510 5482 penetret,
1531 5411 1588 5464 et
1617 5409 1676 5463 in
1690 5409 2066 5465 fundamenta

456 5563 570 5635 (68)
591 5561 742 5635 Edit.
779 5575 911 5615 cum
941 5573 1091 5635 mss.
1124 5555 1380 5635 aliquod,
1406 5552 1736 5635 quaeufacla
1767 5557 1924 5607 sunt.
1949 5551 2067 5635 Sed

401 5627 476 5690 in'
505 5627 773 5706 plurimis
811 5647 906 5706 Aac
931 5627 1648 5706 Aprobatissimisdlegitur
1693 5630 2065 5706 queasancta

403 5696 542 5768 sun't
561 5707 622 5764 in
642 5720 795 5788 aqua
810 5696 1062 5765 lectibne
1077 5701 1236 5760 inest
1255 5696 1566 5762 antithesis
1584 5696 1716 5760 non
1729 5696 2062 5778 inelegans.

2159 3207 2364 3278 epulas
2393 3208 2670 3278 copiosas
2693 3205 3010 3261 exhibebat
3039 3205 3302 3277 quotidie
3337 3221 3600 3276 ;pauper
3630 3207 3824 3260 autem

2157 3297 2370 3368 plenus
2402 3296 2670 3351 ulcerum
2691 3295 2763 3350 de
2784 3310 2990 3350 mensa
3009 3294 3145 3366 ejus
3177 3294 3496 3367 colligebat
3514 3293 3822 3366 reliquias.

2156 3387 2304 3442 Post
2324 3385 2548 3441 obitum
2579 3400 2724 3440 vero
2755 3384 3088 3456 ultriusque
3108 3424 3123 3454 ,
3155 3397 3380 3455 pauper
3422 3386 3548 3438 erat
3583 3383 3644 3438 in
3689 3383 3826 3438 sinu

2155 3474 2415 3530 Abrahae
2460 3474 2727 3546 requiem
2755 3473 3005 3543 habens,
3038 3473 3208 3528 dives
3235 3473 3296 3528 in
3324 3472 3642 3544 suppliciis
3663 3471 3826 3543 (Luc.

2155 3580 2278 3634 xvx,
2303 3560 2416 3625 25).
2441 3563 2653 3618 Nonne
2683 3563 2931 3618 evidens
2961 3565 3054 3618 est
3076 3562 3420 3618 meritorum
3447 3565 3559 3617 aut
3583 3559 3826 3632 praemia

2157 3654 2258 3707 aut
2290 3651 2581 3722 supplicia
2607 3654 2745 3720 post
2791 3654 3038 3706 mortem
3069 3667 3309 3708 manere
3337 3652 3366 3706 ‘2

2212 3739 2301 3796 58.
2336 3740 2408 3794 Et
2436 3743 2616 3808 recte,
2660 3739 2796 3811 quia
2844 3740 2904 3794 in
2944 3740 3263 3795 certamine
3319 3739 3490 3796 labor
3534 3741 3646 3811 est,
3692 3741 3831 3810 post

2164 3832 2460 3885 certamen
2511 3828 2646 3883 aliis
2685 3829 2957 3899 victoria,
2982 3829 3118 3884 aliis
3147 3829 3493 3902 ignominia.
3528 3827 3830 3900 Numquid

2162 3919 2511 3990 priusquam
2541 3933 2756 3973 cursus
2785 3919 3152 3989 conficiatur,
3193 3917 3385 3989 palma
3415 3919 3691 3990 cuiquam
3721 3917 3829 3971 da-

2161 4014 2274 4078 tur,
2299 4011 2394 4076 aut
2429 4007 3182 4064 deferturcoronaﬂlerito
3217 4005 3466 4063 Paulus:
3488 4006 3827 4072 Certamen,

2163 4097 2375 4169 inquit,
2408 4096 2620 4152 bonum
2642 4097 2896 4166 certavi,
2922 4113 3158 4152 cursum
3195 4109 3525 4151 consumma
3539 4096 3614 4166 vi,
3655 4094 3831 4150 fidem

2165 4201 2346 4242 serva
2358 4187 2416 4239 vi
2435 4201 2451 4236 :
2475 4185 2632 4256 quod
2646 4185 2942 4256 reliquum
2965 4190 3076 4253 est,
3101 4186 3366 4258 reposita
3389 4190 3482 4240 est
3499 4185 3648 4239 mihi
3677 4198 3836 4238 coro-

2169 4275 2534 4348 najustitiw,
2558 4290 2731 4346 quam
2753 4274 2971 4330 reddet
3007 4274 3157 4328 milii
3189 4273 3472 4329 Dominus
3513 4273 3604 4336 17
3643 4271 3707 4326 in
3728 4270 3834 4327 illa

2169 4373 2286 4440 die,
2301 4373 2750 4445 justusjudex:
2773 4389 2886 4428 non
2903 4371 3088 4428 solum
3109 4376 3302 4426 autem
3331 4370 3497 4440 milii,
3523 4369 3635 4426 sed
3655 4369 3834 4425 etiam

2170 4462 2392 4532 bisqui
2412 4460 2693 4532 dilligunt
2713 4462 3031 4516 adventum
3054 4476 3184 4533 eJus
3215 4459 3302 4529 (11
3339 4459 3486 4514 Tim.
3527 4475 3608 4524 v1,
3647 4457 3705 4525 7,
3746 4455 3835 4529 8).

2171 4550 2240 4606 In
2262 4549 2386 4620 illa,
2413 4549 2620 4620 inquit,
2668 4549 2768 4604 die
2787 4549 3026 4618 reddet,
3062 4564 3181 4604 non
3212 4549 3330 4603 hic.
3383 4547 3496 4602 Hic
3533 4549 3728 4602 autem
3777 4546 3837 4600 in

2170 4639 2500 4709 laboribus,
2526 4639 2584 4692 in
2615 4637 2918 4710 periculis,
2943 4639 3004 4693 in
3025 4637 3378 4710 naufragiis,
3411 4637 3582 4708 quasi
3622 4635 3839 4690 athleta

2169 4729 2366 4783 bonus
2397 4727 2733 4782 decertabat
2758 4743 2773 4798 ;
2807 4727 2946 4798 quia
2985 4727 3212 4782 sciebat
3242 4727 3520 4798 quoniam
3548 4741 3654 4797 per
3683 4723 3838 4778 mul-

2168 4821 2260 4872 tas
2307 4816 2720 4871 tribulationes
2767 4819 2997 4886 oportet
3037 4833 3149 4872 nos
3193 4816 3436 4871 introire
3476 4815 3537 4868 in
3585 4827 3839 4885 regnum

2169 4906 2296 4960 Dei.
2320 4905 2479 4978 Ergo
2503 4921 2622 4960 non
2652 4909 2848 4976 potest
2869 4905 3006 4977 quis
3040 4905 3348 4976 praemium
3395 4903 3687 4973 accipere,
3720 4900 3839 4956 nisi

2168 4995 2428 5068 legitime
2476 4996 2818 5064 certaverit;
2869 5011 2980 5050 nec
3023 4998 3116 5049 est
3136 4994 3398 5068 gloriosa
3431 4991 3698 5063 victoria,
3722 4989 3844 5045 nisi

2171 5085 2270 5140 ubi
2306 5084 2524 5140 fuerint
2554 5084 2854 5138 laboriosa
2889 5084 3230 5139 certamina.

2757 5171 3012 5228 CAPUT
3057 5172 3208 5226 XVI.

2174 5263 2534 5320 Conﬁrmata
2554 5261 2711 5334 quod
2731 5277 2910 5334 supra
2933 5261 3009 5316 de
3025 5261 3296 5333 praemiis
3317 5266 3376 5316 et
3394 5259 3590 5334 paenis
3625 5259 3844 5315 dictum

2212 5337 2431 5401 fuerat,
2459 5331 2843 5406 subjungitur
2865 5349 2977 5406 non
2998 5331 3212 5406 mirum
3234 5331 3449 5406 essesi
3459 5331 3678 5406 quibus
3697 5346 3849 5406 mer:

2215 5424 2316 5463 ces
2345 5400 2628 5462 in'l'uturo
2652 5400 2762 5460 η’οη
2803 5405 3162 5471 destinatur,
3189 5405 3288 5460 liic
3318 5403 3412 5458 illi
3436 5400 3550 5458 non
3571 5400 3847 5457 laborent

2222 5548 2340 5628 (ﬁt?)
2361 5551 2531 5628 Rom.
2557 5549 2695 5628 edit.
2720 5549 2826 5628 qui
2852 5547 3006 5628 male
3027 5548 3172 5628 agit,
3194 5546 3381 5628 lucem
3399 5544 3573 5628 fugit,
3597 5546 3709 5628 etc.

2223 5613 2338 5700 (70)
2369 5622 2517 5680 Mss.
2541 5613 2786 5696 aliquot,
2811 5621 3014 5680 varios
3033 5613 3234 5678 tarras
3250 5613 3506 5678 etl‘undit
3522 5613 3588 5675 in
3609 5613 3847 5678 fructu!
