4128 6132
341 349 418 409 45
1299 336 1413 401 DE
1453 332 1811 398 OFFICIIS
1850 327 2460 394 MINISTRORUM
2502 331 2833 395 LIBERI.
3707 347 3797 412 46

410 539 1475 618 nequeconlligant:additurqueideo
1496 535 1840 609 temporalia
1855 534 2004 590 bona
2038 515 2097 576 Α
2197 530 2286 587 6?.
2319 531 2455 588 Noli
2503 534 2683 606 igitur
2711 537 2772 588 ut
2801 535 3084 604 parvulus
3129 553 3360 611 sapere,
3411 545 3475 599 ut
3505 545 3790 616 parvulus

409 635 560 706 ipsis
581 634 845 702 concedi,
872 648 945 686 ne
969 647 1075 704 qua
1097 629 1475 702 relinquatur
1497 633 1820 682 excusatio.

412 776 500 832 59.
527 777 746 831 Nonne
767 774 1028 845 injustus
1048 769 1159 842 est,
1180 772 1425 843 quiante
1441 771 1535 824 dat
1553 770 1859 840 prmmium
1874 766 2007 837 (7t),

343 883 515 938 quam
537 869 836 920 certamen
850 864 1027 918 fuerit
1048 861 1384 916 absolutum
1402 861 1430 913 ?
1452 859 1708 928 Ideoque
1723 857 2009 911 Dominus

344 957 400 1010 in
432 955 759 1027 Evangelio
791 955 868 1006 ait
900 969 912 1008 :
948 952 1125 1006 Beati
1151 965 1446 1022 pauperes
1478 949 1716 1020 spiritu,
1744 946 2010 1018 quoniam

344 1046 602 1116 ipsorum
625 1050 715 1098 est
739 1059 990 1114 regnum
1005 1040 1281 1095 caelorum
1310 1038 1528 1107 (Matth
1543 1079 1555 1091 .
1580 1054 1638 1105 v,
1654 1035 1734 1104 9).
1756 1035 1889 1090 Non
1919 1035 2010 1087 di-

343 1135 425 1188 xit
449 1149 462 1188 :
487 1133 651 1187 Beati
670 1132 904 1200 divites,
927 1130 1034 1185 sed
1058 1143 1372 1201 pauperes.
1393 1126 1532 1180 Inde
1548 1125 1752 1195 incipit
1772 1123 2014 1179 beatitu-

342 1220 664 1292 dojudicio
701 1221 922 1290 divino,
956 1219 1056 1273 ubi
1082 1233 1343 1273 aerumna
1377 1215 1704 1269 aestimatur
1733 1213 2007 1267 humana.

340 1310 518 1366 Beati
555 1311 654 1382 qui
694 1309 985 1375 esuriant,
1026 1307 1156 1379 quia
1197 1306 1315 1377 ipsi
1348 1303 1795 1360 saturabuntur.
1839 1300 2014 1356 Beati

343 1400 437 1472 qui
458 1399 686 1471 lugent,
729 1398 999 1470 quoniam
1041 1397 1160 1468 ipsi
1195 1394 1654 1450 consolationem
1686 1391 2010 1447 habebunt.

339 1489 518 1543 Beati
555 1487 1023 1555 misericordes,
1074 1485 1341 1557 quoniam
1417 1482 1569 1554 ipsis
1620 1481 2014 1536 miserebitur

339 1579 521 1634 Deus.
548 1578 724 1632 Beati
745 1576 956 1630 mundo
979 1575 1190 1643 corde,
1216 1574 1482 1645 quoniam
1507 1573 1623 1643 ipsi
1646 1572 1828 1624 Deum
1860 1570 2014 1623 ride-

337 1667 512 1721 bunt-
529 1667 706 1720 Beati
718 1666 817 1737 qui
828 1664 1305 1737 persecutionem
1313 1669 1414 1734 pat
1423 1664 1624 1715 iuntur
1631 1669 1880 1731 propter
1884 1660 1918 1730 ιῙ
1925 1675 2011 1712 us-

341 1759 554 1824 titiam,
583 1757 851 1827 quoniam
869 1754 1127 1825 ipsorum
1148 1758 1498 1823 estregnum
1519 1749 1814 1804 caelorum.
1833 1748 2010 1802 Beati

339 1846 510 1910 estis,
532 1862 657 1899 cum
683 1843 851 1898 vobis
871 1842 1246 1907 maledicent,
1281 1846 1340 1894 et
1351 1845 1812 1912 persequentur,
1840 1844 1896 1891 et
1920 1836 2009 1892 di-
2044 1833 2094 1894 Β

339 1939 477 1988 cent
499 1949 667 1987 omne
692 1931 905 1986 malum
926 1931 1244 1984 adversum
1269 1943 1390 1994 vos,
1420 1927 2007 2000 propterjustitiam.

341 2022 610 2077 Gaudete
630 2028 687 2075 et
703 2019 999 2075 exsultate
1019 2020 1285 2090 quoniam
1303 2033 1538 2071 merces
1555 2024 1756 2071 vestra
1780 2017 2012 2087 cepiosa

340 2119 433 2167 est
450 2113 512 2166 in
536 2111 682 2165 cwlo
699 2109 939 2178 (Matth.
955 2107 987 2161 5
1008 2115 1064 2162 et
1086 2109 1236 2179 seq.)
1260 2107 1539 2161 Futuram
1566 2148 1579 2176 ,
1599 2121 1718 2160 non
1740 2123 2011 2176 praesen-

336 2204 454 2255 tem
480 2217 494 2256 :
521 2201 579 2254 in
603 2200 774 2268 cmlo,
803 2213 920 2253 non
956 2199 1016 2251 in
1037 2201 1193 2251 terra
1219 2196 1552 2250 mercedem
1576 2196 1848 2266 promisit
1871 2211 2010 2252 esse

337 2289 720 2345 reddendam.
756 2287 906 2352 Quid
947 2287 1084 2341 alibi
1109 2286 1332 2356 poscis,
1360 2285 1518 2356 quod
1549 2283 1688 2338 alibi
1724 2284 2010 2340 debetur?

340 2381 482 2450 quid
504 2393 882 2449 praepropere
905 2391 1183 2431 coronam
1206 2375 1423 2446 exigis,
1441 2374 1738 2444 antiquam
1760 2374 2009 2429 vincas?

339 2469 480 2540 quid
515 2469 824 2539 detergere
847 2466 1188 2537 pulverem?
1211 2463 1352 2534 quid
1379 2463 1760 2534 requiescere
1798 2462 2008 2533 cupis?

339 2557 481 2629 quid
521 2556 747 2627 epulari
789 2556 999 2627 gestis,
1051 2557 1365 2624 antequam
1408 2553 1664 2606 stadium
1695 2552 2009 2607 solvatur?

339 2647 552 2700 Adhuc
575 2645 826 2714 pOpulus
852 2646 1097 2714 spectat,
1123 2643 1314 2696 adhuc
1339 2641 1574 2696 athletae
1610 2641 1670 2695 in
1687 2644 2008 2696 scammate

337 2735 461 2805 (7‘2)
498 2739 656 2802 sunt,
693 2737 749 2788 et
779 2737 838 2787 tu
858 2733 980 2804 jam
1005 2732 1185 2787 otium
1205 2730 1380 2802 petis.

409 2841 500 2896 60.
525 2842 642 2896 Sed
675 2840 824 2894 forte
857 2840 1053 2893 dicas:
1080 2837 1198 2894 Cur
1226 2839 1388 2908 impii
1419 2838 1694 2892 laetantur
1715 2839 1742 2893 ?
1775 2855 1880 2893 cur
1916 2839 2008 2894 lu-

337 2931 688 2986 xuriantur?
738 2945 844 2982 cur
886 2930 1059 2982 etiam
1109 2928 1223 2997 ipsi
1267 2943 1385 2981 non
1437 2943 1668 2982 mecum
1699 2928 2009 2984 laborant?

337 3021 629 3086 Quoniam
662 3020 762 3089 qui
794 3033 912 3071 non
942 3017 1414 3086 subscripserint
1445 3017 1517 3070 ad
1563 3032 1862 3087 coronam,
1889 3035 2006 3072 non

337 3115 616 3165 tenentur
661 3108 732 3161 ad
779 3107 1044 3160 laborem
1087 3105 1462 3175 certaminis;
1510 3106 1612 3177 qui
1657 3107 1718 3160 in
1750 3108 2005 3163 stadium

339 3215 462 3255 non
503 3197 940 3266 descenderint,
991 3211 1111 3249 non
1158 3211 1224 3248 se
1275 3194 1636 3264 perfundunt
1687 3197 1852 3266 oleo,
1887 3213 2004 3252 non

340 3289 611 3344 oblinunt
631 3287 892 3356 pulvere.
926 3284 1088 3349 Quos
1117 3287 1311 3338 manet
1333 3285 1542 3356 gloria,
1578 3289 1882 3355 exSpectat
1913 3287 2005 3340 in-

335 3379 516 3450 juria.
555 3375 910 3447 Unguentati
941 3376 1210 3444 spectare
1243 3373 1436 3427 solent
1465 3371 1601 3443 (73),
1646 3390 1765 3428 non
1797 3375 2006 3430 decer-

341 3473 504 3536 tare;
536 3481 655 3520 non
689 3463 897 3532 solem,
928 3467 1133 3531 aestus,
1167 3462 1492 3532 pulverem,
1517 3463 1860 3535 imbresque
1882 3480 2009 3534 per-

345 3557 484 3629 peti.
521 3556 731 3608 Dicant
771 3569 915 3625 ergo
948 3556 1005 3607 et
1035 3552 1184 3622 ipsis
1215 3552 1449 3606 athletae
1483 3568 1494 3606 :
1533 3552 1760 3623 Venite,
1797 3555 2006 3609 nobis-

342 3662 474 3700 cum
505 3645 788 3698 laborate.
823 3643 939 3697 Sed
971 3641 1414 3712 respondebunt
1436 3645 1805 3712 spectatores
1840 3659 1852 3698 :
1879 3645 2006 3699 Nos

340 3735 438 3790 hic
477 3733 716 3788 interim
746 3732 818 3786 de
865 3731 1038 3786 vobis
1063 3731 1404 3802 judicamus
1439 3746 1451 3784 :
1486 3745 1596 3786 vos
1641 3736 1834 3786 autem
1877 3733 2006 3789 sine

341 3823 520 3878 nobis
554 3836 807 3886 corona,
843 3821 897 3874 si
927 3821 1212 3889 viceritis,
1249 3819 1498 3891 gloriam
1528 3821 1931 3877 vindicabitis.

408 3929 503 3986 61.
536 3929 638 3984 Isti
667 3929 850 4001 igitur
879 3927 981 3999 qui
1011 3929 1070 3981 in
1103 3927 1355 3997 deliciis,
1393 3928 1493 3999 qui
1528 3929 1588 3982 in
1622 3928 1874 4000 luxuria,
1907 3947 2006 3985 ra-

338 4022 524 4092 pinis,
558 4018 910 4090 quaestibus,
936 4017 1286 4087 honoribus,
1312 4017 1505 4071 studia
1525 4023 1850 4087 posuerunt
1873 4035 2002 4090 sua,

338 4112 714 4180 spectatores
743 4108 936 4178 magis
969 4110 1107 4161 sunt
1141 4122 1316 4177 quam
1347 4107 1734 4176 praeliatores.
1776 4107 2008 4164 Habent

341 4200 573 4254 lucrum
604 4197 826 4251 laboris
858 4195 993 4267 (7t),
1046 4196 1302 4249 fructum
1331 4195 1566 4249 virtutis
1618 4197 1712 4260 18
1750 4213 1868 4251 non
1899 4197 2007 4252 ha-

341 4297 502 4352 bent.
530 4295 755 4350 Fovent
778 4295 980 4364 otium,
1004 4295 1215 4348 astutia
1241 4299 1296 4348 et
1323 4295 1694 4365 improbitate
1718 4301 2009 4369 aggerant

343 4386 678 4440 divitiarum
697 4400 978 4453 acervos;
1002 4384 1109 4438 sed
1131 4384 1440 4439 exsolvent
1455 4427 1469 4456 ,
1491 4401 1686 4441 seram
1716 4387 1870 4457 licet,
1896 4404 2004 4442 ne-

2044 3083 2094 3146 C

2123 619 2306 693 loqui,
2348 625 2410 676 ut
2440 623 2723 692 parvulus
2756 626 3038 695 cogitare,
3079 630 3139 680 ut
3169 631 3457 698 parvulus
3487 635 3790 692 vindicare

2123 726 2190 764 ea
2212 728 2345 782 qua:
2375 715 2513 766 sunt
2536 713 2886 782 posterioris
2911 717 3120 770 gelatis.
3144 717 3547 776 Perfectorum
3569 728 3661 778 est
3693 741 3791 780 co-

2120 815 2284 854 rona.
2314 800 2628 871 Exspecta,
2653 805 2711 855 ut
2732 803 2928 856 veniat
2954 805 3108 874 quod
3131 805 3456 874 perfectum
3477 814 3586 880 est,
3605 828 3790 882 quan-

2119 889 2192 942 do
2223 905 2340 943 non
2371 905 2478 959 per
2508 890 2769 960 speciem
2804 891 2863 945 in
2897 892 3229 964 aenigmate,
3266 896 3372 950 sed
3405 897 3554 953 facie
3591 901 3662 955 ad
3699 903 3790 956 fa-

2118 977 2266 1031 ciem
2318 977 2568 1032 formam
2614 979 2808 1049 ipsam
2863 979 3195 1051 redopertae
3257 985 3525 1042 veritatis
3585 992 3788 1059 possis

2117 1081 2469 1138 agnoscere.
2523 1067 2687 1122 Tunc
2739 1084 2852 1139 qua
2887 1085 3066 1124 causa
3114 1071 3211 1126 ille
3243 1073 3411 1128 dives
3445 1075 3639 1146 fuerit,
3689 1081 3790 1150 qui

2118 1159 2241 1209 erat
2281 1155 2588 1226 improbus
2625 1161 2682 1210 et
2731 1161 2934 1228 raptor
2963 1159 3160 1229 alieni,
3205 1177 3320 1232 qua
3367 1179 3546 1218 causa
3577 1170 3788 1236 potens

2118 1244 2290 1313 alius,
2316 1261 2429 1316 qua
2464 1261 2641 1300 causa
2665 1247 2768 1300 ille
2790 1246 3177 1303 abundaverit
3211 1250 3440 1323 liberis,
3476 1253 3574 1308 ille
3607 1255 3787 1311 fultus

2119 1331 2471 1402 honoribus,
2508 1335 2888 1391 revelabitur.

2191 1421 2278 1477 63.
2315 1423 2588 1478 Fortasse
2621 1429 2681 1477 ut
2716 1426 2944 1480 dicatur
2971 1427 3229 1498 raptori:
3273 1429 3452 1486 Dives
3478 1447 3633 1498 eras,
3668 1450 3785 1506 qua

2121 1527 2301 1565 causa
2333 1512 2522 1566 aliena
2558 1514 2872 1582 rapiebas?
2907 1516 3160 1588 Egestas
3190 1534 3306 1573 non
3339 1523 3637 1592 compulit,
3664 1525 3791 1578 ino-

2121 1602 2214 1670 pia
2248 1617 2365 1654 non
2398 1602 2577 1673 cogit.
2623 1603 2832 1658 Nonne
2867 1604 2999 1658 ideo
3031 1610 3084 1660 te
3117 1607 3356 1662 divitem
3396 1609 3543 1678 feci,
3579 1616 3639 1666 ut
3678 1629 3788 1667 ex-

2124 1690 2490 1744 cusationem
2521 1691 2740 1747 habere
2772 1709 2890 1747 non
2919 1695 3164 1764 possis?
3205 1697 3444 1754 Dicatur
3476 1702 3649 1755 etiam
3677 1717 3786 1772 po-

2122 1781 2294 1849 tenti;
2328 1778 2446 1834 Cur
2492 1796 2610 1834 non
2658 1781 2897 1836 adfuisti
2944 1785 3168 1855 viduae,
3217 1787 3500 1857 orphanis
3550 1805 3785 1862 quoque

2120 1867 2400 1939 injuriam
2443 1870 2841 1940 patientibus?
2887 1872 3186 1945 Numquid
3217 1879 3276 1930 tu
3307 1876 3577 1933 inﬁrmus
3610 1882 3786 1934 eras?

2120 1959 2421 2030 Numquid
2468 1975 2586 2013 non
2616 1962 2852 2030 poteras
2885 1963 3245 2019 subvenire?
3276 1965 3413 2020 Ideo
3444 1970 3500 2022 te
3533 1967 3785 2038 fecho-

2119 2049 2355 2116 tentem,
2389 2052 2451 2102 ut
2482 2065 2598 2104 non
2633 2049 2890 2104 inferres
2921 2053 3282 2125 violentiam,
3308 2056 3418 2114 sed
3439 2057 3782 2127 repelleres.

2118 2135 2251 2190 Non
2283 2137 2386 2190 tibi
2420 2139 2706 2209 scriptum
2732 2143 2822 2194 est
2846 2157 2857 2194 :
2882 2141 3072 2214 Eripe
3092 2143 3373 2216 injuriam
3396 2147 3784 2217 accipientem

2118 2225 2332 2294 (Eccli.
2371 2244 2448 2296 1v,
2489 2226 2587 2296 9)?
2619 2228 2751 2282 Non
2794 2229 2898 2282 tibi
2931 2230 3217 2301 scriptum
3248 2236 3340 2287 est
3373 2248 3386 2288 :
3421 2234 3783 2306 Pauperem,

2118 2319 2176 2368 ct
2199 2329 2444 2385 egenum
2466 2316 2540 2370 de
2552 2333 2725 2370 manu
2731 2320 3069 2388 peccatoris
3088 2319 3348 2375 liberate
3365 2321 3555 2390 ('Psal.
3579 2341 3780 2394 LXXXI,

2117 2403 2218 2473 4)?
2264 2404 2503 2458 Dicatur
2545 2406 2720 2460 etiam
2751 2406 3070 2462 abundanti
3107 2423 3119 2463 :
3162 2408 3418 2479 Liberis,
3452 2415 3508 2466 et
3537 2411 3783 2467 honori-

2116 2493 2232 2547 bus
2284 2484 2578 2548 cumulavi
2623 2499 2677 2550 te
2704 2536 2718 2565 ,
2753 2495 3158 2552 salubritatem
3190 2499 3460 2570 corporis
3506 2501 3784 2556 concessi

2116 2582 2253 2652 tibi;
2288 2598 2395 2637 cur
2437 2600 2556 2638 non
2586 2588 2830 2639 secutus
2880 2601 2946 2639 es
2996 2591 3291 2658 praecepta
3323 2590 3500 2645 mea?
3544 2590 3783 2646 Famula

2117 2687 2306 2742 meus,
2341 2673 2482 2743 quid
2517 2673 2629 2728 feci
2663 2674 2787 2744 tibi,
2818 2678 2917 2729 aut
2946 2676 3087 2746 quid
3120 2678 3466 2732 contristavi
3492 2683 3546 2734 te
3568 2680 3596 2736 ?
3626 2681 3786 2736 Non-

2118 2776 2190 2815 ne
2239 2775 2383 2833 ergo
2437 2762 2540 2816 tibi
2571 2762 2794 2817 liberos
2835 2764 2992 2835 dedi,
3043 2765 3303 2821 honores
3335 2769 3576 2838 contuli,
3628 2771 3786 2825 salu-

2119 2853 2236 2904 tem
2265 2851 2510 2920 donavi;
2543 2868 2650 2906 cur
2678 2869 2769 2907 me
2802 2854 3108 2925 negabas?
3129 2855 3246 2910 Cur
3269 2858 3608 2913 aestimabas
3628 2860 3788 2930 quod

2121 2939 2192 2994 ad
2225 2940 2535 2994 scientiam
2557 2958 2746 2996 meam
2775 2959 2907 3013 quae
2940 2959 3184 3015 gereres
3218 2962 3336 3000 non
3365 2949 3783 3018 pervenirent:

2124 3047 2230 3084 cur
2260 3031 2505 3086 tenebas
2556 3031 2709 3086 dona
2740 3049 2891 3103 mea,
2927 3033 3302 3105 despiciebas
3335 3036 3609 3093 mandata
3657 3054 3788 3094 mea

2125 3125 2331 3192 (Mich.
2365 3139 2442 3192 vr,
2476 3120 2509 3176 3
2540 3128 2597 3177 et
2631 3125 2786 3193 seq.)

2193 3209 2281 3267 64.
2318 3211 2581 3283 Denique
2614 3212 2685 3266 de
2717 3213 2868 3266 Juda
2898 3214 3199 3282 proditore
3230 3213 3360 3270 haec
3392 3216 3680 3288 colligere
3719 3218 3789 3274 li;

2125 3306 2234 3373 cet,
2270 3302 2371 3373 qui
2402 3306 2458 3356 et
2485 3302 2791 3372 apostolus
2823 3301 2975 3356 inter
3006 3303 3317 3358 duodecim
3339 3305 3564 3361 electus
3597 3311 3708 3378 est,
3731 3312 3788 3364 et

2120 3392 2350 3447 loculos
2372 3391 2752 3461 pecuniarum
2771 3407 2919 3462 quas
2934 3393 3294 3462 pauperibus
3314 3398 3606 3468 erogaret,
3630 3413 3789 3452 com-

2119 3481 2342 3535 missos
2376 3480 2648 3548 habebat,
2683 3496 2756 3534 ne
2778 3481 3079 3536 videretur
3109 3485 3205 3536 aut
3235 3484 3407 3554 quasi
3429 3485 3782 3559 inhonorus,

2118 3573 2218 3624 aut
2249 3568 2418 3640 quasi
2450 3583 2678 3642 egenus
2714 3571 3024 3625 Dominum
3055 3572 3414 3641 prodidisse.
3452 3573 3523 3628 Et
3554 3575 3685 3631 ideo
3722 3579 3789 3632 ut

2114 3659 2547 3731 justiﬁcaretur
2594 3658 2652 3712 in
2683 3675 2752 3714 eo
2786 3659 3095 3731 Dominus,
3143 3661 3272 3716 haec
3322 3663 3376 3717 ei
3417 3665 3693 3735 contulit;
3727 3670 3792 3722 ut

2119 3766 2238 3806 non
2268 3749 2439 3820 quasi
2468 3748 2685 3821 injuria
2715 3755 3135 3823 exasperatus,
3168 3754 3275 3808 sed
3307 3756 3478 3826 quasi
3517 3755 3793 3825 praevari-

2120 3844 2287 3898 catus
2319 3841 2589 3913 gratiam,
2624 3840 2837 3912 majori
2864 3846 3027 3898 esset
3059 3839 3302 3898 offensae
3333 3844 3653 3901 obnoxius.

2718 4003 2968 4060 CAPUT
3009 4004 3187 4061 XVII.

2119 4149 2543 4206 Adolescentis
2591 4149 2806 4220 ofﬁcia,
2831 4157 2892 4206 et
2932 4150 3206 4223 exempla
3240 4150 3432 4206 eidem
3467 4152 3636 4208 aetati
3669 4167 3769 4208 ace

2569 4241 2864 4295 commoda
2898 4257 3124 4312 prapon
3135 4246 3329 4296 untur.

2196 4385 2284 4443 65.
2339 4385 2626 4452 Quoniam
2674 4385 2856 4456 igitur
2900 4387 2955 4438 et
3003 4401 3236 4455 pmnam
3277 4384 3672 4454 improbitati,
3733 4387 3792 4438 et

345 4476 543 4546 quitiae
580 4491 708 4529 suae
730 4490 982 4545 poenam.
1011 4474 1233 4528 Horum
1268 4475 1508 4545 requies
1535 4477 1594 4530 in
1616 4476 1886 4547 infernis,
1908 4481 2006 4532 tua
2038 4461 2093 4523 D
2125 4476 2321 4532 virtuti
2374 4477 2500 4531 fore
2546 4475 2835 4546 praemium
2867 4475 3013 4528 satis
3044 4475 3271 4541 claruit,
3306 4474 3378 4527 de
3420 4473 3647 4527 Officiis
3677 4489 3787 4545 ag—

343 4581 484 4620 vero
509 4566 569 4618 in
599 4561 750 4617 coelo
783 4563 994 4617 horum
1017 4563 1228 4616 domus
1259 4563 1318 4617 in
1349 4563 1646 4636 sepulcro,
1679 4569 1778 4620 tua
1809 4567 1868 4620 in
1899 4583 2006 4639 pa-

341 4655 560 4710 radiso.
590 4651 758 4706 Unde
777 4651 1021 4721 pulchre
1040 4651 1288 4723 vigilare
1313 4667 1418 4706 eos
1444 4653 1504 4706 in
1527 4655 1750 4711 tumulo
1777 4657 1888 4711 Job
1923 4659 2010 4711 di-

339 4746 425 4799 xit
447 4743 583 4813 (Job
615 4759 738 4810 xxx,
769 4738 891 4808 32);
923 4742 1059 4811 quia
1095 4756 1372 4811 soporem
1396 4743 1612 4814 quietis
1639 4745 1857 4802 habere
1891 4763 2010 4802 non

335 4836 612 4904 possunt,
647 4846 825 4903 quem
857 4831 952 4884 ille
981 4831 1274 4901 dormivit,
1310 4833 1411 4903 qui
1443 4835 1794 4890 resurrexit.

412 4975 790 5052 (7l)_Eras_m.
826 4977 884 5052 et
912 4976 1236 5045 sequentes
1267 4974 1438 5045 edit.,
1476 4977 1575 5052 qui
1614 4983 1752 5033 ante
1768 4985 2013 5052 quaerat

334 5048 668 5122 praemium.
690 5047 929 5122 Amet-b.
965 5052 1021 5100 et
1039 5063 1183 5100 mss.
1212 5062 1437 5122 omnes,
1464 5047 1566 5122 qui
1581 5056 1719 5104 ante
1743 5047 1843 5104 dat
1855 5067 2010 5122 prm-

341 5117 548 5245 gniqiml.)
575 5118 710 5242 Non
739 5117 921 5189 male;
955 5123 1266 5188 utrumque
1299 5119 1456 5172 enim
1472 5117 1792 5192 ’injustitiae
1825 5117 2011 5176 a'scri-

384 5209 401 5243 ι
477 5207 507 5244 e
555 5205 584 5243 e
617 5231 629 5243 .

384 5193 401 5243 i
435 5193 629 5244 debet.

413 5261 529 5330 (79‘)
562 5264 734 5314 Ante.
769 5260 905 5314 edit.
942 5277 1072 5315 cum
1103 5261 1310 5331 paucis
1342 5277 1512 5331 mss.,
1558 5263 1620 5316 in
1661 5270 2010 5320 stemmate:

344 5334 516 5388 Rom.
552 5349 684 5386 cum
707 5331 838 5384 aliis
862 5333 1149 5402 pluribus,
1173 5335 1233 5386 in
1265 5341 1602 5388 scammate.
1626 5334 1775 5399 Quid
1807 5336 1883 5390 sit
1908 5353 2009 5391 au-

343 5410 458 5458 tem
491 5420 768 5480 scamma,
795 5405 1012 5480 dictum
1041 5410 1132 5458 est
1161 5406 1233 5458 ad
1266 5405 1368 5468 lib,
1402 5406 1475 5460 de
1493 5406 1629 5460 Elia
1663 5414 1719 5460 et
1749 5408 2003 5480 jejunio,

341 5491 469 5546 cap.
507 5475 595 5543 13,
628 5491 763 5546 pag.
796 5475 920 5530 550.

410 5547 524 5617 (73)
552 5548 600 5622 Ν
609 5547 810 5601 onnuli
828 5563 998 5622 mss.,
1011 5546 1389 5622 Unguentati
1399 5556 1767 5622 spectatores
1789 5550 2002 5609 solent.

342 5617 411 5677 Et
429 5619 711 5676 continuo
733 5622 868 5690 post
889 5617 1138 5692 quidam
1161 5619 1280 5690 alii,
1305 5617 1641 5678 non—solent
1659 5627 1863 5686 aestns,
1891 5625 2001 5680 etc.

407 5694 524 5768 (7t)
545 5692 798 5750 Lucrum
832 5693 1090 5761 laboris,
1136 5694 1194 5749 id
1227 5697 1351 5766 est,
1386 5694 1812 5751 immunitatem
1841 5695 2006 5753 labo-

2125 4567 2466 4640 grcdiamur
2496 4565 2722 4634 dicere;
2756 4580 2889 4635 quae
2920 4563 3094 4618 nobis
3126 4563 3198 4616 ab
3222 4562 3621 4616 adolescentia
3653 4577 3789 4634 spe-

2123 4653 2332 4711 ctanda
2365 4657 2503 4708 sunt
2535 4648 2668 4723 (75),
2721 4657 2784 4706 ut
2816 4668 2947 4706 cum
2998 4653 3166 4705 actate
3199 4652 3548 4705 accrescant
3585 4652 3784 4707 simul.

2120 4745 2227 4800 Est
2269 4743 2452 4816 igitur
2496 4743 2791 4798 bonorum
2821 4738 2953 4810 '(76)
2994 4739 3464 4794 adolescentium
3512 4741 3788 4796 timorem

2125 4833 2231 4889 Dei
2261 4833 2502 4902 habere,
2549 4829 2783 4885 deferre
2815 4828 3186 4900 parentibus,
3233 4829 3520 4884 honorem
3566 4830 3786 4886 habere

2120 4977 2206 5032 ris
2233 4992 2246 5036 :
2280 4991 2398 5029 non
2427 4988 2569 5028 vero
2598 4972 2829 5027 lucrum
2860 4973 3018 5043 quod
3049 4972 3354 5045 exglabore
3383 4973 3670 5045 gignitur.

2189 5047 2303 5118 (75)
2335 5046 2455 5118 Cic.
2498 5045 2646 5098 Oilic
2687 5045 2788 5118 lib.
2828 5061 2891 5118 1,;
2910 5061 3046 5118 pag.
3079 5043 3203 5118 368,
3239 5045 3339 5098 lin.
3460 5043 3500 5092 ἀ
3531 5044 3603 5118 Et
3632 5062 3783 5116 quo-

2119 5115 2489 5174 niam’officia
2509 5132 2625 5169 non
2640 5115 2844 5170 eadem
2863 5115 3205 5185 disparibus
3221 5116 3493 5171 mtatibus
3515 5115 3792 5172 tribtiunv

2117 5195 2231 5258 tur,
2266 5189 2496 5258 aliaque
2526 5192 2665 5241 sunt
2688 5187 2979 5258 juvenum
3016 5211 3061 5256 η,
3095 5191 3205 5242 etc.

2189 5260 2301 5330 (76)
2325 5261 2545 5314 Omnes
2571 5259 2732 5327 edit.,
2765 5259 2945 5312 simul
2972 5259 3168 5312 studia
3203 5259 3485 5313 bonorum
3511 5265 3738 5314 actuum
3765 5282 3781 5315 .-

2118 5334 2224 5387 sed
2245 5349 2377 5403 quae
2407 5331 2833 5396 resecavimus,
2860 5346 2892 5382 a
2923 5345 3069 5383 mss.
3096 5330 3330 5403 absunt,
3366 5346 3474 5384 nec
3506 5332 3784 5386 videntur

2116 5402 2322 5458 sensui
2356 5404 2475 5457 ullo
2507 5404 2680 5456 modo
2710 5403 3071 5454 necessaria.
3099 5402 3330 5455 Rursus
3351 5404 3486 5456 edit.
3523 5407 3578 5456 et
3609 5403 3780 5471 pauci

2113 5477 2596 5544 recentioresque
2620 5489 2788 5541 mss.,
2817 5472 3062 5526 deferre
3086 5473 3443 5542 parentibus
3474 5474 3773 5534 honorem,

2113 5548 2340 5604 habere
2353 5545 2696 5601 senioribus
2713 5559 2782 5597 re
2795 5551 3120 5597 verentiam
3137 5564 3151 5596 .-
3166 5544 3368 5612 plures
3387 5547 3578 5596 autem
3593 5559 3662 5595 ac
3683 5557 3782 5610 po-

2111 5620 2294 5676 tiores
2327 5635 2476 5674 mss.
2496 5617 2764 5689 jugulata
2786 5631 2932 5670 voce
2955 5615 3381 5689 reverentiam,
3408 5612 3781 5689 verbumﬂe-

2111 5692 2283 5751 ferre
2333 5682 2601 5747 absolute
2642 5690 2908 5759 ponunt;
2952 5701 3061 5742 nec
3107 5701 3226 5741 non
3257 5689 3313 5740 et
3359 5682 3510 5738 infra
3541 5682 3774 5740 duobus
3827 5726 3832 5729 ι
