4002 6150
421 379 506 442 47
1882 374 1947 435 S.
1992 370 2435 437 AMBROSII.
3791 374 3871 439 48

429 576 806 644 senioribus,
855 572 1183 628 castitatem
1234 572 1406 643 tueri,
1457 573 1548 636 19
1616 587 1736 627 non
1782 571 2088 642 aspernari
2116 554 2175 616 Α
2205 571 2305 626 bat
2332 571 2394 626 in
2439 570 2722 643 periculis
2752 570 3055 642 Suzanna,
3088 573 3145 626 et
3175 571 3419 644 gravius
3447 573 3860 644 verecundiae,

424 673 832 742 humilitatem,
866 671 1116 743 diligere
1148 670 1517 725 clementiam
1548 684 1617 723 ac
1647 669 2087 739 verecundiam,

425 779 559 833 qua
592 765 935 817 ornamento
968 763 1107 815 sunt
1138 760 1351 814 minori
1380 759 1555 813 atati.
1590 759 1666 813 Ut
1704 760 1859 813 enim
1889 759 1949 812 in
1990 773 2091 812 se-

426 852 601 907 nibus
650 852 933 923 gravitas,
981 849 1042 903 in
1066 848 1392 920 juvenibus
1423 848 1727 917 alacritas;
1753 849 1829 901 ita
1856 849 1917 901 in
1946 847 2090 901 ado-

424 940 791 995 lescentibus
820 937 1200 1009 verecundia,
1250 938 1412 992 velut
1448 936 1701 1010 quadam
1751 937 1884 991 dote
1934 952 2091 991 com-

425 1030 736 1085 mandatur
766 1031 1010 1083 natura.

498 1119 586 1173 66.
621 1117 760 1171 Erat
788 1117 953 1172 Isaac
984 1116 1298 1172 Dominum
1326 1116 1563 1187 timens,
1598 1116 1797 1186 utpote
1834 1112 2091 1169 Abraha

426 1206 680 1277 indoles,
726 1205 1004 1261 deferens
1033 1205 1183 1276 patri
1226 1220 1418 1276 usque
1467 1205 1635 1274 adeo,
1688 1207 1751 1258 ut
1798 1204 2091 1259 adversus

425 1299 731 1367 paternam
757 1295 1118 1349 voluntatem
1149 1309 1259 1349 nec
1300 1296 1546 1349 mortem
1579 1296 1884 1348 recusaret
1914 1292 2088 1363 (Gen.

428 1402 571 1454 χχιι,
604 1384 636 1439 9
668 1388 728 1439 et
769 1385 946 1455 seq.).
995 1383 1222 1453 Joseph
1266 1399 1502 1455 quoque
1545 1399 1678 1438 cum
1729 1381 2093 1438 somniasset

429 1474 585 1547 quod
618 1474 710 1529 sol
739 1475 797 1527 et
839 1473 977 1527 luna
1007 1474 1064 1527 et
1096 1471 1285 1526 stella
1317 1472 1632 1527 adorarent
1680 1486 1835 1541 eum,
1884 1470 2093 1525 sedulo

427 1568 622 1620 tamen
654 1563 944 1633 obsequio
975 1560 1279 1616 deferebat
1321 1560 1469 1632 patri
1504 1561 1677 1631 (Gen.
1712 1576 1937 1629 xxxvii,
1971 1559 2003 1614 6
2037 1564 2096 1614 et

431 1654 606 1726 seq.).
642 1654 845 1707 castus
892 1652 967 1705 ita
1011 1653 1075 1705 ut
1114 1665 1187 1706 ne
1218 1644 1555 1706 sermonem
1605 1650 1843 1722 quidem
1891 1649 2095 1703 audire

429 1744 607 1799 vellet
630 1742 748 1795 nisi
772 1740 1051 1812 pudicum
1077 1756 1091 1809 ;
1114 1739 1355 1794 humilis
1387 1754 1578 1812 usque
1617 1739 1691 1793 ad
1726 1738 2092 1808 servitutem,

429 1831 805 1888 verecundus
850 1844 1041 1900 usque
1087 1829 1159 1883 ad
1208 1828 1447 1900 fugam,
1496 1829 1728 1899 patiens
1780 1838 1972 1899 usque
2020 1826 2093 1880 ad

432 1936 752 1990 carcerem,
785 1919 1074 1975 remissor
1092 1917 1330 1989 injuria
1362 1933 1553 1989 usque
1576 1918 1649 1972 ad
1679 1917 2099 1972 remuneratio-

431 2026 586 2067 nem.
608 2008 799 2080 Cujus
828 2011 985 2062 tanta
1013 2007 1373 2062 verecundia
1418 2006 1555 2077 fuit,
1589 2009 1651 2061 ut
1701 2005 2094 2076 comprehen-

431 2116 540 2156 sus
557 2116 590 2154 a
618 2099 886 2168 muliere,
905 2100 1133 2152 vestem
1153 2095 1212 2151 in
1235 2095 1509 2151 manibus
1533 2095 1666 2168 ejus
1690 2094 1928 2167 fugiens
1949 2094 2093 2149 mal-

430 2189 511 2245 let
527 2187 882 2258 relinquere,
920 2201 1096 2256 quam
1133 2184 1555 2239 verecundiam
1585 2183 1883 2254 deponere
1916 2182 2091 2253 (Gen.

432 2294 640 2347 χχχιχ,
692 2275 726 2331 8
777 2281 835 2329 et
871 2273 1047 2344 seq.).
1095 2273 1336 2343 Moyses
1395 2288 1629 2344 quoque
1684 2276 1739 2327 et
1801 2272 2093 2327 Jeremias

432 2366 606 2422 electi
654 2380 687 2418 a
718 2363 988 2433 Domino,
1038 2364 1100 2416 ut
1131 2362 1367 2417 oracula
1402 2361 1508 2416 Dei
1551 2361 1945 2433 praedicarent
1984 2376 2094 2432 po-

430 2456 591 2528 pulo,
625 2452 781 2525 quod
811 2453 1080 2523 poterant
1124 2466 1231 2521 per
1278 2452 1526 2523 gratiam
1578 2451 1945 2506 excusabant
1990 2466 2099 2522 per

430 2542 854 2600 verecundiam
885 2540 1101 2611 (Exod.
1136 2556 1212 2606 IV,
1250 2539 1348 2609 10;
1384 2539 1605 2595 Jerem.
1640 2556 1678 2610 ι,
1711 2538 1789 2612 6).

1013 2628 1269 2683 CAPUT
1306 2627 1517 2683 XVIII.

430 2721 522 2778 De
532 2719 811 2793 partibus
828 2716 1203 2772 verecundia
1225 2737 1241 2771 :
1264 2716 1745 2793 quemadmodum
1755 2731 2097 2793 sermonem

505 2788 573 2847 a—c
593 2791 897 2868 silentium
919 2793 1225 2868 temperet,
1245 2788 1945 2868 pudicitiameomitetur,
1964 2804 2101 2868 pre-

506 2879 608 2918 ces
648 2867 886 2916 nostras
922 2859 1040 2914 Dei
1071 2860 1456 2930 commendet,
1494 2859 1752 2913 motibus
1790 2859 2097 2930 corporeis

503 2934 886 2996 moderetur;
912 2931 1012 2985 ubi
1032 2929 1307 2984 refertur
1326 2931 1583 2984 historia
1620 2930 1694 2985 de
1724 2929 1951 2985 duobus
1973 2930 2095 2985 cle-

503 3005 657 3060 ricis
676 3004 1002 3058 observata
1022 3001 1262 3073 minime
1282 3002 1528 3073 indigna
1554 3022 1570 3055 :
1595 3008 1711 3055 tum
1748 3001 2098 3056 subnecitur

504 3093 618 3148 qua
640 3076 873 3129 ratione
894 3072 1323 3148 componendus
1343 3072 1425 3148 ex;
1440 3072 1643 3148 eadem
1672 3074 1892 3148 virtute
1910 3073 2098 3127 inces-

505 3130 627 3216 sus,
653 3152 952 3217 quantave
995 3130 1185 3217 eautio
1204 3160 1278 3198 ne
1318 3144 1463 3214 quid
1483 3143 1951 3217 inverecundum
1990 3159 2096 3217 ore
2132 3130 2180 3192 C

496 3215 868 3292 proferatur,
894 3221 993 3270 aut
1014 3216 1331 3292 detegatur
1349 3216 1421 3292 in
1445 3231 1709 3292 corpore,
1759 3215 2095 3292 adhibenda

504 3285 586 3345 sit
609 3308 624 3341 :
652 3296 711 3344 et
749 3290 876 3344 hac
912 3287 1104 3342 omnia
1128 3285 1417 3358 exemplis
1439 3285 1900 3359 appositissimis
1931 3286 2099 3341 illus-

507 3368 668 3417 trant
677 3377 765 3415 ur.

503 3452 570 3507 67
582 3492 595 3505 .
628 3449 882 3505 Pulchra
906 3448 1087 3521 igitur
1103 3448 1293 3503 virtus
1315 3445 1429 3520 (77)
1452 3449 1545 3503 est
1560 3446 1937 3503 verecundia
1959 3446 2094 3520 (78),

432 3545 491 3598 et
518 3540 722 3597 suavis
741 3538 948 3609 gratia,
971 3554 1105 3609 qua
1127 3553 1244 3592 non
1267 3538 1462 3592 solum
1482 3538 1543 3592 in
1559 3536 1752 3607 factis,
1785 3539 1892 3591 sed
1928 3537 2102 3592 etiam

431 3631 494 3685 in
516 3629 667 3700 ipsis
700 3629 1001 3697 spectatur
1022 3626 1433 3696 sermonibus;
1476 3642 1549 3681 ne
1586 3626 1823 3681 modum
1852 3642 2100 3698 progre-

433 3719 615 3774 diaris
651 3715 949 3787 loquendi,
983 3730 1057 3769 ne
1087 3714 1227 3786 quid
1264 3715 1610 3771 indecorum
1634 3731 1829 3770 sermo
1860 3718 2101 3771 resonet

429 3811 595 3863 tuus.
627 3804 945 3876 Speculum
984 3804 1138 3857 enim
1169 3804 1384 3858 mentis
1412 3804 1758 3875 plerumque
1802 3806 1864 3858 in
1896 3805 2095 3859 verbis

434 3895 711 3967 refulget.
763 3894 962 3964 Ipsum
1005 3892 1174 3947 vocis
1225 3908 1438 3947 sonum
1477 3892 1651 3947 librat
1679 3894 1988 3961 modestia,
2025 3909 2098 3948 ne

435 3985 750 4057 cujusdam
781 3981 1037 4037 offendat
1081 3996 1283 4036 aurem
1315 3998 1431 4037 vox
1462 3981 1689 4038 fortior.
1732 3983 1998 4054 Denique
2036 3983 2098 4037 in

432 4076 567 4145 ipso
619 4071 864 4127 canendi
916 4085 1137 4143 genere
1180 4071 1366 4141 prima
1397 4071 1710 4141 disciplina
1738 4073 2099 4128 verecundia

435 4166 528 4219 est
559 4179 571 4218 :
604 4163 721 4215 imo
752 4162 927 4215 etiam
957 4161 1019 4214 in
1065 4160 1222 4215 omni
1252 4176 1368 4215 usu
1410 4161 1721 4231 loquendi;
1765 4162 1828 4214 ut
1871 4162 2099 4216 sensim

434 4253 571 4325 quis
615 4254 714 4305 aut
741 4249 1018 4321 psallere,
1051 4253 1151 4304 aut
1181 4266 1413 4319 canere,
1446 4253 1546 4304 aut
1589 4253 1890 4320 postremo
1935 4250 2099 4323 loqui

432 4341 707 4412 incipiat;
741 4342 804 4395 ut
831 4339 1167 4394 verecunda
1198 4340 1485 4410 principia
1517 4339 1927 4394 commendent
1954 4356 2095 4411 pro-

435 4446 699 4487 cessum.

2124 1872 2179 1936 B

2206 676 2382 732 quam
2411 662 2553 715 vita
2577 660 2852 715 damnum
2883 661 3140 731 putabat,
3175 677 3285 716 nec
3307 661 3702 716 arbitrabatur
3716 664 3868 733 peri-

2206 749 2338 803 culo
2371 750 2615 819 pudoris
2634 749 2908 804 tuendam
2931 750 3199 805 salutem.
3233 751 3354 805 Deo
3375 752 3488 806 soli
3518 752 3869 822 loquebatur

2200 839 2372 907 (Dan.
2400 856 2523 908 xm,
2556 837 2668 909 35),
2690 839 2782 893 cui
2810 842 3037 910 poterat
3067 841 3607 919 casta‘verecundia
3630 841 3825 912 eloqui
3850 857 3864 896 :

2200 926 2535 999 refugiebat
2553 943 2655 983 ora
2678 928 2889 982 intueri
2912 929 3206 999 virorum;
3231 932 3323 984 est
3343 930 3500 983 enim
3517 932 3573 984 et
3593 930 3653 984 in
3679 930 3869 984 oculis

2200 1015 2579 1087 verecundia,
2614 1018 2676 1071 ut
2708 1032 2818 1071 nec
2848 1017 3052 1072 videre
3082 1017 3247 1073 viros
3278 1017 3515 1089 femina,
3540 1033 3651 1073 nec
3679 1018 3867 1073 videri

2199 1104 2361 1161 velit.

2270 1192 2582 1267 69.Neque
2611 1209 2754 1250 vero
2776 1196 3090 1268 quisquam
3120 1196 3310 1255 solius
3342 1197 3494 1251 hanc
3517 1197 3748 1253 laudem
3770 1198 3864 1263 20

2202 1292 2488 1347 castitatis
2523 1295 2704 1364 putet.
2733 1292 2839 1349 Est
2872 1294 3029 1349 enim
3049 1295 3407 1349 verecundia
3438 1295 3732 1366 pudicitia
3764 1312 3866 1351 co-

2203 1397 2353 1452 mes,
2389 1380 2564 1453 cujus
2596 1382 2877 1437 societate
2896 1383 3161 1438 castitate
3178 1383 3307 1454 ipsa
3326 1385 3505 1439 tutior
3521 1387 3631 1440 est.
3663 1384 3863 1441 Bonus

2202 1471 2359 1526 enim
2388 1470 2666 1543 regenda
2698 1473 2986 1526 castitatis
3027 1472 3219 1542 pudor
3247 1476 3341 1527 est
3388 1488 3591 1528 comes
3626 1488 3638 1528 :
3674 1475 3774 1546 qui
3812 1474 3867 1530 si

2204 1576 2270 1615 se
2300 1560 2624 1630 praetendat
2651 1561 2724 1615 ad
2753 1576 2822 1615 ea
2862 1576 2995 1632 qua
3032 1562 3219 1631 prima
3248 1561 3512 1633 pericula
3547 1566 3686 1617 sunt
3714 1561 3834 1633 (79)
3855 1606 3869 1635 ,

2202 1650 2542 1721 pudicitiam
2572 1650 2846 1704 temerari
2868 1666 2987 1704 non
3010 1651 3184 1705 sinat.
3220 1651 3332 1706 Hic
3361 1652 3588 1722 primus
3625 1652 3685 1706 in
3722 1653 3854 1722 ipso

2205 1738 2561 1811 cognitionis
2610 1739 2913 1810 ingressu,
2961 1739 3192 1795 Domini
3216 1743 3460 1795 matrem
3505 1741 3873 1796 commendat

2205 1827 2563 1900 legentibus,
2598 1831 2654 1883 et
2674 1831 2949 1899 tanquam
2969 1828 3141 1882 testis
3166 1828 3454 1900 locuples,
3475 1829 3714 1901 dignam
3736 1846 3867 1902 qua

2209 1917 2282 1971 ad
2311 1917 2424 1971 tale
2454 1931 2670 1971 munus
2720 1916 3059 1989 eligeretur,
3107 1919 3318 1972 astruit
3361 1933 3374 1974 :
3419 1918 3577 1989 quod
3610 1918 3670 1973 in
3699 1918 3869 1974 cubi-

2210 2006 2364 2075 culo,
2401 2006 2557 2077 quod
2590 2005 2738 2075 sola,
2776 2006 2934 2077 quod
2970 2006 3218 2060 salutata
3249 2007 3323 2062 ab
3353 2007 3567 2079 angelo
3597 2010 3779 2078 tacet,
3813 2010 3873 2063 et

2208 2097 2487 2150 mota\est
2526 2094 2766 2149 introitu
2810 2094 2963 2166 ejus,
2999 2095 3157 2166 quod
3187 2096 3262 2151 ad
3292 2096 3482 2151 virilis
3516 2111 3701 2151 sexus
3734 2112 3866 2169 spe-

2210 2184 2361 2239 ciem
2391 2184 2768 2256 peregrinam
2805 2183 3077 2238 turbatur
3117 2188 3398 2255 aspectus
3448 2183 3558 2255 (80)
3603 2185 3868 2258 Virginis

2204 2274 2343 2328 Luc.
2378 2272 2427 2342 t,
2458 2271 2526 2327 29
2559 2279 2619 2327 et
2661 2270 2806 2345 seq).
2848 2271 3055 2344 Itaque
3087 2273 3362 2345 quamvis
3393 2277 3558 2329 esset
3597 2274 3857 2346 humilis,

2206 2378 2331 2433 prae
2361 2362 2716 2416 verecundia
2747 2364 2941 2416 tamen
2974 2362 3324 2417 salutantem
3356 2377 3474 2418 non
3504 2363 3866 2435 resalutavit,

2212 2466 2323 2505 nec
2352 2450 2536 2505 ullum
2578 2465 2932 2521 responsum
2980 2450 3195 2521 retulit,
3244 2452 3362 2507 nisi
3407 2452 3512 2507 ubi
3555 2452 3627 2508 de
3673 2454 3870 2508 susci-

2205 2540 2420 2611 pienda
2450 2539 2681 2594 Domini
2703 2539 3085 2611 generatione
3116 2542 3426 2613 cognovit;
3450 2544 3512 2596 ut
3531 2542 3867 2613 qualitatem

2208 2627 2458 2684 effectus
2490 2628 2768 2700 disceret,
2803 2644 2920 2684 non
2950 2632 3013 2684 ut
3042 2645 3379 2686 sermonem
3409 2631 3677 2687 referret.

2278 2733 2367 2790 70.
2399 2736 2463 2789 In
2495 2734 2625 2806 ipsa
2674 2735 2935 2791 oratione
2978 2740 3183 2792 nostra
3236 2738 3482 2793 multum
3514 2738 3871 2794 verecundia

2207 2824 2418 2897 placet,
2434 2824 2681 2879 multum
2697 2826 2974 2881 conciliat
2990 2826 3197 2899 gratia
3213 2827 3368 2897 apud
3381 2827 3567 2882 Deum
3579 2830 3869 2884 nostrum.

2208 2913 2419 2969 Nonne
2452 2912 2581 2967 haec
2612 2914 2868 2984 praetulit
2897 2915 3310 2986 publicanum,
3358 2918 3414 2971 et
3443 2916 3874 2972 commendavit

2208 3018 2343 3057 eum
2363 3002 2462 3075 qui
2486 3017 2595 3057 nec
2613 3003 2821 3059 oculos
2841 3020 2988 3059 suos
3015 3004 3267 3060 audebat
3287 3005 3360 3059 ad
3383 3005 3597 3061 coelum
3626 3005 3824 3061 levare
3844 3006 3873 3061 ‘I

2208 3092 2344 3146 Ideo
2375 3090 2736 3162 justiﬁcatur
2765 3094 2959 3166 magis
3009 3094 3240 3149 Domini
3268 3094 3516 3166 judicio,
3551 3111 3728 3166 quam
3774 3096 3872 3153 ille

2211 3181 2588 3251 Pharisaus,
2641 3198 2817 3253 quem
2865 3182 3219 3238 deformavit
3266 3186 3651 3254 praesumptio
3704 3182 3872 3245 (Luc.

2209 3287 2373 3340 xvm,
2400 3266 2487 3339 13,
2521 3268 2625 3334 14).
2660 3271 2913 3342 Ideoque
2932 3287 3171 3327 oremus
3193 3272 3254 3325 in
3284 3272 3724 3343 incorruptione
3745 3275 3874 3346 qui-

2210 3358 2288 3413 eti
2316 3361 2374 3412 et
2404 3358 2656 3413 modesti
2687 3359 2955 3430 spiritus,
3006 3360 3108 3432 qui
3148 3362 3241 3415 est
3286 3361 3420 3415 ante
3468 3361 3656 3416 Deum
3702 3362 3870 3418 locu-

2208 3446 2361 3517 ples,
2381 3450 2445 3501 ut
2474 3447 2553 3501 ait
2574 3448 2783 3502 Petrus
2815 3447 2864 3508 (1
2878 3448 3059 3504 Petr.
3084 3447 3183 3509 ιιι).
3204 3449 3418 3523 Magna
3440 3450 3621 3522 igitur
3641 3451 3871 3508 modes-

2211 3536 2308 3606 tia,
2342 3552 2476 3607 quae
2508 3553 2640 3591 cum
2672 3537 2750 3591 sit
2786 3538 2961 3592 etiam
3004 3537 3099 3592 sui
3139 3537 3298 3610 juris
3343 3540 3677 3611 remissior,
3724 3540 3871 3596 nihil

2212 3624 2329 3679 sibi
2376 3641 2695 3697 usurpans,
2749 3626 2892 3681 nihil
2942 3626 3280 3697 vindicans,
3331 3630 3389 3683 et
3435 3628 3870 3700 quodammodo

2208 3714 2364 3768 intra
2395 3714 2557 3769 vires
2588 3731 2731 3770 suas
2763 3716 3137 3786 contractior,
3172 3717 3340 3771 dives
3364 3721 3455 3772 est
3475 3719 3629 3788 apud
3659 3719 3866 3790 Deum,

2209 3803 2363 3873 apud
2398 3819 2577 3875 quem
2605 3820 2777 3859 nemo
2808 3805 2997 3865 dives.
3046 3805 3226 3860 Dives
3256 3809 3349 3861 est
3377 3807 3688 3877 modestia,
3729 3809 3870 3880 quia

2208 3893 2398 3963 portio
2432 3893 2536 3948 Dei
2567 3896 2676 3949 est.
2733 3893 2949 3949 Paulus
2999 3910 3237 3966 quoque
3286 3897 3609 3951 orationem
3650 3896 3873 3952 deferri

2208 3982 2492 4052 pracepit
2540 3998 2675 4037 cum
2716 3984 3075 4038 verecundia
3115 3987 3173 4039 et
3220 3984 3559 4041 sobrietate.
3614 3986 3873 4040 Primam

2208 4070 2361 4125 hanc
2389 4074 2445 4126 et
2475 4073 2646 4143 quasi
2678 4073 2960 4143 praviam
2988 4073 3114 4127 vult
3143 4088 3282 4129 esse
3322 4074 3606 4130 orationis
3636 4074 3873 4145 futura,

2206 4162 2270 4214 nt
2299 4176 2417 4215 non
2439 4160 2727 4232 glorietur
2753 4163 3085 4231 peccatoris
3116 4164 3310 4218 oratio
3345 4179 3357 4218 :
3393 4164 3499 4218 sed
3522 4164 3696 4234 quasi
3726 4163 3882 4218 colo-

2207 4265 2272 4304 re
2302 4249 2547 4320 pudoris
2576 4250 2828 4305 abducta
2877 4249 3002 4320 (18),
3037 4267 3155 4323 quo
3184 4252 3319 4323 plus
3362 4252 3553 4306 defert
3581 4267 3879 4307 verecun-

2212 4338 2324 4392 dia
2346 4338 2417 4392 de
2448 4338 2856 4393 recordatione
2886 4339 3105 4410 delicti,
3139 4340 3252 4395 hoc
3270 4340 3609 4397 uberiorem
3639 4356 3878 4397 merea-

2214 4429 2312 4481 tur
2339 4428 2589 4499 gratiam
2619 4428 2673 4497 (I
2707 4427 2849 4483 Tim.
2882 4445 2942 4497 ii,
2978 4426 3110 4491 1-9).

506 4519 596 4577 68.
631 4519 940 4576 Silentium
962 4533 1198 4590 quoque
1219 4518 1437 4587 ipsum,
1477 4517 1536 4572 in
1568 4535 1684 4590 quo
1717 4521 1809 4573 est
1837 4518 2096 4591 reliqua-

2285 4532 2375 4589 71.
2408 4534 2514 4589 Est
2542 4535 2716 4589 etiam
2744 4534 2805 4589 in
2852 4534 2985 4605 ipso
3015 4539 3177 4592 motu
3209 4535 3331 4607 (82),
3381 4540 3579 4610 gestu,
3630 4537 3881 4594 incessu

433 4626 566 4664 rum
593 4611 874 4663 virtutum
920 4608 1121 4676 otium,
1174 4606 1468 4661 maximus
1514 4611 1682 4661 actus
1721 4608 2097 4663 verecundia

436 4701 546 4753 est.
583 4698 847 4768 Denique
872 4698 923 4751 si
956 4700 1054 4750 aut
1083 4695 1345 4751 infantia
1375 4698 1611 4766 putatur
1637 4700 1734 4751 aut
1767 4697 2094 4768 superbia,

435 4784 655 4858 probro
684 4785 855 4840 datur
888 4801 900 4840 :
935 4786 988 4839 si
1015 4786 1414 4855 verecundia,
1441 4785 1599 4839 laudi
1629 4785 1881 4841 ducitur.
1916 4787 2100 4841 Tace-

436 4947 609 5015 locis,
646 4960 897 5016 quorum
927 4961 957 4998 c
981 4945 1169 5015 primo
1191 4948 1538 5017 expungunt
1558 4961 1767 5001 vocem
1790 4946 2092 5017 honorem,

438 5034 570 5090 qua
604 5018 663 5070 in
700 5017 836 5090 edit.
881 5019 1071 5090 posita
1101 5022 1238 5090 erat
1267 5021 1420 5087 ante,
1458 5018 1782 5073 deferens:
1814 5018 1873 5072 in
1915 5019 2099 5074 altero

438 5087 632 5144 autem
654 5088 922 5160 scribunt
940 5087 1144 5141 sedqu
1163 5094 1355 5142 tamen
1378 5090 1682 5160 obsequio,
1703 5106 1809 5160 pro
1833 5091 2099 5145 sedulum

441 5168 633 5215 tamen
657 5159 1020 5229 obsequium,
1046 5160 1388 5215 editionum.

510 5231 625 5301 (77)
672 5231 930 5285 Nonnuli
969 5247 1139 5302 mss.,
1197 5232 1391 5287 virtus
1431 5237 1522 5287 est
1569 5234 2004 5290 misericordia
2044 5240 2101 5290 et

438 5318 542 5357 sua
554 5303 644 5356 vis
664 5304 896 5374 gratiae.

509 5374 628 5444 (78)
657 5372 985 5448 Uicth/ic.
1021 5374 1121 5443 lib,
1159 5392 1196 5443 ι,
1230 5392 1365 5447 pag.
1388 5372 1521 5448 A369,
1556 5375 1662 5448 lin.
1690 5372 1796 5431 43:
1839 5399 1859 5426 α
1896 5378 1961 5432 In
1991 5378 2103 5448 pri-

437 5446 552 5500 mis
595 5444 924 5518 provident,
976 5461 1048 5499 ne
1097 5444 1547 5501 sermo'vitium
1593 5446 1829 5518 aliquod
1883 5444 2101 5504 indicet

434 5519 641 5573 inesse
674 5516 961 5580 moribus,
1002 5538 1023 5565 ι»
1061 5521 1171 5572 etc.

507 5586 623 5663 (779)
655 5587 736 5663 Ita
784 5588 921 5663 edit.
956 5606 1026 5643 ac
1056 5605 1204 5663 mss.
1239 5590 1565 5663 perpauci:
1608 5588 1706 5643 alii
1736 5588 2099 5663 frequentis-

437 5661 594 5732 simi,
625 5660 730 5732 qui
749 5660 805 5713 si
818 5661 1176 5732 praetendat,
1203 5668 1261 5715 et
1283 5677 1412 5732 qua
1427 5661 1687 5732 prima“,
1731 5660 1955 5717 tentari
1986 5678 2099 5719 non

436 5730 596 5788 sinat
616 5730 835 5803 (unus,
848 5733 954 5808 qui
976 5731 1099 5789 sibi
1112 5730 1471 5809 praetendat,
1498 5737 1557 5789 et
1577 5747 1707 5808 qua
1719 5733 1937 5811 prima,
1958 5737 2097 5812 etc.,

2214 4625 2466 4679 tenenda
2495 4623 2875 4678 verecundia.
2910 4625 3160 4680 Habitus
3192 4626 3348 4681 enim
3379 4627 3594 4682 mentis
3638 4626 3697 4681 in
3739 4642 3880 4682 cor-

2213 4714 2375 4783 poris
2409 4716 2563 4767 statu
2595 4712 2875 4767 cernitur.
2902 4714 3055 4769 Hinc
3092 4715 3268 4770 homo
3310 4716 3509 4771 cordis
3531 4716 3721 4771 nostri
3739 4716 3882 4771 abs-

2215 4802 2507 4872 conditus,
2540 4805 2640 4857 aut
2667 4802 2874 4874 levior,
2907 4805 3007 4857 aut
3030 4802 3377 4875 jactantior,
3411 4808 3511 4859 aut
3537 4804 3833 4860 turbidior
3866 4821 3879 4860 :
3926 4802 3959 4885 χ

2215 4944 2387 5070 alitis,
2414 4945 2583 5017 quasi
2610 4945 2973 5018 praetendat,
3009 4948 3144 5016 etc.,
3175 4961 3309 5018 qua
3340 4946 3514 5004 lectio
3546 4947 3694 5003 satis
3724 4946 3883 5002 arri-

2257 5033 2286 5070 c
2318 5058 2331 5070 .

2257 5021 2331 5070 ct.

2287 5086 2390 5153 (80)
2420 5088 2569 5157 Mss,
2595 5103 2704 5143 nec
2742 5089 2935 5161 pauci,
2961 5104 3070 5143 nec
3092 5088 3396 5150 inferioris
3420 5092 3594 5160 nota,
3619 5090 3883 5161 speciem

2210 5160 2661 5233 peregrinatur,
2686 5160 2943 5233 quidam,
2970 5162 3418 5233 peregrinatus,
3446 5160 3740 5233 aspectus,
3768 5164 3885 5233 etc.

2216 5232 2366 5284 intra
2398 5247 2539 5286 vero
2564 5232 2663 5284 ubi
2685 5232 2822 5285 edit.
2848 5246 2915 5284 ac
2950 5231 3137 5300 pauci
3159 5248 3305 5286 mss.
3332 5231 3664 5287 sermonem
3687 5231 3885 5287 refel-

2217 5301 2402 5365 leret;
2425 5303 2635 5373 reliqui
2657 5302 2860 5372 legunt
2897 5303 3125 5370 partim,
3153 5318 3484 5357 sermonem
3514 5303 3878 5373 praferret,

2218 5373 2421 5443 aliqui,
2442 5372 2752 5445 pro'l‘erret
2770 5372 3031 5445 :partim,
3056 5388 3388 5428 sermonem
3411 5372 3701 5443 referret,
3721 5373 3889 5445 quod

2217 5443 2484 5517 ultimum
2518 5443 2983 5517 sensui_videtur
3003 5458 3141 5517 esse
3162 5445 3356 5516 magis
3376 5461 3732 5517 congruum.

2288 5513 2402 5585 (81)
2426 5515 2571 5585 Mss.
2597 5513 2966 5585 haudpauci,
2992 5514 3245 5585 colorem
3262 5513 3527 5585 pudoris
3544 5516 3818 5572 obducat.

2287 5582 2395 5651 (82)
2417 5586 2536 5660 βία.
2563 5584 2663 5639 lib.
2697 5582 2935 5660 x‘foic”
2958 5600 3095 5658 pag.
3115 5583 3239 5660 868,
3262 5582 3367 5660 lin.
3391 5585 3461 5644 28
3495 5603 3508 5644 :
3547 5610 3568 5639 ι
3596 5587 3713 5660 Sed
3734 5600 3887 5660 quo-

2216 5658 2373 5715 niam
2404 5657 2685 5731 decorum
2721 5654 2865 5712 illud
2889 5654 3261 5731 inomnibus
3302 5657 3475 5715 factis
3504 5660 3562 5716 et
3594 5654 3793 5731 dictis,
3820 5657 3889 5718 in

2217 5729 2488 5807 corporis
2507 5727 2760 5804 denique
2782 5729 2945 5788 motn
2973 5732 3032 5788 et
3050 5731 3208 5790 statu
3228 5731 3510 5793 cernitur.
3539 5750 3565 5786 ι
