4128 6132
356 255 439 321 49
1279 254 1393 320 DE
1438 255 1797 321 OFFICIIS
1836 257 2455 325 MINISTRORUM
2498 263 2758 328 LIBER
2798 266 2849 328 Ι.
3734 268 3814 333 50

361 459 459 512 aut
508 458 712 551 contra
762 456 1020 551 gravior,
1050 458 1129 551 _et
1177 456 1578 551 constantior,
1610 460 1666 513 et
1715 458 1940 551 purior,
1975 460 2032 551 et
2061 439 2122 551 θ
2219 459 2309 517 76.
2341 461 2509 529 Quod
2542 465 2596 520 si
2631 467 2805 522 etiam
2837 467 2950 524 ista
2988 473 3328 542 spectantur
3355 473 3551 544 altius,
3593 475 3812 547 quanto

360 547 644 601 maturior
673 547 1017 601 aestimatur.
1050 546 1249 618 Itaque
1271 562 1391 602 vox
1410 547 1680 619 quasdam
1704 549 1797 604 est
1823 548 2025 619 animi,

358 638 632 705 corporis
664 640 885 690 motus.

416 725 507 778 '72.
535 724 886 779 Meministis
919 724 1053 793 (8:3),
1091 724 1213 793 filii,
1239 725 1552 796 quemdam
1580 726 1855 795 amicum,
1878 742 2014 781 cum

349 813 582 867 sedulis
613 829 679 867 se
712 813 1011 867 videretur
1041 814 1455 869 commendare
1477 814 1696 869 ofﬁciis
1723 814 1874 883 ;hoc
1895 815 2026 869 solo

354 907 553 956 tamen
582 903 641 955 in
672 902 894 956 clerum
926 918 958 955 a
990 918 1081 956 me
1111 919 1227 956 non
1260 905 1582 973 receptum,
1617 904 1777 974 quod
1815 906 2026 974 gestus

354 990 493 1060 ejus
523 991 839 1061 plurimum
869 990 1217 1046 dedeceret:
1251 991 1501 1046 alterum
1537 1007 1774 1063 quoque
1807 1008 1940 1046 cum
1970 992 2031 1046 in

354 1079 518 1133 clero
548 1081 928 1149 reperissem,
958 1079 1226 1150 jussisse
1261 1096 1354 1137 me
1386 1097 1459 1136 ne
1500 1097 1760 1151 unquam
1789 1080 2030 1151 praeiret

344 1168 523 1236 mihi;
544 1166 680 1239 quia
697 1169 856 1223 velut
872 1169 1126 1239 quodam
1144 1169 1457 1224 insolentis
1472 1169 1751 1224 incessus
1773 1169 2025 1224 verbere

355 1257 568 1312 oculos
614 1257 816 1311 feriret
858 1272 1046 1312 meos.
1093 1258 1273 1328 quue
1317 1258 1461 1329 dixi,
1507 1274 1643 1313 cum
1680 1257 2032 1313 redderetur

354 1349 494 1416 post
523 1344 809 1399 offensam
853 1347 1101 1400 muneri.
1150 1346 1277 1401 Hoc
1309 1347 1504 1402 solum
1533 1348 1763 1418 excepi,
1797 1363 1907 1401 nec
1937 1347 2029 1401 fe-

350 1435 503 1489 lellit
532 1435 853 1504 sententia;
904 1439 1150 1506 uterque
1181 1436 1339 1489 enim
1369 1437 1441 1490 ab
1463 1435 1733 1491 Ecclesia
1749 1436 2026 1504 recessit,

350 1528 417 1578 ut
447 1524 639 1594 qualis
673 1524 917 1579 incessu
957 1524 1335 1594 prodebatur,
1372 1524 1504 1579 talis
1552 1524 1800 1595 perfidia
1847 1525 2027 1579 animi

354 1614 885 1668 demonstraretur.
918 1613 1186 1684 Namque
1225 1614 1373 1668 alter
1422 1613 1656 1668 Arianae
1693 1613 2029 1668 infestatio-

354 1702 455 1756 nis
487 1704 772 1771 tempore,
808 1701 983 1756 ﬁdem
1001 1702 1299 1769 deseruit;
1322 1702 1470 1757 alter
1502 1703 1770 1773 pecuniae
1803 1702 2023 1772 studio,

341 1801 428 1844 ne
452 1789 743 1861 judicium
783 1790 1012 1845 subiret
1062 1791 1428 1845 sacerdotale
1460 1791 1595 1861 (84),
1647 1807 1714 1846 se
1750 1794 2023 1846 nostrum

350 1889 616 1959 negavit.
682 1880 771 1944 21
831 1888 1092 1942 Lucebat
1145 1888 1206 1942 in
1256 1888 1491 1942 illarum
1535 1888 1781 1943 incessu
1825 1889 2023 1960 imago

347 1977 631 2046 levitatis,
641 1977 876 2046 species
889 1977 1158 2047 quaedam
1172 1992 1513 2031 scurrarum
1526 1978 2023 2047 percursantium.

424 2066 514 2120 '73.
548 2065 695 2120 Sunt
726 2065 899 2119 etiam
931 2065 1031 2136 qui
1062 2066 1290 2119 sensim
1332 2065 1686 2120 ambulando
1726 2066 2029 2120 imitantur

351 2154 744 2208 histrionicas
774 2157 983 2225 gestus
1012 2154 1147 2225 (85),
1192 2157 1248 2208 et
1284 2155 1452 2226 quasi
1494 2155 1766 2226 quaedam
1797 2154 2024 2211 fercula

363 2259 739 2314 pomparum,
758 2247 813 2296 et
844 2246 1169 2298 statuarum
1199 2247 1395 2298 motus
1411 2245 1758 2314 nutantium,
1780 2246 1844 2298 ut
1873 2260 2024 2315 quo-

356 2333 474 2386 ties
497 2331 1386 2404 cunquegradumtransferunt,
1423 2333 1696 2388 modulos
1728 2333 2020 2405 quosdam

352 2436 599 2474 servare
626 2420 956 2475 videantur.

427 2509 515 2563 Ἡ.
539 2509 664 2563 Nec
684 2509 910 2564 cursim
937 2509 1238 2565 ambulare
1262 2510 1578 2566 honestum
1600 2511 1875 2582 arbitror,
1905 2510 2024 2566 nisi

355 2615 489 2654 cum
512 2614 690 2652 causa
710 2598 896 2670 exigit
914 2598 1172 2670 alicujus
1202 2600 1470 2669 periculi,
1494 2600 1590 2654 vel
1621 2599 1785 2671 justa
1816 2612 2025 2655 neces-

354 2689 505 2743 sitas
559 2687 697 2757 (86).
754 2687 902 2740 Nam
959 2687 1306 2759 plerumque
1362 2688 1714 2743 festinantes
1772 2688 2022 2744 anhelos

353 2776 629 2831 videmus
664 2778 940 2847 torquere
972 2793 1094 2846 ora,
1121 2778 1338 2849 quibus
1373 2777 1427 2832 si
1463 2794 1642 2832 causa
1675 2777 1830 2832 desit
1860 2777 2025 2833 festi-

351 2866 613 2920 nationis
635 2866 1016 2935 necessariae,
1060 2882 1270 2921 naevus
1308 2868 1400 2921 est
1430 2865 1613 2938 justee
1649 2864 2021 2921 offensionis.

351 2952 474 3010 Sed
507 2969 625 3008 non
668 2955 740 3009 de
790 2953 886 3008 his
935 2954 1086 3023 dico,
1126 2955 1345 3026 quibus
1388 2971 1521 3009 rara
1565 2956 1898 3026 properatio
1947 2970 2024 3010 ex

2149 555 2343 626 magis
2375 556 2702 611 cavendum
2733 560 2824 612 est
2854 575 2926 613 ne
2959 561 3097 631 quid
3127 565 3295 633 turpe
3333 578 3434 617 ore
3456 566 3664 633 exeat;
3698 565 3813 619 hoc

2148 644 2303 697 enim
2325 645 2586 716 graviter
2607 646 2946 717 coinquinat
2968 650 3281 705 hominem.
3307 652 3441 707 Non
3459 653 3615 706 enim
3639 653 3812 707 cibus

2146 733 2503 805 coinquinat,
2548 737 2655 791 sed
2692 736 2913 808 injusta
2944 738 3309 810 obtrectatio,
3343 742 3449 795 sed
3489 742 3813 797 verborum

2146 823 2509 879 obsccenitas
2531 825 2665 895 (87).
2693 826 2835 881 Haec
2867 826 3041 881 etiam
3071 828 3253 900 vulgo
3289 830 3501 899 pudori
3540 832 3697 884 sunt.
3745 831 3811 885 In

2143 915 2349 967 nostro
2371 929 2513 969 vero
2536 913 2733 969 ofﬁcio
2762 914 2987 977 nullum
3021 916 3269 971 verbum
3304 917 3463 988 quod
3496 918 3810 973 inhoneste

2144 1001 2330 1071 cadat,
2384 1017 2503 1057 non
2560 1004 2804 1058 incutiat
2852 1005 3291 1061 verecundiam.
3334 1006 3403 1060 Et
3462 1022 3580 1061 non
3615 1006 3812 1062 solum

2143 1091 2288 1145 nihil
2308 1091 2437 1161 ipse
2469 1093 2813 1148 indecorum
2844 1094 3026 1166 loqui,
3068 1096 3176 1150 sed
3215 1111 3288 1150 ne
3327 1111 3531 1150 aurem
3572 1096 3811 1167 quidem

2142 1179 2428 1235 debemus
2459 1181 2803 1253 hujusmodi
2843 1185 3110 1253 praebere
3143 1185 3354 1240 dictis:
3399 1184 3555 1239 sicut
3583 1184 3811 1255 Joseph

2142 1284 2215 1322 ne
2237 1269 2565 1342 incongrua
2603 1288 2731 1326 suae
2776 1273 3003 1328 audiret
3040 1273 3438 1344 verecundiae,
3469 1276 3637 1329 veste
3660 1273 3815 1345 fugit

2140 1357 2343 1412 relicta
2384 1358 2558 1428 (Gen.
2590 1378 2796 1431 xxxix,
2840 1362 2971 1432 1‘2);
3021 1363 3298 1435 quoniam
3351 1378 3527 1435 quem
3562 1362 3813 1419 delectat

2141 1447 2365 1517 audire,
2389 1448 2639 1504 alterum
2668 1450 2832 1522 loqui
2859 1455 3161 1521 provocat.

2212 1572 2300 1628 ’Tl.
2358 1573 2696 1646 Intelligere
2745 1591 2981 1648 quoque
3031 1577 3190 1648 quod
3226 1579 3397 1648 turpe
3449 1578 3548 1647 sit,
3596 1577 3813 1649 pudori

2140 1663 2396 1717 maximo
2420 1666 2528 1718 est.
2559 1663 2837 1734 Spectare
2869 1681 3011 1720 vero
3041 1666 3094 1720 si
3133 1667 3274 1738 quid
3311 1666 3658 1739 hujusmodi
3692 1667 3812 1723 for-

2056 1762 2111 1826 B
2140 1752 2289 1805 tuitu
2328 1752 2574 1820 accidat,
2618 1755 2818 1824 quanti
2867 1754 3137 1809 horroris
3176 1754 3299 1810 est!
3339 1755 3507 1820 Quod
3561 1771 3707 1829 ergo
3749 1755 3810 1810 in

2142 1840 2275 1894 aliis
2308 1840 2600 1910 displicet,
2634 1843 2916 1913 numquid
2946 1846 3141 1914 potest
3176 1845 3235 1898 in
3259 1860 3326 1898 se
3359 1845 3491 1914 ipso
3527 1845 3811 1915 placere?

2142 1944 2252 1983 nec
2272 1930 2402 1999 ipsa
2426 1933 2630 1984 natura
2661 1948 2771 1985 nos
2812 1932 2983 1987 docet
3009 1932 3122 2003 (88)
3144 1935 3173 1987 ?
3209 1949 3343 2004 qute
3380 1933 3642 2004 perfecte
3675 1934 3810 2005 qui-

2140 2017 2271 2072 dem
2291 2034 2497 2073 omnes
2518 2022 2715 2090 partes
2739 2022 2928 2075 nostri
2958 2023 3227 2092 corporis
3264 2022 3619 2092 explicavit;
3652 2026 3715 2077 ut
3755 2025 3813 2077 et

2138 2108 2481 2162 necessitati
2512 2109 2868 2179 consuleret,
2904 2113 2961 2165 et
2997 2111 3247 2183 gratiam
3281 2114 3647 2166 venustaret.
3691 2110 3809 2167 Sed

2136 2198 2332 2251 tamen
2366 2212 2471 2252 eas
2508 2213 2643 2268 quae
2693 2198 2926 2253 decorae
3006 2200 3079 2253 ad
3136 2202 3442 2269 aspectum
3480 2199 3693 2269 forent,
3750 2200 3813 2253 in

2139 2285 2357 2356 quibus
2382 2285 2588 2341 formze
2626 2302 2779 2357 apex
2813 2287 2983 2358 quasi
3025 2289 3085 2341 in
3107 2302 3244 2342 arce
3277 2287 3531 2359 quadam
3550 2288 3806 2359 locatus,

2137 2386 2194 2437 et
2216 2382 2424 2454 ﬁgurae
2456 2385 2741 2451 suavitas,
2767 2387 2823 2438 et
2863 2375 2959 2440 22
3000 2384 3200 2440 vultus
3239 2386 3476 2456 species
3499 2384 3805 2454 emineret,

2139 2472 2540 2543 operandique
2594 2488 2745 2527 usus
2806 2476 2970 2528 esset
3020 2474 3299 2544 paratior,
3369 2473 3579 2528 obvias
3630 2476 3807 2545 atque

2137 2564 2370 2630 apertas
2408 2562 2643 2632 reliquit
2667 2578 2679 2616 :
2713 2577 2814 2616 eas
2832 2578 2975 2617 vero
2997 2563 3056 2617 in
3072 2563 3291 2634 quibus
3331 2565 3496 2618 esset
3516 2563 3808 2618 naturalis

2140 2649 2493 2721 obsequium
2527 2650 2925 2721 necessitatis,
2951 2667 3025 2706 ne
3047 2651 3312 2707 deforme
3350 2652 3446 2707 sui
3473 2652 3813 2723 praeberent

2139 2740 2562 2809 spectaculum,
2614 2739 2825 2810 partim
2873 2743 3151 2812 tanquam
3197 2741 3258 2795 in
3290 2741 3422 2811 ipso
3471 2741 3809 2796 amandavit

2138 2831 2312 2899 atque
2351 2828 2664 2884 abscondit
2703 2842 2971 2900 corpore,
3013 2830 3226 2900 partim
3262 2829 3463 2885 docuit
3515 2832 3574 2885 et
3613 2829 3805 2885 suasit

2140 2917 2450 2991 tegendas.

354 3059 538 3098 causa
558 3043 824 3097 nascitur
846 3058 859 3098 :
893 3043 1000 3097 sed
1031 3044 1249 3114 quibus
1266 3042 1436 3116 jugis
1469 3047 1525 3099 et
1546 3044 1820 3100 continua
1843 3045 1901 3099 in
1921 3060 2024 3098 na-
2063 3052 2114 3115 ο
2211 3041 2299 3097 78.
2316 3043 2526 3097 Nonne
2542 3041 2867 3114 igituripsa
2883 3044 3089 3097 natura
3108 3040 3498 3117 éstmagistra
3516 3060 3806 3100 verecun-

356 3135 547 3186 turam
566 3131 834 3186 vertitur.
864 3131 989 3186 Nec
1009 3131 1069 3185 in
1088 3132 1207 3186 illis
1230 3148 1342 3204 ego
1371 3135 1649 3204 tanquam
1670 3132 2023 3188 simulacro-

353 3237 489 3275 rum
508 3220 743 3292 effigies
771 3220 978 3291 probo,
1010 3236 1121 3275 nec
1153 3221 1215 3275 in
1253 3221 1387 3276 istis
1419 3223 1696 3293 tanquam
1724 3237 2023 3277 excusso-

356 3326 491 3364 rum
519 3311 745 3364 ruinas.

426 3399 517 3453 '15.
560 3397 666 3453 Est
710 3399 885 3453 etiam
944 3413 1199 3471 gressus
1246 3398 1595 3469 probabilis,
1656 3399 1717 3455 in
1769 3415 1888 3471 quo
1945 3399 2023 3454 sit

358 3488 594 3559 species
614 3486 998 3556 auctoritatis,
1015 3487 1440 3560 gravitatisque
1453 3488 1707 3559 pondus,
1732 3488 2021 3559 tranquil-

353 3576 534 3631 litatis
566 3577 886 3648 vestigium
911 3592 926 3646 ;
960 3576 1039 3630 ita
1068 3579 1265 3632 tamen
1296 3576 1350 3631 si
1381 3577 1637 3632 studium
1672 3577 1826 3632 desit
1846 3580 2021 3648 atque

355 3664 667 3735 affectatio,
719 3665 828 3720 sed
875 3667 1071 3720 motus
1106 3666 1184 3720 sit
1220 3682 1407 3736 purus
1446 3681 1515 3720 ac
1554 3666 1842 3735 simplex;
1876 3665 2021 3720 nihil

356 3755 512 3810 enim
551 3754 807 3810 fucatum
841 3754 1050 3824 placet.
1090 3754 1314 3809 Motum
1361 3757 1568 3808 natura
1606 3754 1904 3809 informet.
1958 3754 2021 3809 Si

355 3845 499 3916 quid
538 3859 681 3898 sane
728 3844 790 3897 in
826 3846 1031 3898 natura
1061 3843 1187 3898 vitii
1229 3846 1341 3913 est,
1382 3843 1676 3899 industria
1705 3842 2019 3914 emendet;

347 3938 410 3988 ut
428 3949 533 3987 ars
555 3932 726 4002 desit,
750 3947 869 3986 non
891 3932 1045 3986 desit
1063 3932 1377 3987 correctio.

423 4057 530 4121 (83)
567 4056 778 4111 Mirare
796 4059 1069 4128 quantam
1093 4056 1151 4111 in
1173 4071 1460 4127 corporeo
1482 4056 1615 4127 ipso
1650 4055 2016 4113 Clericorum

350 4128 559 4184 habitu
579 4128 1004 4199 perfectionem
1030 4128 1371 4199 requirebat
1400 4131 1645 4182 sanctus
1667 4128 1887 4197 praesul
1910 4144 1924 4196 ;
1963 4130 2020 4183 et

352 4200 491 4255 hinc
515 4199 727 4270 collige
749 4215 898 4269 quas
922 4202 978 4253 et
994 4203 1242 4271 quantas
1268 4199 1327 4253 in
1362 4199 1588 4253 eisdem
1610 4199 1789 4253 animi
1824 4200 2012 4253 virtu-

348 4274 444 4327 tes
471 4271 802 4339 expetebat.

426 4342 507 4404 (84
531 4342 630 4396 Sic
658 4358 804 4395 mss.
850 4356 1066 4412 magno
1097 4357 1419 4407 consensu,
1455 4340 1507 4412 si
1545 4340 1697 4397 duos
1748 4341 2014 4412 excipias

356 4413 454 4483 qui
477 4412 723 4483 perinde
740 4428 807 4465 ac
826 4410 1094 4483 vet.;edit.
1111 4412 1346 4466 habent:
1372 4410 1626 4483 subiret,
1643 4410 2015 4467 sacerdotem

354 4482 426 4538 se
452 4482 739 4550 nostrum,
774 4487 887 4536 etc.
911 4482 1043 4537 Sola
1082 4483 1219 4537 edit.
1247 4483 1439 4549 Rom.,
1470 4482 1705 4538 subiret
1733 4484 2017 4538 sacerdo-

357 4561 495 4622 tum,
521 4570 589 4608 se
613 4561 894 4615 nostrum,
921 4558 1056 4622 etc.,
1095 4569 1280 4607 sensu
1305 4569 1338 4606 a
1375 4553 1625 4609 lectione
1668 4557 1870 4608 nostra
1900 4571 2018 4609 nou

353 4625 564 4680 alieno.
598 4624 843 4679 Videtur
859 4629 1050 4678 autem
1072 4625 1168 4678 hic
1191 4627 1449 4694 acceptae
1488 4625 2016 4680 administrationis

354 4699 450 4751 aut
495 4695 641 4768 furti,
674 4695 1008 4768 cujuspiam
1055 4696 1342 4768 rationem
1384 4696 2013 4768 reddererdefugiens,

350 4767 857 4838 transfugissead
900 4767 1175 4838 Arianogs.
1212 4767 1396 4838 Porro
1445 4766 1516 4822 de
1544 4766 1788 4838 judiciis
1821 4766 2016 4822 eccle-

348 4836 634 4905 siasticis,
667 4854 736 4891 ac
764 4837 1058 4892 bonorum
1090 4836 1376 4892 Ecclesia
1395 4836 1722 4893 oeconomia
1743 4839 1856 4893 alio
1878 4839 2010 4893 loco

353 4908 581 4964 dicetur
609 4908 998 4963 commodius.

415 4980 531 5047 (85)
561 4978 686 5035 Cic.
720 4980 820 5033 lib.
857 4996 873 5032 ι
903 4976 1057 5034 offic.
1092 4994 1231 5103 pagi
1267 4978 1393 5047 369,
1442 4979 1545 5034 lin.
1575 4980 1647 5035 8:
1706 5002 1728 5028 «
1763 4980 1915 5034 Nam
1946 4982 2003 5035 et

415 5051 667 5103 .lzestrici
699 5053 915 5103 motus.
955 5073 977 5096 η
1011 5053 1123 5103 etc.
1236 5052 1256 5102 t
1287 5050 1438 5103 infra
1469 5050 1572 5103 14:
1618 5073 1639 5097 α
1674 5050 2003 5103 Cavendum

348 5051 667 5119 palaestrici
699 5053 915 5104 motus.
955 5073 977 5096 η
1011 5053 1123 5104 etc.
1186 5050 1256 5103 Et
1287 5050 1438 5103 infra
1469 5050 1572 5106 14:
1618 5073 1639 5097 α
1674 5050 2014 5105 Cavendum

346 5125 437 5175 est
463 5125 662 5175 autem
691 5137 766 5174 ne
795 5125 893 5174 aut
937 5120 1332 5192 tarditatibus,
1367 5145 1395 5192 7»
1431 5124 1541 5175 etc.
1579 5121 1741 5175 Varii
1771 5123 2012 5192 generis

350 5195 511 5246 erant
542 5192 767 5251 fcrcula
798 5191 951 5262 apud
981 5192 1276 5263 antiquos,
1301 5191 1413 5245 alia
1435 5192 1663 5246 enimin
1696 5191 2009 5263 triumphis

351 5264 811 5332 nsurpabantur,
874 5278 1006 5316 cum
1064 5262 1427 5316 devictarum
1487 5265 1751 5333 gentium
1801 5263 2009 5332 spolia,

354 5338 581 5417 vestem
608 5334 949 5403 pretiosam,
981 5349 1190 5387 aurum
1220 5334 1347 5417 sive
1396 5333 1612 5416 factum
1645 5335 2013 5417 sive‘signa-

354 5408 493 5477 tum,
557 5419 834 5472 coronas,
898 5420 1098 5477 arma,
1143 5404 1470 5477 machinas,
1526 5406 1691 5476 ipsas
1760 5404 2014 5477 denique

350 5476 585 5547 urbium
606 5479 907 5547 captarum
927 5475 1216 5547 imagines
1235 5476 1293 5529 in
1318 5475 1598 5545 plaustris
1621 5480 1754 5531 ante
1778 5475 2017 5531 currum

354 5546 836 5617 triumphantium
864 5547 1277 5616 portabantur:
1312 5547 1425 5600 alia
1452 5552 1618 5602 erant
1648 5549 1921 5603 ludorum
1949 5564 2017 5603 ac

336 5618 844 5693 spectaculorum,
897 5633 1016 5672 non
1046 5618 1290 5673 multum
1321 5617 1623 5689 prioribus
1673 5618 1792 5676 illis
1841 5619 2007 5675 absi-

2139 3131 2253 3187 diae
2273 3134 2303 3187 ‘?
2321 3130 2508 3204 Cujus
2531 3132 2801 3202 exemplo
2837 3133 3127 3187 modestia
3148 3133 3451 3189 hominum
3474 3134 3581 3199 (89)
3617 3145 3814 3205 (quam

2138 3237 2172 3274 a
2194 3221 2366 3275 modo
2407 3221 2672 3276 scientiae
2703 3220 2845 3292 quid
2877 3222 3114 3276 deceret
3146 3222 3495 3292 appellatam
3530 3222 3809 3292 arbitror)

2137 3309 2197 3364 id
2231 3310 2389 3381 quod
2429 3309 2491 3363 in
2524 3310 2635 3364 hac
2688 3309 2879 3365 nostri
2941 3309 3209 3380 corporis
3264 3309 3489 3364 fabrica
3547 3310 3813 3365 abditum

2136 3398 2373 3469 reperit,
2413 3397 2643 3469 operuit
2676 3400 2733 3453 et
2769 3398 2950 3469 texit;
2990 3401 3053 3453 ut
3095 3399 3314 3454 ostium
3350 3399 3493 3453 illud
3534 3400 3693 3471 quod
3733 3415 3811 3455 ex

2136 3490 2482 3543 transverso
2502 3487 2835 3543 faciendum
2857 3488 2919 3543 in
2945 3502 3083 3542 arca
3112 3488 3211 3542 illa
3243 3488 3371 3543 Noe
3390 3487 3555 3560 justo
3579 3488 3802 3543 dictum

2137 3579 2229 3632 est
2276 3575 2443 3645 (Gen.
2468 3594 2546 3647 vx,
2586 3577 2709 3647 16);
2744 3578 2805 3631 in
2844 3594 2959 3650 qua
2995 3578 3089 3633 vel
3136 3578 3446 3648 Ecclesiae,
3484 3578 3579 3632 vel
3611 3579 3803 3633 nostri

2135 3666 2326 3737 ﬁgura
2348 3669 2441 3721 est
2461 3667 2759 3736 corporis:
2783 3683 2890 3738 per
2919 3668 3079 3739 quod
3110 3668 3328 3723 ostium
3349 3669 3676 3740 egeruntur
3695 3682 3797 3722 re-

2133 3755 2332 3826 liquiae
2377 3756 2665 3811 ciborum.
2714 3756 2875 3828 Ergo
2926 3759 3152 3811 naturae
3205 3757 3407 3827 opifex
3451 3757 3541 3811 sic
3582 3760 3806 3813 nostrae

2134 3843 2357 3898 studuit
2376 3845 2771 3913 verecundiae,
2809 3846 2900 3900 sic
2923 3846 3205 3901 decorum
3234 3846 3379 3900 illud
3402 3848 3459 3900 et
3488 3847 3808 3902 honestum

2130 3932 2192 3986 in
2217 3934 2421 3988 nostro
2458 3934 2776 3989 custodivit
2825 3950 3095 4006 corpore,
3140 3937 3203 3989 ut
3240 3935 3453 3989 ductus
3486 3937 3799 4007 quosdam,

2130 4056 2321 4130 milia:
2355 4057 2469 4112 alia
2497 4057 2751 4129 denique
2782 4073 3110 4130 sacrorum,
3144 4059 3205 4112 in
3235 4058 3453 4129 quibus
3477 4060 3797 4130 gestaban-

2129 4129 2225 4181 tur
2255 4128 2500 4183 deorum
2529 4127 2880 4198 simulacra;
2914 4132 2970 4184 et
2999 4127 3070 4184 de
3102 4127 3323 4184 ultimis
3355 4127 3523 4185 hisce
3553 4131 3802 4186 ferculis

2129 4199 2382 4271 maxime
2407 4200 2503 4253 hic
2525 4200 2689 4271 loqui
2703 4200 3085 4255 Ambrosium
3098 4202 3229 4270 ipse
3251 4202 3805 4256 videturdeclarare

2127 4269 2190 4341 in
2212 4269 2632 4341 sequentibus.
2665 4270 2957 4325 Caeterum
2979 4272 3052 4325 ab
3084 4269 3218 4327 istis
3249 4288 3457 4341 parum
3486 4273 3803 4327 admodum

2129 4340 2521 4415 abhorruisse
2578 4344 2809 4415 constat
2854 4342 3127 4415 funerum
3176 4340 3546 4415 gestamina,_
3580 4343 3800 4413 quibus

2130 4411 2392 4484 defuncti
2422 4414 2676 4468 cadaver
2706 4413 2845 4467 dum
2862 4411 3204 4484 efferretur;
3222 4429 3469 4468 avorum
3493 4411 3626 4483 ejus
3647 4428 3800 4484 prae-

2131 4481 2867 4557 mittebanturimagines.
2918 4484 3061 4549 Quae
3105 4481 3316 4557 omnia,
3343 4499 3477 4538 cum
3516 4481 3800 4557 non’sine

2131 4568 2344 4625 magna
2376 4555 2663 4626 gravitate
2682 4554 3068 4610 ‘veherentur
3097 4560 3271 4626 atque
3302 4555 3583 4626 incessus
3610 4554 3801 4609 tardi-

2128 4628 2264 4693 tate,
2289 4625 2488 4697 locum
2506 4626 2646 4682 dare
2670 4627 3081 4681 Ambrosianae
3102 4625 3625 4697 Ciceronianaeque
3648 4641 3802 4682 com-

2128 4698 2418 4766 parationi
2448 4696 2618 4752 facile
2650 4700 2984 4767 potuerunt.

2200 4767 2303 4840 (8§)
2338 4768 2488 4840 Mss.
2521 4766 2784 4840 aliquot,_
2798 4767 2904 4840 _vel
2930 4767 3129 4840 justas
3147 4766 3552 4840 necessitatis.

2201 4837 2302 4908 (87)
2334 4838 2456 4893 Cic.
2488 4840 2591 4893 lib.
2622 4837 2652 4892 ίι
2701 4837 2893 4907 ΟίῚὶο.,
2933 4837 3075 4910 pag.
3108 4839 3232 4908 868,
3280 4840 3382 4894 li'u.
3414 4840 3520 4894 39:
3580 4861 3602 4888 ιι
3638 4839 3797 4906 Qua-

2126 4923 2378 4979 rumque
2406 4910 2660 4979 partium
2693 4910 2962 4979 corporis
2992 4925 3142 4966 usus
3174 4913 3312 4966 sunt
3338 4912 3670 4967 necessarii
3691 4927 3795 4967 eas

2130 4990 2322 5050 neque
2355 4983 2577 5050 partes,
2619 5003 2641 5027 n
2677 4983 2788 5034 etc.
3228 4996 3231 4997 '

2202 5046 2305 5117 (88)
2360 5046 2527 5119 lbid.,
2564 5046 2682 5125 'lint
2726 5050 2830 5105 82:
2880 5052 3269 5125 {Principio
3296 5053 3564 5125 corporis
3608 5054 3799 5108 nostri

2125 5136 2402 5196 magnam
2432 5122 2799 5196 naturaipsa
2834 5123 3067 5196 videtur
3096 5123 3382 5179 habuisse
3405 5122 3728 5196 rationem,
3770 5148 3791 5173 η

2128 5194 2239 5268 etc.
2275 5193 2384 5247 llic
2415 5196 2609 5268 autem
2641 5193 3046 5268 in__Ambrosii
3096 5198 3373 5250 contextu
3405 5196 3541 5250 Era.
3575 5199 3632 5251 et
3665 5193 3794 5268 seq.

2127 5263 2265 5318 edit.
2299 5264 2649 5333 praeferunt:
2684 5264 2826 5320 Haec
2876 5266 3001 5336 ipsa
3034 5272 3243 5320 natura
3277 5282 3385 5321 nos
3420 5268 3609 5334 docet,
3644 5263 3794 5322 mss.

2126 5348 2270 5407 vero
2295 5336 2798 5404 constantissime,
2832 5352 2940 5389 nec
2968 5337 3095 5406 ipsa
3130 5342 3362 5406 natura,
3396 5338 3660 5407 Amerb.,
3690 5353 3797 5391 nec

2129 5404 2238 5478 [me
2266 5407 2393 5477 ipsa
2426 5414 2658 5471 natura,
2709 5410 2820 5461 etc.
2861 5404 3002 5462 Non
3025 5409 3214 5478 male;
3249 5404 3355 5463 est
3390 5411 3547 5464 enim
3588 5404 3795 5477 coeptae

2129 5475 2612 5533 interroeationis
2646 5478 3024 5533 continuatio.

2203 5549 2310 5613 (89)
2343 5546 2523 5622 Ibid,
2545 5564 2681 5620 pag.
2706 5548 2831 5616 3'12,
2865 5549 2965 5603 lin.
2996 5549 3103 5605 47:
3143 5570 3164 5601 α
3202 5550 3403 5622 Itaque
3434 5552 3496 5605 ut
3524 5546 3792 5604 eamdem

2132 5636 2245 5678 nos
2274 5619 2645 5690 modestiam,
2686 5642 2707 5668 η
2740 5623 2852 5677 etc.
