4002 6150
347 317 422 381 51
1797 316 1862 378 s.
1909 313 2353 379 AMBROSII.
2550 330 2555 331 ί
3725 287 3797 370 5'2

345 522 519 593 atque
552 519 747 574 exitus
778 516 1186 573 cuniculorum
1213 516 1325 591 (90)
1365 518 1702 573 nostrorum
1733 518 1869 588 post
1887 518 2008 570 ter-
2035 494 2095 558 Α
2122 532 2285 582 xvm,
2331 515 2419 586 42,
2462 514 2572 585 43).
2620 512 2788 579 Quod
2835 510 3104 568 nonnulli
3145 512 3486 567 nostrorum
3535 523 3772 564 servare

344 624 474 663 rum
508 608 832 679 relegaret,
866 609 1038 678 atque
1067 607 1139 661 ab
1172 609 1416 677 aspectu
1458 608 1662 661 nostro
1693 607 2002 674 averteret,

345 713 419 751 ne
449 697 722 768 purgatio
739 697 964 751 ventris
993 696 1188 750 visum
1220 694 1525 751 oculorum
1555 693 1895 750 offenderet.
1922 695 2007 750 De

345 801 462 859 quo
494 785 738 855 pulchre
769 784 1092 855 Apostolus
1124 784 1241 840 ait:
1280 783 1418 850 Quae
1456 784 1753 853 videntur,
1794 784 2004 856 inquit,

344 874 611 930 membra
657 874 925 944 corporis
965 872 1317 939 infirmiora,
1364 872 1781 928 necessariora
1831 876 2008 926 sunt:

347 969 408 1018 et
430 978 554 1036 quae
567 967 841 1034 putamus
869 962 1228 1035 ignobiliora
1248 977 1384 1017 esse
1414 960 1678 1016 membra
1715 961 2006 1032 corporis,

341 1052 442 1106 his
470 1050 959 1113 abundantiorem
980 1051 1262 1106 honorem
1284 1050 1715 1106 circumdamus
1739 1070 1755 1105 :
1795 1055 1855 1105 et
1886 1065 2011 1122 quae

343 1140 659 1195 inhonesta
687 1144 825 1194 sunt
856 1144 1081 1209 nostra,
1117 1140 1486 1194 honestatem
1518 1138 2010 1194 abundantiorem

342 1228 566 1284 habent
598 1227 655 1299 (Ι
692 1228 826 1283 Cor.
860 1245 964 1297 xu,
1006 1228 1118 1298 23).
1158 1228 1390 1283 Etenim
1428 1227 1748 1282 imitatione
1781 1230 2010 1281 naturae

344 1317 635 1373 industria
664 1317 827 1372 auxit
877 1318 1145 1389 gratiam.
1178 1315 1348 1382 Quod
1396 1316 1510 1371 alio
1552 1317 1684 1371 loco
1717 1317 1890 1371 etiam
1923 1315 2012 1369 al-

344 1407 464 1462 tius
495 1407 858 1476 interpretati
888 1422 1097 1461 sumus
1134 1406 1260 1475 (lib.
1294 1423 1312 1460 ι
1342 1406 1415 1462 de
1437 1405 1568 1462 Noe
1591 1412 1650 1460 et
1686 1422 1842 1469 arca,
1881 1422 2006 1476 cap.

346 1496 422 1566 8),
456 1498 518 1550 ut
545 1507 665 1551 non
704 1495 898 1550 solum
947 1495 1387 1550 abscondamus
1437 1495 1511 1550 ab
1561 1494 1771 1563 oculis,
1805 1510 2012 1549 verum

346 1586 520 1640 etiam
543 1600 676 1656 quae
704 1583 1125 1639 abscondenda
1152 1583 1514 1654 accepimus,
1548 1599 1752 1637 eorum
1795 1583 2011 1637 indicia

344 1687 615 1745 ususque
653 1672 1052 1728 membrorum
1081 1673 1211 1728 suis
1251 1670 1745 1744 appellationibus
1778 1688 2012 1726 nuncu-

343 1777 486 1835 pare
515 1761 859 1818 indecorum
889 1764 1189 1834 putemus.

417 1851 505 1907 79.
540 1851 804 1922 Denique
836 1851 888 1905 si
930 1867 1074 1906 casu
1111 1851 1451 1922 aperiantur
1490 1850 1584 1906 ha)
1615 1854 1834 1921 partes,
1868 1866 2009 1905 con-

345 1940 611 1995 funditur
651 1940 1036 1995 verecundia:
1081 1940 1135 1994 si
1175 1940 1393 2009 studio,
1436 1940 1796 2010 impudentia
1843 1940 2011 1994 aesti-

345 2032 557 2084 matur.
591 2028 761 2085 Unde
798 2031 855 2085 et
893 2028 1052 2084 ﬁlius
1081 2028 1210 2085 Noe
1249 2028 1432 2084 Cham
1463 2027 1750 2084 offensam
1780 2028 2000 2098 retulit,

348 2118 487 2191 quia
515 2119 796 2173 nudatum
817 2118 1028 2173 videns
1058 2120 1283 2190 patrem
1306 2118 1474 2173 risit:
1511 2118 1615 2189 qui
1640 2120 1835 2172 autem
1867 2132 2002 2188 ope-

348 2209 595 2262 ruerunt
620 2210 865 2277 patrem,
899 2210 1255 2278 acceperunt
1293 2207 1728 2262 benedictionis
1760 2208 2013 2278 gratiam

347 2282 523 2367 (Gen.
557 2312 639 2366 ix,
668 2295 740 2351 22
773 2301 832 2350 et
868 2296 1040 2368 seq.).
1074 2295 1163 2350 Ex
1200 2311 1319 2367 quo
1350 2312 1480 2351 mos
1509 2299 1682 2351 vetus
1714 2295 1828 2367 (91)
1868 2299 1925 2350 et
1954 2296 2014 2349 in

346 2385 496 2441 urbe
528 2385 734 2451 Roma,
770 2387 828 2440 et
856 2385 917 2439 in
944 2384 1248 2456 plerisque
1280 2384 1617 2441 civitatibus
1650 2385 1776 2456 fuit,
1809 2386 1873 2439 ut
1907 2385 2014 2439 ﬁlii

345 2473 607 2551 puberes
648 2488 783 2528 cum
820 2474 1189 2544 parentibus,
1230 2474 1325 2529 vel
1364 2475 1574 2546 generi
1615 2490 1748 2529 cum
1779 2474 2012 2533 soceris

348 2578 469 2617 non
515 2562 800 2630 levarent,
853 2578 927 2616 ne
975 2566 1235 2632 paternas
1284 2563 1637 2618 reverentiae
1690 2563 2010 2618 auctoritas

347 2651 745 2706 minueretur:
768 2649 907 2705 licet
926 2649 1191 2722 plerique
1210 2666 1277 2706 se
1301 2653 1357 2706 et
1381 2650 1442 2706 in
1462 2651 1699 2707 lavacro
1730 2655 2012 2723 quantum

347 2740 604 2811 possunt
631 2740 868 2811 tegant;
901 2753 975 2795 ne
1015 2740 1109 2794 vel
1149 2739 1273 2794 illic
1312 2739 1414 2794 ubi
1454 2740 1676 2795 nudum
1706 2743 1892 2795 totum
1921 2744 2014 2796 est

350 2842 589 2897 corpus,
623 2826 969 2899 hujusmodi
999 2830 1214 2884 intecta
1244 2828 1322 2884 sit
1352 2830 1563 2899 portio.

420 2916 508 2970 80.
533 2915 886 2972 Sacerdotes
900 2932 1135 2990 quoque
1150 2917 1335 2973 veteri
1348 2934 1530 2988 more,
1551 2918 1706 2973 sicut
1727 2918 1785 2972 in
1807 2918 2012 2974 Exodo

346 3014 626 3087 legimus,
659 3014 914 3070 brachas
954 3015 1342 3087 accipiebant,
1377 3016 1532 3071 sicut
1569 3017 1640 3071 ad
1674 3008 1770 3073 23
1804 3016 2013 3071 Mosen

2125 603 2317 658 adhuc
2365 604 2660 657 feruntur:
2713 602 2978 673 plerique
3021 600 3270 671 spiritali
3310 598 3783 668 interpretatione

2127 693 2200 746 ad
2242 693 2573 746 cautionem
2603 691 2979 747 verecundiae
3011 693 3068 745 et
3115 689 3445 743 custodiam
3478 687 3785 757 castitatis,

2128 782 2344 836 dictum
2376 781 2757 836 arbitrantur.

2736 886 2988 942 CAPUT
3031 885 3190 941 XIX.

2128 994 2416 1050 Decorum
2450 993 2733 1065 quomodo
2765 992 3152 1065 describatur
3183 991 3257 1046 ab
3291 990 3556 1065 ‘Oratore
3579 1010 3597 1044 .-
3629 1005 3701 1043 an
3732 994 3787 1043 et

2197 1061 2476 1136 quantum
2508 1066 2583 1120 ad
2631 1065 2909 1118 virtutem
2935 1062 3225 1136 conferat
3272 1061 3650 1136 formositas:
3678 1076 3786 1136 po-

2198 1130 2421 1191 stremo
2444 1152 2712 1209 quaicura
2735 1151 2808 1189 ne
2842 1135 2982 1206 quid
2999 1132 3338 1209 affectatum
3350 1140 3460 1209 ‘aut
3484 1130 3784 1188 effemina-

2201 1214 2317 1261 tum
2340 1209 2401 1261 in
2420 1203 2593 1262 n'obis
2609 1203 2908 1278 appareat,
2946 1204 3323 1260 efﬁciendum
3345 1203 3374 1257 .9

2197 1321 2285 1377 8i.
2321 1321 2643 1376 Delectavit
2688 1336 2781 1375 me
2829 1319 3050 1374 diutius
3086 1319 3146 1373 in
3193 1319 3462 1389 partibus
3495 1317 3782 1373 demorari

2125 1410 2542 1478 verecundiae;
2576 1409 2711 1480 quia
2741 1408 2814 1462 ad
2860 1423 2970 1462 vos
3020 1407 3325 1478 loquebar,
3361 1406 3462 1478 qui
3497 1410 3594 1461 aut
3637 1406 3785 1462 bona

2128 1498 2261 1569 ejus
2292 1514 2367 1553 ex
2396 1498 2569 1553 vobis
2610 1496 3066 1569 recognoscitis,
3099 1498 3197 1550 aut
3236 1496 3446 1550 damna
3478 1497 3782 1569 ignoratis.

2127 1586 2269 1651 Quae
2302 1604 2434 1642 cum
2466 1588 2542 1641 sit
2573 1586 2846 1642 omnibus
2878 1586 3171 1654 aetatibus,
3194 1585 3493 1656 personis,
3516 1585 3787 1656 tempori-

2128 1677 2242 1731 bus
2263 1680 2318 1731 et
2342 1676 2491 1731 locis
2513 1679 2664 1746 apta,
2684 1679 2878 1730 tamen
2904 1675 3336 1745 adolescentes,
3367 1672 3779 1746 juvenilesque

2129 1780 2319 1820 annos
2338 1765 2590 1819 maxime
2611 1764 2801 1819 decet.

2201 1855 2289 1908 82.
2326 1854 2391 1907 In
2425 1854 2584 1910 omni
2628 1856 2822 1908 autem
2860 1850 3220 1907 servandum
3252 1854 3440 1922 aetate,
3475 1856 3541 1909 ut
3588 1853 3792 1909 deceat

2132 1944 2288 2015 quod
2320 1959 2465 2017 agas
2497 1945 2553 1997 et
2583 1943 2911 2011 conveniat,
2945 1944 3002 1996 et
3033 1942 3279 2013 quadret
3320 1942 3436 1997 sibi
3478 1943 3622 1997 ordo
3658 1944 3789 1999 vitae

2128 2035 2264 2087 tuae.
2299 2032 2468 2088 Unde
2499 2031 2726 2087 Tullius
2757 2030 2870 2101 (93)
2902 2030 3077 2084 etiam
3106 2031 3374 2086 ordinem
3401 2034 3563 2103 putat
3592 2034 3652 2086 in
3693 2033 3789 2087 illo

2132 2121 2346 2176 decore
2394 2120 2623 2176 servari
2676 2122 2985 2191 oportere:
3030 2119 3206 2191 idque
3253 2121 3515 2190 positum
3565 2121 3702 2175 dicit
3733 2121 3791 2175 in

2132 2209 2518 2279 formositate,
2554 2208 2781 2278 ordine,
2815 2210 3024 2263 ornatu
3053 2209 3125 2263 ad
3147 2210 3436 2265 actionem
3467 2213 3635 2280 apto:
3663 2226 3791 2282 quae

2132 2297 2373 2353 difficile
2403 2298 2482 2352 ait
2509 2298 2804 2370 loquendo
2838 2297 3121 2367 explicari
3151 2314 3353 2370 posse,
3388 2302 3444 2354 et
3481 2299 3612 2354 ideo
3644 2300 3791 2354 satis

2135 2402 2271 2442 esse
2303 2387 2486 2442 intclli
2495 2388 2576 2459 gi.

2199 2476 2288 2531 83.
2323 2476 2772 2532 Formositatem
2813 2479 3008 2532 autem
3040 2493 3146 2531 cur
3174 2476 3458 2548 posuerit,
3492 2493 3611 2531 non
3642 2476 3785 2533 satis

2128 2564 2424 2638 intelligo;
2459 2566 2730 2636 quamvis
2763 2566 2860 2620 ille
2889 2566 3064 2621 etiam
3086 2567 3247 2621 vires
3271 2566 3540 2636 corporis
3572 2566 3787 2621 laudet.

2128 2653 2255 2709 Nos
2284 2657 2443 2708 certe
2475 2654 2534 2708 in
2563 2654 2999 2724 pulchritudine
3030 2656 3300 2726 corporis
3329 2655 3526 2710 locum
3558 2656 3792 2710 virtutis

2129 2758 2247 2797 non
2276 2743 2574 2813 ponimus,
2601 2744 2853 2815 gratiam
2874 2747 3067 2799 tamen
3090 2760 3208 2799 non
3230 2744 3599 2798 excludimus
3621 2760 3635 2813 ;
3659 2745 3794 2815 quia

2126 2831 2482 2885 verecundia
2512 2834 2568 2886 et
2598 2832 2796 2887 vultus
2819 2832 2984 2902 ipsos
3017 2833 3168 2887 solet
3190 2833 3412 2903 pudore
3435 2833 3782 2901 obfundere,

2128 2921 2539 2994 gratioresque
2578 2920 2847 2977 reddere.
2886 2922 2961 2976 Ut
2999 2922 3154 2976 enim
3194 2921 3406 2977 artifex
3446 2921 3506 2976 in
3555 2923 3795 2977 materia

2131 3010 2527 3065 commodiore
2558 3009 2768 3064 melius
2820 3011 3050 3080 cperari
3094 3010 3265 3081 solet,
3319 3011 3408 3065 sic
3438 3011 3795 3065 verecundia

350 3103 625 3159 dictuma
647 3103 924 3161 Domino:
949 3104 1031 3158 Et
1059 3104 1249 3160 facies
1277 3104 1405 3159 illis
1422 3104 1681 3161 brachas
1711 3104 1924 3174 lineas,
1955 3110 2014 3158 ut
2054 3117 2105 3179 ο
2131 3098 2191 3152 in
2233 3098 2364 3169 ipso
2407 3113 2641 3170 quoque
2691 3099 2959 3168 corporis
2999 3099 3212 3154 decore
3260 3101 3395 3170 plus
3431 3102 3687 3169 eminet;
3718 3099 3795 3153 ita

351 3197 590 3264 tegatur
612 3193 913 3264 turpitudo
940 3193 1192 3265 pudoris
1222 3193 1356 3264 (92).
1387 3193 1442 3249 Α
1474 3193 1692 3249 lumbis
1730 3210 1908 3266 usque
1939 3192 2016 3248 ad

347 3280 577 3340 femora
597 3285 790 3351 erunt,
814 3288 874 3338 et
891 3281 1139 3338 habebit
1161 3297 1263 3337 eas
1282 3281 1486 3338 Aaron
1504 3287 1563 3338 et
1582 3281 1694 3336 filii
1712 3282 1859 3354 ejus,
1888 3297 2014 3337 cum

348 3370 661 3429 intrabunt
710 3372 773 3427 in
831 3370 1273 3427 tabernaculum
1337 3370 1720 3427 Testimonii:
1775 3376 1834 3425 et
1888 3386 2016 3426 cum

349 3460 635 3517 accedent
669 3459 1018 3517 sacrificare
1058 3460 1135 3516 ad
1168 3476 1332 3515 aram
1379 3459 1745 3530 Sanctuarii,
1795 3464 1854 3514 et
1900 3475 2015 3514 non

352 3547 635 3607 inducent
663 3564 845 3623 super
871 3564 939 3605 se
960 3553 1285 3622 peccatum,
1319 3564 1394 3605 ne
1427 3548 1762 3604 moriantur
1794 3548 2012 3619 (Exod.

425 3691 539 3764 (90)
570 3691 745 3764 Edit.,
782 3699 841 3748 ut
871 3692 1027 3748 velut
1057 3692 1266 3748 ductus
1296 3693 1572 3764 quosdam
1602 3708 1783 3764 aquae,
1810 3693 2010 3747 exitus

352 3763 773 3891 cuqicutlorum,
807 3766 919 3820 etc.
953 3765 1101 3820 Mss.
1132 3779 1275 3819 vero
1305 3763 1488 3836 prope
1510 3764 1584 3820 ad
1613 3763 1795 3819 unum
1816 3766 1880 3818 ut
1897 3779 2008 3819 nos

352 3852 415 3891 in
469 3851 545 3891 ex
573 3852 628 3890 u.

352 3835 415 3891 in
444 3837 628 3891 textu.

424 3906 539 3977 (9i)
569 3906 691 3961 (lic.
732 3905 835 3961 lib.
870 3924 887 3961 ι
924 3905 1092 3962 Ofﬁc.
1127 3922 1266 3976 pag.
1306 3904 1430 3973 369,
1472 3904 1574 3959 lin.
1608 3903 1641 3960 3
1665 3904 2014 3977 :erNostro

395 3976 593 4033 uidem
627 3992 787 4033 more
819 3994 951 4032 cum
1000 3977 1343 4048 parentibus
1376 3977 1632 4046 puberes
1676 3976 1800 4048 ﬁlii,
1840 3998 1861 4024 ιθ
1898 3981 2010 4031 etc.

388 4047 738 4105 laudabilem
785 4049 937 4105 hanc
990 4047 1480 4104 consuetudinem
1536 4049 1598 4101 in
1647 4047 1847 4102 Africa
1896 4063 2015 4102 non

353 4120 688 4177 obtinuisse
736 4120 954 4175 indicat
1012 4122 1256 4174 sanctus
1312 4116 2009 4190 AugustinusConfess.

350 4191 456 4247 lib.
490 4209 552 4262 ιι,
587 4207 714 4262 cap.
746 4190 800 4247 3.
849 4191 999 4246 Nam
1042 4190 1304 4262 alioquin
1350 4188 1609 4262 antiquis
1655 4188 2013 4262 Christianis

398 4260 726 4319 ublicaru‘m
754 4261 1098 4316 balnearum
1127 4260 1242 4317 usu
1272 4260 1645 4316 interdictum
1676 4260 2016 4330 neutiquam

398 4279 726 4319 uoucarum
754 4279 1098 4316 balnearum
1127 4279 1242 4317 usu
1272 4279 1645 4316 mtermcmum
1676 4279 2007 4330 neuuquam

352 4279 546 4390 guisse
563 4350 682 4389 non
702 4334 897 4388 solum
917 4333 1052 4388 inde
1069 4333 1479 4404 intelligimus,
1496 4332 1653 4404 quod
1673 4331 2007 4385 Marcianus

353 4405 572 4478 aliique
601 4404 920 4460 Christiani
950 4421 1020 4478 ac
1048 4404 1126 4475 pii
1158 4403 1544 4478 imperatores
1559 4403 1836 4478 _tbermas
1868 4417 2014 4478 con-_-

356 4472 651 4547 struxere,
684 4491 891 4532 verum
919 4472 1095 4531 etiam
1125 4490 1201 4530 ex
1232 4472 1302 4529 eo
1353 4474 1509 4545 quod
1559 4474 1828 4547 legamus
1858 4472 2013 4547 apud

356 4544 646 4604 Irenaeum
674 4547 777 4603 lib.
811 4565 893 4615 ιιι,
929 4563 1056 4617 cap.
1088 4547 1142 4614 3,
1175 4561 1284 4600 nec
1317 4544 1434 4599 non
1484 4544 1641 4617 apud
1682 4544 1831 4599 alios
1874 4544 2017 4617 scri-

356 4621 558 4688 ptores
593 4615 1035 4674 ecclesiasticos
1069 4618 1356 4672 Joannem
1385 4616 1716 4688 apostolum
1749 4631 1881 4670 cum
1912 4615 2015 4668 ali-

359 4687 592 4759 quando
624 4689 880 4745 lavatum
909 4690 1140 4759 ivisset,
1172 4703 1241 4742 ac
1288 4688 1451 4759 intus
1477 4687 1818 4759 Cerinthum
1849 4701 2016 4756 repe-

356 4757 560 4825 risset,
594 4760 818 4815 illotum
856 4757 1244 4828 discessisse,
1278 4774 1353 4814 ne
1399 4757 1675 4812 videlicet
1714 4758 2018 4828 corruerat

356 4830 635 4885 balneum
664 4831 726 4886 in
755 4847 872 4901 quo
905 4831 1170 4886 veritatis
1198 4827 1475 4901 inimicus
1498 4829 1739 4885 lavaret.
1766 4827 1837 4882 Et
1858 4830 2017 4882 certe

358 4916 551 4971 usque
572 4902 719 4956 adeo
737 4900 911 4955 usum
933 4902 1146 4969 balnei,
1172 4900 1486 4957 dummodo
1505 4900 1881 4955 necessitatis
1899 4914 2018 4971 non

357 4969 611 5027 luxuria:
652 4987 832 5026 causa
875 4972 1273 5041 adhiberetur,
1306 4971 1587 5041 vitiosum
1637 4986 1753 5026 non
1795 4969 2019 5041 putavit

357 5043 688 5115 Gregorius
716 5042 991 5115 Magnus,
1017 5046 1081 5115 ut
1108 5043 1211 5098 lib.
1238 5038 1323 5115 xi,
1348 5042 1519 5115 epist.
1551 5038 1604 5109 3,
1644 5038 2020 5115 responderit

359 5129 431 5169 eo
478 5112 552 5169 ne
590 5112 892 5169 Dominica
937 5113 1175 5184 quidem
1221 5112 1316 5167 die
1362 5112 1798 5184 abstinendum.
1834 5112 2017 5166 Porro

359 5185 757 5241 valetudinem
801 5186 863 5239 in
911 5183 1091 5239 causa
1142 5184 1335 5240 fuisse
1381 5201 1489 5239 cur
1514 5184 1724 5238 eodem
1753 5183 2016 5239 Joannes

360 5257 735 5329 evangelista,
758 5259 1038 5329 uteretur,
1073 5259 1277 5329 auctor
1308 5257 1400 5310 est
1429 5254 1838 5329 Theodo‘retus
1856 5253 1957 5308 lib.
1978 5270 2019 5329 ii

359 5326 586 5383 Haeret.
624 5326 856 5395 Fabul.,
891 5327 1164 5398 quamvis
1210 5343 1335 5382 rem
1377 5329 1555 5398 totam
1605 5326 1774 5380 aliter
1821 5328 2019 5398 narret

362 5398 729 5480 Epiphanius
765 5396 981 5480 haeres.
1014 5398 1103 5467 30,
1137 5397 1607 5480 quem‘consule.
1642 5396 2016 5480 Augustinus

360 5465 533 5525 etiam
562 5473 625 5524 ut
645 5465 1102 5524 mmstitudinem
1120 5465 1236 5524 sibi
1266 5468 1498 5523 allatam
1522 5483 1594 5522 ex
1617 5465 1819 5520 matris
1856 5465 2019 5520 obitu

359 5541 650 5611 deliniret,
684 5540 960 5596 balneum
991 5556 1057 5595 se
1091 5540 1341 5610 petiisse
1376 5540 1800 5611 commemorat
1822 5536 1923 5611 lib.
1958 5554 2019 5611 ix

366 5607 644 5668 Confess.
684 5628 812 5683 cap.
867 5612 952 5667 t2.
984 5607 1139 5683 ,Sol'a
1168 5608 1647 5683 rigiturluxuria
1692 5610 1750 5683 in
1787 5607 2019 5683 balneis

360 5682 727 5742 interdiciur
750 5675 776 5757 ξ
795 5684 952 5742 unde
982 5682 1103 5739 DD.
1146 5675 1531 5750 Athanasius,
1562 5679 1665 5736 lib.
1707 5679 1782 5736 de
1826 5675 2019 5750 Virgi-

2131 3190 2325 3242 tamen
2356 3191 2418 3242 ut
2447 3188 2619 3241 etiam
2666 3188 2796 3258 ipse
2841 3204 2959 3242 non
2995 3188 3072 3242 sit
3106 3187 3411 3243 affectatus
3444 3189 3625 3244 decor
3657 3204 3793 3243 cor-

2130 3276 2327 3346 poris:
2382 3276 2490 3331 sed
2538 3277 2843 3345 naturalis,
2902 3277 3185 3347 simplex,
3239 3278 3549 3351 neglectus
3600 3279 3793 3351 magis

2132 3380 2306 3435 quam
2323 3366 2630 3436 expetitus.
2660 3381 2779 3420 non
2799 3366 3082 3437 pretiosis
3113 3370 3168 3421 et
3190 3367 3527 3422 albentibus
3548 3366 3790 3439 adjutus

2131 3453 2501 3508 vestimentis
2520 3454 2633 3525 (94)
2662 3454 2769 3510 sed
2806 3455 3219 3510 communibus
3244 3471 3258 3525 ;
3290 3458 3352 3510 ut
3373 3456 3669 3511 honestati
3698 3455 3795 3511 vel

2133 3543 2473 3598 necessitati
2504 3543 2650 3598 nihil
2691 3544 2863 3615 desit,
2897 3543 3042 3598 nihil
3073 3543 3313 3600 accedat
3344 3545 3541 3601 nitori.

2133 3677 2434 3750 nibuspet
2469 3678 2757 3750 Leander,
2806 3678 2881 3733 de
2928 3678 3125 3733 Iustit.
3183 3679 3480 3750 virginum
3526 3695 3650 3750 cap.
3705 3680 3793 3749 tO,

2131 3749 2263 3804 illas
2300 3748 2636 3821 virginibus
2678 3765 2796 3804 non
2842 3750 3117 3804 omnibus
3163 3748 3419 3820 quidem,
3463 3751 3570 3805 sed
3598 3748 3790 3805 “sanis

2132 3820 2459 3891 prohibuit,
2494 3821 2649 3875 sicut
2678 3836 2721 3891 e7
2744 3821 3035 3875 contrario
3060 3821 3310 3891 (easdem
3334 3824 3577 3875 sanctus
3610 3821 3800 3878 Bene-

2133 3892 2326 3965 dictus
2361 3893 2510 3963 Reg.
2545 3908 2674 3965 cap.
2703 3890 2792 3959 36,
2838 3890 3171 3965 monachis
3194 3892 3791 3965 concessitgaegrotis.

2133 3963 2320 4018 Fuere
2352 3967 2547 4017 tamen
2579 3963 2679 4033 qui
2702 3978 2812 4016 nec
2835 3963 3050 4016 infirmi
3077 3963 3315 4033 quidem
3340 3963 3413 4016 iis
3437 3963 3519 4017 uti
3550 3963 3792 4033 vellent,

2131 4038 2193 4089 ut
2225 4034 2605 4105 Hegesippus
2637 4037 2693 4105 et
2726 4034 3121 4105 Hieronymus
3169 4034 3529 4105 narrantide
3570 4034 3797 4089 Jacobo

2131 4103 2767 4177 apostolo,i'Palladius
2802 4104 2873 4177 de
2924 4103 3154 4159 ISidoro
3195 4109 3369 4177 atque
3402 4104 3682 4177 Evagrio,
3718 4106 3792 4159 de

2132 4176 2352 4230 Basilio
2413 4176 2660 4246 Gregor.
2719 4175 3147 4230 Nazianzenus.
3210 4176 3330 4229 lmo
3392 4191 3500 4230 nec
3539 4175 3797 4230 defuere

2130 4247 2284 4302 inter
2320 4246 2712 4317 philosophos
2749 4246 2849 4317 qui
2900 4246 3051 4300 hanc
3101 4247 3367 4301 eamdem
3412 4246 3644 4301 laudem
3675 4247 3797 4301 sibi

2128 4318 2517 4389 vindicarent,
2551 4317 3043 4389 quemadmodum
3087 4318 3313 4373 Seneca
3350 4318 3523 4389 epist.
3562 4318 3684 4389 108,
3718 4318 3794 4373 de

2042 4428 2099 4492 D
2132 4389 2355 4460 seipso,
2390 4392 2446 4443 et
2476 4388 2547 4442 de
2583 4388 2808 4470 Plotino
2842 4388 3208 4469 Porphyrius
3238 4388 3552 4468 tradidere.

2202 4460 2317 4529 (92)
2349 4459 2497 4513 Mss.
2532 4459 2772 4529 aliquot,
2809 4460 3109 4529 turpitudo
3141 4459 3410 4514 SIIdOI‘lS.‘
3454 4475 3544 4513 me

2264 4460 2317 4525 2)
2349 4459 2497 4513 Mss.
2532 4459 2772 4530 aliquot,
2809 4459 3109 4529 turpitudo
3141 4459 3410 4514 sudoris:
3454 4459 3665 4514 melius
3696 4459 3803 4514 alii

2132 4530 2310 4603 longe
2353 4530 2623 4603 plurimi,
2661 4546 2730 4585 ac
2786 4533 2901 4584 vet.
2952 4530 3112 4599 edit.,
3164 4530 3465 4603 turpitudo
3506 4531 3760 4601 pudoris
3782 4550 3803 4596 ,-

2132 4601 2545 4671 ubi'reposuit
2590 4601 2758 4655 Rom.
2806 4642 2817 4654 .
2864 4641 2876 4654 .
2921 4641 2934 4656 .
2980 4641 2994 4655 .
3029 4602 3334 4672 corporis;
3377 4602 3689 4656 animirum
3721 4617 3803 4655 ex

2133 4680 2310 4753 LXX,
2346 4680 2498 4750 apud
2528 4696 2713 4751 quos:
2748 4676 2990 4751 Καλύψαι
3020 4680 3361 4753 ἀσχημοσνην
3374 4679 3574 4753 χρῳτὸς
3602 4680 3796 4733 αὐτῶν.

2134 4751 2310 4824 Υιιιε.
2344 4767 2506 4819 vero,
2544 4758 2602 4824 ut
2635 4753 2903 4822 aperiant
2932 4751 3172 4807 carnem
3205 4751 3623 4823 turpitudinis:
3650 4756 3799 4807 text.

2133 4822 2338 4892 Hebr,
2377 4863 2389 4876 .
2419 4863 2432 4876 .
2460 4823 2769 4877 nuditatis.

2201 4894 2315 4963 (93)
2347 4893 2468 4948 Cic.
2516 4893 2617 4948 lib.
2654 4911 2670 4947 ι
2705 4892 2876 4948 Ollio.
2927 4909 3062 4965 pag.
3096 4891 3221 4965 368,
3268 4892 3372 4949 lin.
3406 4892 3503 4948 29:
3554 4916 3576 4942 «ι
3612 4892 3800 4965 quue

2131 4967 2388 5037 positum
2420 4967 2511 5037 est
2541 4965 2601 5037 in
2630 4965 2820 5020 tribus
2848 4964 3043 5037 rebus
3090 4964 3474 5037 formositate,
3515 4988 3536 5037 η
3573 4968 3684 5019 etc.

2204 5035 2318 5105 (94)
2348 5035 2519 5105 Ibid.,
2554 5035 2656 5090 lin.
2704 5037 2802 5092 49:
2861 5057 2881 5083 α
2918 5035 3145 5100 Quibus
3189 5035 3248 5088 in
3277 5035 3458 5089 rebus
3508 5036 3623 5089 duo
3656 5038 3805 5089 sunt

2132 5107 2387 5179 maxime
2431 5106 2733 5179 fugienda,
2787 5129 2806 5155 υ
2864 5110 2987 5179 etc.
3061 5106 3242 5179 A‘lbas
3304 5110 3541 5179 vestes,
3575 5107 3802 5160 laetitiae

2133 5178 2362 5232 indices
2411 5176 2549 5232 olim
2614 5177 2803 5232 fuisse
2859 5176 2918 5231 in
2978 5176 3258 5232 confesso
3309 5180 3421 5231 est.
3474 5177 3625 5230 Hinc
3675 5193 3804 5231 non

2134 5249 2327 5304 solum
2361 5248 2660 5304 Romanos
2692 5249 2750 5303 in
2781 5248 2953 5302 festis
2985 5252 3039 5301 et
3061 5248 3119 5299 in
3152 5248 3339 5302 caenis
3362 5263 3495 5302 eum
3531 5249 3802 5302 colorem

2134 5320 2296 5375 indui
2327 5319 2535 5375 solitos
2569 5318 3048 5388 frequentissima
3067 5320 3423 5388 scriptorum
3457 5320 3803 5375 testimonia

2132 5391 2485 5462 prodidere;
2528 5405 2733 5443 verum
2779 5389 2953 5462 etiam
3002 5388 3155 5462 sacri
3208 5390 3581 5462 interpretes,
3636 5390 3807 5462 quod

2133 5458 2353 5518 Christi
2395 5462 2744 5515 vestimenta
2786 5460 2843 5513 in
2891 5458 3412 5531 transﬁguratione
3457 5458 3591 5515 alba
3644 5458 3806 5514 Facta

2134 5534 2271 5599 sint,
2326 5531 2843 5604 quodqueangeli
2884 5533 3021 5601 post
3064 5531 3578 5604 resurrectionem
3616 5531 3801 5585 albati

2134 5600 2528 5677 apparujerint,
2561 5601 2632 5655 ad
2674 5600 2949 5677 eamdem
2974 5602 3758 5677 _trahuntlsigniticationem
3788 5618 3801 5656 :

2136 5670 2252 5748 quo
2283 5670 2456 5730 etiam
2494 5689 2612 5727 non
2649 5670 2907 5729 absurde
2936 5672 2995 5728 id
3033 5670 3343 5745 referatur,
3377 5674 3536 5746 quod
3578 5673 3805 5731 recens
