4128 6132
335 239 421 305 53
1236 236 1349 301 DE
1403 236 1760 302 OFFICIIS
1815 238 2429 307 MINISTRORUM
2482 242 2738 307 LIBER
2788 245 2925 309 1.54
3740 247 3821 323 54

424 441 525 507 24
565 438 654 497 84.
689 440 821 496 Vox
848 440 977 511 ipsa
1009 456 1128 496 non
1150 439 1424 523 remissa,
1466 454 1586 495 non
1625 438 1831 511 fracta,
1872 440 2018 496 nihil
2053 422 2113 483 Α
2139 457 2314 498 aures
2336 459 2455 499 non
2476 447 2666 515 potes,
2699 446 3034 518 prohibere,
3059 451 3295 520 putatur
3315 452 3633 523 superbiae.
3656 454 3818 510 Sub-

345 522 665 579 femineum
694 539 941 590 sonans,
989 523 1221 593 qualem
1252 522 1420 577 multi
1468 523 1776 595 gravitatis
1821 524 2023 594 specie

346 612 628 666 simulare
660 615 1045 680 consuerunt,
1081 612 1186 666 sed
1222 611 1467 666 formam
1491 612 1804 682 quamdam
1842 615 1898 667 et
1927 627 2026 667 re-

346 701 549 773 gulam
571 716 639 754 ac
661 717 910 755 succum
945 700 1177 755 virilem
1205 716 1546 755 reservans.
1583 701 1709 755 Hoc
1741 703 1835 756 est
1872 701 2029 756 enim

347 790 848 859 pulchritudinem
871 790 1108 844 vivendi
1129 792 1353 858 tenere,
1378 789 1788 845 convenientia
1816 790 2029 861 cuique

345 879 521 935 sexui
543 882 600 932 et
627 894 903 948 personae
949 879 1216 933 reddere.
1274 878 1383 932 Hic
1430 878 1576 933 ordo
1599 881 1907 948 gestorum
1928 894 2031 948 op-

342 968 547 1035 timus,
574 967 671 1022 hic
703 971 948 1022 ornatus
985 968 1057 1021 ad
1099 982 1332 1021 omnem
1361 968 1654 1022 actionem
1693 983 2030 1022 accommo-

347 1055 487 1110 dus.
524 1056 640 1111 Sed
691 1059 755 1110 ut
793 1056 1155 1111 molliculum
1217 1060 1274 1111 et
1339 1055 1654 1110 infractum
1711 1059 1810 1111 aut
1862 1056 2031 1111 vocis

346 1161 585 1214 sonum,
618 1148 715 1199 aut
746 1148 985 1217 gestum
1024 1145 1293 1215 corporis
1330 1160 1448 1199 non
1483 1144 1705 1214 probo:
1737 1145 1816 1199 ita
1840 1159 2031 1215 neque

341 1236 644 1305 agrestem
667 1250 735 1287 ac
758 1234 1067 1288 rusticum.
1088 1234 1370 1288 Naturam
1391 1232 1686 1287 imitemur
1709 1248 1721 1288 :
1749 1233 1883 1304 ejus
1907 1232 2033 1288 efﬁ-

341 1322 504 1393 gies,
540 1322 790 1377 formula
822 1322 1177 1392 disciplinac,
1200 1321 1389 1376 forma
1407 1320 1741 1377 honestatis
1764 1323 1874 1375 est.

968 1428 1220 1482 CAPUT
1274 1428 1406 1482 XX.

337 1516 447 1573 Ad
461 1517 929 1573 conservandam
955 1516 1371 1571 verecundiam
1392 1517 1916 1587 intemperantiam
1935 1516 2035 1572 ho-

412 1590 635 1643 minum
673 1590 991 1650 consortia,
1032 1589 1308 1642 convivia
1332 1594 1775 1657 extraneorum,
1818 1604 1885 1642 ac
1907 1605 2035 1642 mu-

414 1660 630 1715 lierum
662 1660 1010 1714 commercia
1057 1659 1294 1713 vitanda
1338 1679 1353 1712 :
1395 1658 1504 1718 sed
1549 1659 1728 1713 otium
1768 1665 2033 1714 nostrum

418 1732 576 1785 domi
594 1731 656 1784 in
673 1732 797 1802 piis
824 1731 1206 1802 [maestisque
1228 1729 1448 1783 studiis
1472 1729 1901 1785 insumendum.

426 1818 514 1875 85.
551 1819 742 1874 Habet
790 1835 933 1874 sane
979 1835 1126 1874 suos
1174 1818 1457 1889 scopulos
1492 1818 1871 1889 verecundia,
1914 1835 2032 1874 non

340 1926 501 1981 quos
530 1910 659 1979 ipsa
688 1908 931 1978 invehit,
958 1908 1063 1963 sed
1082 1924 1234 1979 quos
1249 1923 1411 1978 saepe
1432 1908 1714 1979 incurrit;
1746 1908 1799 1962 si
1820 1908 2033 1963 intem-

338 1999 675 2069 perantiam
710 1998 1041 2052 incidamus
1075 1998 1394 2066 consortia,
1429 1996 1531 2068 qui
1561 1996 1674 2050 sub
1707 1997 2029 2068 specieju-

341 2086 666 2142 cunditatis
688 2101 983 2141 venenum
1012 2085 1328 2141 infundunt
1366 2085 1564 2139 bonis.
1601 2084 1676 2139 Hi
1713 2085 1767 2139 si
1800 2081 2034 2143 assidui

340 2179 505 2241 sunt,
530 2178 585 2229 et
620 2175 869 2229 maxime
900 2176 960 2228 in
993 2175 1289 2244 convivio,
1320 2175 1461 2229 ludo
1483 2173 1729 2246 acjoco,
1750 2176 2033 2230 enervant

344 2265 697 2336 gravitatem
730 2264 888 2318 illam
929 2264 1179 2319 virilem.
1218 2263 1546 2319 Caveamus
1569 2264 1765 2335 itaque
1796 2279 1868 2318 ne
1892 2264 2031 2320 dum

343 2354 618 2408 relaxare
645 2353 902 2407 animum
942 2352 1240 2423 volumus,
1276 2353 1580 2408 solvamus
1618 2368 1850 2407 omnem
1889 2353 2029 2409 har-

346 2443 629 2509 moniam,
653 2441 825 2513 quasi
862 2444 1211 2496 concentum
1243 2441 1555 2513 quemdam
1575 2441 1864 2497 bonorum
1887 2458 2031 2514 ope-

348 2545 518 2598 rum;
551 2546 703 2585 usus
724 2530 882 2585 enim
905 2530 1019 2585 cito
1046 2531 1288 2584 inﬂectit
1318 2534 1604 2585 naturam.

417 2619 512 2675 86.
555 2619 724 2673 Unde
773 2636 947 2690 quam
988 2620 1308 2690 prudenter
1341 2619 1513 2674 factis
1560 2620 1880 2675 convenire
1919 2619 2032 2690 (95)

351 2708 810 2777 ecclesiasticis,
835 2712 891 2763 et
921 2708 1173 2762 maxime
1204 2708 1611 2763 ministrorum
1634 2709 1853 2763 ofﬁciis
1871 2709 2033 2763 arbi-

342 2802 489 2866 tror,
526 2797 827 2850 declinare
871 2800 1285 2851 extraneorum
1326 2797 1597 2852 convivia
1638 2813 1650 2851 :
1693 2798 1787 2852 vcl
1824 2801 1887 2851 ut
1919 2797 2035 2867 ipsi

347 2885 679 2956 hospitales
717 2885 851 2939 sitis
874 2885 1414 2957 peregrinantibus,
1456 2886 1550 2941 vel
1582 2888 1643 2940 ut
1666 2902 1732 2940 ea
1764 2885 2033 2942 cautione

341 2975 547 3029 nullus
579 2974 655 3029 sit
683 2974 999 3045 approbrio
1036 2975 1228 3029 locus.
1262 2973 1544 3029 Convivia
1581 2974 1797 3046 quippe
1832 2964 2032 3031 extra-

342 3025 543 3029 ν--ηη
581 3025 653 3029 ---
688 3025 993 3045 “11""""
1037 3025 1227 3029 -η-τ-
1272 3025 1543 3029 ν-ν--η--Ὴ
1587 3025 1793 3046 Ἰ--ινινν
1836 3025 1997 3031 nm“

342 3078 595 3118 neorum
636 3064 1055 3134 occupationes
1089 3064 1327 3134 habent,
1370 3067 1491 3118 tum
1542 3066 1714 3118 etiam
1756 3064 2031 3135 epulandi
2064 3054 2119 3120 Ο
2146 3025 2208 3081 Ir

341 3153 602 3224 produnt
648 3154 1023 3224 cupiditatem
1059 3152 1195 3225 (96).
1239 3153 1578 3223 Subrepunt
1608 3154 1780 3208 etiam
1813 3153 2030 3208 fabulae

342 3242 690 3314 frequenter
732 3243 805 3297 de
865 3243 1087 3298 saeculo
1158 3259 1226 3296 ac
1271 3243 1673 3313 voluptatibus
1708 3257 1720 3297 :
1758 3242 2031 3298 claudere

344 3384 621 3455 baptizati
642 3401 749 3455 per
770 3388 1034 3440 octavam
1059 3385 1367 3440 Paschatis
1415 3386 1475 3439 in
1510 3385 1642 3439 alba
1670 3387 1836 3440 veste
1866 3384 2033 3440 ince-

345 3457 486 3511 dere
508 3457 673 3512 soliti
696 3460 901 3525 erant;
936 3459 994 3511 in
1024 3473 1140 3527 quo
1184 3461 1377 3511 tamen
1418 3457 1772 3512 innocentiae
1794 3472 2029 3527 quoque

347 3527 865 3582 demonstrabatur
923 3529 1224 3582 indicium.
1291 3527 1405 3582 Sed
1457 3543 1566 3581 nec
1613 3527 1760 3582 adeo
1809 3527 2026 3583 laetitiae

344 3599 618 3673 addictus
650 3602 774 3654 erat
813 3598 1323 3673 candibuscolor,
1364 3601 1425 3673 ut
1465 3614 1582 3652 non
1624 3598 1808 3673 luctui
1855 3599 2029 3673 etiam

343 3669 694 3736 inserviret;
729 3672 1004 3725 novimus
1035 3671 1190 3725 enim
1232 3670 1529 3741 quondam
1559 3669 1841 3723 mulieres
1873 3669 2027 3739 apud

348 3741 652 3822 Romanos
676 3742 904 3822 albatas
936 3742 1128 3822 fuisse
1146 3743 1205 3795 in
1229 3741 1540 3822 funeribus
1565 3756 1577 3795 :
1604 3756 1778 3822 quem
1802 3755 2029 3822 mnorem

344 3812 525 3884 etiam
556 3813 615 3866 in
672 3812 857 3868 Gallia
894 3816 1193 3884 servatum
1212 3812 1535 3884 r-arreginis
1581 3811 1779 3866 viduis
1837 3811 2028 3884 fuisse

340 3882 553 3955 volunt
588 3884 874 3937 nonnulli.
936 3883 1101 3937 Alias
1150 3882 1403 3938 tristitiae
1456 3883 1783 3955 nigeriseu
1828 3883 2026 3952 pullus

342 3954 514 4007 color
549 3955 864 4009 convenire
896 3955 1374 4019 existimabatur;
1408 3953 1562 4008 unde
1584 3953 1700 4007 sibi
1732 3969 1865 4007 eum
1896 3969 2026 4007 mo-

341 4025 833 4096 nachi,quorum
885 4030 978 4080 est
1013 4030 1135 4079 tum
1172 4042 1280 4079 sua
1319 4028 1441 4079 tum
1490 4024 1739 4079 aliorum
1785 4028 2023 4095 peccata

340 4096 487 4150 ﬂere
547 4095 907 4168 delegerant.
963 4096 1331 4166 Quapropter
1379 4096 1632 4168 Magnus
1687 4097 2020 4168 Antonius,

342 4167 607 4236 martyrii
664 4166 961 4222 desiderio
1008 4168 1277 4235 incensa,
1320 4183 1394 4221 ne
1452 4166 1672 4221 coloris
1715 4166 2025 4223 monastici

344 4239 625 4308 cognitus
661 4239 899 4306 indicio,
933 4239 1006 4292 ab
1041 4253 1294 4292 accessu
1320 4237 1543 4308 judicis
1585 4237 2019 4307 prohiberetur,

2138 537 2347 602 repunt
2384 535 2555 588 etiam
2578 536 2795 605 praeter
2822 537 3181 593 voluntatem
3217 542 3446 611 pocula.
3479 543 3689 598 Melius
3723 547 3818 602 est

2137 624 2252 675 tute
2275 622 2473 677 domui
2497 624 2680 679 semel
2701 640 2978 693 excuses,
3006 643 3179 697 quam
3201 629 3408 685 alienae
3435 630 3813 703 frequenter:

2138 712 2194 764 et
2224 713 2286 765 ut
2316 712 2443 781 ipse
2467 712 2707 767 sobrius
2732 730 2971 785 surgas,
3006 718 3198 769 tamen
3231 734 3305 771 ex
3325 720 3516 774 aliena
3546 721 3818 779 insolen-

2136 798 2214 853 tia
2248 802 2624 856 condemnari
2651 818 2769 856 non
2791 803 2964 857 debet
2984 808 3304 874 praesentia
3326 810 3441 863 tua.

2213 889 2301 944 8'1.
2336 890 2658 945 Viduarum
2678 907 2746 945 ac
2776 892 3076 965 virginum
3112 895 3341 964 domos,
3379 898 3497 951 nisi
3535 898 3817 956 visitandi

2137 980 2324 1050 gratia
2355 978 2488 1048 (97),
2538 980 2635 1045 25
2663 980 2936 1051 juniores
2959 982 3122 1038 adire
3144 1000 3262 1039 non
3284 988 3374 1038 est
3397 1001 3546 1057 opus
3572 1003 3583 1042 :
3610 992 3664 1041 et
3700 989 3815 1045 hoc

2138 1076 2270 1115 cum
2302 1060 2662 1130 senioribus,
2697 1061 2811 1116 hoc
2848 1065 2958 1131 est,
2995 1063 3090 1117 vel
3124 1080 3256 1118 cum
3288 1067 3593 1137 episcopo,
3626 1069 3720 1122 vel
3760 1068 3819 1124 si

2137 1148 2379 1220 gravior
2408 1152 2499 1204 est
2529 1165 2729 1217 causa,
2773 1165 2906 1205 cum
2938 1152 3329 1223 presbyteris.
3362 1154 3512 1219 Quid
3561 1171 3814 1213 necesse

2138 1241 2232 1292 est
2259 1240 2322 1292 ut
2342 1237 2550 1293 demus
2572 1237 2963 1294 saecularibus
2984 1241 3363 1307 fobtrectandi
3391 1243 3589 1299 locum
3604 1246 3634 1301 ?
3664 1245 3818 1311 Quid

2140 1342 2291 1397 opus
2326 1330 2417 1381 est
2446 1330 2507 1381 ut
2546 1328 2661 1383 illae
2699 1344 2936 1399 quoque
2976 1330 3348 1387 visitationes
3389 1334 3617 1390 crebrae
3661 1336 3817 1389 acci-

2139 1417 2299 1486 piant
2347 1418 2793 1472 auctoritatem?
2850 1418 2999 1483 Quid
3046 1421 3099 1473 si
3140 1420 3332 1492 aliqua
3384 1423 3614 1478 illarum
3665 1427 3817 1481 forte

2140 1505 2408 1559 labatur?
2448 1520 2554 1559 cur
2582 1506 2758 1561 alieni
2792 1507 2997 1578 lapsus
3031 1510 3251 1565 subeas
3288 1510 3611 1568 invidiam?
3630 1512 3818 1579 Quam

2141 1594 2359 1649 multos
2409 1596 2585 1649 etiam
2615 1595 2802 1650 fortes
2842 1597 3121 1652 illecebra
3158 1600 3429 1670 decepit?
3457 1602 3666 1667 Quanti
3697 1617 3817 1659 non

2143 1684 2431 1739 dederunt
2457 1686 2645 1739 errori
2665 1686 2879 1754 locum,
2913 1690 2970 1740 et
2999 1687 3286 1743 dederunt
3308 1690 3668 1760 suspicioni!

2063 1747 2118 1811 Β
2208 1772 2297 1829 88.
2331 1772 2449 1828 Cur
2469 1789 2585 1828 non
2614 1774 2712 1829 illa
2742 1747 3025 1846 tempora,
3060 1778 3277 1848 quibus
3298 1779 3371 1833 ab
3410 1747 3679 1837 Ecclesia
3698 1786 3818 1837 ‘va-‘-

2150 1878 2272 1932 cas,
2307 1863 2544 1917 lectioni
2574 1863 2879 1933 impendas
2896 1866 2924 1919 ?
2954 1864 3073 1921 Cur
3099 1883 3215 1921 non
3237 1866 3537 1923 Christum
3560 1871 3814 1942 revisas,

2144 1951 2442 2007 Christum
2484 1953 2827 2024 alloquaris,
2867 1953 3165 2009 Christum
3197 1958 3449 2013 audias?
3478 1959 3645 2014 Illum
3674 1960 3819 2015 allo-

2141 2042 2377 2112 quimur
2422 2058 2554 2096 cum
2599 2058 2859 2112 oramus,
2906 2043 3070 2098 illum
3112 2046 3384 2101 audimus
3441 2063 3574 2103 cum
3620 2050 3818 2104 divina

2138 2129 2394 2202 legimus
2420 2132 2676 2185 oracula.
2701 2131 2851 2196 Quid
2875 2132 3050 2187 nohis
3083 2149 3217 2188 cum
3247 2135 3458 2190 alienis
3495 2138 3771 2193 domibus
3789 2139 3819 2193 ?

2138 2219 2267 2273 Una
2299 2223 2389 2274 est
2420 2220 2655 2287 domus,
2681 2236 2814 2290 quae
2848 2237 3054 2276 omnes
3073 2224 3246 2293 capit.
3270 2225 3358 2277 llli
3381 2226 3577 2294 potius
3600 2228 3674 2281 ad
3705 2244 3817 2282 nos

2134 2309 2390 2373 veniant,
2426 2310 2527 2380 qui
2559 2324 2669 2363 nos
2698 2310 3026 2379 requirunt.
3060 2311 3212 2375 Quid
3252 2313 3427 2367 nobis
3476 2331 3610 2368 cum
3640 2315 3816 2370 fabu-

2131 2389 2254 2453 lis?
2283 2397 2675 2452 Ministerium
2713 2398 2998 2453 altaribus
3029 2398 3271 2471 Christi,
3308 2417 3425 2458 non
3458 2402 3817 2476 obsequium

2136 2487 2478 2542 hominibus
2503 2487 2887 2542 deferendum
2917 2489 3275 2559 recepimus.

2208 2575 2296 2631 89.
2333 2576 2601 2631 Humiles
2640 2592 2751 2631 nos
2792 2591 2931 2631 esse
2980 2576 3167 2647 decet,
3202 2579 3394 2651 mites,
3445 2586 3813 2655 mansuetos,

2139 2681 2378 2738 graves,
2420 2668 2732 2737 patientes,
2780 2665 3018 2720 modum
3065 2668 3266 2722 tenere
3312 2669 3371 2723 in
3415 2671 3724 2742 omnibus;
3753 2676 3819 2728 ut

2140 2756 2363 2811 nullum
2382 2756 2586 2810 vitium
2601 2771 2738 2811 esse
2760 2755 2819 2810 in
2840 2755 3214 2827 moribusvel
3245 2759 3459 2814 tacitus
3482 2761 3701 2834 vultus,
3717 2763 3816 2819 vel

2140 2860 2338 2900 sermo
2359 2846 2681 2901 annuntiet.

2751 2915 3002 2973 CAPUT
3046 2918 3201 2973 XXI.

2209 3025 2516 3098 aeuudiam
2557 3026 2902 3098 priusquam
2950 3026 3197 3093 oriatur,
3232 3029 3723 3098 praecavendum;
3760 3032 3818 3087 si

2217 3097 2424 3171 oborta
2457 3096 3145 3171 fuerit,‘reprimendam
3185 3096 3252 3152 ac
3284 3101 3669 3171 mitigandam
3704 3096 3726 3159 7:
3760 3104 3819 3158 si

2218 3185 2326 3224 nec
2356 3169 2418 3223 id
2452 3168 2688 3239 assequi
2722 3168 3082 3224 valuerimus
3115 3169 3372 3240 linguam
3390 3168 3600 3228 saltem
3620 3191 3651 3228 a
3673 3191 3815 3230 con-

2223 3241 2397 3295 viciis
2418 3240 2803 3296 coercendam
2820 3258 2840 3306 ;
2865 3245 2922 3294 ut
2939 3241 3063 3295 sint
3077 3247 3269 3297 motus
3291 3245 3485 3298 nostri
3493 3245 3718 3316 puerili
3724 3263 3814 3302 um

2140 3388 2334 3440 tamen
2356 3386 2448 3439 est
2469 3383 2540 3437 ab
2567 3382 2882 3438 Ambrosio
2912 3382 3025 3438 hoc
3057 3384 3170 3438 loci
3207 3386 3364 3440 aliud
3395 3386 3541 3441 nihil
3578 3388 3814 3444 clericis

2137 3456 2462 3527 prohiberi,
2515 3455 2632 3509 nisi
2679 3454 2995 3509 candorem
3042 3456 3298 3511 vestium
3359 3458 3693 3514 affectatum
3744 3477 3816 3515 ac

2138 3528 2315 3601 nimis
2336 3528 2665 3601 lucentem;
2688 3529 2752 3580 ut
2774 3543 2906 3601 quge
2939 3531 3269 3601 sequuntur
3303 3531 3448 3584 satis
3472 3532 3813 3601 ostendunt,

2139 3599 2296 3653 nihil
2326 3598 2567 3653 accedat
2603 3598 2805 3653 nitori.
2842 3598 2912 3652 Et
2942 3598 3054 3652 hoe
3085 3599 3350 3668 profecto
3384 3602 3630 3657 miriﬁce
3668 3598 3814 3658 con;

2135 3670 2297 3745 venit
2327 3685 2460 3723 cum
2506 3669 3045 3745 iis_q1_1_ae~l3as_i_l_ius
3068 3670 3239 3745 epist.
3274 3690 3313 3740 ι,
3349 3673 3421 3727 ad
3459 3674 3816 3745 Gregorium

2137 3741 2403 3807 Nazian.,
2441 3740 2728 3811 praacipit.
2762 3740 2877 3795 Sed
2898 3741 3053 3794 illam
3075 3740 3203 3810 ipse
3234 3745 3514 3797 consulas
3538 3740 3693 3800 licet.

2209 3811 2323 3887 (95)
2356 3812 2608 3887 lta‘edit.
2643 3828 2713 3887 ac
2743 3828 2891 3887 mss.
2924 3813 3188 3887 nonnulli
3226 3830 3238 3868 :
3273 3815 3372 3868 alii
3408 3831 3548 3871 vero
3578 3817 3810 3887 partim,

2140 3883 2292 3961 unde
2306 3881 2859 3961 prudenterfacilis
2876 3885 3231 3961 convenire;
3251 3887 3477 3961 partim,
3495 3881 3647 3943 unde
3663 3881 3816 3961 quod

2128 3955 2464 4032 prudenter
2502 3954 2718 4032 agitis,
2747 3955 3091 4032 convenire,
3142 3954 3278 4032 etcf,
3312 3974 3431 4012 non
3460 3954 3811 4032 incongrue.

2201 4025 2314 4100 (9tj)
2338 4025 2484 4100 Mss.
2502 4025 2744 4095 aliquot,
2764 4024 3039 4095 epulandi
3056 4028 3384 4100 pr_0ducunt
3407 4024 3809 4100 cupiditatem.

2203 4095 2316 4166 (97)
2337 4096 2613 4166 Magnam
2644 4111 2883 4166 semper
2904 4097 3096 4168 gessit
3118 4098 3387 4153 Ecclesia
3418 4095 3813 4157 eiistimatio-

2132 4168 2228 4243 _nis
2252 4168 2656 4243 ministrorum
2688 4183 2934 4243 suorum
2957 4184 3178 4243 curam.
3204 4171 3357 4224 Hinc
3390 4175 3481 4226 est
3498 4174 3656 4243 quod
3675 4175 3813 4227 Am-

2133 4239 2375 4293 brosius
2406 4238 2520 4293 hoc
2546 4238 2677 4293 loco
2712 4242 2796 4293 tot
2830 4239 3270 4296 conditionibus
3294 4238 3645 4299 clericorum
3667 4245 3813 4299 ado-

343 4307 543 4387 album
565 4309 772 4387 induit,
794 4310 1127 4387 ut_disserit
1148 4311 1203 4363 in
1222 4307 1492 4387 ejusdem
1514 4309 1631 4387 vita
1656 4309 2016 4387 llosveidus.
2046 4322 2104 4387 D
2134 4309 2555 4387 lescentiorum
2585 4325 2717 4364 cum
2746 4309 2955 4387 viduis
2974 4326 3044 4364 ac
3077 4313 3267 4387 sacris
3299 4314 3635 4387 virginibus
3666 4331 3812 4387 con-7

343 4378 429 4450 Eo
461 4379 736 4435 similiter
791 4381 987 4434 colore
1037 4378 1555 4450 sacras’virgines
1599 4379 1761 4433 indui
1812 4379 2019 4433 solitas

344 4449 642 4505 Baronius
699 4452 771 4504 ad
813 4468 907 4505 an.
951 4452 1018 4505 5'7
1049 4451 1278 4505 scribit.
1310 4449 1468 4504 Idem
1496 4465 1640 4505 vero
1697 4466 1730 4505 e
1767 4451 2023 4520 quodam

344 4519 476 4575 loco
510 4523 777 4592 epistolae
810 4523 1151 4592 Hieronymi
1180 4522 1252 4575 ad
1296 4522 1707 4591 Nepotianum,
1743 4519 1917 4591 quam
1948 4521 2023 4574 ad

344 4606 562 4646 annum
610 4591 716 4648 393
766 4593 980 4659 refert,
1032 4591 1284 4647 clericos
1327 4593 1651 4663 antiquitus
1698 4608 1815 4646 non
1848 4592 2024 4662 pulla

344 4678 455 4717 nec
476 4664 631 4728 alba,
666 4665 773 4719 sed
798 4668 1072 4719 castanea
1092 4667 1259 4719 veste
1290 4680 1359 4717 ac
1391 4663 1653 4717 violacea
1673 4679 1820 4718 usos
1851 4663 2022 4718 colli-

345 4749 521 4804 gens,
566 4735 724 4789 addit
762 4737 821 4789 in
856 4735 1183 4789 Ecclesium
1241 4739 1380 4789 tunc
1412 4735 1661 4804 primum
1701 4736 2021 4805 irrepsisse

346 4806 610 4879 colorem
644 4808 902 4879 nigrum,
958 4823 1082 4860 cum
1132 4807 1571 4861 monachismus
1616 4806 1678 4859 in
1724 4805 2024 4879 nonnullis

341 4875 645 4931 Ecclesiis
680 4875 738 4931 a'
763 4877 1008 4932 clericis
1040 4883 1318 4948 receptus
1351 4883 1462 4945 est,
1507 4882 1565 4931 et
1605 4893 1685 4931 ex
1718 4876 2023 4948 monachis

345 4948 607 5019 episcOpi
626 4950 818 5002 creati
846 4954 1001 5002 sunt.
1036 4947 1207 5003 Certe
1227 4948 1462 5019 quidem
1485 4948 1544 5019 in
1567 4948 1674 5002 hac
1706 4947 2021 5019 posteriori

342 5021 508 5088 parte
542 5018 700 5073 ’cum
758 5020 1104 5074 doctissimo
1158 5018 1448 5073 Cardinali
1510 5018 1715 5073 facere
1752 5019 2018 5087 videtur,

343 5089 502 5160 quod
527 5091 810 5145 scribitur
832 5091 890 5144 in
920 5091 1025 5144 Via
1048 5091 1238 5144 sancti
1259 5090 1513 5154 Martini.
1538 5105 1671 5144 eum
1707 5095 2021 5160 postquam

343 5159 416 5232 ad
461 5163 863 5231 episcOpalem
904 5163 1107 5217 sedem
1136 5166 1379 5216 evectus
1408 5165 1590 5229 esset,
1625 5159 2019 5232 nigi~um”pal-

342 5229 514 5298 lium,
552 5229 690 5302 quo
710 5234 875 5303 prius
908 5234 1282 5287 monachium
1311 5249 1499 5303 agens
1539 5229 1830 5297 utebatur,
1882 5229 2020 5285 reti-

341 5304 588 5373 nuisse:
627 5320 830 5358 verum
866 5304 959 5358 ille
1003 5305 1062 5357 in
1097 5305 1446 5373 exponendo
1490 5303 1829 5373 Hieronymi
1887 5303 2019 5357 loco

340 5372 617 5427 dissentit
653 5390 687 5427 a
736 5377 908 5429 Petro
956 5372 1362 5443 Cluniacensi;
1422 5374 1518 5428 hic
1568 5372 1731 5428 enim
1768 5389 1901 5427 eum
1943 5375 2020 5427 ita

340 5443 777 5515 interpretatur,
797 5462 865 5499 ac
897 5446 948 5500 si
972 5450 1192 5500 tantum
1221 5446 1605 5500 admoneatur
1627 5444 2017 5514 Nepotianus,

339 5513 397 5588 in
429 5513 741 5588 utriusque
765 5513 998 5572 coloris
1030 5533 1144 5572 usu
1174 5517 1392 5571 fastum
1425 5521 1647 5571 caveat.
1672 5515 1786 5570 Sed
1809 5513 2019 5587 quam?-

337 5585 432 5642 vis
455 5585 662 5644 minus
674 5591 877 5645 coacta
897 5588 1166 5644 videatur
1186 5588 1425 5644 Baronii
1445 5588 1761 5659 expositio,
1797 5585 2021 5643 certum

2138 4397 2415 4453 gressum
2446 4381 2901 4453 circumscribit.
2918 4380 3041 4445 Qua
3064 4382 3237 4437 etiam
3261 4380 3568 4453 prudentia
3588 4385 3812 4439 inducti

2138 4451 2361 4523 quartas
2393 4452 2607 4523 synodi
2627 4451 3137 4526 Carthaginiensis
3155 4451 3550 4522 antistitesmt
3576 4455 3813 4526 signiﬁ-

2139 4527 2339 4578 carent
2369 4539 2603 4578 omnem
2634 4523 2978 4593 hujusmodi
2998 4524 3408 4579 familiaritatis
3434 4523 3813 4581 occasionem

2131 4594 2449 4649 tollendam
2481 4610 2512 4648 e
2543 4595 2758 4659 medio,
2794 4595 3147 4648 deﬁnierunt
3177 4611 3304 4648 can.
3347 4594 3483 4651 10-2:
3521 4619 3543 4647 ε
3572 4598 3661 4652 Ad
3686 4614 3813 4653 rea-

2132 4670 2252 4720 tum
2273 4665 2543 4740 episcopi
2573 4666 2933 4740 pertinere...
2967 4665 3018 4740 si
3052 4667 3456 4740 sustentandae
3484 4668 3620 4724 vita:
3652 4686 3813 4740 prm-

2134 4737 2322 4811 sentis
2357 4752 2537 4811 causa
2561 4739 2696 4811 (qua
2722 4739 2915 4811 tamen
2932 4736 3034 4811 vix
3055 4735 3167 4811 alia
3194 4736 3416 4811 justior
3436 4755 3573 4795 esse
3595 4735 3812 4811 potest)

2130 4808 2326 4862 viduae
2344 4808 2435 4861 vel
2451 4805 2932 4860 sanctimoniales
2949 4805 3301 4862 clericorum
3314 4805 3811 4867 familiaritatibus

2133 4878 2546 4948 subjiciantur.
2578 4900 2598 4923 η
2636 4877 2782 4931 Cum
2802 4879 2993 4930 autem
3013 4892 3127 4948 qua
3147 4879 3373 4934 ratione
3394 4899 3425 4935 a
3448 4883 3684 4937 clericis
3704 4884 3812 4938 hu-

2126 4949 2393 5021 jusmodi
2417 4948 2649 5002 feminae
2674 4948 3025 5021 accedentes
3058 4950 3423 5021 excipiendae
3446 4954 3585 5021 sint,
3610 4954 3668 5008 S.
3696 4954 3812 5009 Do-

2133 5020 2260 5093 ctor
2280 5035 2663 5093 nequaquam
2682 5020 3190 5093 praecipiatg‘inde
3215 5023 3504 5093 conjicias
3540 5020 3697 5079 haud
3733 5027 3813 5081 ita

2133 5092 2474 5166 frequenter
2501 5106 2604 5166 eas
2633 5090 2808 5166 domo
2837 5090 3154 5166 _egr_edi_ad
3194 5090 3570 5149 invisendum
3600 5112 3812 5166 quem-

2131 5163 2285 5232 piam
2324 5162 2735 5217 consucvisse.
2784 5161 2902 5215 Ab'
2930 5161 3196 5217 Ecclesia
3240 5166 3433 5219 tamen
3486 5161 3814 5222 univ'ersim

2130 5233 2437 5304 provisum
2460 5235 2809 5303 reperimus,
2842 5249 2915 5287 ne
2946 5234 3156 5287 mulier
3195 5237 3325 5290 sine
3366 5237 3705 5292 diaronissa
3735 5240 3810 5293 ad

2131 5305 2445 5359 diaconum
2472 5304 2682 5359 debeat
2713 5305 3019 5358 accedere.
3062 5304 3228 5369 Quod
3260 5307 3310 5359 si
3344 5310 3499 5361 tanta
3535 5310 3809 5364 cautione

2132 5377 2203 5457 de
2239 5376 2491 5457 simplici
2523 5376 2756 5457 feminae
2781 5376 2853 5429 ad
2890 5375 3203 5457 dia-conum
3229 5378 3389 5432 aditu
3425 5381 3809 5457 constitutum

2133 5447 2228 5514 sit,
2281 5446 2415 5517 quis
2459 5447 2705 5501 miretur
2752 5446 3237 5516 presbyterorum
3280 5458 3413 5504 cum
3460 5450 3808 5504 mulieribus

2134 5518 2583 5573 contubernium
2616 5521 2695 5573 tot
2727 5518 3053 5573 canonibus
3077 5520 3473 5595 proscriptum
3496 5535 3632 5575 esse
3650 5522 3678 5574 ἱ)
