4002 6150
294 197 378 286 55
1750 196 1813 260 s-.
1861 194 2305 266 AMBROSII.
2766 211 2771 215 ’
3674 204 3756 270 56

295 405 736 480 commotionum
756 402 1007 480 similes.
1023 402 1256 480 Dictum
1272 401 1562 480 4mwa
1580 408 1965 480 memoratur,
1993 388 2053 450 Α
2082 420 2201 461 non
2229 406 2480 463 inferius
2519 424 2694 480 quam
2736 406 2975 464 omnino
3032 423 3152 464 non
3209 407 3591 465 commoveri.
3626 408 3754 465 Hoc

296 478 749 548 ostenditurque
784 473 1087 548 ,Davidem
1132 472 1251 547 ipsi
1293 474 1404 529 bac
1444 472 1514 528 in
1562 490 1633 531 re
1678 475 1861 531 factis
1907 472 1966 532 et

296 549 545 621 scriptis
564 547 913 619 prteivisse.
1562 574 1571 577 ι

365 672 458 729 90.
517 670 808 728 Caveatur
849 670 1152 727 iracundia
1190 668 1342 741 (98),
1388 671 1488 725 aut
1532 670 1587 725 si
1644 672 1972 742 praecaveri

297 778 417 819 non
444 764 661 835 potest,
695 760 1074 829 cohibeatur;
1107 759 1259 814 mala
1280 759 1437 813 enim
1457 758 1597 813 illex
1614 760 1838 829 peccati
1856 759 1971 832 (99)

295 850 626 924 indignatio
656 852 749 906 est
779 866 792 906 :
828 865 963 921 quae
990 849 1070 904 ita
1116 848 1379 903 animum
1407 847 1730 918 perturbat,
1781 852 1844 903 ut
1872 865 1971 903 ra-

298 940 445 997 tioni
476 955 594 995 non
622 939 916 1011 relinquat
960 937 1179 993 locum.
1228 934 1492 992 Primum
1538 940 1632 992 est
1675 937 1876 1009 igitur,
1919 938 1974 992 si

298 1030 430 1086 ﬁeri
456 1031 667 1099 potest,
703 1031 768 1083 ut
804 1043 1036 1083 morum
1075 1025 1513 1099 tranquillitatis
1543 1041 1659 1080 usu
1695 1027 1970 1098 quodam,

299 1117 610 1174 affectione
640 1116 743 1187 (1),
774 1115 1102 1187 proposito,
1136 1114 1198 1168 in
1246 1116 1514 1169 naturam
1539 1117 1821 1169 vertatur.
1856 1115 1974 1170 De-

299 1207 438 1265 inde
466 1206 745 1279 quoniam
770 1205 850 1259 ita
880 1204 1227 1275 plerumque
1255 1204 1452 1259 motus
1495 1203 1716 1258 infixus
1747 1206 1840 1259 est
1868 1220 1976 1259 na-

299 1299 450 1353 turae
481 1311 550 1350 ac
576 1293 867 1364 moribus,
899 1295 963 1348 ut
991 1292 1166 1348 evelli
1203 1296 1379 1364 atque
1410 1292 1617 1347 evitari
1648 1308 1766 1348 non
1805 1298 1980 1359 queat

303 1386 381 1457 (2)
418 1399 431 1441 :
463 1384 517 1439 si
546 1382 863 1455 praevideri
891 1381 1166 1453 potuerit,
1200 1382 1427 1438 ratione
1458 1382 1829 1452 reprimatur.
1865 1384 1983 1436 Aut

303 1475 359 1530 si
387 1473 556 1546 prius
585 1474 909 1543 occupatus
952 1470 1130 1525 fuerit
1166 1470 1399 1525 animus
1430 1471 1504 1525 ab
1552 1471 1977 1543 indignatione,

302 1579 482 1636 quam
511 1560 764 1618 consilio
810 1558 1075 1631 prospici
1131 1574 1201 1614 ac
1250 1559 1549 1629 provideri
1582 1560 1855 1630 potuerit,
1907 1575 1979 1614 ne

303 1654 730 1723 occuparetur:
764 1648 1047 1705 meditare
1078 1647 1374 1720 quomodo
1420 1650 1640 1702 motum
1691 1649 1867 1702 animi
1897 1648 1978 1702 tui

2082 498 2351 551 nostrum
2381 498 2490 567 est,
2539 499 2764 552 naturae
2802 497 2965 552 illud.
3017 497 3281 570 Denique
3328 498 3756 553 commotiones

2081 584 2143 639 in
2172 585 2373 655 pueris
2404 586 2662 640 innoxiae
2710 590 2869 656 sunt,
2911 603 3043 658 quae
3092 587 3227 658 plus
3259 586 3479 643 habent
3525 587 3755 660 gratiae,

2084 690 2258 745 quam
2290 674 2719 729 amaritudinis.
2740 675 2812 728 Et
2840 675 2892 729 si
2915 676 3029 730 cito
3060 677 3229 746 pueri
3248 677 3402 731 inter
3430 692 3497 755 se
3517 691 3758 731 moven-

2082 766 2197 830 tur,
2233 762 2402 817 facile
2434 763 2736 832 sedantur,
2754 766 2811 818 et
2831 763 3044 836 majori
3063 764 3351 819 suavitate
3372 764 3432 819 in
3453 780 3520 820 se
3552 780 3761 819 recur-

2086 855 2240 907 runt.
2274 851 2566 907 Nesciunt
2595 867 2662 906 se
2711 852 2961 907 subdole
3005 852 3442 925 artiﬁciosequo
3486 856 3757 908 tractare.

2086 940 2281 995 Nolite
2311 940 2423 995 hos
2456 943 2830 996 contemnere
2848 956 3088 1012 pueros,
3123 942 3196 996 de
3224 942 3444 1013 quibus
3474 942 3761 996 Dominus

2087 1030 2166 1083 ait
2197 1044 2209 1084 :
2243 1029 2386 1084 Nisi
2407 1029 2688 1085 conversi
2706 1030 2970 1101 fueritis,
2996 1037 3054 1085 et
3077 1029 3424 1085 efficiamini
3442 1033 3596 1086 sicut
3610 1046 3765 1103 puer

2089 1119 2224 1183 iste,
2279 1133 2391 1173 non
2440 1119 2755 1173 intrabitis
2797 1119 2860 1172 in
2913 1135 3162 1190 regnum
3212 1119 3489 1175 caelorum
3529 1119 3762 1181 (Matth.

2088 1223 2254 1277 xviii,
2286 1206 2362 1276 3).
2396 1207 2597 1279 Itaque
2626 1210 2683 1262 et
2710 1208 2837 1278 ipse
2867 1208 3172 1275 Dominus,
3209 1209 3323 1264 hoc
3354 1212 3466 1279 est,
3500 1209 3606 1264 Dei
3639 1210 3762 1262 vir-

2089 1300 2206 1366 tus,
2223 1297 2377 1351 sicut
2390 1311 2555 1367 puer,
2573 1313 2706 1352 cum
2729 1297 3198 1368 malediceretur,
3217 1314 3337 1353 non
3358 1298 3756 1353 remaledixit:

2094 1401 2226 1440 cum
2257 1387 2663 1456 percuteretur
2706 1402 2824 1441 non
2872 1387 3239 1457 repercussit
3273 1387 3330 1456 (Ι
3354 1387 3526 1442 Petr.
3556 1405 3617 1457 ιι,
3648 1385 3759 1461 '73].

2095 1475 2176 1528 Ita
2207 1490 2354 1546 ergo
2384 1477 2440 1529 te
2486 1490 2780 1545 compara,
2840 1478 2902 1529 ut
2948 1476 3120 1547 quasi
3167 1491 3314 1547 puer
3342 1475 3619 1548 injuriam
3649 1492 3768 1532 non

2094 1567 2319 1632 teneas,
2359 1563 2636 1617 malitiam
2677 1579 2794 1619 nen
2841 1580 3126 1621 exerceas
3161 1581 3172 1619 :
3208 1565 3403 1619 omnia
3432 1581 3466 1619 a
3499 1569 3556 1621 te
3596 1565 3770 1619 inno—

2098 1657 2299 1708 center
2327 1652 2800 1724 proficiscantur.
2826 1653 2959 1708 Non
2993 1654 3341 1709 consideres
3370 1654 3509 1726 quid
3541 1655 3614 1708 ab
3635 1654 3767 1709 aliis

300 1742 532 1811 vincas,
574 1738 938 1795 iracundiam
980 1740 1299 1809 temperes.
1353 1737 1591 1793 Resiste
1625 1737 1749 1807 irae,
1784 1738 1836 1791 si
1871 1754 1981 1808 po-
2010 1713 2061 1775 B
2097 1743 2157 1796 in
2179 1746 2236 1797 te
2264 1744 2594 1798 revertatur
2622 1741 2714 1803 (4).
2750 1742 2973 1797 Locum
3001 1745 3166 1797 tuum
3194 1758 3388 1812 serva,
3424 1743 3771 1814 simplicita-

303 1832 399 1887 tes
429 1844 441 1886 :
477 1829 642 1900 cede,
675 1828 730 1885 si
760 1843 880 1884 non
919 1830 1129 1899 potes;
1160 1826 1295 1899 quia
1328 1826 1613 1897 scriptum
1662 1829 1755 1882 est
1786 1842 1798 1882 :
1831 1827 1984 1884 Date

302 1918 490 1977 locum
520 1919 632 1975 irae
660 1917 849 1989 (Rom.
882 1915 1012 1988 xu).

375 2006 467 2064 91.
498 2006 685 2062 Jacob
717 2005 884 2061 fratri
911 2004 1243 2078 indignanti
1271 2004 1366 2076 pie
1385 2005 1572 2060 cessit
1599 2004 1774 2077 (Gen.
1794 2023 1979 2077 xxvn,

302 2098 377 2153 42
405 2102 466 2153 et
485 2096 656 2169 seq.),
678 2097 737 2151 et
765 2095 1078 2163 Rebeccae,
1111 2093 1172 2149 id
1201 2096 1313 2163 est,
1336 2094 1631 2165 patientiae
1655 2094 1983 2151 instructus

307 2186 585 2256 consilio,
616 2185 835 2242 abesse
864 2183 1066 2238 maluit
1095 2186 1153 2238 et
1181 2182 1570 2254 peregrinari,
1606 2199 1782 2254 quam
1810 2185 1985 2239 'exoi-

305 2278 434 2331 tare
487 2273 689 2329 fratris
746 2272 1248 2345 indignationem;
1288 2275 1346 2326 et
1395 2274 1535 2326 tunc
1589 2272 1805 2345 redire,
1852 2289 1987 2328 cum

304 2363 551 2421 fratrem
596 2361 927 2435 mitigatum
972 2362 1222 2432 putaret.
1269 2359 1342 2415 Et
1383 2359 1516 2415 ideo
1570 2363 1788 2416 tantam
1831 2362 1987 2433 apud

308 2453 499 2510 Deum
544 2452 772 2508 invenit
816 2451 1091 2525 gratiam.
1132 2448 1362 2515 Quibus
1401 2449 1612 2505 deinde
1654 2450 1984 2522 obsequiis,

308 2541 548 2615 quantis
569 2540 919 2597 muneribus
942 2539 1183 2594 fratrem
1202 2538 1398 2609 ipsum
1415 2538 1819 2595 reconciliavit
1838 2540 1986 2612 sibi;

308 2633 376 2687 ut
390 2630 487 2687 ille
509 2632 819 2702 prereptm
836 2628 1274 2685 benedictionis
1304 2643 1423 2684 non
1452 2628 1842 2699 meminisset,
1862 2646 1988 2684 me-

308 2719 590 2777 minisset
605 2719 814 2775 delata
830 2716 1261 2774 satisfactionis
1274 2715 1450 2789 (Gen.
1470 2733 1657 2787 xxxn,
1679 2717 1713 2772 3
1731 2724 1789 2773 et
1806 2720 1956 2791 seq.)
1973 2717 1985 2775 l

385 2810 477 2865 92.
511 2808 672 2881 Ergo
691 2808 746 2863 si
765 2806 1124 2879 praevenerit
1142 2808 1199 2861 et
1218 2806 1725 2877 praeoccupaverit
1738 2811 1991 2863 mentem

309 2903 471 2956 tuam
500 2897 826 2968 iracundia,
860 2899 918 2951 et
944 2894 1282 2950 ascenderit
1324 2895 1384 2948 in
1413 2897 1489 2965 te,
1540 2911 1658 2949 non
1688 2896 1991 2969 relinquas

308 2989 510 3046 locum
529 2990 714 3043 tuum.
735 2987 934 3042 Locus
952 2987 1089 3040 tuus
1105 2983 1382 3056 patientia
1403 2987 1514 3054 est,
1538 2984 1633 3049 26
1664 2985 1834 3041 locus
1855 2989 1992 3043 tuus

312 3072 610 3144 sapientia
642 3073 754 3142 est,
786 3070 958 3127 locus
988 3072 1127 3124 tuus
1158 3068 1307 3123 ratio
1325 3067 1621 3139 est,llocus
1649 3069 1788 3121 tuus
1819 3067 1996 3122 seda-

310 3162 394 3218 tio
425 3159 854 3234 indignationis
886 3162 998 3215 est.
1031 3159 1147 3213 Aut
1178 3158 1232 3212 si
1261 3161 1317 3213 te
1351 3157 1716 3213 contumacia
1747 3172 1995 3227 respon-

312 3250 508 3307 ddhtis
540 3249 810 3320 moverit,
834 3251 892 3305 et
910 3246 1276 3320 perversitas
1297 3245 1596 3317 impulerit
1616 3246 1689 3300 ad
1722 3245 1992 3318 indigna-

308 3340 533 3397 tionem
564 3355 578 3396 :
611 3340 665 3395 si
695 3355 815 3395 non
843 3337 1111 3410 potueris
1139 3336 1410 3409 mitigare
1431 3337 1707 3404 mentem,
1732 3335 1989 3405 reprime

309 3428 577 3502 linguam
601 3430 781 3484 tuam.
813 3426 914 3483 Sic
941 3426 1098 3482 enim
1127 3424 1414 3496 scriptum
1444 3427 1538 3479 est
1571 3438 1584 3479 :
1624 3423 1851 3479 Cohibe
1868 3423 1989 3478 Iin-

313 3534 487 3592 guam
511 3524 666 3574 tuam
697 3532 729 3573 a
751 3515 922 3589 malo,
947 3522 1007 3572 et
1024 3514 1185 3570 labia
1209 3521 1304 3570 tua
1326 3530 1401 3569 ne
1436 3513 1750 3585 loquantur
1779 3512 1991 3569 dolum.

315 3607 542 3664 Deinde
569 3606 814 3680 inquire
828 3622 1057 3679 pacem,
1083 3608 1143 3660 et
1163 3619 1416 3677 sequere
1434 3619 1559 3658 eam
1579 3601 1768 3675 (Psal.
1783 3619 1992 3671 χχχιιι,

316 3695 406 3767 14,
432 3695 546 3769 15).
570 3694 789 3753 Pacem
817 3696 978 3751 illam
1007 3694 1199 3750 sancti
1228 3691 1414 3749 Jacob
1444 3692 1601 3763 vide,
1635 3708 1749 3764 qua
1780 3695 1843 3747 tu
1871 3692 1995 3763 pri-

316 3801 478 3843 mum
506 3784 715 3842 sedato
743 3785 1002 3842 animum
1018 3782 1129 3854 (3):
1152 3782 1205 3838 si
1223 3797 1341 3837 non
1361 3781 1770 3853 praevalueris,
1797 3780 1999 3837 frenos

313 3872 539 3948 lingum
566 3875 803 3947 impone
848 3877 1014 3929 tuae:
1060 3871 1273 3927 deinde
1317 3869 1819 3925 reconciliationis
1877 3873 2001 3925 stu-

318 3962 481 4019 dium
521 3979 641 4021 non
682 3962 1119 4036 prmtermittas.
1174 3960 1318 4016 Haec
1357 3961 1625 4014 oratores
1673 3958 1883 4014 saeculi
1929 3958 2002 4015 de

324 4051 552 4112 nostris
595 4055 879 4124 usurpata
925 4052 986 4107 in
1030 4050 1161 4106 suis
1199 4063 1458 4120 posuere
1484 4047 1658 4103 libris
1692 4064 1704 4103 :
1749 4049 1857 4103 sed
1906 4049 2003 4104 ille

330 4157 554 4199 sensus
585 4141 770 4215 hujus
792 4140 971 4198 habet
1001 4139 1272 4213 gratiam,
1302 4136 1405 4209 qui
1435 4136 1600 4208 prior
1627 4137 1791 4193 dixit.

395 4231 487 4289 93.
521 4232 787 4290 Vitemus
838 4246 1006 4304 ergo,
1047 4231 1147 4284 aut
1175 4231 1575 4316 temperemus
1605 4226 2005 4316 iracundiam;

2097 1833 2215 1886 tem
2243 1832 2300 1885 et
2336 1831 2647 1901 puritatem
2671 1831 2756 1886 tui
2784 1832 3044 1903 pectoris
3067 1832 3319 1887 custodi.
3351 1832 3489 1887 Noli
3516 1847 3769 1903 respon-

2100 1920 2239 1975 dere
2271 1920 2417 1975 irato
2449 1919 2521 1974 ad
2551 1920 2914 1975 iracundiam
2957 1920 3111 1993 ejus,
3146 1921 3275 1977 sive
3317 1921 3669 1992 imprudenti
3700 1921 3773 1975 ad

2100 2009 2572 2080 imprudentiam.
2592 2010 2718 2064 (lito
2743 2009 2913 2081 culpa
2939 2009 3170 2081 culpam
3187 2010 3425 2067 excutit.
3457 2009 3521 2066 Si
3547 2009 3772 2084 lapides

2101 2101 2281 2168 teras,
2306 2114 2501 2153 nonne
2532 2099 2692 2171 ignis
2722 2100 2993 2170 erumpit.

2174 2189 2263 2243 94.
2299 2189 2514 2244 Ferunt
2553 2187 2829 2260 gentiles,
2874 2191 2937 2242 ut
2979 2187 3040 2243 in
3085 2186 3281 2260 majus
3330 2188 3525 2243 omnia
3570 2187 3770 2243 verbis

2105 2277 2389 2332 extollere
2421 2277 2615 2333 solent
2659 2277 2937 2348 Archytae
2967 2277 3268 2332 Tarentini
3297 2276 3360 2343 (5)
3392 2278 3613 2334 dictum
3650 2277 3776 2348 phi-

2104 2366 2362 2439 losOplii,
2396 2366 2553 2439 quod
2586 2367 2658 2421 ad
2705 2367 2968 2422 villicum
3008 2383 3183 2421 suum
3236 2366 3451 2422 dixerit
3483 2383 3495 2423 :
3528 2366 3650 2423 Ote
3681 2369 3774 2423 in-

2107 2456 2361 2526 felicem,
2395 2472 2571 2528 quem
2599 2455 2964 2525 afﬂictarem,
2999 2456 3117 2510 nisi
3160 2455 3347 2511 iratus
3387 2455 3625 2512 essem!
3660 2457 3776 2513 Sed

2101 2544 2227 2617 jam
2271 2545 2456 2600 David
2505 2547 2563 2600 et
2608 2547 2887 2599 armatam
2928 2544 3230 2599 dexteram
3269 2545 3330 2599 in
3374 2545 3777 2618 indignatione

2110 2638 2546 2705 compresserat
2578 2633 2632 2696 (Ι
2657 2634 2800 2706 Reg.
2832 2650 2972 2704 xxv,
3019 2633 3125 2697 3‘2).
3158 2633 3230 2688 Et
3275 2638 3492 2705 quanto
3523 2635 3658 2705 plus
3689 2638 3784 2690 est

2108 2740 2226 2779 non
2259 2723 2697 2792 remaledicere,
2746 2739 2921 2794 quam
2965 2738 3083 2778 non
3110 2722 3451 2778 vindicare?
3482 2723 3554 2778 Et
3594 2724 3782 2779 bella-

2107 2816 2270 2869 tores
2306 2813 2598 2868 adversus
2620 2811 2808 2866 Nabal
2837 2812 2909 2866 ad
2941 2811 3225 2866 ultionem
3254 2814 3513 2883 paratos,
3545 2812 3781 2885 Abigail

2110 2902 2521 2973 deprecatione
2569 2903 2969 2956 revocaverat.
3024 2900 3192 2956 Unde
3238 2900 3600 2957 advertimus
3633 2905 3781 2957 tem-

2024 3039 2076 3103 ϐ
2109 2992 2359 3063 pestivis
2390 3006 2623 3063 quoque
2646 2990 3181 3045 intercessionibus
3203 3005 3322 3044 non
3354 2990 3547 3045 solum
3572 2990 3782 3046 cedere

2111 3097 2219 3103 η--
2282 3081 2381 3103 --.1
2421 3080 2585 3103 -12-...
2619 3079 2890 3103 ,1-1..-ι---ε
2932 3082 3195 3103 ΑᾏΑ-Δηη-
3250 3078 3330 3103 ΥΡ-
3363 3095 3552 3103 .-.....---
3595 3082 3780 3103 ---A.....

2110 3097 2243 3153 nos,
2280 3081 2385 3136 sed
2418 3080 2590 3135 etiam
2614 3079 2895 3135 delectari
2928 3082 3219 3150 oportere.
3250 3078 3334 3134 Eo
3363 3095 3555 3151 usque
3593 3082 3788 3134 autem

2111 3170 2436 3226 delectatus
2466 3172 2576 3239 est,
2601 3171 2663 3223 ut
2683 3168 3061 3224 benediceret
3090 3169 3597 3239 intervenientem,
3632 3169 3789 3243 quod

2111 3260 2183 3314 ab
2216 3258 2412 3314 studio
2443 3258 2719 3314 vindicta:
2750 3259 3064 3312 revocatus
3098 3256 3268 3313 foret.
3761 3303 3793 3330 ,

2181 3347 2270 3404 95.
2313 3348 2444 3403 Jam
2483 3347 2710 3402 dixerat
2738 3347 2810 3401 de
2855 3345 3112 3401 inimicis
3152 3345 3283 3401 suis
3318 3361 3330 3402 :
3370 3344 3650 3412 Quoniam
3681 3346 3789 3402 de-

2112 3437 2491 3493 clinaverunt
2539 3437 2601 3490 in
2651 3452 2744 3491 me
2791 3435 3188 3507 iniquitatem,
3225 3440 3285 3490 et
3312 3435 3375 3489 in
3415 3435 3510 3490 ira
3552 3435 3790 3490 molesti

2112 3534 2287 3584 erant
2315 3526 2463 3581 mibi
2493 3524 2674 3598 (Psal.
2699 3540 2813 3594 LIV,
2845 3525 2916 3597 4).
2945 3523 3269 3578 Audiamus
3300 3524 3571 3579 turbatus
3603 3524 3663 3578 in
3699 3522 3787 3578 ira

2110 3615 2253 3688 quid
2282 3615 2496 3670 dixerit
2520 3630 2533 3669 :
2572 3614 2717 3679 Quis
2746 3612 2914 3668 dabit
2943 3613 3111 3683 mibi,
3140 3628 3369 3683 pennas
3397 3613 3551 3667 sicut
3568 3611 3789 3668 colum-

2110 3705 2222 3776 liae,
2258 3711 2316 3760 et
2352 3703 2575 3773 volabo,
2616 3709 2675 3758 ct
2715 3702 3083 3775 requiescam
3117 3701 3285 3768 (Ibid.
3317 3701 3365 3776 7)
3388 3704 3416 3756 ?
3447 3701 3537 3756 Illi
3565 3702 3638 3756 ad
3667 3701 3791 3756 ira-

2113 3794 2388 3850 cundiam
2416 3791 2837 3864 provocabant,
2873 3790 2969 3845 hic
2999 3790 3478 3862 tranquillitatem
3509 3790 3788 3863 eligebat.

2182 3884 2272 3940 96.
2314 3883 2444 3939 Jam
2477 3882 2706 3937 dixerat
2745 3896 2756 3935 :
2791 3879 3153 3950 Irascimini,
3197 3885 3257 3935 et
3310 3879 3493 3935 nolite
3537 3895 3795 3951 peccare

2114 3973 2301 4045 (Psal.
2336 3990 2414 4041 1v,
2448 3972 2523 4044 5).
2574 3969 2816 4024 Moralis
2848 3968 3154 4041 magister,
3206 3968 3306 4040 qui
3336 3968 3661 4023 naturalem
3707 3967 3794 4022 af-

2116 4062 2335 4116 fectum
2363 4059 2781 4115 inﬂectendum
2814 4058 3006 4129 magis
3026 4057 3252 4112 ratione
3278 4057 3583 4125 doctrinm,
3617 4072 3796 4128 quam

2117 4151 2527 4222 extirpandum
2556 4153 2652 4217 27
2687 4150 2951 4215 noverat,
2991 4146 3236 4201 moralia
3280 4146 3493 4215 docet;
3534 4146 3647 4200 hoc
3677 4148 3796 4202 est.

2117 4232 2448 4287 lrascimini
2495 4231 2596 4287 ubi
2642 4232 2812 4303 culpa
2858 4234 2968 4300 est,
3022 4230 3118 4284 cui
3174 4230 3354 4285 irasci
3403 4229 3668 4285 debeatis
3703 4228 3793 4293 (6),

330 4336 408 4380 ne
438 4321 516 4379 sit
546 4321 681 4395 ejus
718 4324 819 4378 aut
846 4321 906 4377 in
935 4318 1212 4376 laudibus
1242 4315 1534 4387 exceptio,
1594 4319 1694 4371 aut
1739 4317 1800 4372 in
1846 4317 2006 4372 vitiis
2033 4337 2087 4399 Ι)
2118 4320 2253 4377 Non
2283 4324 2477 4393 potest
2521 4321 2677 4377 enim
2726 4320 2873 4389 ﬁeri,
2924 4323 2988 4374 ut
3034 4334 3152 4373 non
3192 4334 3385 4374 rerum
3447 4317 3795 4390 indignitate

315 4411 730 4487 exaggeratio.
746 4411 882 4468 Non
894 4408 1192 4465 mediocre
1215 4408 1309 4461 est
1321 4405 1592 4478 mitigare
1605 4405 1972 4461 iracundiam
1989 4424 2002 4464 :

393 4553 534 4625 (98).
557 4555 815 4640 Cic..lib.
850 4573 868 4639 ε
903 4552 1072 4610 omo.
1115 4549 1410 4676 pagi_363,
1444 4549 1545 4604 lin.
1583 4550 1756 4633 1.2:...
1794 4550 2006 4633 Probi-

393 4626 514 4676 tndn
549 4643 804 4676 minume
852 4643 958 4676 ira.
994 4647 1017 4674 »
1054 4627 1166 4676 etc.
1259 4636 1315 4676 lc
1353 4636 1532 4676 uorro
1574 4621 1825 4676 diSSidet
1853 4639 1886 4676 a
1914 4623 2006 4676 Cl-

321 4621 519 4684 benda
549 4630 804 4685 maxime
851 4627 958 4697 ira,
994 4647 1017 4674 »
1054 4621 1166 4679 etc.
1202 4621 1315 4676 Hic
1352 4636 1532 4697 porro
1560 4621 1825 4697 dissidet
1853 4639 1886 4677 a
1914 4623 2006 4697 Ci-

321 4712 539 4758 cerone
569 4704 776 4757 noster
805 4693 1192 4763 Ambrosius;
1232 4693 1711 4764 quandoquidem
1742 4693 1837 4747 ille
1886 4695 2004 4747 vir-

316 4770 500 4828 tutem
530 4788 696 4828 more
726 4770 1059 4826 Stoicorum
1107 4766 1167 4820 in
1200 4765 1517 4820 affectuum
1564 4764 1874 4832 vacuitate,
1907 4764 2003 4819 hic

317 4841 512 4901 autem
542 4860 620 4900 ex
648 4840 1121 4900 Christianorum
1143 4836 1312 4892 scitis
1331 4836 1394 4890 in
1418 4835 1819 4892 moderatione
1849 4850 1997 4890 con-

319 4914 687 5062 Sil(%lgt§.v°t.
737 4983 876 5041 ad“.
928 4996 997 5038 ac
1044 4995 1193 5036 mss.
1239 4977 1481 5051 aliquot,
1513 4977 1666 5034 mala
1709 4978 1865 5034 enim
1901 4977 2003 5033 lex

310 5068 751 5207 “(0883mm
791 5143 963 5198 mss.,
998 5120 1314 5181 affectione
1328 5121 1626 5195 propositi
1647 5122 1708 5177 in
1727 5127 1997 5177 naturam

399 5211 543 5263 ttat.

323 5223 780 5351 veégall‘lonnulli
809 5287 958 5351 mss.
992 5271 1049 5351 et
1077 5268 1214 5325 edit.
1247 5265 1382 5351 Gill.
1414 5265 1475 5320 in
1508 5279 1695 5336 marg.
1729 5280 1798 5319 ac
1822 5265 1995 5320 Rom.

318 5351 380 5409 in
399 5343 595 5417 corp"
628 5351 804 5417 atque
826 5344 1025 5417 evinci
1045 5357 1158 5417 non
1183 5343 1375 5417 queat.

409 5366 477 5405 co
558 5387 595 5417 .,
628 5364 804 5417 atque
826 5364 1022 5398 evniet
1045 5364 1158 5395 mm
1183 5364 1375 5413 quoue.

391 5364 683 5493 (mraom.
714 5414 852 5493 edit.
882 5413 1043 5493 sola,
1068 5410 1248 5493 Jacob
1289 5408 1444 5492 vide.
1487 5406 1713 5493 Quanta
1739 5408 1996 5493 primum

317 5480 766 5551 sedatioanimi.
788 5485 918 5539 Vet.
933 5484 1070 5540 edit.
1087 5481 1324 5553 etpauci
1342 5496 1517 5553 mss.,
1529 5481 1710 5553 Jacob
1739 5480 1872 5553 vide
1886 5496 1995 5553 qua

309 5566 569 5642 primum
589 5560 796 5619 sedato
817 5558 1071 5612 animum
1103 5569 1116 5610 :
1150 5551 1247 5609 alii
1280 5551 1566 5623 nonnulli,
1604 5551 1806 5608 Jacob.
1854 5551 1995 5606 Vide

2120 4425 2495 4466 moveamur:
2527 4409 2788 4481 alioquin
2818 4424 2937 4465 non
2958 4409 3167 4475 virtus,
3194 4407 3301 4462 sed
3331 4407 3614 4463 lentitudo
3637 4406 3705 4480 (Ἴ)
3740 4409 3805 4462 et

2121 4559 2333 4626 quanta
2359 4569 2372 4609 :
2392 4554 2665 4626 primum,
2701 4554 2836 4620 etc.;
2873 4550 3085 4626 caeteri
3123 4550 3377 4626 denique
3408 4550 3556 4603 utin
3605 4552 3797 4618 textu,

2118 4621 2237 4679 nisi
2267 4621 2422 4697 quod
2453 4640 2581 4696 pro,
2615 4640 2727 4695 qua
2762 4628 2839 4695 tu,
2873 4622 3079 4695 legunt
3123 4621 3325 4694 aliqui,
3372 4627 3622 4694 quanto:
3656 4637 3800 4692 per-

2159 4712 2340 4751 eram.

2118 4712 2428 4834 peagmv'et.
2463 4767 2598 4822 edit.
2641 4781 2709 4819 ac
2754 4780 2902 4820 mss.
2954 4763 3239 4832 nonnulli,
3271 4764 3334 4817 in
3370 4769 3426 4817 te
3458 4761 3795 4817 referatur.

2188 4840 2253 4902 (ὁ)
2297 4838 2402 4892 Val
2450 4838 2742 4892 Maximus
2790 4836 2994 4891 eadem
3038 4836 3218 4890 refert
3262 4835 3334 4890 de
3380 4834 3637 4904 Archyta
3687 4834 3799 4888 lib.

2116 4925 2195 4979 1v,
2231 4925 2358 4980 cap.
2381 4911 2430 4964 1.
2467 4910 2639 4980 Hunc
2669 4912 2862 4980 autem
2891 4907 3081 4962 fuisse
3105 4910 3336 4961 constat
3358 4906 3577 4980 Davide
3609 4904 3797 4959 multo

2114 4977 2547 5051 pesteriorem;
2580 4979 2715 5051 ejus
2745 4979 2900 5051 enim
2920 4980 3353 5051 praeceptorem
3396 4977 3796 5051 Pythagoram

2114 5047 2346 5107 vixisse
2375 5047 2795 5107 anno'demum
2834 5047 2974 5104 3389
3006 5047 3141 5119 post
3180 5048 3463 5103 mundum
3494 5047 3801 5101 conditum

2114 5124 2484 5179 communior
2528 5122 3035 5192 chronologorum
3054 5119 3363 5192 _calculus‘
3390 5119 3580 5192 sensit
3604 5133 3619 5184 ;
3661 5133 3803 5171 cum

2114 5193 2300 5267 David
2325 5195 2449 5267 jam
2479 5195 2615 5249 inde
2643 5194 2717 5247 ab
2749 5188 2902 5267 anno
2946 5189 3083 5267 2887
3131 5189 3415 5267 ﬂoruerit.
3446 5188 3802 5267 Alii-“tamen

2112 5265 2246 5319 aliis
2296 5259 2425 5321 hinc
2471 5267 2602 5335 ipsa
2647 5263 3065 5335 attribperunt,
3100 5266 3181 5335 _u_t
3223 5261 3496 5335 Laertius
3545 5259 3800 5328 Platoni,

2114 5335 2468 5392 Plutarchus
2495 5332 2776 5400 Charino,
2810 5332 3111 5386 Theanoni
3144 5332 3442 5387 Stobaeus.

2186 5408 2254 5477 (6)
2293 5408 2415 5463 Cic.
2449 5407 2550 5461 lib.
2588 5422 2603 5458 ι
2639 5404 2807 5457 Offic.
2842 5419 2978 5477 pag.
2997 5402 3122 5477 3:70,
3147 5403 3295 5457 lin.4
3323 5419 3334 5458 :
3360 5424 3382 5449 α
3408 5400 3801 5477 objurgatio—

2114 5474 2427 5534 nesetiam
2453 5491 2874 5545 nonnunquam
2898 5474 3161 5531 incidunt
3197 5475 3577 5545 necessariae,
3614 5475 3796 5545 εἰς.)

2185 5550 2254 5613 (7)
2295 5552 2428 5605 Ant.
2461 5548 2598 5604 edit.
2632 5542 2764 5601 cum
2795 5549 2956 5617 parte
2988 5561 3159 5616 mss.,
3192 5545 3301 5601 and
3334 5544 3600 5601 lenitudo
3624 5559 3635 5600 :
3656 5542 3797 5600 Gill.
