4128 6132
317 212 390 277 57

1229 215 1342 279 DE
1385 215 1746 282 OFFICIIS
1786 218 2401 290 MINISTRORUM
2444 227 2703 296 LIBER
2742 232 2792 294 Ι.

3659 234 3741 307 58

316 412 575 469 remissio
597 411 917 485 judicatur.
951 414 1285 472 Irascimiui
1322 433 1467 492 ergo
1497 419 1596 489 ita,
1630 423 1694 476 ut
1720 436 1755 477 a
1785 422 1958 494 culpa
1990 406 2049 469 Α
2078 426 2251 497 atque
2276 426 2543 500 justitiae.
2582 434 2646 490 In
2675 438 2924 509 utroque
2948 440 3326 513 servandum,
3351 459 3424 499 ne
3443 444 3522 500 sit
3541 445 3736 520 aliqua

313 502 661 558 abstineatis.
696 504 802 559 Vel
830 504 950 561 sic:
986 505 1048 562 Si
1077 507 1424 578 irascimini,
1461 509 1639 565 nolite
1688 527 1958 582 peccare,

314 590 411 646 sed
440 591 652 647 vincite
702 593 930 649 ratione
976 588 1361 651 iracundiam.
1397 597 1504 652 Vel
1536 602 1693 654 certe
1742 601 1866 655 sic:
1899 601 1963 657 Si

312 680 641 747 irascimini,
675 682 852 737 vobis
882 683 1249 755 irascamini,
1288 686 1426 756 quia
1466 688 1742 742 commoti
1790 690 1960 758 estis,

311 771 361 824 et
397 784 513 823 non
562 770 909 840 peccabitis.
954 771 1065 837 Qui
1113 774 1272 827 enim
1312 774 1430 829 sibi
1477 775 1775 846 irascitur,
1828 779 1964 849 quia

312 857 414 913 cito
444 863 773 915 commotus
806 863 916 930 est,
941 861 1160 915 decinit
1182 862 1360 917 irasci
1395 863 1595 920 alteri:
1641 866 1743 937 qui
1773 871 1968 922 autem

309 946 419 1001 vult
448 948 595 1002 iram
624 964 796 1003 suam
820 948 1045 1020 justam
1062 951 1333 1021 probare,
1379 952 1516 1023 plus
1546 953 1960 1028 inflammatur,

309 1039 358 1089 et
378 1037 490 1091 cito
514 1038 575 1090 in
599 1037 832 1108 culpam
853 1039 1026 1093 cadit.
1065 1039 1273 1095 Melior
1294 1043 1387 1095 est
1416 1043 1611 1097 autem
1634 1045 1964 1100 secundum

313 1123 674 1181 Salomonem
712 1126 920 1195 (Prov.
955 1145 1079 1199 XVI,
1123 1126 1236 1198 32),
1270 1130 1370 1201 qui
1398 1131 1764 1187 iracundiam
1787 1134 1967 1188 conti-

309 1217 412 1284 net,
446 1231 624 1286 quam
665 1216 765 1289 qui
812 1217 1020 1273 urbem
1051 1217 1242 1290 capit;
1275 1218 1411 1291 quia
1439 1220 1527 1274 ira
1560 1221 1732 1275 etiam
1777 1221 1962 1279 fortes

311 1302 530 1374 decipit.

368 1392 452 1447 9'7.
485 1392 712 1450 Cavere
734 1394 916 1467 igitur
950 1396 1258 1467 debemus,
1292 1413 1365 1452 ne
1394 1398 1456 1452 in
1483 1399 1959 1469 perturbationes

308 1481 461 1550 prius
490 1483 847 1552 incidamus,
874 1501 1048 1556 quam
1076 1486 1307 1541 animos
1339 1490 1578 1542 uestros
1612 1489 1762 1544 ratio
1796 1506 1961 1544 com-

307 1574 505 1641 ponat;
530 1573 828 1628 examinat
849 1574 1006 1628 enim
1045 1577 1297 1630 mentem
1339 1576 1686 1648 plerumque
1721 1582 1819 1633 aut
1850 1579 1958 1652 ira,

304 1662 392 1712 aut
419 1660 612 1730 dolor,
644 1666 743 1716 aut
781 1662 1033 1717 formido
1084 1665 1312 1733 mortis,
1347 1668 1403 1719 et
1447 1666 1773 1737 improviso
1820 1684 1960 1738 per-

305 1748 450 1805 cellit
468 1749 613 1804 ictu.
632 1750 768 1805 Ideo
792 1752 1120 1822 praevenire
1137 1753 1450 1823 pulchrum
1471 1736 1564 1809 eet
1582 1736 1955 1829 cogitatione,
1989 1736 2043 1798 Β

302 1853 423 1907 quae
450 1838 750 1894 volvendo
782 1844 1037 1895 mentem
1059 1845 1360 1898 everceat:
1397 1859 1470 1898 ne
1492 1845 1820 1915 repentinis
1856 1862 1958 1901 ex-

299 1926 494 1982 citetur
521 1930 1041 1999 commotionibus,
1076 1931 1184 1986 sed
1210 1930 1360 2003 jugo
1384 1932 1681 2004 quoddam
1703 1935 1959 1991 rationis

298 2018 348 2069 et
373 2014 623 2072 habenis
654 2018 896 2073 astricta
924 2019 1214 2076 mitescat.

883 2124 1155 2182 CAPUT.
1186 2127 1372 2183 XXII.

306 2229 396 2306 De
410 2230 910 2306 cogitationibus,
924 2239 983 2287 et
1001 2235 1263 2306 appetitu
1277 2255 1293 2289 :
1324 2235 1515 2306 deque
1536 2235 1751 2291 decoro
1762 2252 1979 2293 sermo-

338 2302 425 2355 nis
444 2303 507 2355 in
539 2302 1112 2359 confabulatione'a'c
1139 2302 1572 2377 disceptatione
1610 2309 1939 2364 servando.

370 2408 451 2463 98.
483 2409 644 2464 Sunt
672 2413 868 2465 autem
916 2411 1138 2483 gemini
1170 2415 1386 2482 motus,
1435 2413 1549 2467 hoc
1578 2417 1689 2483 est,
1743 2415 1972 2487 cogita-

310 2498 521 2553 tionum
572 2502 629 2553 et
661 2500 956 2570 appetitus
980 2501 1086 2570 (8):
1129 2500 1297 2556 alteri
1321 2503 1764 2574 cogitationum,
1803 2504 1974 2565 alteri

301 2588 622 2656 appetitus:
657 2604 777 2643 non
808 2589 1063 2656 confusi,
1118 2590 1224 2644 sed
1278 2590 1522 2646 discreti
1568 2595 1623 2646 et
1676 2592 1969 2663 dispares-

299 2673 699 2747 Cogitationes
727 2693 935 2732 verum
957 2680 1292 2750 exquirere,
1320 2684 1375 2736 et
1399 2680 1571 2751 quasi
1593 2681 1850 2735 emolere
1882 2680 1959 2753 (9)

302 2766 556 2820 muneris
577 2766 826 2821 habent:
852 2769 1145 2839 appetitus
1176 2769 1248 2823 ad
1274 2769 1494 2841 aliquid
1515 2769 1763 2840 impellit
1790 2785 1972 2842 agen-

298 2852 420 2908 dum
450 2858 628 2927 atque
662 2856 895 2910 excitat.
940 2858 1138 2928 Itaque
1161 2858 1292 2928 ipso
1319 2874 1539 2930 genere
1574 2862 1803 2914 natura
1826 2856 1957 2915 suae

300 2946 349 2996 et
368 2943 761 3016 cogitationes
775 2947 1257 3017 tranquillitatem
1273 2948 1601 3002 sedationis
1621 2948 1958 3018 infundunt,

2075 519 2474 607 perturbatio:
2527 524 2635 579 sed
2680 528 2955 597 tanquam
3002 530 3161 586 mitis
3217 534 3273 585 et
3332 519 3654 607 placidusp
3682 539 3740 592 et

2073 604 2503 667 benevolentiae
2524 612 2737 683 plenus
2758 619 2814 669 et
2830 617 3057 687 gratiae,
3098 619 3228 675 sine
3247 620 3364 676 ulla
3396 639 3594 679 sermo
3608 604 3737 681 Vdu-

2071 698 2238 751 catur
2267 702 2638 757 contumelia.
2674 704 2845 757 Absit
2875 706 3146 774 pertinax
3195 708 3256 763 in
3284 708 3557 766 familiari
3606 729 3735 768 ser-

2066 799 2238 840 mone
2270 790 2597 860 contentio;
2639 793 3003 862 quaestiones
3034 797 3192 850 enim
3238 800 3430 871 magis
3463 801 3722 857 excitare

2068 872 2297 946 inanes,
2322 892 2496 948 quam
2520 880 2786 935 utilitatis
2826 882 3048 954 aliquid
3070 883 3283 941 afferre
3326 888 3498 943 solet.
3533 889 3738 947 Disce-

2068 963 2246 1032 ptatio
2270 965 2399 1021 sine
2418 967 2523 1037 ira,
2547 970 2810 1025 suavitas
2828 971 2958 1027 sine
2976 974 3362 1030 amaritudine
3376 977 3473 1046 sit,
3493 979 3734 1035 monitio

2070 1052 2199 1107 sine
2221 1056 2557 1127 asperitate,
2585 1058 2836 1115 hortatio
2859 1062 2989 1116 sine
3011 1061 3359 1119 offensione.
3386 1064 3458 1120 Et
3489 1067 3646 1121 sicut
3675 1069 3736 1123 in

2070 1142 2228 1195 omni
2274 1147 2407 1198 actu
2450 1146 2587 1201 vitae
2634 1148 2694 1202 id
2739 1165 2949 1204 cavere
2981 1150 3288 1223 debemus,
3322 1170 3396 1209 ne
3445 1155 3733 1210 rationem

2068 1230 2286 1286 nimius
2307 1233 2484 1289 animi
2503 1239 2696 1292 motus
2720 1238 3015 1309 excludat,
3048 1241 3155 1295 sed
3190 1244 3496 1297 teneamus
3529 1244 3733 1299 consi-

2066 1319 2134 1373 lii
2165 1321 2392 1378 locum:
2427 1325 2504 1378 ita
2536 1327 2709 1379 etiam
2740 1327 2802 1381 in
2831 1344 3107 1384 sermone
3138 1329 3455 1385 formulam
3488 1348 3618 1387 eam
3646 1336 3737 1389 te-

2067 1410 2196 1464 neri
2227 1412 2521 1483 convenit,
2554 1430 2628 1469 ne
2662 1418 2760 1470 aut
2789 1416 2874 1470 ira
2905 1418 3213 1487 excitetur,
3245 1422 3343 1474 aut
3375 1420 3593 1492 odium,
3638 1424 3738 1477 aut

2070 1500 2405 1570 cupiditatis
2437 1505 2682 1575 nostrae,
2708 1508 2808 1560 aut
2827 1506 3080 1579 ignaviae
3102 1508 3300 1580 aliqua
3329 1510 3733 1579 exprimamus

2068 1587 2305 1644 indicia.

2144 1678 2266 1733 100.
2301 1678 2388 1735 Sit
2433 1666 2853 1753 igitur'sermo
2902 1684 3247 1756 hujusmodi
3293 1687 3365 1743 de
3408 1687 3731 1759 Scripturis

2075 1768 2347 1823 maxime.
2372 1768 2521 1834 Quid
2550 1771 2706 1825 enim
2728 1773 2921 1844 magis
2952 1789 3063 1828 nos
3094 1779 3321 1844 oportet
3349 1776 3532 1849 loqui,
3558 1795 3734 1850 quam

2075 1855 2147 1911 de
2171 1860 2621 1915 conversatione
2653 1861 2888 1931 optima;
2926 1862 3330 1919 adhortatione
3364 1866 3736 1923 observatio-

2074 1946 2190 2016 nis,
2211 1947 2543 2019 disciplinaa
2559 1951 2847 2005 custodia.
2865 1951 3091 2007 Habeat
3107 1956 3281 2023 caput
3302 1953 3436 2026 ejus
3450 1956 3737 2012 rationem

2075 2036 2131 2088 et
2148 2035 2283 2090 finis
2307 2037 2542 2092 modum
2560 2039 2692 2109 (11).
2726 2038 2932 2095 Sermo
2951 2042 3106 2096 enim
3137 2042 3425 2098 taedosius
3452 2044 3598 2099 iram
3627 2061 3737 2100 ex-

2076 2122 2231 2178 citat.
2252 2123 2436 2190 Quam
2456 2142 2599 2182 vero
2636 2128 3002 2199 indecorum,
3036 2132 3101 2184 ut
3140 2146 3273 2186 cum
3310 2133 3502 2187 omnis
3536 2133 3737 2188 confa-

2074 2212 2295 2268 bulatio
2325 2214 2543 2270 habere
2573 2216 2761 2271 soleat
2803 2217 3228 2273 incrementum
3256 2221 3485 2292 gratim,
3525 2222 3738 2277 habeat

2078 2317 2313 2357 naevum
2337 2302 2704 2359 offensionis.

2149 2390 2271 2445 101.
2307 2392 2614 2449 Tractatus
2653 2409 2887 2466 quoque
2919 2396 2991 2451 de
3030 2396 3296 2451 doctrina
3323 2397 3482 2469 fidei,
3515 2399 3589 2454 de
3617 2414 3740 2454 ma-
3774 2410 3781 2417 °

2076 2479 2324 2551 gisterio
2384 2483 2778 2549 continentiae,
2848 2484 2920 2539 de
2988 2485 3413 2557 disceptatione
3462 2487 3735 2560 iustitiae.

2076 2568 2481 2626 adhortatione
2512 2572 2856 2646 diligentiae,
2899 2590 3016 2630 non
3048 2591 3204 2630 unus
3235 2592 3490 2649 semper,
3538 2578 3647 2633 sed
3676 2580 3740 2633 ut

2076 2673 2143 2712 se
2167 2658 2603 2730 dederitlectio,
2629 2662 2803 2717 nobis
2840 2666 2895 2717 et
2929 2663 3304 2735 arripiendus
3335 2669 3445 2735 est,
3472 2668 3529 2721 et
3565 2669 3741 2737 prout

2075 2762 2421 2820 possumus,
2446 2752 2901 2823 prosequendus
2924 2768 2937 2807 :
2970 2769 3163 2825 neque
3181 2754 3423 2809 nimium
3445 2755 3737 2826 prolixus,

2078 2852 2268 2907 neque
2301 2839 2415 2894 cito
2445 2840 2848 2911 interruptus;
2900 2857 2973 2896 ne
3001 2842 3097 2896 vel
3131 2842 3433 2899 fastidium
3471 2843 3732 2898 derelin-

2078 2930 2236 2997 quat,
2270 2928 2364 2982 vel
2395 2929 2685 2984 desidiam
2717 2931 2922 3000 prodat
2963 2934 3137 3003 atque
3181 2932 3490 2988 incuriam.
3539 2932 3738 2988 Oratio

301 3037 351 3087 et
377 3038 671 3105 appetitus
706 3038 927 3092 motum
955 3036 1172 3109 agendi
1202 3037 1442 3091 excutit.
1483 3037 1561 3090 Ita
1597 3052 1742 3109 ergo
1774 3036 1963 3091 infor-

2078 3032 2242 3086 pura,
2301 3018 2577 3088 simplex,
2637 3019 2912 3091 dilucida,
2966 3023 3139 3091 atque
3188 3020 3521 3090 manifesta,
3564 3020 3739 3092 plena

301 3125 430 3177 mati
471 3126 690 3191 simus,
740 3130 800 3179 ut
857 3124 1146 3181 bonarum
1192 3140 1391 3179 rerum
1440 3126 1652 3180 subeat
1703 3126 1962 3180 animum

306 3213 611 3284 cogitatio:
648 3215 942 3285 appetitus
984 3213 1195 3268 rationi
1230 3213 1594 3284 obtemperet
1625 3214 1703 3284 (si
1732 3230 1873 3270 vere
1901 3217 1965 3269 ut

303 3300 431 3357 illud
458 3304 749 3358 decorum
793 3303 1218 3371 custodiamus,
1264 3303 1523 3358 animum
1571 3303 1848 3358 volumus
1877 3304 1965 3357 in-

300 3390 550 3463 tendere)
583 3408 661 3446 ne
686 3392 973 3447 rationem
995 3392 1271 3447 excludat
1293 3392 1378 3446 rei
1399 3391 1658 3465 alicujus
1671 3390 1921 3447 affectus
1948 3408 1961 3447 :

303 3480 397 3534 sed
423 3482 572 3536 ratio
595 3482 739 3553 quid
768 3481 1067 3537 honestati
1095 3480 1427 3551 conveniat,
1447 3481 1764 3536 examinet.

362 3583 442 3640 99.
496 3585 571 3641 Et
620 3586 899 3657 quoniam
938 3586 1010 3640 ad
1062 3584 1577 3639 conservationem
1629 3587 1833 3645 decori
1867 3582 1965 3648 28

302 3680 560 3743 spectare
585 3675 845 3730 diximus
866 3675 999 3744 (sO),
1022 3676 1084 3729 ut
1114 3674 1375 3728 sciamus
1406 3674 1466 3728 in
1497 3674 1668 3731 factis
1714 3679 1965 3737 dictisve

302 3764 421 3834 quis
452 3765 670 3819 modus
697 3781 710 3820 :
744 3764 909 3835 prior
937 3766 1132 3819 autem
1165 3764 1310 3818 ordo
1355 3763 1637 3834 loquendi
1677 3783 1852 3837 quam
1881 3770 1965 3825 fa-

303 3852 479 3908 ciendi
503 3857 634 3924 est,
666 3869 865 3908 sermo
899 3853 957 3907 in
988 3853 1104 3907 duo
1153 3852 1455 3922 dividitur,
1488 3854 1549 3907 in
1600 3855 1965 3929 colloquium

298 3939 596 4013 familiare,
621 3942 758 3997 etin
799 3944 1130 4012 tractatum,
1171 3941 1779 4016 disceptationemque
1823 3947 1961 4003 fidei

297 4084 351 4158 i_n
376 4101 562 4158 marg.
598 4102 688 4140 ac.
727 4086 895 4141 Rom.
934 4085 1003 4158 in
1049 4087 1232 4158 textu,
1272 4100 1424 4158 _cum_
1442 4084 1575 4158 altis
1630 4102 1799 4158 mss.,
1852 4090 1963 4144 sed

297 4154 612 4213 lentitudo:
655 4157 1053 4228 commodius;
1085 4155 1214 4211 haec
1232 4155 1527 4227 siquidem
1548 4157 1609 4210 in
1636 4154 1797 4213 vitiis
1823 4164 1915 4215 est
1941 4177 1953 4217 :

298 4230 349 4280 at
376 4244 489 4283 non
522 4229 658 4283 alia.

364 4299 436 4368 (8)
466 4300 595 4355 Cic.
628 4300 731 4354 lib.
766 4318 805 4366 ι,
839 4316 972 4371 pag.
1025 4299 1149 4366 369,
1181 4299 1282 4354 lin.
1319 4297 1418 4352 19:
1463 4318 1496 4371 _«
1531 4298 1726 4371 Motus
1759 4304 1954 4357 autem

300 4348 1107 4442 animorum-duplicrescsunt,
1136 4348 1308 4425 alteri
1341 4368 1738 4442 cogitationis,
1785 4374 1953 4429 alteri
1982 4348 2036 4409 D

301 4443 605 4522 appetitus,
644 4446 814 4522 rete.
861 4516 870 4522 ,
984 4519 992 4522 _
1177 4515 1187 4522 ,
1350 4512 1384 4522 ..
1435 4511 1446 4522 .

364 4513 435 4577 (9)
468 4514 620 4568 Mss.
654 4514 894 4584 aliquot.
935 4519 992 4568 ct
1012 4515 1187 4584 quasi
1210 4512 1464 4584 emoliri.

362 4584 471 4653 (10)
501 4583 626 4639 Cic.
660 4580 817 4658 Iibll
850 4580 1177 4658 Ofﬁcfpag.
1211 4583 1334 4658 369.
1369 4580 1592 4658 lin_.2_3:
1642 4607 1664 4630 α
1708 4584 1779 4658 _Et
1809 4602 1955 4658 quo-

299 4653 444 4727 piam
474 4671 691 4727 magna
737 4655 831 4727 vis
865 4653 1218 4710 orationis.»
1274 4657 1384 4709 etc.
1436 4653 1594 4727 infra
1645 4653 1951 4713 etiam—lin.

291 4721 388 4798 39:
426 4721 893 4798 -_Sit'igiturhic
923 4742 1141 4796 sermo,
1181 4727 1239 4780 in
1276 4742 1392 4796 quo
1429 4723 1716 4798 Socratici
1748 4729 1946 4783 excel-

296 4793 431 4862 lunt,
463 4793 689 4864 lenisf»
734 4800 845 4851 etc.
874 4798 1017 4852 Item
1052 4793 1153 4852 lin.
1197 4793 1313 4853 4οἷ
1350 4818 1373 4846 «
1428 4794 1544 4849 Sed
1583 4798 1860 4867 quoniam
1893 4801 1954 4854 in

299 4868 448 4919 omni
485 4868 622 4935 vita,
648 4880 675 4918 ι’
706 4874 818 4922 etc.
864 4868 1219 4923 Universum
1255 4871 1450 4922 autem
1474 4869 1825 4923 concionum
1856 4886 1953 4924 ec-

300 4936 759 5010 clesiasticarum
778 4940 1075 4994 materiam
1101 4941 1334 4994 duobus
1363 4937 1645 5010 membris
1679 4955 1950 5010 compre-

298 5005 537 5079 hensam
590 5011 863 5079 preponit
905 5011 1295 5079 Ambrosius;
1344 5012 1443 5063 aut
1488 5009 1646 5062 enim
1694 5025 1759 5064 ea
1794 5005 1953 5066 circa

298 5077 461 5133 fidem
491 5077 784 5147 versatur,
819 5083 917 5135 aut
947 5082 1103 5135 circa
1135 5077 1333 5135 mores
1366 5081 1493 5135 sive
1540 5081 1793 5136 morales
1827 5083 1952 5136 vir-

297 5151 475 5222 tutes:
506 5151 615 5205 has
645 5155 840 5205 autem
869 5152 980 5206 sub
1008 5152 1259 5222 justitia,
1293 5153 1507 5207 virtute
1539 5151 1768 5206 scilicet
1815 5155 1951 5207 uni-

296 5221 529 5304 versali,
555 5222 980 5304 complectitur.
1001 5221 1099 5304 Sic
1120 5221 1250 5304 ipse
1268 5223 1549 5278 Christus
1572 5222 1643 5302 ad
1666 5223 1952 5304 cannem

298 5289 630 5360 Baptistam,
659 5289 902 5366 Oportet
924 5309 1030 5349 nos
1051 5289 1300 5366 implere
1318 5308 1544 5349 omnem
1555 5292 1876 5366 justitiam,
1895 5295 1953 5349 id

298 5366 400 5435 est,
420 5379 665 5435 omnem
688 5364 1001 5432 virtutem;
1052 5369 1112 5420 et
1130 5364 1386 5419 sanctus
1430 5364 1653 5435 praesul
1686 5365 1952 5420 eamdem

296 5429 576 5507 justitiam
598 5435 935 5506 generalem
958 5429 1110 5489 infra
1133 5438 1306 5507 quasi
1330 5437 1388 5489 in
1411 5429 1649 5506 propria
1685 5436 1952 5491 membra

300 5502 626 5576 distribuit;
644 5506 948 5560 minimum
990 5508 1050 5560 in
1086 5502 1685 5576 continentiam—qum
1734 5508 1808 5561 ad
1838 5523 1951 5562 nos

300 5572 479 5645 ipsos,
514 5577 573 5630 in
598 5576 888 5648 justitiam
917 5577 1332 5650 particularem
1350 5595 1483 5652 quae
1501 5572 1948 5652 adproximum,

2078 3105 2386 3176 gravitatis
2416 3110 2473 3161 et
2503 3108 2784 3180 ponderis
2810 3124 2823 3167 :
2855 3123 2974 3166 non
3003 3108 3270 3165 affectata
3295 3109 3607 3182 elegantia,
3628 3109 3737 3164 sed

2076 3209 2197 3249 non
2224 3194 2565 3253 intermissa
2602 3199 2813 3269 gratia.

2657 3306 2908 3363 CAPUT
2938 3308 3151 3364 XXIII.

2071 3416 2243 3474 Jocos
2262 3418 2381 3472 etsi
2401 3430 2805 3488 nonnunquam
2826 3415 3064 3470 honesti
3082 3415 3226 3488 sint,
3250 3423 3444 3488 tamen
3471 3415 3534 3470 in
3556 3416 3740 3471 eccle-

2140 3490 2410 3544 siasticis
2436 3488 2589 3542 viris
2607 3486 2839 3543 omnino
2866 3486 3361 3557 proscribendos:
3396 3502 3595 3543 vocem
3632 3504 3737 3544 au-

2141 3566 2257 3615 tem
2269 3576 2478 3631 puram
2496 3575 2563 3613 ac
2579 3558 2904 3629 simplicem
2927 3574 3063 3613 esse
3083 3563 3378 3629 oportere.

2141 3665 2263 3722 102.
2288 3667 2467 3721 Multa
2488 3669 2771 3737 praeterea
2796 3665 2867 3720 de
2891 3666 3115 3720 ratione
3148 3665 3383 3720 dicendi
3416 3666 3555 3721 dant
3576 3683 3733 3737 pree-

2066 3759 2232 3827 cepta
2263 3756 2586 3811 saeculares
2616 3755 2730 3809 viri
2760 3753 2896 3826 (12),
2932 3771 3066 3825 quae
3111 3755 3286 3810 nobis
3317 3747 3727 3828 praetereunda

2064 3858 2339 3926 arbitror,
2396 3860 2461 3911 ut
2516 3857 2588 3912 de
2630 3857 2871 3928 jocandi
2920 3851 3237 3927 disciplina
3278 3855 3414 3926 (13).
3452 3845 3547 3910 29
3582 3854 3733 3913 Nam

2062 3948 2201 4003 licet
2235 3946 2529 4001 interdum
2574 3947 2824 4002 honesta
2852 3945 2993 4019 joca
3015 3961 3085 4000 ac
3127 3945 3335 4000 suavia
3367 3944 3505 4015 sint,
3537 3946 3735 4000 tamen

2064 4092 2319 4170 denique
2347 4092 2408 4146 in
2439 4091 2805 4170 diligentiam
2823 4106 2956 4170 quae
2966 4088 3341 4170 inaximepd
3373 4088 3479 4170 Dei
3511 4087 3729 4170 cultum

2062 4159 2241 4235 atque
2268 4159 2621 4234 obsequiu‘m
2656 4159 2924 4232 pertinet.
2960 4159 3127 4225 Quod
3163 4162 3359 4235 autem
3380 4159 3583 4235 subdit
3610 4174 3730 4235 non

2061 4230 2245 4290 unum
2264 4230 2748 4312 tractatum_es_se
2773 4235 3066 4312 oportere,
3096 4231 3411 4312 sed‘pr‘out
3447 4245 3513 4285 se
3543 4230 3729 4312 dede-

2063 4307 2139 4361 rit
2184 4309 2422 4377 peracta
2460 4306 2520 4359 in
2557 4302 2847 4359 Ecclesiae
2885 4305 3179 4358 conventu
3210 4302 3404 4370 lectio,
3439 4302 3733 4423 arrigiien-

2066 4377 2202 4423 dum
2225 4393 2237 4423 ε
2258 4376 2770 4423 nrmcinitmiidem
2786 4375 2957 4423 aliter
2968 4388 3303 4423 sermonem
3322 4388 3454 4423 cum
3471 4387 3530 4423 ω
3589 4385 3733 4423 crm«

2066 4371 2205 4432 dum
2225 4393 2239 4441 ;
2258 4376 2524 4446 praecipit
2537 4376 2776 4452 quidem
2786 4375 3309 4452 aliter_s_ermonem
3322 4388 3454 4452 cum
3471 4371 3736 4452 in-Scrip:

2066 4439 2285 4521 turade
2309 4439 2664 4521 continentia
2683 4446 2897 4521 agitur,
2922 4445 3092 4521 aliter
3110 4460 3243 4497 cum
3278 4443 3349 4496 de
3375 4439 3608 4521 iustitia
3637 4439 3731 4497 vel

2067 4520 2138 4574 de
2156 4520 2367 4589 pietate
2404 4512 2858 4594 instituendum:
2885 4512 3022 4594 non
3058 4518 3251 4594 tamen
3291 4512 3732 4594 meditationem

2062 4585 2174 4645 seu
2204 4589 2691 4664 praeparationem
2722 4589 2982 4641 removet
3009 4600 3031 4664 ;_
3071 4585 3187 4664 imo
3232 4585 3429 4653 potius
3461 4596 3590 4664 eam
3632 4596 3733 4664 re-

2057 4651 2255 4732 quiri't,
2288 4651 2389 4715 ubi
2433 4661 2975 4732 orationemaaquo
3014 4651 3355 4732 breviorem
3394 4654 3610 4732 vetans
3628 4651 3730 4707 fie-

2052 4723 2124 4801 ri,
2147 4723 2579 4806 causam‘han‘c
2620 4728 2830 4806 reddit,
2868 4723 2957 4806 ne_
2989 4723 3515 4806 dBS‘idialqu'Odﬂt
3552 4728 3731 4794 atque

2052 4795 2365 4858 incuriam.
2391 4802 2508 4858 Sed
2531 4800 2681 4855 forte
2704 4799 2915 4853 iterum
2944 4797 3055 4851 hac
3079 4796 3151 4851 de
3173 4810 3237 4850 re
3260 4795 3496 4850 dicendi
3518 4809 3730 4849 nasce-

2050 4874 2355 4929 turlocus.
3732 4908 3737 4911 .

2124 4942 2554 5013 (tl)lbid.,1in.
2578 4941 2675 4996 49:
2719 4962 2755 5013 «_
2788 4940 2860 4994 Et
2901 4941 2964 4994 ut
2998 4936 3319 5009 incipiendi
3339 4936 3488 4993 ratio
3526 4935 3725 5003 fuerit,

2049 5011 2134 5069 ita
2164 5016 2243 5069 sit
2280 5013 2589 5069 desinendi
2626 5011 2859 5066 modus.
2907 5031 2930 5061 »

2124 5084 2240 5155 (12)
2260 5084 2469 5154 Supra,
2492 5084 2595 5152 lin,
2621 5081 2716 5138 25:
2748 5106 2768 5132 ι
2814 5080 3225 5138 Contentionis
3244 5080 3540 5151 praecepta
3567 5077 3731 5133 Rhe-

2050 5154 2817 5232 totumsuntm91t9.-*e£c-
2932 5224 2955 5232 -
3040 5224 3056 5232 -
3218 5224 3227 5232 .
3416 5219 3486 5232 ..
3690 5220 3725 5232 ..

2116 5228 2230 5297 (13)
2255 5227 2399 5297 Pag.
2420 5224 2545 5294 365,
2580 5226 2682 5280 lin.
2710 5223 2808 5280 i3:
2860 5245 2884 5273 σι
2932 5224 3108 5297 imdp
3135 5224 3331 5276 autem
3345 5222 3441 5297 Aet
3462 5222 3604 5291 joco
3643 5222 3729 5297 uti

2055 5284 2174 5375 illis
2212 5284 2455 5375 quidam
2494 5284 2650 5375 licet,
2683 5319 2722 5375 Δ»ν
2766 5298 2877 5375 etc.
3044 5288 3311 5375 Thomas.
3338 5284 3485 5375 2-9,:
3510 5294 3725 5375 q‘uwst‘.

2060 5367 2182 5433 168,
2221 5361 2329 5422 art.
2368 5366 2421 5437 2,
2460 5369 2533 5422 ad
2572 5361 3192 5437 lfAmbrosiiverbis
3233 5363 3377 5437 nihil
3404 5361 3564 5416 aliud
3604 5361 3729 5437 vult

2058 5430 2418 5516 significari,
2433 5439 2549 5516 nisi
2566 5438 2740 5509 jocos
2754 5436 3108 5516 Christianis
3128 5434 3464 5516 oratoribus
3510 5430 3725 5516 popuio

2055 5503 2287 5563 sacram
2319 5503 2645 5563 doctrinam
2677 5507 3112 5579 exponentibus
3140 5503 3521 5579 abjiciendos
3545 5513 3716 5579 esse.

2057 5582 2131 5637 At
2149 5581 2306 5638 bona
2323 5596 2460 5637 cum
2474 5580 2646 5635 venia
2666 5570 2809 5641 tanti
2826 5578 3109 5648 doctorie,
3127 5570 3302 5651 jocos
3329 5575 3402 5630 ab
3437 5570 3723 5645 ecclesia:
