  <div class='ocr_page' id='page_1' title='image "/cluster/home/n/w/nwhite01/storage/ocr_20150623/16/hvd.32044096580444/036.png"; bbox 0 0 4128 6132; ppageno 0'>
   <div class='ocr_carea' id='block_1_1' title="bbox 300 218 3747 321">
    <p class='ocr_par' dir='ltr' id='par_1_1' title="bbox 300 218 3747 321">
     <span class='ocr_line' id='line_1_1' title="bbox 300 218 3747 321; baseline 0.01 -35"><span class='ocrx_word' id='word_1_1' title='bbox 300 233 367 296; x_wconf 75' lang='lat'>61</span> <span class='ocrx_word' id='word_1_2' title='bbox 1215 234 1327 296; x_wconf 91' lang='lat' dir='ltr'>DE</span> <span class='ocrx_word' id='word_1_3' title='bbox 1371 233 2385 305; x_wconf 84' lang='lat' dir='ltr'>OFFICIISMINISTRORUM</span> <span class='ocrx_word' id='word_1_4' title='bbox 2431 242 2687 308; x_wconf 83' lang='lat' dir='ltr'>LIBER</span> <span class='ocrx_word' id='word_1_5' title='bbox 2728 246 2778 308; x_wconf 90' lang='grc' dir='ltr'>ι.</span> <span class='ocrx_word' id='word_1_6' title='bbox 3150 218 3157 229; x_wconf 78' lang='grc'><strong>’</strong></span> <span class='ocrx_word' id='word_1_7' title='bbox 3662 255 3747 321; x_wconf 84' lang='lat'>62</span> 
     </span>
    </p>
   </div>
   <div class='ocr_carea' id='block_1_2' title="bbox 364 433 3736 538">
    <p class='ocr_par' dir='ltr' id='par_1_2' title="bbox 364 433 3736 538">
     <span class='ocr_line' id='line_1_2' title="bbox 364 433 3736 538; baseline 0.008 -44"><span class='ocrx_word' id='word_1_8' title='bbox 364 439 471 494; x_wconf 83' lang='lat'><strong>110.</strong></span> <span class='ocrx_word' id='word_1_9' title='bbox 502 439 756 495; x_wconf 77' lang='lat' dir='ltr'>Advorte</span> <span class='ocrx_word' id='word_1_10' title='bbox 775 440 1093 495; x_wconf 90' lang='lat' dir='ltr'>convenire</span> <span class='ocrx_word' id='word_1_11' title='bbox 1115 441 1331 496; x_wconf 85' lang='lat' dir='ltr'>omnia.</span> <span class='ocrx_word' id='word_1_12' title='bbox 1351 441 1659 513; x_wconf 84' lang='lat' dir='ltr'>Appetitas</span> <span class='ocrx_word' id='word_1_13' title='bbox 1693 460 1810 499; x_wconf 91' lang='lat' dir='ltr'>non</span> <span class='ocrx_word' id='word_1_14' title='bbox 1841 445 1947 501; x_wconf 92' lang='lat' dir='ltr'>de-</span> <span class='ocrx_word' id='word_1_15' title='bbox 1977 433 2035 496; x_wconf 84' lang='lat' dir='ltr'><strong>A</strong></span> <span class='ocrx_word' id='word_1_16' title='bbox 2064 448 2291 517; x_wconf 90' lang='lat' dir='ltr'>suetus,</span> <span class='ocrx_word' id='word_1_17' title='bbox 2325 447 2385 502; x_wconf 87' lang='lat' dir='ltr'>in</span> <span class='ocrx_word' id='word_1_18' title='bbox 2415 451 2658 519; x_wconf 87' lang='lat' dir='ltr'>peccato</span> <span class='ocrx_word' id='word_1_19' title='bbox 2691 451 2918 523; x_wconf 87' lang='lat' dir='ltr'>dolens,</span> <span class='ocrx_word' id='word_1_20' title='bbox 2971 455 3032 509; x_wconf 89' lang='lat' dir='ltr'>in</span> <span class='ocrx_word' id='word_1_21' title='bbox 3079 461 3384 516; x_wconf 79' lang='lat' dir='ltr'>senectute</span> <span class='ocrx_word' id='word_1_22' title='bbox 3424 464 3736 538; x_wconf 79' lang='lat' dir='ltr'>providus,</span> 
     </span>
    </p>
   </div>
   <div class='ocr_carea' id='block_1_3' title="bbox 303 528 1946 605">
    <p class='ocr_par' dir='ltr' id='par_1_3' title="bbox 303 528 1946 605">
     <span class='ocr_line' id='line_1_3' title="bbox 303 528 1946 605; baseline 0.004 -23"><span class='ocrx_word' id='word_1_23' title='bbox 303 528 411 596; x_wconf 89' lang='lat' dir='ltr'>fuit,</span> <span class='ocrx_word' id='word_1_24' title='bbox 443 528 546 582; x_wconf 90' lang='lat' dir='ltr'>sed</span> <span class='ocrx_word' id='word_1_25' title='bbox 578 543 895 598; x_wconf 90' lang='lat' dir='ltr'>repressus</span> <span class='ocrx_word' id='word_1_26' title='bbox 927 533 1055 585; x_wconf 90' lang='lat' dir='ltr'>est:</span> <span class='ocrx_word' id='word_1_27' title='bbox 1093 532 1326 586; x_wconf 88' lang='lat' dir='ltr'>animus</span> <span class='ocrx_word' id='word_1_28' title='bbox 1365 533 1612 603; x_wconf 73' lang='lat' dir='ltr'>aequalis</span> <span class='ocrx_word' id='word_1_29' title='bbox 1644 535 1946 605; x_wconf 80' lang='lat' dir='ltr'>gerendis,</span> 
     </span>
    </p>
   </div>
   <div class='ocr_carea' id='block_1_4' title="bbox 300 618 1951 695">
    <p class='ocr_par' dir='ltr' id='par_1_4' title="bbox 300 618 1951 695">
     <span class='ocr_line' id='line_1_4' title="bbox 300 618 1951 695; baseline 0.005 -25"><span class='ocrx_word' id='word_1_30' title='bbox 300 618 384 688; x_wconf 86' lang='lat' dir='ltr'>qui</span> <span class='ocrx_word' id='word_1_31' title='bbox 412 632 517 671; x_wconf 91' lang='lat' dir='ltr'>nec</span> <span class='ocrx_word' id='word_1_32' title='bbox 535 633 743 689; x_wconf 86' lang='lat' dir='ltr'>magna</span> <span class='ocrx_word' id='word_1_33' title='bbox 775 633 882 687; x_wconf 91' lang='lat' dir='ltr'>pro</span> <span class='ocrx_word' id='word_1_34' title='bbox 913 619 1155 688; x_wconf 80' lang='lat' dir='ltr'>vilibus,</span> <span class='ocrx_word' id='word_1_35' title='bbox 1188 636 1299 674; x_wconf 92' lang='lat' dir='ltr'>nec</span> <span class='ocrx_word' id='word_1_36' title='bbox 1331 621 1556 675; x_wconf 88' lang='lat' dir='ltr'>minora</span> <span class='ocrx_word' id='word_1_37' title='bbox 1587 638 1693 692; x_wconf 92' lang='lat' dir='ltr'>pro</span> <span class='ocrx_word' id='word_1_38' title='bbox 1718 624 1951 695; x_wconf 82' lang='lat' dir='ltr'>magnis</span> 
     </span>
    </p>
   </div>
   <div class='ocr_carea' id='block_1_5' title="bbox 299 706 1952 781">
    <p class='ocr_par' dir='ltr' id='par_1_5' title="bbox 299 706 1952 781">
     <span class='ocr_line' id='line_1_5' title="bbox 299 706 1952 781; baseline 0.005 -23"><span class='ocrx_word' id='word_1_39' title='bbox 299 706 535 773; x_wconf 83' lang='lat' dir='ltr'>duceret,</span> <span class='ocrx_word' id='word_1_40' title='bbox 582 706 904 761; x_wconf 81' lang='lat' dir='ltr'>moderatio</span> <span class='ocrx_word' id='word_1_41' title='bbox 936 724 1042 777; x_wconf 94' lang='lat' dir='ltr'>pro</span> <span class='ocrx_word' id='word_1_42' title='bbox 1076 710 1355 780; x_wconf 90' lang='lat' dir='ltr'>negotiis,</span> <span class='ocrx_word' id='word_1_43' title='bbox 1392 711 1537 765; x_wconf 91' lang='lat' dir='ltr'>ordo</span> <span class='ocrx_word' id='word_1_44' title='bbox 1581 726 1800 781; x_wconf 89' lang='lat' dir='ltr'>rerum,</span> <span class='ocrx_word' id='word_1_45' title='bbox 1844 728 1952 781; x_wconf 85' lang='lat' dir='ltr'>op-</span> 
     </span>
    </p>
   </div>
   <div class='ocr_carea' id='block_1_6' title="bbox 297 794 1952 867">
    <p class='ocr_par' dir='ltr' id='par_1_6' title="bbox 297 794 1952 867">
     <span class='ocr_line' id='line_1_6' title="bbox 297 794 1952 867; baseline 0.004 -19"><span class='ocrx_word' id='word_1_46' title='bbox 297 794 603 867; x_wconf 87' lang='lat' dir='ltr'>portunitas</span> <span class='ocrx_word' id='word_1_47' title='bbox 649 798 1016 865; x_wconf 76' lang='lat' dir='ltr'>temporum,</span> <span class='ocrx_word' id='word_1_48' title='bbox 1080 813 1361 851; x_wconf 83' lang='lat' dir='ltr'>mensura</span> <span class='ocrx_word' id='word_1_49' title='bbox 1414 799 1753 853; x_wconf 86' lang='lat' dir='ltr'>verborum.</span> <span class='ocrx_word' id='word_1_50' title='bbox 1810 800 1952 855; x_wconf 90' lang='lat' dir='ltr'>Fide</span> 
     </span>
    </p>
   </div>
   <div class='ocr_carea' id='block_1_7' title="bbox 293 882 1953 957">
    <p class='ocr_par' dir='ltr' id='par_1_7' title="bbox 293 882 1953 957">
     <span class='ocr_line' id='line_1_7' title="bbox 293 882 1953 957; baseline 0.004 -21"><span class='ocrx_word' id='word_1_51' title='bbox 293 884 518 952; x_wconf 88' lang='lat' dir='ltr'>primus,</span> <span class='ocrx_word' id='word_1_52' title='bbox 554 882 785 954; x_wconf 87' lang='lat' dir='ltr'>justitia</span> <span class='ocrx_word' id='word_1_53' title='bbox 821 885 1181 956; x_wconf 67' lang='lat' dir='ltr'>praecipuus,</span> <span class='ocrx_word' id='word_1_54' title='bbox 1224 886 1283 939; x_wconf 90' lang='lat' dir='ltr'>in</span> <span class='ocrx_word' id='word_1_55' title='bbox 1311 887 1517 957; x_wconf 74' lang='lat' dir='ltr'>praelia</span> <span class='ocrx_word' id='word_1_56' title='bbox 1550 891 1854 957; x_wconf 87' lang='lat' dir='ltr'>strenuus,</span> <span class='ocrx_word' id='word_1_57' title='bbox 1891 889 1953 943; x_wconf 90' lang='lat' dir='ltr'>in</span> 
     </span>
    </p>
   </div>
   <div class='ocr_carea' id='block_1_8' title="bbox 292 972 1942 1045">
    <p class='ocr_par' dir='ltr' id='par_1_8' title="bbox 292 972 1942 1045">
     <span class='ocr_line' id='line_1_8' title="bbox 292 972 1942 1045; baseline 0.005 -21"><span class='ocrx_word' id='word_1_58' title='bbox 292 972 513 1025; x_wconf 76' lang='lat' dir='ltr'>victoria</span> <span class='ocrx_word' id='word_1_59' title='bbox 534 987 651 1026; x_wconf 89' lang='lat' dir='ltr'>non</span> <span class='ocrx_word' id='word_1_60' title='bbox 672 989 908 1042; x_wconf 87' lang='lat' dir='ltr'>avarus,</span> <span class='ocrx_word' id='word_1_61' title='bbox 932 974 1090 1028; x_wconf 91' lang='lat' dir='ltr'>domi</span> <span class='ocrx_word' id='word_1_62' title='bbox 1114 974 1448 1045; x_wconf 82' lang='lat' dir='ltr'>hospitalis,</span> <span class='ocrx_word' id='word_1_63' title='bbox 1477 977 1649 1031; x_wconf 88' lang='lat' dir='ltr'>uxori</span> <span class='ocrx_word' id='word_1_64' title='bbox 1670 977 1942 1032; x_wconf 89' lang='lat' dir='ltr'>sedulus.</span> 
     </span>
    </p>
   </div>
   <div class='ocr_carea' id='block_1_9' title="bbox 352 1059 1953 1134">
    <p class='ocr_par' dir='ltr' id='par_1_9' title="bbox 352 1059 1953 1134">
     <span class='ocr_line' id='line_1_9' title="bbox 352 1059 1953 1134; baseline 0.003 -20"><span class='ocrx_word' id='word_1_65' title='bbox 352 1060 462 1115; x_wconf 83' lang='grc'><strong>111.</strong></span> <span class='ocrx_word' id='word_1_66' title='bbox 503 1059 783 1115; x_wconf 89' lang='lat' dir='ltr'>Sanctum</span> <span class='ocrx_word' id='word_1_67' title='bbox 814 1077 1049 1133; x_wconf 90' lang='lat' dir='ltr'>quoque</span> <span class='ocrx_word' id='word_1_68' title='bbox 1081 1061 1215 1132; x_wconf 89' lang='lat' dir='ltr'>ejus</span> <span class='ocrx_word' id='word_1_69' title='bbox 1254 1066 1527 1134; x_wconf 89' lang='lat' dir='ltr'>nepotem</span> <span class='ocrx_word' id='word_1_70' title='bbox 1570 1064 1755 1119; x_wconf 84' lang='lat' dir='ltr'>Jacob</span> <span class='ocrx_word' id='word_1_71' title='bbox 1788 1066 1953 1119; x_wconf 91' lang='lat' dir='ltr'>dele-</span> 
     </span>
    </p>
   </div>
   <div class='ocr_carea' id='block_1_10' title="bbox 293 1148 1954 1224">
    <p class='ocr_par' dir='ltr' id='par_1_10' title="bbox 293 1148 1954 1224">
     <span class='ocr_line' id='line_1_10' title="bbox 293 1148 1954 1224; baseline 0.004 -22"><span class='ocrx_word' id='word_1_72' title='bbox 293 1148 461 1203; x_wconf 87' lang='lat' dir='ltr'>ctabat</span> <span class='ocrx_word' id='word_1_73' title='bbox 486 1149 645 1204; x_wconf 86' lang='lat' dir='ltr'>domi</span> <span class='ocrx_word' id='word_1_74' title='bbox 674 1166 953 1205; x_wconf 87' lang='lat' dir='ltr'>securum</span> <span class='ocrx_word' id='word_1_75' title='bbox 983 1151 1207 1223; x_wconf 86' lang='lat' dir='ltr'>degere</span> <span class='ocrx_word' id='word_1_76' title='bbox 1233 1168 1244 1207; x_wconf 91' lang='lat'>:</span> <span class='ocrx_word' id='word_1_77' title='bbox 1279 1153 1387 1207; x_wconf 89' lang='lat' dir='ltr'>sed</span> <span class='ocrx_word' id='word_1_78' title='bbox 1423 1156 1608 1208; x_wconf 84' lang='lat' dir='ltr'>mater</span> <span class='ocrx_word' id='word_1_79' title='bbox 1638 1154 1822 1208; x_wconf 92' lang='lat' dir='ltr'>voluit</span> <span class='ocrx_word' id='word_1_80' title='bbox 1852 1169 1954 1224; x_wconf 88' lang='lat' dir='ltr'>pe-</span> 
     </span>
    </p>
   </div>
   <div class='ocr_carea' id='block_1_11' title="bbox 291 1240 1949 1309">
    <p class='ocr_par' dir='ltr' id='par_1_11' title="bbox 291 1240 1949 1309">
     <span class='ocr_line' id='line_1_11' title="bbox 291 1240 1949 1309; baseline 0.001 -17"><span class='ocrx_word' id='word_1_81' title='bbox 291 1240 577 1309; x_wconf 85' lang='lat' dir='ltr'>regrinari,</span> <span class='ocrx_word' id='word_1_82' title='bbox 602 1242 664 1293; x_wconf 91' lang='lat' dir='ltr'>ut</span> <span class='ocrx_word' id='word_1_83' title='bbox 695 1240 860 1294; x_wconf 88' lang='lat' dir='ltr'>daret</span> <span class='ocrx_word' id='word_1_84' title='bbox 888 1240 1165 1295; x_wconf 60' lang='lat' dir='ltr'>fraterna</span> <span class='ocrx_word' id='word_1_85' title='bbox 1197 1241 1520 1296; x_wconf 66' lang='lat' dir='ltr'>iracundiae</span> <span class='ocrx_word' id='word_1_86' title='bbox 1559 1242 1752 1297; x_wconf 91' lang='lat' dir='ltr'>locum</span> <span class='ocrx_word' id='word_1_87' title='bbox 1777 1242 1949 1302; x_wconf 86' lang='lat' dir='ltr'>(Gen.</span> 
     </span>
    </p>
   </div>
   <div class='ocr_carea' id='block_1_12' title="bbox 290 1328 1953 1400">
    <p class='ocr_par' dir='ltr' id='par_1_12' title="bbox 290 1328 1953 1400">
     <span class='ocr_line' id='line_1_12' title="bbox 290 1328 1953 1400; baseline 0.002 -20"><span class='ocrx_word' id='word_1_88' title='bbox 290 1344 448 1395; x_wconf 79' lang='lat' dir='ltr'>xxvu,</span> <span class='ocrx_word' id='word_1_89' title='bbox 482 1328 549 1383; x_wconf 67' lang='lat'>24</span> <span class='ocrx_word' id='word_1_90' title='bbox 582 1335 642 1382; x_wconf 88' lang='lat' dir='ltr'>et</span> <span class='ocrx_word' id='word_1_91' title='bbox 670 1340 815 1400; x_wconf 86' lang='lat' dir='ltr'>seq).</span> <span class='ocrx_word' id='word_1_92' title='bbox 852 1329 1005 1382; x_wconf 86' lang='lat' dir='ltr'>Vicit</span> <span class='ocrx_word' id='word_1_93' title='bbox 1042 1332 1362 1399; x_wconf 86' lang='lat' dir='ltr'>appetitum</span> <span class='ocrx_word' id='word_1_94' title='bbox 1412 1331 1646 1385; x_wconf 91' lang='lat' dir='ltr'>consilii</span> <span class='ocrx_word' id='word_1_95' title='bbox 1690 1331 1953 1386; x_wconf 90' lang='lat' dir='ltr'>salubri-</span> 
     </span>
    </p>
   </div>
   <div class='ocr_carea' id='block_1_13' title="bbox 285 1415 1951 1491">
    <p class='ocr_par' dir='ltr' id='par_1_13' title="bbox 285 1415 1951 1491">
     <span class='ocr_line' id='line_1_13' title="bbox 285 1415 1951 1491; baseline 0.004 -23"><span class='ocrx_word' id='word_1_96' title='bbox 285 1419 382 1469; x_wconf 86' lang='lat' dir='ltr'>tas.</span> <span class='ocrx_word' id='word_1_97' title='bbox 416 1415 597 1471; x_wconf 80' lang='lat' dir='ltr'>Exsul</span> <span class='ocrx_word' id='word_1_98' title='bbox 648 1417 843 1485; x_wconf 89' lang='lat' dir='ltr'>domo,</span> <span class='ocrx_word' id='word_1_99' title='bbox 882 1417 1178 1489; x_wconf 84' lang='lat' dir='ltr'>profugus</span> <span class='ocrx_word' id='word_1_100' title='bbox 1228 1435 1261 1472; x_wconf 92' lang='lat' dir='ltr'>a</span> <span class='ocrx_word' id='word_1_101' title='bbox 1310 1420 1677 1489; x_wconf 86' lang='lat' dir='ltr'>parentibus,</span> <span class='ocrx_word' id='word_1_102' title='bbox 1731 1420 1951 1491; x_wconf 90' lang='lat' dir='ltr'>ubique</span> 
     </span>
    </p>
   </div>
   <div class='ocr_carea' id='block_1_14' title="bbox 287 1507 1953 1580">
    <p class='ocr_par' dir='ltr' id='par_1_14' title="bbox 287 1507 1953 1580">
     <span class='ocr_line' id='line_1_14' title="bbox 287 1507 1953 1580; baseline 0.004 -23"><span class='ocrx_word' id='word_1_103' title='bbox 287 1508 456 1558; x_wconf 88' lang='lat' dir='ltr'>tamen</span> <span class='ocrx_word' id='word_1_104' title='bbox 493 1507 946 1561; x_wconf 87' lang='lat' dir='ltr'>convenientem</span> <span class='ocrx_word' id='word_1_105' title='bbox 987 1522 1330 1561; x_wconf 87' lang='lat' dir='ltr'>mensuram</span> <span class='ocrx_word' id='word_1_106' title='bbox 1366 1509 1624 1580; x_wconf 89' lang='lat' dir='ltr'>negotiis</span> <span class='ocrx_word' id='word_1_107' title='bbox 1657 1510 1861 1578; x_wconf 79' lang='lat' dir='ltr'>tenuit,</span> <span class='ocrx_word' id='word_1_108' title='bbox 1896 1512 1953 1564; x_wconf 89' lang='lat' dir='ltr'>et</span> 
     </span>
    </p>
   </div>
   <div class='ocr_carea' id='block_1_15' title="bbox 288 1594 1950 1667">
    <p class='ocr_par' dir='ltr' id='par_1_15' title="bbox 288 1594 1950 1667">
     <span class='ocr_line' id='line_1_15' title="bbox 288 1594 1950 1667; baseline 0.004 -22"><span class='ocrx_word' id='word_1_109' title='bbox 288 1594 636 1662; x_wconf 87' lang='lat' dir='ltr'>temporibus</span> <span class='ocrx_word' id='word_1_110' title='bbox 696 1596 1187 1664; x_wconf 84' lang='lat' dir='ltr'>opportunitatem</span> <span class='ocrx_word' id='word_1_111' title='bbox 1242 1597 1592 1651; x_wconf 85' lang='lat' dir='ltr'>reservavit.</span> <span class='ocrx_word' id='word_1_112' title='bbox 1652 1598 1950 1667; x_wconf 80' lang='lat' dir='ltr'>Acceptus</span> 
     </span>
    </p>
   </div>
   <div class='ocr_carea' id='block_1_16' title="bbox 2064 538 3742 623">
    <p class='ocr_par' dir='ltr' id='par_1_16' title="bbox 2064 538 3742 623">
     <span class='ocr_line' id='line_1_16' title="bbox 2064 538 3742 623; baseline 0.015 -36"><span class='ocrx_word' id='word_1_113' title='bbox 2064 551 2261 589; x_wconf 87' lang='lat' dir='ltr'>rerum</span> <span class='ocrx_word' id='word_1_114' title='bbox 2290 538 2520 607; x_wconf 91' lang='lat' dir='ltr'>modos,</span> <span class='ocrx_word' id='word_1_115' title='bbox 2546 540 2711 595; x_wconf 92' lang='lat' dir='ltr'>vices</span> <span class='ocrx_word' id='word_1_116' title='bbox 2743 544 3070 612; x_wconf 87' lang='lat' dir='ltr'>temporum</span> <span class='ocrx_word' id='word_1_117' title='bbox 3101 562 3206 615; x_wconf 89' lang='lat' dir='ltr'>per</span> <span class='ocrx_word' id='word_1_118' title='bbox 3246 548 3618 623; x_wconf 90' lang='lat' dir='ltr'>singularum</span> <span class='ocrx_word' id='word_1_119' title='bbox 3643 571 3742 611; x_wconf 90' lang='lat' dir='ltr'>so-</span> 
     </span>
    </p>
   </div>
   <div class='ocr_carea' id='block_1_17' title="bbox 2063 627 3735 699">
    <p class='ocr_par' dir='ltr' id='par_1_17' title="bbox 2063 627 3735 699">
     <span class='ocr_line' id='line_1_17' title="bbox 2063 627 3735 699; baseline 0.014 -24"><span class='ocrx_word' id='word_1_120' title='bbox 2063 638 2174 677; x_wconf 89' lang='lat' dir='ltr'>nos</span> <span class='ocrx_word' id='word_1_121' title='bbox 2206 627 2467 680; x_wconf 86' lang='lat' dir='ltr'>servavit</span> <span class='ocrx_word' id='word_1_122' title='bbox 2500 632 2771 699; x_wconf 65' lang='lat' dir='ltr'>aetatum;</span> <span class='ocrx_word' id='word_1_123' title='bbox 2805 634 2866 684; x_wconf 93' lang='lat' dir='ltr'>ut</span> <span class='ocrx_word' id='word_1_124' title='bbox 2896 632 3039 686; x_wconf 90' lang='lat' dir='ltr'>mihi</span> <span class='ocrx_word' id='word_1_125' title='bbox 3081 636 3348 692; x_wconf 84' lang='lat' dir='ltr'>videatur</span> <span class='ocrx_word' id='word_1_126' title='bbox 3378 656 3495 695; x_wconf 89' lang='lat' dir='ltr'>non</span> <span class='ocrx_word' id='word_1_127' title='bbox 3538 644 3735 699; x_wconf 89' lang='lat' dir='ltr'>minus</span> 
     </span>
    </p>
   </div>
   <div class='ocr_carea' id='block_1_18' title="bbox 2060 712 3735 797">
    <p class='ocr_par' dir='ltr' id='par_1_18' title="bbox 2060 712 3735 797">
     <span class='ocr_line' id='line_1_18' title="bbox 2060 712 3735 797; baseline 0.013 -32"><span class='ocrx_word' id='word_1_128' title='bbox 2060 712 2299 768; x_wconf 88' lang='lat' dir='ltr'>vivendi</span> <span class='ocrx_word' id='word_1_129' title='bbox 2332 732 2573 787; x_wconf 89' lang='lat' dir='ltr'>genere,</span> <span class='ocrx_word' id='word_1_130' title='bbox 2617 734 2792 788; x_wconf 88' lang='lat' dir='ltr'>quam</span> <span class='ocrx_word' id='word_1_131' title='bbox 2826 721 3073 775; x_wconf 86' lang='lat' dir='ltr'>canendi</span> <span class='ocrx_word' id='word_1_132' title='bbox 3096 725 3383 780; x_wconf 88' lang='lat' dir='ltr'>suavitate</span> <span class='ocrx_word' id='word_1_133' title='bbox 3415 730 3735 797; x_wconf 70' lang='lat' dir='ltr'>praedulcis</span> 
     </span>
    </p>
   </div>
   <div class='ocr_carea' id='block_1_19' title="bbox 2060 802 3737 878">
    <p class='ocr_par' dir='ltr' id='par_1_19' title="bbox 2060 802 3737 878">
     <span class='ocr_line' id='line_1_19' title="bbox 2060 802 3737 878; baseline 0.013 -23"><span class='ocrx_word' id='word_1_134' title='bbox 2060 802 2451 858; x_wconf 85' lang='lat' dir='ltr'>immortalem</span> <span class='ocrx_word' id='word_1_135' title='bbox 2483 807 2603 861; x_wconf 89' lang='lat' dir='ltr'>Deo</span> <span class='ocrx_word' id='word_1_136' title='bbox 2622 807 2714 861; x_wconf 91' lang='lat' dir='ltr'>sui</span> <span class='ocrx_word' id='word_1_137' title='bbox 2747 807 2861 878; x_wconf 81' lang='lat' dir='ltr'>(2t)</span> <span class='ocrx_word' id='word_1_138' title='bbox 2893 808 3125 866; x_wconf 89' lang='lat' dir='ltr'>fudisse</span> <span class='ocrx_word' id='word_1_139' title='bbox 3154 814 3346 868; x_wconf 89' lang='lat' dir='ltr'>meriti</span> <span class='ocrx_word' id='word_1_140' title='bbox 3386 818 3737 877; x_wconf 87' lang='lat' dir='ltr'>cantilenam</span> 
     </span>
    </p>
   </div>
   <div class='ocr_carea' id='block_1_20' title="bbox 2063 889 2493 964">
    <p class='ocr_par' dir='ltr' id='par_1_20' title="bbox 2063 889 2493 964">
     <span class='ocr_line' id='line_1_20' title="bbox 2063 889 2493 964; baseline 0.012 -20"><span class='ocrx_word' id='word_1_141' title='bbox 2063 889 2121 959; x_wconf 91' lang='grc' dir='ltr'>(Ι</span> <span class='ocrx_word' id='word_1_142' title='bbox 2143 892 2289 964; x_wconf 80' lang='lat' dir='ltr'>Reg.</span> <span class='ocrx_word' id='word_1_143' title='bbox 2326 894 2493 959; x_wconf 83' lang='lat' dir='ltr'>xvn).</span> 
     </span>
    </p>
   </div>
   <div class='ocr_carea' id='block_1_21' title="bbox 2135 978 3735 1059">
    <p class='ocr_par' dir='ltr' id='par_1_21' title="bbox 2135 978 3735 1059">
     <span class='ocr_line' id='line_1_21' title="bbox 2135 978 3735 1059; baseline 0.013 -26"><span class='ocrx_word' id='word_1_144' title='bbox 2135 978 2257 1035; x_wconf 89' lang='lat'><strong>115.</strong></span> <span class='ocrx_word' id='word_1_145' title='bbox 2300 982 2464 1047; x_wconf 88' lang='lat' dir='ltr'>Quod</span> <span class='ocrx_word' id='word_1_146' title='bbox 2496 984 2591 1039; x_wconf 90' lang='lat' dir='ltr'>his</span> <span class='ocrx_word' id='word_1_147' title='bbox 2622 986 2769 1040; x_wconf 91' lang='lat' dir='ltr'>viris</span> <span class='ocrx_word' id='word_1_148' title='bbox 2811 988 3231 1059; x_wconf 86' lang='lat' dir='ltr'>principalium</span> <span class='ocrx_word' id='word_1_149' title='bbox 3280 992 3556 1050; x_wconf 90' lang='lat' dir='ltr'>virtutum</span> <span class='ocrx_word' id='word_1_150' title='bbox 3599 997 3735 1054; x_wconf 79' lang='lat' dir='ltr'>offl-</span> 
     </span>
    </p>
   </div>
   <div class='ocr_carea' id='block_1_22' title="bbox 2063 1069 3742 1154">
    <p class='ocr_par' dir='ltr' id='par_1_22' title="bbox 2063 1069 3742 1154">
     <span class='ocr_line' id='line_1_22' title="bbox 2063 1069 3742 1154; baseline 0.012 -33"><span class='ocrx_word' id='word_1_151' title='bbox 2063 1069 2220 1123; x_wconf 90' lang='lat' dir='ltr'>cium</span> <span class='ocrx_word' id='word_1_152' title='bbox 2246 1070 2475 1126; x_wconf 82' lang='lat' dir='ltr'>defuit?</span> <span class='ocrx_word' id='word_1_153' title='bbox 2501 1071 2757 1138; x_wconf 90' lang='lat' dir='ltr'>Quarum</span> <span class='ocrx_word' id='word_1_154' title='bbox 2779 1076 2967 1145; x_wconf 90' lang='lat' dir='ltr'>primo</span> <span class='ocrx_word' id='word_1_155' title='bbox 2985 1078 3118 1137; x_wconf 89' lang='lat' dir='ltr'>loco</span> <span class='ocrx_word' id='word_1_156' title='bbox 3144 1082 3577 1138; x_wconf 87' lang='lat' dir='ltr'>constituerunt</span> <span class='ocrx_word' id='word_1_157' title='bbox 3602 1102 3742 1154; x_wconf 85' lang='lat' dir='ltr'>pru-</span> 
     </span>
    </p>
   </div>
   <div class='ocr_carea' id='block_1_23' title="bbox 2062 1157 3732 1246">
    <p class='ocr_par' dir='ltr' id='par_1_23' title="bbox 2062 1157 3732 1246">
     <span class='ocr_line' id='line_1_23' title="bbox 2062 1157 3732 1246; baseline 0.012 -37"><span class='ocrx_word' id='word_1_158' title='bbox 2062 1157 2336 1228; x_wconf 90' lang='lat' dir='ltr'>dentiam,</span> <span class='ocrx_word' id='word_1_159' title='bbox 2370 1175 2501 1230; x_wconf 85' lang='lat' dir='ltr'>quae</span> <span class='ocrx_word' id='word_1_160' title='bbox 2546 1162 2605 1215; x_wconf 93' lang='lat' dir='ltr'>in</span> <span class='ocrx_word' id='word_1_161' title='bbox 2646 1164 2769 1217; x_wconf 86' lang='lat' dir='ltr'>veri</span> <span class='ocrx_word' id='word_1_162' title='bbox 2802 1164 3257 1238; x_wconf 84' lang='lat' dir='ltr'>investigatione</span> <span class='ocrx_word' id='word_1_163' title='bbox 3289 1173 3566 1226; x_wconf 88' lang='lat' dir='ltr'>versatur</span> <span class='ocrx_word' id='word_1_164' title='bbox 3593 1173 3732 1246; x_wconf 90' lang='grc'>(22),</span> 
     </span>
    </p>
   </div>
   <div class='ocr_carea' id='block_1_24' title="bbox 2062 1247 3734 1328">
    <p class='ocr_par' dir='ltr' id='par_1_24' title="bbox 2062 1247 3734 1328">
     <span class='ocr_line' id='line_1_24' title="bbox 2062 1247 3734 1328; baseline 0.013 -30"><span class='ocrx_word' id='word_1_165' title='bbox 2062 1247 2118 1299; x_wconf 90' lang='lat' dir='ltr'>et</span> <span class='ocrx_word' id='word_1_166' title='bbox 2138 1247 2402 1303; x_wconf 82' lang='lat' dir='ltr'>scientiae</span> <span class='ocrx_word' id='word_1_167' title='bbox 2436 1250 2720 1320; x_wconf 87' lang='lat' dir='ltr'>plenioris</span> <span class='ocrx_word' id='word_1_168' title='bbox 2742 1253 2995 1309; x_wconf 91' lang='lat' dir='ltr'>infundit</span> <span class='ocrx_word' id='word_1_169' title='bbox 3019 1257 3395 1326; x_wconf 88' lang='lat' dir='ltr'>cupiditatem</span> <span class='ocrx_word' id='word_1_170' title='bbox 3423 1275 3436 1328; x_wconf 90' lang='lat'><strong>;</strong></span> <span class='ocrx_word' id='word_1_171' title='bbox 3467 1264 3734 1319; x_wconf 91' lang='lat' dir='ltr'>secundo</span> 
     </span>
    </p>
   </div>
   <div class='ocr_carea' id='block_1_25' title="bbox 2056 1333 3740 1416">
    <p class='ocr_par' dir='ltr' id='par_1_25' title="bbox 2056 1333 3740 1416">
     <span class='ocr_line' id='line_1_25' title="bbox 2056 1333 3740 1416; baseline 0.012 -29"><span class='ocrx_word' id='word_1_172' title='bbox 2056 1333 2369 1406; x_wconf 77' lang='lat' dir='ltr'>justitiam,</span> <span class='ocrx_word' id='word_1_173' title='bbox 2403 1355 2535 1409; x_wconf 65' lang='lat' dir='ltr'>quas</span> <span class='ocrx_word' id='word_1_174' title='bbox 2582 1356 2756 1395; x_wconf 91' lang='lat' dir='ltr'>suum</span> <span class='ocrx_word' id='word_1_175' title='bbox 2801 1343 3013 1414; x_wconf 89' lang='lat' dir='ltr'>cuique</span> <span class='ocrx_word' id='word_1_176' title='bbox 3044 1345 3266 1416; x_wconf 88' lang='lat' dir='ltr'>tribuit,</span> <span class='ocrx_word' id='word_1_177' title='bbox 3319 1348 3577 1404; x_wconf 90' lang='lat' dir='ltr'>alienum</span> <span class='ocrx_word' id='word_1_178' title='bbox 3620 1367 3740 1408; x_wconf 89' lang='lat' dir='ltr'>non</span> 
     </span>
    </p>
   </div>
   <div class='ocr_carea' id='block_1_26' title="bbox 2061 1423 3744 1506">
    <p class='ocr_par' dir='ltr' id='par_1_26' title="bbox 2061 1423 3744 1506">
     <span class='ocr_line' id='line_1_26' title="bbox 2061 1423 3744 1506; baseline 0.013 -32"><span class='ocrx_word' id='word_1_179' title='bbox 2061 1423 2339 1494; x_wconf 90' lang='lat' dir='ltr'>vindicat,</span> <span class='ocrx_word' id='word_1_180' title='bbox 2375 1428 2677 1483; x_wconf 88' lang='lat' dir='ltr'>utilitatem</span> <span class='ocrx_word' id='word_1_181' title='bbox 2728 1432 3025 1500; x_wconf 90' lang='lat' dir='ltr'>propriam</span> <span class='ocrx_word' id='word_1_182' title='bbox 3059 1435 3327 1506; x_wconf 87' lang='lat' dir='ltr'>negligit,</span> <span class='ocrx_word' id='word_1_183' title='bbox 3369 1440 3433 1491; x_wconf 91' lang='lat' dir='ltr'>ut</span> <span class='ocrx_word' id='word_1_184' title='bbox 3476 1454 3744 1497; x_wconf 86' lang='lat' dir='ltr'>commu-</span> 
     </span>
    </p>
   </div>
   <div class='ocr_carea' id='block_1_27' title="bbox 2061 1516 3739 1600">
    <p class='ocr_par' dir='ltr' id='par_1_27' title="bbox 2061 1516 3739 1600">
     <span class='ocr_line' id='line_1_27' title="bbox 2061 1516 3739 1600; baseline 0.011 -34"><span class='ocrx_word' id='word_1_185' title='bbox 2061 1527 2194 1567; x_wconf 90' lang='lat' dir='ltr'>nem</span> <span class='ocrx_word' id='word_1_186' title='bbox 2226 1516 2557 1585; x_wconf 62' lang='lat' dir='ltr'>aequitatem</span> <span class='ocrx_word' id='word_1_187' title='bbox 2582 1520 2906 1575; x_wconf 88' lang='lat' dir='ltr'>custodiat:</span> <span class='ocrx_word' id='word_1_188' title='bbox 2939 1522 3110 1576; x_wconf 89' lang='lat' dir='ltr'>tertio</span> <span class='ocrx_word' id='word_1_189' title='bbox 3143 1523 3565 1597; x_wconf 87' lang='lat' dir='ltr'>fortitudinem,</span> <span class='ocrx_word' id='word_1_190' title='bbox 3604 1545 3739 1600; x_wconf 67' lang='lat' dir='ltr'>quae</span> 
     </span>
    </p>
   </div>
   <div class='ocr_carea' id='block_1_28' title="bbox 2062 1601 3742 1685">
    <p class='ocr_par' dir='ltr' id='par_1_28' title="bbox 2062 1601 3742 1685">
     <span class='ocr_line' id='line_1_28' title="bbox 2062 1601 3742 1685; baseline 0.013 -32"><span class='ocrx_word' id='word_1_191' title='bbox 2062 1604 2118 1654; x_wconf 90' lang='lat' dir='ltr'>et</span> <span class='ocrx_word' id='word_1_192' title='bbox 2150 1601 2209 1655; x_wconf 92' lang='lat' dir='ltr'>in</span> <span class='ocrx_word' id='word_1_193' title='bbox 2243 1604 2422 1658; x_wconf 92' lang='lat' dir='ltr'>rebus</span> <span class='ocrx_word' id='word_1_194' title='bbox 2452 1606 2686 1661; x_wconf 91' lang='lat' dir='ltr'>bellicis</span> <span class='ocrx_word' id='word_1_195' title='bbox 2737 1610 2963 1664; x_wconf 84' lang='lat' dir='ltr'>excelsi</span> <span class='ocrx_word' id='word_1_196' title='bbox 2996 1611 3174 1665; x_wconf 90' lang='lat' dir='ltr'>animi</span> <span class='ocrx_word' id='word_1_197' title='bbox 3221 1615 3647 1685; x_wconf 84' lang='lat' dir='ltr'>magnitudine,</span> <span class='ocrx_word' id='word_1_198' title='bbox 3684 1621 3742 1674; x_wconf 88' lang='lat' dir='ltr'>et</span> 
     </span>
    </p>
   </div>
   <div class='ocr_carea' id='block_1_29' title="bbox 288 1680 3734 1796">
    <p class='ocr_par' dir='ltr' id='par_1_29' title="bbox 288 1680 3734 1796">
     <span class='ocr_line' id='line_1_29' title="bbox 288 1680 3734 1796; baseline 0.008 -62"><span class='ocrx_word' id='word_1_199' title='bbox 288 1680 423 1735; x_wconf 90' lang='lat' dir='ltr'>domi</span> <span class='ocrx_word' id='word_1_200' title='bbox 467 1683 851 1752; x_wconf 90' lang='lat' dir='ltr'>parentibus,</span> <span class='ocrx_word' id='word_1_201' title='bbox 899 1687 961 1737; x_wconf 90' lang='lat' dir='ltr'>ut</span> <span class='ocrx_word' id='word_1_202' title='bbox 1014 1684 1165 1737; x_wconf 88' lang='lat' dir='ltr'>alter</span> <span class='ocrx_word' id='word_1_203' title='bbox 1213 1686 1541 1738; x_wconf 87' lang='lat' dir='ltr'>maturitate</span> <span class='ocrx_word' id='word_1_204' title='bbox 1591 1688 1949 1754; x_wconf 88' lang='lat' dir='ltr'>provocatus</span> <span class='ocrx_word' id='word_1_205' title='bbox 1980 1734 2033 1796; x_wconf 80' lang='grc' dir='ltr'>Β</span> <span class='ocrx_word' id='word_1_206' title='bbox 2061 1689 2217 1743; x_wconf 91' lang='lat' dir='ltr'>domi</span> <span class='ocrx_word' id='word_1_207' title='bbox 2242 1692 2476 1763; x_wconf 87' lang='lat' dir='ltr'>eminet,</span> <span class='ocrx_word' id='word_1_208' title='bbox 2513 1697 2899 1770; x_wconf 88' lang='lat' dir='ltr'>corporisque</span> <span class='ocrx_word' id='word_1_209' title='bbox 2932 1702 3177 1769; x_wconf 82' lang='lat' dir='ltr'>praestat</span> <span class='ocrx_word' id='word_1_210' title='bbox 3217 1680 3487 1759; x_wconf 76' lang='lat' dir='ltr'>viribus:</span> <span class='ocrx_word' id='word_1_211' title='bbox 3526 1680 3734 1776; x_wconf 87' lang='lat' dir='ltr'>quarto</span> 
     </span>
     <span class='ocr_line' id='line_1_30' title="bbox 288 1770 3217 1796; baseline 0 0"><span class='ocrx_word' id='word_1_212' title='bbox 288 1770 528 1796; x_wconf 51' lang='lat' dir='ltr'>ALAA-..::</span> <span class='ocrx_word' id='word_1_213' title='bbox 572 1771 1050 1796; x_wconf 55' lang='grc' dir='ltr'>1-,...ιι-..1ζη82Α-.-.μ</span> <span class='ocrx_word' id='word_1_214' title='bbox 1092 1773 1247 1796; x_wconf 65' lang='grc' dir='ltr'>,1-..-ι</span> <span class='ocrx_word' id='word_1_215' title='bbox 1305 1773 1450 1796; x_wconf 55' lang='grc' dir='ltr'>λιι-..</span> <span class='ocrx_word' id='word_1_216' title='bbox 1472 1789 1666 1796; x_wconf 67' lang='lat'>_...-_-</span> <span class='ocrx_word' id='word_1_217' title='bbox 1688 1774 1778 1796; x_wconf 72' lang='lat'>..:-</span> <span class='ocrx_word' id='word_1_218' title='bbox 1806 1790 1906 1796; x_wconf 38' lang='grc' dir='ltr'>Α..-</span> <span class='ocrx_word' id='word_1_219' title='bbox 2061 1779 2109 1796; x_wconf 76' lang='grc' dir='ltr'>Α-</span> <span class='ocrx_word' id='word_1_220' title='bbox 2232 1794 2241 1796; x_wconf 68' lang='lat'><strong><em>_</em></strong></span> <span class='ocrx_word' id='word_1_221' title='bbox 2301 1795 2304 1796; x_wconf 65' lang='lat'>,</span> <span class='ocrx_word' id='word_1_222' title='bbox 2369 1781 2402 1796; x_wconf 78' lang='grc' dir='ltr'>ι·</span> <span class='ocrx_word' id='word_1_223' title='bbox 2879 1788 2894 1796; x_wconf 81' lang='grc'><strong>-</strong></span> <span class='ocrx_word' id='word_1_224' title='bbox 3179 1789 3217 1796; x_wconf 84' lang='grc'>-.</span> 
     </span>
    </p>
   </div>
   <div class='ocr_carea' id='block_1_30' title="bbox 283 1770 1948 1844">
    <p class='ocr_par' dir='ltr' id='par_1_30' title="bbox 283 1770 1948 1844">
     <span class='ocr_line' id='line_1_31' title="bbox 283 1770 1948 1844; baseline 0.004 -21"><span class='ocrx_word' id='word_1_225' title='bbox 283 1770 530 1841; x_wconf 89' lang='lat' dir='ltr'>obsequii</span> <span class='ocrx_word' id='word_1_226' title='bbox 571 1771 1056 1826; x_wconf 89' lang='lat' dir='ltr'>benedictionem</span> <span class='ocrx_word' id='word_1_227' title='bbox 1088 1773 1270 1843; x_wconf 90' lang='lat' dir='ltr'>daret,</span> <span class='ocrx_word' id='word_1_228' title='bbox 1302 1773 1451 1827; x_wconf 91' lang='lat' dir='ltr'>alter</span> <span class='ocrx_word' id='word_1_229' title='bbox 1470 1789 1670 1828; x_wconf 90' lang='lat' dir='ltr'>amore</span> <span class='ocrx_word' id='word_1_230' title='bbox 1688 1774 1784 1844; x_wconf 93' lang='lat' dir='ltr'>pio</span> <span class='ocrx_word' id='word_1_231' title='bbox 1806 1790 1948 1844; x_wconf 90' lang='lat' dir='ltr'>pro-</span> 
     </span>
    </p>
   </div>
   <div class='ocr_carea' id='block_1_31' title="bbox 279 1858 1945 1933">
    <p class='ocr_par' dir='ltr' id='par_1_31' title="bbox 279 1858 1945 1933">
     <span class='ocr_line' id='line_1_32' title="bbox 279 1858 1945 1933; baseline 0.004 -22"><span class='ocrx_word' id='word_1_232' title='bbox 279 1858 536 1928; x_wconf 89' lang='lat' dir='ltr'>penderet</span> <span class='ocrx_word' id='word_1_233' title='bbox 568 1859 738 1920; x_wconf 86' lang='lat' dir='ltr'>(Gen.</span> <span class='ocrx_word' id='word_1_234' title='bbox 773 1877 916 1930; x_wconf 90' lang='lat' dir='ltr'>xxv,</span> <span class='ocrx_word' id='word_1_235' title='bbox 958 1860 1065 1925; x_wconf 70' lang='lat'>31).</span> <span class='ocrx_word' id='word_1_236' title='bbox 1101 1861 1388 1916; x_wconf 88' lang='lat' dir='ltr'>Fraterno</span> <span class='ocrx_word' id='word_1_237' title='bbox 1437 1877 1672 1933; x_wconf 90' lang='lat' dir='ltr'>quoque</span> <span class='ocrx_word' id='word_1_238' title='bbox 1718 1862 1945 1933; x_wconf 86' lang='lat' dir='ltr'>judicio</span> 
     </span>
    </p>
   </div>
   <div class='ocr_carea' id='block_1_32' title="bbox 282 1948 1950 2022">
    <p class='ocr_par' dir='ltr' id='par_1_32' title="bbox 282 1948 1950 2022">
     <span class='ocr_line' id='line_1_33' title="bbox 282 1948 1950 2022; baseline 0.002 -21"><span class='ocrx_word' id='word_1_239' title='bbox 282 1948 557 2017; x_wconf 65' lang='lat' dir='ltr'>praelatus,</span> <span class='ocrx_word' id='word_1_240' title='bbox 585 1964 723 2003; x_wconf 91' lang='lat' dir='ltr'>cum</span> <span class='ocrx_word' id='word_1_241' title='bbox 758 1949 955 2003; x_wconf 89' lang='lat' dir='ltr'>cibum</span> <span class='ocrx_word' id='word_1_242' title='bbox 986 1966 1160 2004; x_wconf 90' lang='lat' dir='ltr'>suum</span> <span class='ocrx_word' id='word_1_243' title='bbox 1193 1950 1360 2005; x_wconf 85' lang='lat' dir='ltr'>fratri</span> <span class='ocrx_word' id='word_1_244' title='bbox 1391 1952 1718 2005; x_wconf 89' lang='lat' dir='ltr'>cedendum</span> <span class='ocrx_word' id='word_1_245' title='bbox 1749 1954 1950 2022; x_wconf 89' lang='lat' dir='ltr'>putas-</span> 
     </span>
    </p>
   </div>
   <div class='ocr_carea' id='block_1_33' title="bbox 282 2036 1950 2110">
    <p class='ocr_par' dir='ltr' id='par_1_33' title="bbox 282 2036 1950 2110">
     <span class='ocr_line' id='line_1_34' title="bbox 282 2036 1950 2110; baseline 0.004 -22"><span class='ocrx_word' id='word_1_246' title='bbox 282 2038 359 2088; x_wconf 88' lang='lat' dir='ltr'>set</span> <span class='ocrx_word' id='word_1_247' title='bbox 386 2052 398 2090; x_wconf 93' lang='lat'>:</span> <span class='ocrx_word' id='word_1_248' title='bbox 430 2036 832 2092; x_wconf 88' lang='lat' dir='ltr'>delectabatur</span> <span class='ocrx_word' id='word_1_249' title='bbox 862 2039 1062 2110; x_wconf 90' lang='lat' dir='ltr'>utique</span> <span class='ocrx_word' id='word_1_250' title='bbox 1096 2040 1371 2094; x_wconf 88' lang='lat' dir='ltr'>alimento</span> <span class='ocrx_word' id='word_1_251' title='bbox 1405 2041 1736 2094; x_wconf 88' lang='lat' dir='ltr'>secundum</span> <span class='ocrx_word' id='word_1_252' title='bbox 1776 2044 1950 2095; x_wconf 89' lang='lat' dir='ltr'>natu-</span> 
     </span>
    </p>
   </div>
   <div class='ocr_carea' id='block_1_34' title="bbox 280 2125 1951 2199">
    <p class='ocr_par' dir='ltr' id='par_1_34' title="bbox 280 2125 1951 2199">
     <span class='ocr_line' id='line_1_35' title="bbox 280 2125 1951 2199; baseline 0.004 -21"><span class='ocrx_word' id='word_1_253' title='bbox 280 2140 407 2193; x_wconf 87' lang='lat' dir='ltr'>ram,</span> <span class='ocrx_word' id='word_1_254' title='bbox 437 2125 542 2180; x_wconf 88' lang='lat' dir='ltr'>sed</span> <span class='ocrx_word' id='word_1_255' title='bbox 578 2127 913 2181; x_wconf 89' lang='lat' dir='ltr'>secundum</span> <span class='ocrx_word' id='word_1_256' title='bbox 956 2128 1228 2198; x_wconf 89' lang='lat' dir='ltr'>pietatem</span> <span class='ocrx_word' id='word_1_257' title='bbox 1270 2129 1453 2182; x_wconf 90' lang='lat' dir='ltr'>cessit</span> <span class='ocrx_word' id='word_1_258' title='bbox 1484 2129 1685 2199; x_wconf 89' lang='lat' dir='ltr'>petito.</span> <span class='ocrx_word' id='word_1_259' title='bbox 1738 2130 1951 2185; x_wconf 88' lang='lat' dir='ltr'>Pastor</span> 
     </span>
    </p>
   </div>
   <div class='ocr_carea' id='block_1_35' title="bbox 282 2212 1949 2289">
    <p class='ocr_par' dir='ltr' id='par_1_35' title="bbox 282 2212 1949 2289">
     <span class='ocr_line' id='line_1_36' title="bbox 282 2212 1949 2289; baseline 0.003 -23"><span class='ocrx_word' id='word_1_260' title='bbox 282 2212 495 2268; x_wconf 89' lang='lat' dir='ltr'>domino</span> <span class='ocrx_word' id='word_1_261' title='bbox 526 2215 740 2286; x_wconf 82' lang='lat' dir='ltr'>gregis</span> <span class='ocrx_word' id='word_1_262' title='bbox 761 2215 940 2285; x_wconf 84' lang='lat' dir='ltr'>tldus,</span> <span class='ocrx_word' id='word_1_263' title='bbox 964 2232 1178 2271; x_wconf 90' lang='lat' dir='ltr'>socero</span> <span class='ocrx_word' id='word_1_264' title='bbox 1201 2233 1387 2289; x_wconf 83' lang='lat' dir='ltr'>gener</span> <span class='ocrx_word' id='word_1_265' title='bbox 1404 2218 1672 2287; x_wconf 90' lang='lat' dir='ltr'>sedulus,</span> <span class='ocrx_word' id='word_1_266' title='bbox 1696 2217 1949 2289; x_wconf 86' lang='lat' dir='ltr'>impiger</span> 
     </span>
    </p>
   </div>
   <div class='ocr_carea' id='block_1_36' title="bbox 281 2302 1946 2376">
    <p class='ocr_par' dir='ltr' id='par_1_36' title="bbox 281 2302 1946 2376">
     <span class='ocr_line' id='line_1_37' title="bbox 281 2302 1946 2376; baseline 0.001 -16"><span class='ocrx_word' id='word_1_267' title='bbox 281 2306 333 2360; x_wconf 90' lang='lat' dir='ltr'>in</span> <span class='ocrx_word' id='word_1_268' title='bbox 370 2302 582 2372; x_wconf 89' lang='lat' dir='ltr'>labore,</span> <span class='ocrx_word' id='word_1_269' title='bbox 616 2305 680 2357; x_wconf 92' lang='lat' dir='ltr'>in</span> <span class='ocrx_word' id='word_1_270' title='bbox 713 2304 988 2358; x_wconf 90' lang='lat' dir='ltr'>convivio</span> <span class='ocrx_word' id='word_1_271' title='bbox 1020 2320 1256 2375; x_wconf 90' lang='lat' dir='ltr'>parcus,</span> <span class='ocrx_word' id='word_1_272' title='bbox 1277 2306 1338 2359; x_wconf 92' lang='lat' dir='ltr'>in</span> <span class='ocrx_word' id='word_1_273' title='bbox 1357 2305 1764 2361; x_wconf 85' lang='lat' dir='ltr'>satisfactione</span> <span class='ocrx_word' id='word_1_274' title='bbox 1788 2322 1946 2376; x_wconf 84' lang='lat' dir='ltr'>prae-</span> 
     </span>
    </p>
   </div>
   <div class='ocr_carea' id='block_1_37' title="bbox 279 2390 1941 2467">
    <p class='ocr_par' dir='ltr' id='par_1_37' title="bbox 279 2390 1941 2467">
     <span class='ocr_line' id='line_1_38' title="bbox 279 2390 1941 2467; baseline 0.005 -25"><span class='ocrx_word' id='word_1_275' title='bbox 279 2390 416 2460; x_wconf 90' lang='lat' dir='ltr'>vius,</span> <span class='ocrx_word' id='word_1_276' title='bbox 446 2392 504 2446; x_wconf 91' lang='lat' dir='ltr'>in</span> <span class='ocrx_word' id='word_1_277' title='bbox 534 2393 1015 2448; x_wconf 88' lang='lat' dir='ltr'>remuneratione</span> <span class='ocrx_word' id='word_1_278' title='bbox 1034 2393 1238 2466; x_wconf 90' lang='lat' dir='ltr'>largus</span> <span class='ocrx_word' id='word_1_279' title='bbox 1263 2393 1429 2465; x_wconf 86' lang='lat' dir='ltr'>(Gen.</span> <span class='ocrx_word' id='word_1_280' title='bbox 1455 2411 1621 2462; x_wconf 87' lang='grc' dir='ltr'>χχχι,</span> <span class='ocrx_word' id='word_1_281' title='bbox 1641 2393 1673 2448; x_wconf 90' lang='lat'><strong>6</strong></span> <span class='ocrx_word' id='word_1_282' title='bbox 1698 2401 1757 2448; x_wconf 90' lang='lat' dir='ltr'>et</span> <span class='ocrx_word' id='word_1_283' title='bbox 1774 2406 1941 2467; x_wconf 65' lang='lat' dir='ltr'>seq).</span> 
     </span>
    </p>
   </div>
   <div class='ocr_carea' id='block_1_38' title="bbox 281 2477 1947 2554">
    <p class='ocr_par' dir='ltr' id='par_1_38' title="bbox 281 2477 1947 2554">
     <span class='ocr_line' id='line_1_39' title="bbox 281 2477 1947 2554; baseline 0.003 -21"><span class='ocrx_word' id='word_1_284' title='bbox 281 2477 520 2551; x_wconf 87' lang='lat' dir='ltr'>Denique</span> <span class='ocrx_word' id='word_1_285' title='bbox 577 2482 672 2535; x_wconf 91' lang='lat' dir='ltr'>sic</span> <span class='ocrx_word' id='word_1_286' title='bbox 721 2481 1040 2536; x_wconf 87' lang='lat' dir='ltr'>fraternam</span> <span class='ocrx_word' id='word_1_287' title='bbox 1084 2483 1376 2554; x_wconf 86' lang='lat' dir='ltr'>mitigavit</span> <span class='ocrx_word' id='word_1_288' title='bbox 1428 2483 1833 2553; x_wconf 84' lang='lat' dir='ltr'>iracundiam;</span> <span class='ocrx_word' id='word_1_289' title='bbox 1884 2486 1947 2538; x_wconf 91' lang='lat' dir='ltr'>ut</span> 
     </span>
    </p>
   </div>
   <div class='ocr_carea' id='block_1_39' title="bbox 279 2566 1945 2644">
    <p class='ocr_par' dir='ltr' id='par_1_39' title="bbox 279 2566 1945 2644">
     <span class='ocr_line' id='line_1_40' title="bbox 279 2566 1945 2644; baseline 0.004 -24"><span class='ocrx_word' id='word_1_290' title='bbox 279 2566 432 2638; x_wconf 85' lang='lat' dir='ltr'>cujus</span> <span class='ocrx_word' id='word_1_291' title='bbox 462 2570 792 2625; x_wconf 88' lang='lat' dir='ltr'>verebatur</span> <span class='ocrx_word' id='word_1_292' title='bbox 821 2570 1180 2641; x_wconf 86' lang='lat' dir='ltr'>inimicitias,</span> <span class='ocrx_word' id='word_1_293' title='bbox 1214 2572 1648 2642; x_wconf 89' lang='lat' dir='ltr'>adipisceretur</span> <span class='ocrx_word' id='word_1_294' title='bbox 1695 2573 1945 2644; x_wconf 89' lang='lat' dir='ltr'>gratiam</span> 
     </span>
    </p>
   </div>
   <div class='ocr_carea' id='block_1_40' title="bbox 281 2655 793 2730">
    <p class='ocr_par' dir='ltr' id='par_1_40' title="bbox 281 2655 793 2730">
     <span class='ocr_line' id='line_1_41' title="bbox 281 2655 793 2730; baseline 0.006 -20"><span class='ocrx_word' id='word_1_295' title='bbox 281 2655 433 2723; x_wconf 85' lang='lat' dir='ltr'>(Gen.</span> <span class='ocrx_word' id='word_1_296' title='bbox 466 2675 683 2728; x_wconf 86' lang='grc' dir='ltr'>χχχιιι,</span> <span class='ocrx_word' id='word_1_297' title='bbox 718 2659 793 2730; x_wconf 89' lang='grc'>1).</span> 
     </span>
    </p>
   </div>
   <div class='ocr_carea' id='block_1_41' title="bbox 340 2746 1944 2821">
    <p class='ocr_par' dir='ltr' id='par_1_41' title="bbox 340 2746 1944 2821">
     <span class='ocr_line' id='line_1_42' title="bbox 340 2746 1944 2821; baseline 0.006 -23"><span class='ocrx_word' id='word_1_298' title='bbox 340 2746 448 2800; x_wconf 85' lang='grc'><strong>112.</strong></span> <span class='ocrx_word' id='word_1_299' title='bbox 481 2747 636 2812; x_wconf 91' lang='lat' dir='ltr'>Quid</span> <span class='ocrx_word' id='word_1_300' title='bbox 670 2749 740 2803; x_wconf 91' lang='lat' dir='ltr'>de</span> <span class='ocrx_word' id='word_1_301' title='bbox 773 2748 998 2819; x_wconf 82' lang='lat' dir='ltr'>Joseph</span> <span class='ocrx_word' id='word_1_302' title='bbox 1046 2748 1273 2820; x_wconf 89' lang='lat' dir='ltr'>loquar,</span> <span class='ocrx_word' id='word_1_303' title='bbox 1308 2750 1409 2820; x_wconf 91' lang='lat' dir='ltr'>qui</span> <span class='ocrx_word' id='word_1_304' title='bbox 1440 2751 1642 2821; x_wconf 89' lang='lat' dir='ltr'>utique</span> <span class='ocrx_word' id='word_1_305' title='bbox 1688 2752 1944 2808; x_wconf 86' lang='lat' dir='ltr'>habebat</span> 
     </span>
    </p>
   </div>
   <div class='ocr_carea' id='block_1_42' title="bbox 279 2835 1942 2907">
    <p class='ocr_par' dir='ltr' id='par_1_42' title="bbox 279 2835 1942 2907">
     <span class='ocr_line' id='line_1_43' title="bbox 279 2835 1942 2907; baseline 0.005 -20"><span class='ocrx_word' id='word_1_306' title='bbox 279 2835 637 2905; x_wconf 87' lang='lat' dir='ltr'>cupiditatem</span> <span class='ocrx_word' id='word_1_307' title='bbox 665 2837 976 2907; x_wconf 88' lang='lat' dir='ltr'>libertatis,</span> <span class='ocrx_word' id='word_1_308' title='bbox 1013 2840 1070 2891; x_wconf 89' lang='lat' dir='ltr'>et</span> <span class='ocrx_word' id='word_1_309' title='bbox 1101 2838 1368 2907; x_wconf 90' lang='lat' dir='ltr'>suscepit</span> <span class='ocrx_word' id='word_1_310' title='bbox 1399 2840 1629 2893; x_wconf 90' lang='lat' dir='ltr'>servitii</span> <span class='ocrx_word' id='word_1_311' title='bbox 1669 2843 1942 2895; x_wconf 89' lang='lat' dir='ltr'>necessi-</span> 
     </span>
    </p>
   </div>
   <div class='ocr_carea' id='block_1_43' title="bbox 276 2924 1942 2999">
    <p class='ocr_par' dir='ltr' id='par_1_43' title="bbox 276 2924 1942 2999">
     <span class='ocr_line' id='line_1_44' title="bbox 276 2924 1942 2999; baseline 0.005 -22"><span class='ocrx_word' id='word_1_312' title='bbox 276 2925 473 2979; x_wconf 80' lang='lat' dir='ltr'>tatem?</span> <span class='ocrx_word' id='word_1_313' title='bbox 491 2924 683 2990; x_wconf 90' lang='lat' dir='ltr'>Quam</span> <span class='ocrx_word' id='word_1_314' title='bbox 714 2926 990 2980; x_wconf 90' lang='lat' dir='ltr'>subditus</span> <span class='ocrx_word' id='word_1_315' title='bbox 1020 2927 1081 2980; x_wconf 89' lang='lat' dir='ltr'>in</span> <span class='ocrx_word' id='word_1_316' title='bbox 1114 2927 1421 2997; x_wconf 89' lang='lat' dir='ltr'>servitute,</span> <span class='ocrx_word' id='word_1_317' title='bbox 1445 2944 1620 2999; x_wconf 90' lang='lat' dir='ltr'>quam</span> <span class='ocrx_word' id='word_1_318' title='bbox 1648 2929 1707 2984; x_wconf 90' lang='lat' dir='ltr'>in</span> <span class='ocrx_word' id='word_1_319' title='bbox 1728 2930 1942 2985; x_wconf 88' lang='lat' dir='ltr'>virtute</span> 
     </span>
    </p>
   </div>
   <div class='ocr_carea' id='block_1_44' title="bbox 276 3015 1942 3089">
    <p class='ocr_par' dir='ltr' id='par_1_44' title="bbox 276 3015 1942 3089">
     <span class='ocr_line' id='line_1_45' title="bbox 276 3015 1942 3089; baseline 0.005 -25"><span class='ocrx_word' id='word_1_320' title='bbox 276 3018 557 3084; x_wconf 88' lang='lat' dir='ltr'>constans,</span> <span class='ocrx_word' id='word_1_321' title='bbox 612 3030 792 3086; x_wconf 91' lang='lat' dir='ltr'>quam</span> <span class='ocrx_word' id='word_1_322' title='bbox 837 3015 1138 3087; x_wconf 90' lang='lat' dir='ltr'>benignus</span> <span class='ocrx_word' id='word_1_323' title='bbox 1186 3015 1247 3069; x_wconf 90' lang='lat' dir='ltr'>in</span> <span class='ocrx_word' id='word_1_324' title='bbox 1294 3028 1554 3085; x_wconf 88' lang='lat' dir='ltr'>carcere,</span> <span class='ocrx_word' id='word_1_325' title='bbox 1589 3018 1829 3089; x_wconf 88' lang='lat' dir='ltr'>sapiens</span> <span class='ocrx_word' id='word_1_326' title='bbox 1882 3019 1942 3073; x_wconf 90' lang='lat' dir='ltr'>in</span> 
     </span>
    </p>
   </div>
   <div class='ocr_carea' id='block_1_45' title="bbox 275 3101 1940 3175">
    <p class='ocr_par' dir='ltr' id='par_1_45' title="bbox 275 3101 1940 3175">
     <span class='ocr_line' id='line_1_46' title="bbox 275 3101 1940 3175; baseline 0.005 -23"><span class='ocrx_word' id='word_1_327' title='bbox 275 3101 759 3172; x_wconf 84' lang='lat' dir='ltr'>interpretatione,</span> <span class='ocrx_word' id='word_1_328' title='bbox 794 3105 853 3157; x_wconf 91' lang='lat' dir='ltr'>in</span> <span class='ocrx_word' id='word_1_329' title='bbox 883 3106 1170 3174; x_wconf 87' lang='lat' dir='ltr'>potestate</span> <span class='ocrx_word' id='word_1_330' title='bbox 1208 3104 1566 3175; x_wconf 89' lang='lat' dir='ltr'>moderatus,</span> <span class='ocrx_word' id='word_1_331' title='bbox 1592 3106 1651 3160; x_wconf 91' lang='lat' dir='ltr'>in</span> <span class='ocrx_word' id='word_1_332' title='bbox 1674 3107 1940 3162; x_wconf 88' lang='lat' dir='ltr'>ubertate</span> 
     </span>
    </p>
   </div>
   <div class='ocr_carea' id='block_1_46' title="bbox 275 3191 1939 3263">
    <p class='ocr_par' dir='ltr' id='par_1_46' title="bbox 275 3191 1939 3263">
     <span class='ocr_line' id='line_1_47' title="bbox 275 3191 1939 3263; baseline 0.005 -21"><span class='ocrx_word' id='word_1_333' title='bbox 275 3191 571 3260; x_wconf 84' lang='lat' dir='ltr'>providus,</span> <span class='ocrx_word' id='word_1_334' title='bbox 628 3192 689 3246; x_wconf 91' lang='lat' dir='ltr'>in</span> <span class='ocrx_word' id='word_1_335' title='bbox 736 3192 889 3246; x_wconf 85' lang='lat' dir='ltr'>fame</span> <span class='ocrx_word' id='word_1_336' title='bbox 932 3192 1168 3263; x_wconf 89' lang='lat' dir='ltr'>justus,</span> <span class='ocrx_word' id='word_1_337' title='bbox 1222 3192 1490 3247; x_wconf 88' lang='lat' dir='ltr'>ordinem</span> <span class='ocrx_word' id='word_1_338' title='bbox 1519 3193 1711 3249; x_wconf 91' lang='lat' dir='ltr'>laudis</span> <span class='ocrx_word' id='word_1_339' title='bbox 1758 3195 1939 3250; x_wconf 87' lang='lat' dir='ltr'>rebus</span> 
     </span>
    </p>
   </div>
   <div class='ocr_carea' id='block_1_47' title="bbox 277 3277 1941 3355">
    <p class='ocr_par' dir='ltr' id='par_1_47' title="bbox 277 3277 1941 3355">
     <span class='ocr_line' id='line_1_48' title="bbox 277 3277 1941 3355; baseline 0.005 -26"><span class='ocrx_word' id='word_1_340' title='bbox 277 3277 617 3350; x_wconf 85' lang='lat' dir='ltr'>adjungens,</span> <span class='ocrx_word' id='word_1_341' title='bbox 658 3283 716 3336; x_wconf 90' lang='lat' dir='ltr'>et</span> <span class='ocrx_word' id='word_1_342' title='bbox 746 3281 1239 3351; x_wconf 90' lang='lat' dir='ltr'>opportunitatem</span> <span class='ocrx_word' id='word_1_343' title='bbox 1266 3282 1654 3351; x_wconf 88' lang='lat' dir='ltr'>temporibus,</span> <span class='ocrx_word' id='word_1_344' title='bbox 1700 3285 1941 3355; x_wconf 77' lang='lat' dir='ltr'>aequita-</span> 
     </span>
    </p>
   </div>
   <div class='ocr_carea' id='block_1_48' title="bbox 276 3366 1940 3443">
    <p class='ocr_par' dir='ltr' id='par_1_48' title="bbox 276 3366 1940 3443">
     <span class='ocr_line' id='line_1_49' title="bbox 276 3366 1940 3443; baseline 0.005 -25"><span class='ocrx_word' id='word_1_345' title='bbox 276 3366 376 3420; x_wconf 86' lang='lat' dir='ltr'>tem</span> <span class='ocrx_word' id='word_1_346' title='bbox 416 3369 656 3439; x_wconf 88' lang='lat' dir='ltr'>pepulis</span> <span class='ocrx_word' id='word_1_347' title='bbox 724 3369 906 3425; x_wconf 85' lang='lat' dir='ltr'>ofﬁcii</span> <span class='ocrx_word' id='word_1_348' title='bbox 955 3369 1051 3424; x_wconf 91' lang='lat' dir='ltr'>sui</span> <span class='ocrx_word' id='word_1_349' title='bbox 1116 3369 1516 3426; x_wconf 87' lang='lat' dir='ltr'>moderatione</span> <span class='ocrx_word' id='word_1_350' title='bbox 1580 3371 1940 3443; x_wconf 89' lang='lat' dir='ltr'>dispensans</span> 
     </span>
    </p>
   </div>
   <div class='ocr_carea' id='block_1_49' title="bbox 277 3452 1054 3531">
    <p class='ocr_par' dir='ltr' id='par_1_49' title="bbox 277 3452 1054 3531">
     <span class='ocr_line' id='line_1_50' title="bbox 277 3452 1054 3531; baseline 0.006 -23"><span class='ocrx_word' id='word_1_351' title='bbox 277 3452 429 3522; x_wconf 88' lang='lat' dir='ltr'>(Gen.</span> <span class='ocrx_word' id='word_1_352' title='bbox 453 3474 666 3528; x_wconf 82' lang='grc' dir='ltr'>χχχιχ,</span> <span class='ocrx_word' id='word_1_353' title='bbox 702 3458 728 3511; x_wconf 88' lang='grc'>1</span> <span class='ocrx_word' id='word_1_354' title='bbox 764 3464 824 3513; x_wconf 89' lang='lat' dir='ltr'>et</span> <span class='ocrx_word' id='word_1_355' title='bbox 855 3459 1054 3531; x_wconf 61' lang='lat' dir='ltr'>seq)?</span> 
     </span>
    </p>
   </div>
   <div class='ocr_carea' id='block_1_50' title="bbox 339 3544 1937 3620">
    <p class='ocr_par' dir='ltr' id='par_1_50' title="bbox 339 3544 1937 3620">
     <span class='ocr_line' id='line_1_51' title="bbox 339 3544 1937 3620; baseline 0.005 -22"><span class='ocrx_word' id='word_1_356' title='bbox 339 3544 448 3599; x_wconf 87' lang='lat'><strong>113.</strong></span> <span class='ocrx_word' id='word_1_357' title='bbox 484 3547 601 3602; x_wconf 83' lang='lat' dir='ltr'>Job</span> <span class='ocrx_word' id='word_1_358' title='bbox 641 3562 879 3619; x_wconf 91' lang='lat' dir='ltr'>quoque</span> <span class='ocrx_word' id='word_1_359' title='bbox 903 3546 1075 3619; x_wconf 86' lang='lat' dir='ltr'>juxta</span> <span class='ocrx_word' id='word_1_360' title='bbox 1106 3546 1411 3619; x_wconf 87' lang='lat' dir='ltr'>secundis,</span> <span class='ocrx_word' id='word_1_361' title='bbox 1458 3550 1632 3620; x_wconf 90' lang='lat' dir='ltr'>atque</span> <span class='ocrx_word' id='word_1_362' title='bbox 1663 3550 1937 3606; x_wconf 85' lang='lat' dir='ltr'>adversis</span> 
     </span>
    </p>
   </div>
   <div class='ocr_carea' id='block_1_51' title="bbox 277 3633 1936 3711">
    <p class='ocr_par' dir='ltr' id='par_1_51' title="bbox 277 3633 1936 3711">
     <span class='ocr_line' id='line_1_52' title="bbox 277 3633 1936 3711; baseline 0.004 -24"><span class='ocrx_word' id='word_1_363' title='bbox 277 3633 435 3689; x_wconf 89' lang='lat' dir='ltr'>rebus</span> <span class='ocrx_word' id='word_1_364' title='bbox 464 3636 1041 3707; x_wconf 87' lang='lat' dir='ltr'>irreprehensibilis,</span> <span class='ocrx_word' id='word_1_365' title='bbox 1076 3637 1326 3707; x_wconf 91' lang='lat' dir='ltr'>patiens,</span> <span class='ocrx_word' id='word_1_366' title='bbox 1370 3640 1577 3710; x_wconf 89' lang='lat' dir='ltr'>gratus</span> <span class='ocrx_word' id='word_1_367' title='bbox 1612 3638 1731 3694; x_wconf 91' lang='lat' dir='ltr'>Deo</span> <span class='ocrx_word' id='word_1_368' title='bbox 1761 3643 1936 3711; x_wconf 88' lang='lat' dir='ltr'>atque</span> 
     </span>
    </p>
   </div>
   <div class='ocr_carea' id='block_1_52' title="bbox 277 3726 1936 3797">
    <p class='ocr_par' dir='ltr' id='par_1_52' title="bbox 277 3726 1936 3797">
     <span class='ocr_line' id='line_1_53' title="bbox 277 3726 1936 3797; baseline 0.006 -24"><span class='ocrx_word' id='word_1_369' title='bbox 277 3728 560 3795; x_wconf 82' lang='lat' dir='ltr'>acceptus,</span> <span class='ocrx_word' id='word_1_370' title='bbox 595 3726 923 3781; x_wconf 85' lang='lat' dir='ltr'>vexabatur</span> <span class='ocrx_word' id='word_1_371' title='bbox 952 3726 1281 3797; x_wconf 90' lang='lat' dir='ltr'>doloribus,</span> <span class='ocrx_word' id='word_1_372' title='bbox 1328 3728 1436 3782; x_wconf 90' lang='lat' dir='ltr'>sed</span> <span class='ocrx_word' id='word_1_373' title='bbox 1468 3743 1536 3782; x_wconf 90' lang='lat' dir='ltr'>se</span> <span class='ocrx_word' id='word_1_374' title='bbox 1581 3728 1936 3784; x_wconf 88' lang='lat' dir='ltr'>consolaba-</span> 
     </span>
    </p>
   </div>
   <div class='ocr_carea' id='block_1_53' title="bbox 277 3811 1011 3887">
    <p class='ocr_par' dir='ltr' id='par_1_53' title="bbox 277 3811 1011 3887">
     <span class='ocr_line' id='line_1_54' title="bbox 277 3811 1011 3887; baseline 0.011 -25"><span class='ocrx_word' id='word_1_375' title='bbox 277 3811 357 3864; x_wconf 85' lang='lat' dir='ltr'>tur</span> <span class='ocrx_word' id='word_1_376' title='bbox 385 3812 517 3879; x_wconf 81' lang='lat' dir='ltr'>(Job</span> <span class='ocrx_word' id='word_1_377' title='bbox 548 3831 613 3884; x_wconf 94' lang='grc' dir='ltr'>ιι,</span> <span class='ocrx_word' id='word_1_378' title='bbox 645 3812 678 3869; x_wconf 92' lang='grc'>3</span> <span class='ocrx_word' id='word_1_379' title='bbox 712 3819 772 3870; x_wconf 86' lang='lat' dir='ltr'>et</span> <span class='ocrx_word' id='word_1_380' title='bbox 801 3816 1011 3887; x_wconf 84' lang='lat' dir='ltr'>seqq.).</span> 
     </span>
    </p>
   </div>
   <div class='ocr_carea' id='block_1_54' title="bbox 343 3900 1935 3975">
    <p class='ocr_par' dir='ltr' id='par_1_54' title="bbox 343 3900 1935 3975">
     <span class='ocr_line' id='line_1_55' title="bbox 343 3900 1935 3975; baseline 0.005 -21"><span class='ocrx_word' id='word_1_381' title='bbox 343 3901 427 3963; x_wconf 88' lang='grc'><strong>81</strong></span> <span class='ocrx_word' id='word_1_382' title='bbox 468 3900 593 3957; x_wconf 74' lang='grc'><strong>114.</strong></span> <span class='ocrx_word' id='word_1_383' title='bbox 628 3902 813 3957; x_wconf 88' lang='lat' dir='ltr'>David</span> <span class='ocrx_word' id='word_1_384' title='bbox 863 3906 1035 3959; x_wconf 88' lang='lat' dir='ltr'>etiam</span> <span class='ocrx_word' id='word_1_385' title='bbox 1076 3904 1248 3959; x_wconf 88' lang='lat' dir='ltr'>fortis</span> <span class='ocrx_word' id='word_1_386' title='bbox 1296 3904 1357 3958; x_wconf 91' lang='lat' dir='ltr'>in</span> <span class='ocrx_word' id='word_1_387' title='bbox 1402 3904 1580 3973; x_wconf 90' lang='lat' dir='ltr'>bello,</span> <span class='ocrx_word' id='word_1_388' title='bbox 1614 3906 1844 3975; x_wconf 90' lang='lat' dir='ltr'>patiens</span> <span class='ocrx_word' id='word_1_389' title='bbox 1874 3908 1935 3963; x_wconf 91' lang='lat' dir='ltr'>in</span> 
     </span>
    </p>
   </div>
   <div class='ocr_carea' id='block_1_55' title="bbox 275 3978 1935 4055">
    <p class='ocr_par' dir='ltr' id='par_1_55' title="bbox 275 3978 1935 4055">
     <span class='ocr_line' id='line_1_56' title="bbox 275 3978 1935 4055; baseline 0.006 -24"><span class='ocrx_word' id='word_1_390' title='bbox 275 3978 547 4053; x_wconf 83' lang='lat' dir='ltr'>adversis,</span> <span class='ocrx_word' id='word_1_391' title='bbox 573 3983 634 4038; x_wconf 92' lang='lat' dir='ltr'>in</span> <span class='ocrx_word' id='word_1_392' title='bbox 664 3983 1042 4040; x_wconf 87' lang='lat' dir='ltr'>Hierusalem</span> <span class='ocrx_word' id='word_1_393' title='bbox 1073 3985 1379 4055; x_wconf 82' lang='lat' dir='ltr'>pacificus,</span> <span class='ocrx_word' id='word_1_394' title='bbox 1412 3985 1473 4039; x_wconf 92' lang='lat' dir='ltr'>in</span> <span class='ocrx_word' id='word_1_395' title='bbox 1501 3985 1750 4040; x_wconf 88' lang='lat' dir='ltr'>victoria</span> <span class='ocrx_word' id='word_1_396' title='bbox 1772 4002 1935 4041; x_wconf 83' lang='lat' dir='ltr'>man-</span> 
     </span>
    </p>
   </div>
   <div class='ocr_carea' id='block_1_56' title="bbox 338 4124 1928 4200">
    <p class='ocr_par' dir='ltr' id='par_1_56' title="bbox 338 4124 1928 4200">
     <span class='ocr_line' id='line_1_57' title="bbox 338 4124 1928 4200; baseline 0.006 -24"><span class='ocrx_word' id='word_1_397' title='bbox 338 4124 443 4195; x_wconf 79' lang='lat'>(21)</span> <span class='ocrx_word' id='word_1_398' title='bbox 479 4126 563 4181; x_wconf 89' lang='lat' dir='ltr'>Ita</span> <span class='ocrx_word' id='word_1_399' title='bbox 595 4143 742 4200; x_wconf 80' lang='lat' dir='ltr'>mss.</span> <span class='ocrx_word' id='word_1_400' title='bbox 779 4127 1264 4200; x_wconf 86' lang='lat' dir='ltr'>frequentissimi.</span> <span class='ocrx_word' id='word_1_401' title='bbox 1290 4144 1357 4183; x_wconf 89' lang='lat' dir='ltr'>ac</span> <span class='ocrx_word' id='word_1_402' title='bbox 1387 4128 1524 4185; x_wconf 88' lang='lat' dir='ltr'>edit.</span> <span class='ocrx_word' id='word_1_403' title='bbox 1551 4128 1683 4183; x_wconf 90' lang='lat' dir='ltr'>Era.</span> <span class='ocrx_word' id='word_1_404' title='bbox 1718 4131 1775 4183; x_wconf 91' lang='lat' dir='ltr'>et</span> <span class='ocrx_word' id='word_1_405' title='bbox 1795 4129 1928 4185; x_wconf 90' lang='lat' dir='ltr'>Gill.</span> 
     </span>
    </p>
   </div>
   <div class='ocr_carea' id='block_1_57' title="bbox 276 4193 1933 4269">
    <p class='ocr_par' dir='ltr' id='par_1_57' title="bbox 276 4193 1933 4269">
     <span class='ocr_line' id='line_1_58' title="bbox 276 4193 1933 4269; baseline 0.006 -23"><span class='ocrx_word' id='word_1_406' title='bbox 276 4193 328 4247; x_wconf 90' lang='lat' dir='ltr'>in</span> <span class='ocrx_word' id='word_1_407' title='bbox 366 4193 547 4269; x_wconf 84' lang='lat' dir='ltr'>marg.</span> <span class='ocrx_word' id='word_1_408' title='bbox 603 4198 718 4252; x_wconf 90' lang='lat' dir='ltr'>Alii</span> <span class='ocrx_word' id='word_1_409' title='bbox 765 4193 957 4255; x_wconf 77' lang='lat' dir='ltr'>tamen</span> <span class='ocrx_word' id='word_1_410' title='bbox 1005 4199 1270 4255; x_wconf 89' lang='lat' dir='ltr'>nonnulli</span> <span class='ocrx_word' id='word_1_411' title='bbox 1320 4203 1377 4254; x_wconf 92' lang='lat' dir='ltr'>et</span> <span class='ocrx_word' id='word_1_412' title='bbox 1425 4212 1632 4254; x_wconf 89' lang='lat' dir='ltr'>omnes</span> <span class='ocrx_word' id='word_1_413' title='bbox 1683 4200 1820 4255; x_wconf 92' lang='lat' dir='ltr'>edit.</span> <span class='ocrx_word' id='word_1_414' title='bbox 1872 4203 1933 4256; x_wconf 88' lang='lat' dir='ltr'>in</span> 
     </span>
    </p>
   </div>
   <div class='ocr_carea' id='block_1_58' title="bbox 278 4270 1934 4347">
    <p class='ocr_par' dir='ltr' id='par_1_58' title="bbox 278 4270 1934 4347">
     <span class='ocr_line' id='line_1_59' title="bbox 278 4270 1934 4347; baseline 0.007 -30"><span class='ocrx_word' id='word_1_415' title='bbox 278 4270 558 4347; x_wconf 79' lang='lat' dir='ltr'>contextu,</span> <span class='ocrx_word' id='word_1_416' title='bbox 605 4270 885 4325; x_wconf 88' lang='lat' dir='ltr'>moralem</span> <span class='ocrx_word' id='word_1_417' title='bbox 932 4271 1055 4326; x_wconf 90' lang='lat' dir='ltr'>Deo</span> <span class='ocrx_word' id='word_1_418' title='bbox 1088 4291 1105 4326; x_wconf 84' lang='lat'>.-</span> <span class='ocrx_word' id='word_1_419' title='bbox 1147 4271 1379 4342; x_wconf 86' lang='lat' dir='ltr'>Benig.,</span> <span class='ocrx_word' id='word_1_420' title='bbox 1441 4271 1765 4325; x_wconf 85' lang='lat' dir='ltr'>immortali</span> <span class='ocrx_word' id='word_1_421' title='bbox 1807 4271 1934 4329; x_wconf 91' lang='lat' dir='ltr'>Deo</span> 
     </span>
    </p>
   </div>
   <div class='ocr_carea' id='block_1_59' title="bbox 275 4345 515 4393">
    <p class='ocr_par' dir='ltr' id='par_1_59' title="bbox 275 4345 515 4393">
     <span class='ocr_line' id='line_1_60' title="bbox 275 4345 515 4393; baseline 0.021 -4"><span class='ocrx_word' id='word_1_422' title='bbox 275 4345 375 4393; x_wconf 83' lang='lat' dir='ltr'>sui.</span> <span class='ocrx_word' id='word_1_423' title='bbox 406 4345 515 4393; x_wconf 87' lang='lat' dir='ltr'>etc.</span> 
     </span>
    </p>
   </div>
   <div class='ocr_carea' id='block_1_60' title="bbox 337 4379 1460 4485">
    <p class='ocr_par' dir='ltr' id='par_1_60' title="bbox 337 4379 1460 4485">
     <span class='ocr_line' id='line_1_61' title="bbox 337 4379 1460 4485; baseline 0.004 -22"><span class='ocrx_word' id='word_1_424' title='bbox 628 4411 732 4465; x_wconf 92' lang='lat' dir='ltr'>lib.</span> <span class='ocrx_word' id='word_1_425' title='bbox 764 4411 805 4481; x_wconf 94' lang='grc' dir='ltr'>Ι,</span> <span class='ocrx_word' id='word_1_426' title='bbox 839 4411 1141 4485; x_wconf 27' lang='grc' dir='ltr'>ριιεχ352,</span> <span class='ocrx_word' id='word_1_427' title='bbox 1183 4413 1286 4467; x_wconf 91' lang='lat' dir='ltr'>lin.</span> <span class='ocrx_word' id='word_1_428' title='bbox 1335 4412 1405 4467; x_wconf 85' lang='lat'>36</span> <span class='ocrx_word' id='word_1_429' title='bbox 1448 4429 1460 4467; x_wconf 89' lang='lat'>:</span> 
     </span>
    </p>
   </div>
   <div class='ocr_carea' id='block_1_61' title="bbox 278 4480 1932 4601">
    <p class='ocr_par' dir='ltr' id='par_1_61' title="bbox 278 4480 1932 4601">
     <span class='ocr_line' id='line_1_62' title="bbox 278 4480 1932 4601; baseline 0.003 -68"><span class='ocrx_word' id='word_1_430' title='bbox 278 4480 417 4601; x_wconf 61' lang='lat' dir='ltr'>(alluod</span> <span class='ocrx_word' id='word_1_431' title='bbox 462 4480 1008 4601; x_wconf 47' lang='lat' dir='ltr'>honetstumestfid</span> <span class='ocrx_word' id='word_1_432' title='bbox 1039 4480 1290 4567; x_wconf 85' lang='lat' dir='ltr'>quatuor</span> <span class='ocrx_word' id='word_1_433' title='bbox 1337 4485 1590 4555; x_wconf 86' lang='lat' dir='ltr'>partium</span> <span class='ocrx_word' id='word_1_434' title='bbox 1622 4484 1808 4539; x_wconf 91' lang='lat' dir='ltr'>oritur</span> <span class='ocrx_word' id='word_1_435' title='bbox 1856 4500 1932 4538; x_wconf 83' lang='lat' dir='ltr'>ex</span> 
     </span>
     <span class='ocr_line' id='line_1_63' title="bbox 332 4566 684 4601; baseline 0 0"><span class='ocrx_word' id='word_1_436' title='bbox 332 4566 473 4601; x_wconf 78' lang='lat' dir='ltr'>lana.</span> <span class='ocrx_word' id='word_1_437' title='bbox 511 4574 532 4601; x_wconf 72' lang='grc'><strong>1</strong></span> <span class='ocrx_word' id='word_1_438' title='bbox 572 4568 604 4601; x_wconf 74' lang='lat'>8</span> <span class='ocrx_word' id='word_1_439' title='bbox 633 4570 684 4601; x_wconf 76' lang='grc' dir='ltr'>Ο-</span> 
     </span>
    </p>
   </div>
   <div class='ocr_carea' id='block_1_62' title="bbox 279 4557 1185 4607">
    <p class='ocr_par' dir='ltr' id='par_1_62' title="bbox 279 4557 1185 4607">
     <span class='ocr_line' id='line_1_64' title="bbox 279 4557 1185 4607; baseline 0.017 -8"><span class='ocrx_word' id='word_1_440' title='bbox 279 4557 473 4607; x_wconf 76' lang='lat' dir='ltr'>aliqua.</span> <span class='ocrx_word' id='word_1_441' title='bbox 511 4574 532 4602; x_wconf 70' lang='grc' dir='ltr'>ι</span> <span class='ocrx_word' id='word_1_442' title='bbox 572 4557 684 4607; x_wconf 90' lang='lat' dir='ltr'>etc.</span> <span class='ocrx_word' id='word_1_443' title='bbox 1180 4564 1185 4567; x_wconf 67' lang='grc'><em>“</em></span> 
     </span>
    </p>
   </div>
   <div class='ocr_carea' id='block_1_63' title="bbox 336 4566 1928 4698">
    <p class='ocr_par' dir='ltr' id='par_1_63' title="bbox 336 4566 1928 4698">
     <span class='ocr_line' id='line_1_65' title="bbox 336 4566 1928 4698; baseline 0.004 -23"><span class='ocrx_word' id='word_1_444' title='bbox 336 4566 758 4698; x_wconf 96' lang='grc'>,</span> <span class='ocrx_word' id='word_1_445' title='bbox 781 4624 883 4698; x_wconf 60' lang='grc' dir='ltr'>ΙίιιΣ</span> <span class='ocrx_word' id='word_1_446' title='bbox 906 4625 973 4679; x_wconf 84' lang='lat'>2&#39;7</span> <span class='ocrx_word' id='word_1_447' title='bbox 990 4641 1000 4679; x_wconf 92' lang='lat'>:</span> <span class='ocrx_word' id='word_1_448' title='bbox 1020 4648 1054 4698; x_wconf 15' lang='lat' dir='ltr'>iu</span> <span class='ocrx_word' id='word_1_449' title='bbox 1079 4626 1279 4681; x_wconf 84' lang='lat' dir='ltr'>Placet</span> <span class='ocrx_word' id='word_1_450' title='bbox 1297 4626 1493 4698; x_wconf 87' lang='lat' dir='ltr'>igitur,</span> <span class='ocrx_word' id='word_1_451' title='bbox 1510 4628 1788 4698; x_wconf 89' lang='lat' dir='ltr'>quoniam</span> <span class='ocrx_word' id='word_1_452' title='bbox 1806 4641 1928 4681; x_wconf 92' lang='lat' dir='ltr'>om-</span> 
     </span>
    </p>
   </div>
   <div class='ocr_carea' id='block_1_64' title="bbox 275 4688 1923 4767">
    <p class='ocr_par' dir='ltr' id='par_1_64' title="bbox 275 4688 1923 4767">
     <span class='ocr_line' id='line_1_66' title="bbox 275 4688 1923 4767; baseline 0.006 -25"><span class='ocrx_word' id='word_1_453' title='bbox 275 4688 689 4767; x_wconf 59' lang='lat' dir='ltr'>nisdisput&#39;atio</span> <span class='ocrx_word' id='word_1_454' title='bbox 707 4688 777 4749; x_wconf 85' lang='lat' dir='ltr'>de</span> <span class='ocrx_word' id='word_1_455' title='bbox 792 4696 990 4750; x_wconf 81' lang='lat' dir='ltr'>ofﬁcio</span> <span class='ocrx_word' id='word_1_456' title='bbox 1011 4697 1200 4751; x_wconf 83' lang='lat' dir='ltr'>futura</span> <span class='ocrx_word' id='word_1_457' title='bbox 1220 4688 1794 4767; x_wconf 42' lang='lat' dir='ltr'>estrante&#39;d&#39;efinire.»</span> <span class='ocrx_word' id='word_1_458' title='bbox 1813 4703 1923 4752; x_wconf 88' lang='lat' dir='ltr'>etc.</span> 
     </span>
    </p>
   </div>
   <div class='ocr_carea' id='block_1_65' title="bbox 335 4762 1924 4838">
    <p class='ocr_par' dir='ltr' id='par_1_65' title="bbox 335 4762 1924 4838">
     <span class='ocr_line' id='line_1_67' title="bbox 335 4762 1924 4838; baseline 0.005 -23"><span class='ocrx_word' id='word_1_459' title='bbox 335 4762 441 4831; x_wconf 72' lang='lat'>(24)</span> <span class='ocrx_word' id='word_1_460' title='bbox 470 4762 662 4838; x_wconf 79' lang='lat' dir='ltr'>Plana</span> <span class='ocrx_word' id='word_1_461' title='bbox 705 4770 845 4838; x_wconf 87' lang='lat' dir='ltr'>sunt</span> <span class='ocrx_word' id='word_1_462' title='bbox 888 4783 1019 4838; x_wconf 62' lang='lat' dir='ltr'>quas</span> <span class='ocrx_word' id='word_1_463' title='bbox 1066 4769 1163 4823; x_wconf 88' lang='lat' dir='ltr'>hic</span> <span class='ocrx_word' id='word_1_464' title='bbox 1210 4762 1547 4823; x_wconf 83' lang='lat' dir='ltr'>tribuuntur</span> <span class='ocrx_word' id='word_1_465' title='bbox 1597 4769 1924 4823; x_wconf 74' lang='lat' dir='ltr'>Manichaeo</span> 
     </span>
    </p>
   </div>
   <div class='ocr_carea' id='block_1_66' title="bbox 275 4834 1924 4909">
    <p class='ocr_par' dir='ltr' id='par_1_66' title="bbox 275 4834 1924 4909">
     <span class='ocr_line' id='line_1_68' title="bbox 275 4834 1924 4909; baseline 0.004 -22"><span class='ocrx_word' id='word_1_466' title='bbox 275 4834 432 4902; x_wconf 82' lang='lat' dir='ltr'>atque</span> <span class='ocrx_word' id='word_1_467' title='bbox 466 4837 655 4909; x_wconf 65' lang='lat' dir='ltr'>Ario;</span> <span class='ocrx_word' id='word_1_468' title='bbox 703 4837 859 4891; x_wconf 92' lang='lat' dir='ltr'>hunc</span> <span class='ocrx_word' id='word_1_469' title='bbox 906 4834 1063 4892; x_wconf 75' lang='lat' dir='ltr'>enim</span> <span class='ocrx_word' id='word_1_470' title='bbox 1112 4839 1614 4909; x_wconf 88' lang='lat' dir='ltr'>imperfectionem</span> <span class='ocrx_word' id='word_1_471' title='bbox 1664 4840 1924 4909; x_wconf 84' lang='lat' dir='ltr'>Christo,</span> 
     </span>
    </p>
   </div>
   <div class='ocr_carea' id='block_1_67' title="bbox 276 4907 1924 4981">
    <p class='ocr_par' dir='ltr' id='par_1_67' title="bbox 276 4907 1924 4981">
     <span class='ocr_line' id='line_1_69' title="bbox 276 4907 1924 4981; baseline 0.004 -24"><span class='ocrx_word' id='word_1_472' title='bbox 276 4915 432 4981; x_wconf 67' lang='lat' dir='ltr'>quem</span> <span class='ocrx_word' id='word_1_473' title='bbox 462 4907 523 4959; x_wconf 91' lang='lat' dir='ltr'>in</span> <span class='ocrx_word' id='word_1_474' title='bbox 577 4911 975 4981; x_wconf 86' lang='lat' dir='ltr'>creaturarum</span> <span class='ocrx_word' id='word_1_475' title='bbox 1006 4907 1271 4965; x_wconf 80' lang='lat' dir='ltr'>ordinem</span> <span class='ocrx_word' id='word_1_476' title='bbox 1312 4910 1548 4981; x_wconf 87' lang='lat' dir='ltr'>dejecit,</span> <span class='ocrx_word' id='word_1_477' title='bbox 1589 4907 1924 4975; x_wconf 80' lang='lat' dir='ltr'>afﬁnxisse,</span> 
     </span>
    </p>
   </div>
   <div class='ocr_carea' id='block_1_68' title="bbox 274 4973 1925 5049">
    <p class='ocr_par' dir='ltr' id='par_1_68' title="bbox 274 4973 1925 5049">
     <span class='ocr_line' id='line_1_70' title="bbox 274 4973 1925 5049; baseline 0.006 -24"><span class='ocrx_word' id='word_1_478' title='bbox 274 4973 431 5049; x_wconf 10' lang='lat' dir='ltr'>illum!</span> <span class='ocrx_word' id='word_1_479' title='bbox 448 4993 594 5049; x_wconf 82' lang='lat' dir='ltr'>vero</span> <span class='ocrx_word' id='word_1_480' title='bbox 631 4980 1023 5049; x_wconf 87' lang='lat' dir='ltr'>corporalium</span> <span class='ocrx_word' id='word_1_481' title='bbox 1056 4997 1251 5034; x_wconf 90' lang='lat' dir='ltr'>rerum</span> <span class='ocrx_word' id='word_1_482' title='bbox 1288 4973 1644 5035; x_wconf 72' lang='lat' dir='ltr'>creationem</span> <span class='ocrx_word' id='word_1_483' title='bbox 1692 4973 1925 5035; x_wconf 86' lang='lat' dir='ltr'>diabolo</span> 
     </span>
    </p>
   </div>
   <div class='ocr_carea' id='block_1_69' title="bbox 276 5044 1924 5121">
    <p class='ocr_par' dir='ltr' id='par_1_69' title="bbox 276 5044 1924 5121">
     <span class='ocr_line' id='line_1_71' title="bbox 276 5044 1924 5121; baseline 0.005 -25"><span class='ocrx_word' id='word_1_484' title='bbox 276 5044 661 5121; x_wconf 73' lang='lat' dir='ltr'>adjudicasse,</span> <span class='ocrx_word' id='word_1_485' title='bbox 696 5044 866 5104; x_wconf 78' lang='lat' dir='ltr'>nemo</span> <span class='ocrx_word' id='word_1_486' title='bbox 897 5056 990 5105; x_wconf 89' lang='lat' dir='ltr'>est</span> <span class='ocrx_word' id='word_1_487' title='bbox 1024 5053 1125 5121; x_wconf 89' lang='lat' dir='ltr'>qui</span> <span class='ocrx_word' id='word_1_488' title='bbox 1152 5052 1397 5106; x_wconf 88' lang='lat' dir='ltr'>nesciat.</span> <span class='ocrx_word' id='word_1_489' title='bbox 1431 5054 1507 5106; x_wconf 85' lang='lat' dir='ltr'>At</span> <span class='ocrx_word' id='word_1_490' title='bbox 1535 5068 1678 5106; x_wconf 93' lang='lat' dir='ltr'>vero</span> <span class='ocrx_word' id='word_1_491' title='bbox 1708 5052 1767 5105; x_wconf 93' lang='lat' dir='ltr'>id</span> <span class='ocrx_word' id='word_1_492' title='bbox 1799 5051 1924 5106; x_wconf 90' lang='lat' dir='ltr'>for-</span> 
     </span>
    </p>
   </div>
   <div class='ocr_carea' id='block_1_70' title="bbox 276 5116 1922 5194">
    <p class='ocr_par' dir='ltr' id='par_1_70' title="bbox 276 5116 1922 5194">
     <span class='ocr_line' id='line_1_72' title="bbox 276 5116 1922 5194; baseline 0.004 -25"><span class='ocrx_word' id='word_1_493' title='bbox 276 5116 422 5194; x_wconf 73' lang='lat' dir='ltr'>tasse</span> <span class='ocrx_word' id='word_1_494' title='bbox 452 5116 704 5188; x_wconf 82' lang='lat' dir='ltr'>cuipiam</span> <span class='ocrx_word' id='word_1_495' title='bbox 727 5126 956 5194; x_wconf 88' lang='lat' dir='ltr'>moveat</span> <span class='ocrx_word' id='word_1_496' title='bbox 986 5116 1408 5191; x_wconf 73' lang='lat' dir='ltr'>difﬁcultatem,</span> <span class='ocrx_word' id='word_1_497' title='bbox 1442 5123 1598 5194; x_wconf 90' lang='lat' dir='ltr'>quod</span> <span class='ocrx_word' id='word_1_498' title='bbox 1637 5123 1922 5177; x_wconf 90' lang='lat' dir='ltr'>Marcioni</span> 
     </span>
    </p>
   </div>
   <div class='ocr_carea' id='block_1_71' title="bbox 275 5187 1923 5264">
    <p class='ocr_par' dir='ltr' id='par_1_71' title="bbox 275 5187 1923 5264">
     <span class='ocr_line' id='line_1_73' title="bbox 275 5187 1923 5264; baseline 0.002 -22"><span class='ocrx_word' id='word_1_499' title='bbox 275 5187 455 5264; x_wconf 69' lang='lat' dir='ltr'>potius</span> <span class='ocrx_word' id='word_1_500' title='bbox 484 5187 659 5264; x_wconf 81' lang='lat' dir='ltr'>quam</span> <span class='ocrx_word' id='word_1_501' title='bbox 695 5192 836 5264; x_wconf 84' lang='lat' dir='ltr'>Ario</span> <span class='ocrx_word' id='word_1_502' title='bbox 861 5193 1147 5264; x_wconf 85' lang='lat' dir='ltr'>jungatur</span> <span class='ocrx_word' id='word_1_503' title='bbox 1178 5187 1523 5248; x_wconf 52' lang='lat' dir='ltr'>Eunomia-8.</span> <span class='ocrx_word' id='word_1_504' title='bbox 1555 5193 1797 5248; x_wconf 85' lang='lat' dir='ltr'>Constat</span> <span class='ocrx_word' id='word_1_505' title='bbox 1841 5194 1923 5247; x_wconf 89' lang='lat' dir='ltr'>si-</span> 
     </span>
    </p>
   </div>
   <div class='ocr_carea' id='block_1_72' title="bbox 276 5257 1921 5334">
    <p class='ocr_par' dir='ltr' id='par_1_72' title="bbox 276 5257 1921 5334">
     <span class='ocr_line' id='line_1_74' title="bbox 276 5257 1921 5334; baseline 0.005 -25"><span class='ocrx_word' id='word_1_506' title='bbox 276 5257 682 5334; x_wconf 49' lang='lat' dir='ltr'>quidem—hunc</span> <span class='ocrx_word' id='word_1_507' title='bbox 703 5257 1083 5334; x_wconf 44' lang='lat' dir='ltr'>Aetii&#39;t&#39;ui‘sse</span> <span class='ocrx_word' id='word_1_508' title='bbox 1112 5264 1468 5334; x_wconf 85' lang='lat' dir='ltr'>discipulum</span> <span class='ocrx_word' id='word_1_509' title='bbox 1500 5281 1634 5318; x_wconf 86' lang='lat' dir='ltr'>cum</span> <span class='ocrx_word' id='word_1_510' title='bbox 1665 5264 1921 5331; x_wconf 80' lang='lat' dir='ltr'>Arianis,</span> 
     </span>
    </p>
   </div>
   <div class='ocr_carea' id='block_1_73' title="bbox 276 5328 1926 5405">
    <p class='ocr_par' dir='ltr' id='par_1_73' title="bbox 276 5328 1926 5405">
     <span class='ocr_line' id='line_1_75' title="bbox 276 5328 1926 5405; baseline 0.007 -27"><span class='ocrx_word' id='word_1_511' title='bbox 276 5330 330 5405; x_wconf 73' lang='lat' dir='ltr'>ut</span> <span class='ocrx_word' id='word_1_512' title='bbox 355 5328 625 5405; x_wconf 73' lang='lat' dir='ltr'>Socrates</span> <span class='ocrx_word' id='word_1_513' title='bbox 656 5333 755 5387; x_wconf 91' lang='lat' dir='ltr'>lib.</span> <span class='ocrx_word' id='word_1_514' title='bbox 787 5350 844 5402; x_wconf 92' lang='grc' dir='ltr'>ιι,</span> <span class='ocrx_word' id='word_1_515' title='bbox 882 5350 1007 5404; x_wconf 87' lang='lat' dir='ltr'>cap.</span> <span class='ocrx_word' id='word_1_516' title='bbox 1043 5336 1129 5402; x_wconf 77' lang='lat'>15,</span> <span class='ocrx_word' id='word_1_517' title='bbox 1163 5328 1608 5404; x_wconf 37' lang='lat' dir='ltr'>test-atur,videm</span> <span class='ocrx_word' id='word_1_518' title='bbox 1640 5340 1696 5389; x_wconf 86' lang='lat' dir='ltr'>et</span> <span class='ocrx_word' id='word_1_519' title='bbox 1727 5328 1926 5391; x_wconf 83' lang='lat' dir='ltr'>dicen-</span> 
     </span>
    </p>
   </div>
   <div class='ocr_carea' id='block_1_74' title="bbox 276 5399 1924 5476">
    <p class='ocr_par' dir='ltr' id='par_1_74' title="bbox 276 5399 1924 5476">
     <span class='ocr_line' id='line_1_76' title="bbox 276 5399 1924 5476; baseline 0.006 -27"><span class='ocrx_word' id='word_1_520' title='bbox 276 5399 808 5476; x_wconf 48' lang='lat' dir='ltr'>t‘isetsentgntis,</span> <span class='ocrx_word' id='word_1_521' title='bbox 832 5399 1021 5476; x_wconf 77' lang='lat' dir='ltr'>cujus</span> <span class='ocrx_word' id='word_1_522' title='bbox 1051 5399 1223 5469; x_wconf 74' lang='lat' dir='ltr'>etiam</span> <span class='ocrx_word' id='word_1_523' title='bbox 1253 5399 1433 5461; x_wconf 81' lang='lat' dir='ltr'>sectae</span> <span class='ocrx_word' id='word_1_524' title='bbox 1466 5411 1671 5476; x_wconf 74' lang='lat' dir='ltr'>postea</span> <span class='ocrx_word' id='word_1_525' title='bbox 1710 5420 1924 5461; x_wconf 85' lang='lat' dir='ltr'>nomen</span> 
     </span>
    </p>
   </div>
   <div class='ocr_carea' id='block_1_75' title="bbox 275 5465 1933 5547">
    <p class='ocr_par' dir='ltr' id='par_1_75' title="bbox 275 5465 1933 5547">
     <span class='ocr_line' id='line_1_77' title="bbox 275 5465 1933 5547; baseline 0.008 -26"><span class='ocrx_word' id='word_1_526' title='bbox 275 5465 421 5524; x_wconf 83' lang='lat' dir='ltr'>dedit</span> <span class='ocrx_word' id='word_1_527' title='bbox 449 5472 576 5542; x_wconf 88' lang='lat' dir='ltr'>ipse</span> <span class='ocrx_word' id='word_1_528' title='bbox 607 5465 951 5546; x_wconf 58' lang='lat' dir='ltr'>Euanthius,</span> <span class='ocrx_word' id='word_1_529' title='bbox 984 5480 1047 5531; x_wconf 85' lang='lat' dir='ltr'>ut</span> <span class='ocrx_word' id='word_1_530' title='bbox 1070 5465 1230 5532; x_wconf 77' lang='lat' dir='ltr'>idem</span> <span class='ocrx_word' id='word_1_531' title='bbox 1259 5465 1532 5534; x_wconf 62' lang='lat' dir='ltr'>Scenitas</span> <span class='ocrx_word' id='word_1_532' title='bbox 1570 5477 1933 5547; x_wconf 60' lang='lat' dir='ltr'>loco,citat.,.</span> 
     </span>
    </p>
   </div>
   <div class='ocr_carea' id='block_1_76' title="bbox 1975 3064 2027 3126">
    <p class='ocr_par' dir='ltr' id='par_1_76' title="bbox 1975 3064 2027 3126">
     <span class='ocr_line' id='line_1_78' title="bbox 1975 3064 2027 3126; baseline 0 0"><span class='ocrx_word' id='word_1_533' title='bbox 1975 3064 2027 3126; x_wconf 90' lang='lat' dir='ltr'>C</span> 
     </span>
    </p>
   </div>
   <div class='ocr_carea' id='block_1_77' title="bbox 2060 1779 3741 1862">
    <p class='ocr_par' dir='ltr' id='par_1_77' title="bbox 2060 1779 3741 1862">
     <span class='ocr_line' id='line_1_79' title="bbox 2060 1779 3741 1862; baseline 0.011 -33"><span class='ocrx_word' id='word_1_534' title='bbox 2060 1779 2523 1853; x_wconf 88' lang='lat' dir='ltr'>temperantiam,</span> <span class='ocrx_word' id='word_1_535' title='bbox 2574 1801 2706 1856; x_wconf 78' lang='lat' dir='ltr'>quae</span> <span class='ocrx_word' id='word_1_536' title='bbox 2762 1788 3021 1857; x_wconf 90' lang='lat' dir='ltr'>modum,</span> <span class='ocrx_word' id='word_1_537' title='bbox 3093 1789 3477 1862; x_wconf 88' lang='lat' dir='ltr'>ordinemque</span> <span class='ocrx_word' id='word_1_538' title='bbox 3540 1796 3741 1849; x_wconf 90' lang='lat' dir='ltr'>servat</span> 
     </span>
    </p>
   </div>
   <div class='ocr_carea' id='block_1_78' title="bbox 2062 1869 3739 1948">
    <p class='ocr_par' dir='ltr' id='par_1_78' title="bbox 2062 1869 3739 1948">
     <span class='ocr_line' id='line_1_80' title="bbox 2062 1869 3739 1948; baseline 0.012 -27"><span class='ocrx_word' id='word_1_539' title='bbox 2062 1869 2341 1940; x_wconf 85' lang='lat' dir='ltr'>omnium,</span> <span class='ocrx_word' id='word_1_540' title='bbox 2368 1886 2500 1942; x_wconf 82' lang='lat' dir='ltr'>quae</span> <span class='ocrx_word' id='word_1_541' title='bbox 2533 1874 2627 1928; x_wconf 91' lang='lat' dir='ltr'>vel</span> <span class='ocrx_word' id='word_1_542' title='bbox 2659 1876 2909 1948; x_wconf 88' lang='lat' dir='ltr'>agenda,</span> <span class='ocrx_word' id='word_1_543' title='bbox 2943 1877 3037 1932; x_wconf 92' lang='lat' dir='ltr'>vel</span> <span class='ocrx_word' id='word_1_544' title='bbox 3071 1877 3320 1933; x_wconf 89' lang='lat' dir='ltr'>dicenda</span> <span class='ocrx_word' id='word_1_545' title='bbox 3359 1880 3739 1942; x_wconf 90' lang='lat' dir='ltr'>arbitramur.</span> 
     </span>
    </p>
   </div>
   <div class='ocr_carea' id='block_1_79' title="bbox 2666 1982 3141 2039">
    <p class='ocr_par' dir='ltr' id='par_1_79' title="bbox 2666 1982 3141 2039">
     <span class='ocr_line' id='line_1_81' title="bbox 2666 1982 3141 2039; baseline 0.006 -3"><span class='ocrx_word' id='word_1_546' title='bbox 2666 1982 2919 2037; x_wconf 80' lang='lat' dir='ltr'>CAPUT</span> <span class='ocrx_word' id='word_1_547' title='bbox 2955 1985 3141 2039; x_wconf 83' lang='lat' dir='ltr'>XXV.</span> 
     </span>
    </p>
   </div>
   <div class='ocr_carea' id='block_1_80' title="bbox 2056 2063 3735 2136">
    <p class='ocr_par' dir='ltr' id='par_1_80' title="bbox 2056 2063 3735 2136">
     <span class='ocr_line' id='line_1_82' title="bbox 2056 2063 3735 2136; baseline 0.009 -19"><span class='ocrx_word' id='word_1_548' title='bbox 2056 2063 2348 2136; x_wconf 75' lang='lat' dir='ltr'>Exposita</span> <span class='ocrx_word' id='word_1_549' title='bbox 2375 2084 2481 2123; x_wconf 86' lang='lat' dir='ltr'>cur</span> <span class='ocrx_word' id='word_1_550' title='bbox 2510 2070 2743 2125; x_wconf 86' lang='lat' dir='ltr'>ductum</span> <span class='ocrx_word' id='word_1_551' title='bbox 2774 2088 2887 2126; x_wconf 93' lang='lat' dir='ltr'>non</span> <span class='ocrx_word' id='word_1_552' title='bbox 2909 2071 3096 2128; x_wconf 76' lang='lat' dir='ltr'>fuerit</span> <span class='ocrx_word' id='word_1_553' title='bbox 3120 2091 3151 2127; x_wconf 86' lang='lat' dir='ltr'>a</span> <span class='ocrx_word' id='word_1_554' title='bbox 3173 2076 3518 2131; x_wconf 81' lang='lat' dir='ltr'>memoratis</span> <span class='ocrx_word' id='word_1_555' title='bbox 3546 2078 3735 2133; x_wconf 84' lang='lat' dir='ltr'>Virtu-</span> 
     </span>
    </p>
   </div>
   <div class='ocr_carea' id='block_1_81' title="bbox 2132 2138 3737 2209">
    <p class='ocr_par' dir='ltr' id='par_1_81' title="bbox 2132 2138 3737 2209">
     <span class='ocr_line' id='line_1_83' title="bbox 2132 2138 3737 2209; baseline 0.01 -21"><span class='ocrx_word' id='word_1_556' title='bbox 2132 2138 2294 2192; x_wconf 80' lang='lat' dir='ltr'>tibus</span> <span class='ocrx_word' id='word_1_557' title='bbox 2323 2142 2651 2209; x_wconf 78' lang='lat' dir='ltr'>exordium,</span> <span class='ocrx_word' id='word_1_558' title='bbox 2705 2143 2942 2197; x_wconf 86' lang='lat' dir='ltr'>easdem</span> <span class='ocrx_word' id='word_1_559' title='bbox 2982 2144 3043 2197; x_wconf 89' lang='lat' dir='ltr'>in</span> <span class='ocrx_word' id='word_1_560' title='bbox 3092 2146 3402 2201; x_wconf 80' lang='lat' dir='ltr'>veteribus</span> <span class='ocrx_word' id='word_1_561' title='bbox 3439 2147 3737 2205; x_wconf 82' lang='lat' dir='ltr'>Patribus</span> 
     </span>
    </p>
   </div>
   <div class='ocr_carea' id='block_1_82' title="bbox 2130 2211 3241 2282">
    <p class='ocr_par' dir='ltr' id='par_1_82' title="bbox 2130 2211 3241 2282">
     <span class='ocr_line' id='line_1_84' title="bbox 2130 2211 3241 2282; baseline 0.008 -21"><span class='ocrx_word' id='word_1_562' title='bbox 2130 2211 2445 2265; x_wconf 81' lang='lat' dir='ltr'>exstitisse</span> <span class='ocrx_word' id='word_1_563' title='bbox 2471 2213 2746 2282; x_wconf 85' lang='lat' dir='ltr'>pressius</span> <span class='ocrx_word' id='word_1_564' title='bbox 2771 2214 3241 2270; x_wconf 85' lang='lat' dir='ltr'>demonstratur.</span> 
     </span>
    </p>
   </div>
   <div class='ocr_carea' id='block_1_83' title="bbox 2133 2294 3735 2378">
    <p class='ocr_par' dir='ltr' id='par_1_83' title="bbox 2133 2294 3735 2378">
     <span class='ocr_line' id='line_1_85' title="bbox 2133 2294 3735 2378; baseline 0.008 -29"><span class='ocrx_word' id='word_1_565' title='bbox 2133 2294 2254 2352; x_wconf 84' lang='lat'><strong>116.</strong></span> <span class='ocrx_word' id='word_1_566' title='bbox 2299 2298 2443 2353; x_wconf 70' lang='lat' dir='ltr'>Haec</span> <span class='ocrx_word' id='word_1_567' title='bbox 2475 2300 2724 2355; x_wconf 89' lang='lat' dir='ltr'>forsitan</span> <span class='ocrx_word' id='word_1_568' title='bbox 2763 2302 2979 2372; x_wconf 89' lang='lat' dir='ltr'>aliquis</span> <span class='ocrx_word' id='word_1_569' title='bbox 3012 2303 3166 2357; x_wconf 90' lang='lat' dir='ltr'>dicat</span> <span class='ocrx_word' id='word_1_570' title='bbox 3196 2304 3386 2373; x_wconf 91' lang='lat' dir='ltr'>primo</span> <span class='ocrx_word' id='word_1_571' title='bbox 3415 2305 3547 2360; x_wconf 94' lang='lat' dir='ltr'>loco</span> <span class='ocrx_word' id='word_1_572' title='bbox 3594 2308 3735 2378; x_wconf 90' lang='lat' dir='ltr'>poni</span> 
     </span>
    </p>
   </div>
   <div class='ocr_carea' id='block_1_84' title="bbox 2059 2386 3740 2462">
    <p class='ocr_par' dir='ltr' id='par_1_84' title="bbox 2059 2386 3740 2462">
     <span class='ocr_line' id='line_1_86' title="bbox 2059 2386 3740 2462; baseline 0.008 -25"><span class='ocrx_word' id='word_1_573' title='bbox 2059 2386 2416 2456; x_wconf 89' lang='lat' dir='ltr'>oportuisse,</span> <span class='ocrx_word' id='word_1_574' title='bbox 2453 2390 2730 2460; x_wconf 89' lang='lat' dir='ltr'>quoniam</span> <span class='ocrx_word' id='word_1_575' title='bbox 2782 2390 2854 2444; x_wconf 88' lang='lat' dir='ltr'>ab</span> <span class='ocrx_word' id='word_1_576' title='bbox 2905 2391 3002 2445; x_wconf 89' lang='lat' dir='ltr'>his</span> <span class='ocrx_word' id='word_1_577' title='bbox 3051 2395 3304 2462; x_wconf 91' lang='lat' dir='ltr'>quatuor</span> <span class='ocrx_word' id='word_1_578' title='bbox 3330 2393 3585 2450; x_wconf 91' lang='lat' dir='ltr'>virtibus</span> <span class='ocrx_word' id='word_1_579' title='bbox 3636 2412 3740 2450; x_wconf 83' lang='lat' dir='ltr'>na-</span> 
     </span>
    </p>
   </div>
   <div class='ocr_carea' id='block_1_85' title="bbox 2058 2476 3740 2553">
    <p class='ocr_par' dir='ltr' id='par_1_85' title="bbox 2058 2476 3740 2553">
     <span class='ocr_line' id='line_1_87' title="bbox 2058 2476 3740 2553; baseline 0.008 -28"><span class='ocrx_word' id='word_1_580' title='bbox 2058 2478 2307 2528; x_wconf 90' lang='lat' dir='ltr'>scuntur</span> <span class='ocrx_word' id='word_1_581' title='bbox 2332 2476 2664 2532; x_wconf 77' lang='lat' dir='ltr'>ofﬁciorum</span> <span class='ocrx_word' id='word_1_582' title='bbox 2688 2494 2928 2551; x_wconf 89' lang='lat' dir='ltr'>genera.</span> <span class='ocrx_word' id='word_1_583' title='bbox 2954 2479 3070 2535; x_wconf 91' lang='lat' dir='ltr'>Sed</span> <span class='ocrx_word' id='word_1_584' title='bbox 3094 2480 3205 2535; x_wconf 89' lang='lat' dir='ltr'>hoc</span> <span class='ocrx_word' id='word_1_585' title='bbox 3222 2482 3368 2536; x_wconf 86' lang='lat' dir='ltr'>artis</span> <span class='ocrx_word' id='word_1_586' title='bbox 3391 2486 3502 2552; x_wconf 86' lang='lat' dir='ltr'>est,</span> <span class='ocrx_word' id='word_1_587' title='bbox 3528 2487 3590 2538; x_wconf 92' lang='lat' dir='ltr'>ut</span> <span class='ocrx_word' id='word_1_588' title='bbox 3611 2485 3740 2553; x_wconf 87' lang='lat' dir='ltr'>pri-</span> 
     </span>
    </p>
   </div>
   <div class='ocr_carea' id='block_1_86' title="bbox 2057 2562 3739 2641">
    <p class='ocr_par' dir='ltr' id='par_1_86' title="bbox 2057 2562 3739 2641">
     <span class='ocr_line' id='line_1_88' title="bbox 2057 2562 3739 2641; baseline 0.01 -29"><span class='ocrx_word' id='word_1_589' title='bbox 2057 2576 2152 2614; x_wconf 91' lang='lat' dir='ltr'>mo</span> <span class='ocrx_word' id='word_1_590' title='bbox 2174 2562 2435 2622; x_wconf 77' lang='lat' dir='ltr'>officium</span> <span class='ocrx_word' id='word_1_591' title='bbox 2456 2568 2785 2637; x_wconf 83' lang='lat' dir='ltr'>definiatur,</span> <span class='ocrx_word' id='word_1_592' title='bbox 2818 2571 3025 2638; x_wconf 89' lang='lat' dir='ltr'>postea</span> <span class='ocrx_word' id='word_1_593' title='bbox 3057 2572 3216 2623; x_wconf 87' lang='lat' dir='ltr'>certa</span> <span class='ocrx_word' id='word_1_594' title='bbox 3247 2570 3307 2624; x_wconf 92' lang='lat' dir='ltr'>in</span> <span class='ocrx_word' id='word_1_595' title='bbox 3327 2585 3549 2641; x_wconf 89' lang='lat' dir='ltr'>genera</span> <span class='ocrx_word' id='word_1_596' title='bbox 3581 2573 3739 2628; x_wconf 90' lang='lat' dir='ltr'>divi-</span> 
     </span>
    </p>
   </div>
   <div class='ocr_carea' id='block_1_87' title="bbox 2056 2657 3741 2731">
    <p class='ocr_par' dir='ltr' id='par_1_87' title="bbox 2056 2657 3741 2731">
     <span class='ocr_line' id='line_1_89' title="bbox 2056 2657 3741 2731; baseline 0.003 -20"><span class='ocrx_word' id='word_1_597' title='bbox 2056 2658 2227 2712; x_wconf 88' lang='lat' dir='ltr'>datur</span> <span class='ocrx_word' id='word_1_598' title='bbox 2246 2658 2380 2727; x_wconf 84' lang='lat'>(23).</span> <span class='ocrx_word' id='word_1_599' title='bbox 2417 2657 2543 2711; x_wconf 89' lang='lat' dir='ltr'>Nos</span> <span class='ocrx_word' id='word_1_600' title='bbox 2572 2659 2766 2711; x_wconf 90' lang='lat' dir='ltr'>autem</span> <span class='ocrx_word' id='word_1_601' title='bbox 2787 2660 2971 2711; x_wconf 89' lang='lat' dir='ltr'>artem</span> <span class='ocrx_word' id='word_1_602' title='bbox 3002 2657 3288 2729; x_wconf 87' lang='lat' dir='ltr'>fugimus,</span> <span class='ocrx_word' id='word_1_603' title='bbox 3316 2661 3585 2731; x_wconf 89' lang='lat' dir='ltr'>exempla</span> <span class='ocrx_word' id='word_1_604' title='bbox 3608 2677 3741 2716; x_wconf 88' lang='lat' dir='ltr'>ma-</span> 
     </span>
    </p>
   </div>
   <div class='ocr_carea' id='block_1_88' title="bbox 2050 2745 3737 2817">
    <p class='ocr_par' dir='ltr' id='par_1_88' title="bbox 2050 2745 3737 2817">
     <span class='ocr_line' id='line_1_90' title="bbox 2050 2745 3737 2817; baseline 0.002 -17"><span class='ocrx_word' id='word_1_605' title='bbox 2050 2745 2251 2817; x_wconf 86' lang='lat' dir='ltr'>jorum</span> <span class='ocrx_word' id='word_1_606' title='bbox 2320 2746 2706 2815; x_wconf 81' lang='lat' dir='ltr'>pmponimus</span> <span class='ocrx_word' id='word_1_607' title='bbox 2759 2761 2771 2799; x_wconf 92' lang='lat'>:</span> <span class='ocrx_word' id='word_1_608' title='bbox 2840 2761 2972 2815; x_wconf 83' lang='lat' dir='ltr'>quae</span> <span class='ocrx_word' id='word_1_609' title='bbox 3045 2762 3238 2817; x_wconf 91' lang='lat' dir='ltr'>neque</span> <span class='ocrx_word' id='word_1_610' title='bbox 3313 2748 3737 2805; x_wconf 87' lang='lat' dir='ltr'>obscuritatem</span> 
     </span>
    </p>
   </div>
   <div class='ocr_carea' id='block_1_89' title="bbox 2054 2833 3735 2906">
    <p class='ocr_par' dir='ltr' id='par_1_89' title="bbox 2054 2833 3735 2906">
     <span class='ocr_line' id='line_1_91' title="bbox 2054 2833 3735 2906; baseline 0.004 -19"><span class='ocrx_word' id='word_1_611' title='bbox 2054 2833 2305 2889; x_wconf 83' lang='lat' dir='ltr'>afferunt</span> <span class='ocrx_word' id='word_1_612' title='bbox 2345 2836 2418 2888; x_wconf 89' lang='lat' dir='ltr'>ad</span> <span class='ocrx_word' id='word_1_613' title='bbox 2456 2835 2942 2905; x_wconf 88' lang='lat' dir='ltr'>intelligendum,</span> <span class='ocrx_word' id='word_1_614' title='bbox 2996 2850 3187 2906; x_wconf 88' lang='lat' dir='ltr'>neque</span> <span class='ocrx_word' id='word_1_615' title='bbox 3241 2836 3316 2889; x_wconf 87' lang='lat' dir='ltr'>ad</span> <span class='ocrx_word' id='word_1_616' title='bbox 3365 2838 3735 2893; x_wconf 80' lang='lat' dir='ltr'>tractandum</span> 
     </span>
    </p>
   </div>
   <div class='ocr_carea' id='block_1_90' title="bbox 2055 2923 3735 2996">
    <p class='ocr_par' dir='ltr' id='par_1_90' title="bbox 2055 2923 3735 2996">
     <span class='ocr_line' id='line_1_92' title="bbox 2055 2923 3735 2996; baseline 0.003 -20"><span class='ocrx_word' id='word_1_617' title='bbox 2055 2924 2371 2978; x_wconf 90' lang='lat' dir='ltr'>versutias.</span> <span class='ocrx_word' id='word_1_618' title='bbox 2408 2923 2495 2978; x_wconf 88' lang='lat' dir='ltr'>Sit</span> <span class='ocrx_word' id='word_1_619' title='bbox 2515 2923 2697 2995; x_wconf 88' lang='lat' dir='ltr'>igitur</span> <span class='ocrx_word' id='word_1_620' title='bbox 2719 2923 2891 2976; x_wconf 91' lang='lat' dir='ltr'>nobis</span> <span class='ocrx_word' id='word_1_621' title='bbox 2925 2924 3040 2976; x_wconf 89' lang='lat' dir='ltr'>vita</span> <span class='ocrx_word' id='word_1_622' title='bbox 3072 2923 3365 2995; x_wconf 88' lang='lat' dir='ltr'>majorum</span> <span class='ocrx_word' id='word_1_623' title='bbox 3402 2926 3735 2996; x_wconf 63' lang='lat' dir='ltr'>disciplinas</span> 
     </span>
    </p>
   </div>
   <div class='ocr_carea' id='block_1_91' title="bbox 2056 3011 3735 3082">
    <p class='ocr_par' dir='ltr' id='par_1_91' title="bbox 2056 3011 3735 3082">
     <span class='ocr_line' id='line_1_93' title="bbox 2056 3011 3735 3082; baseline 0.004 -17"><span class='ocrx_word' id='word_1_624' title='bbox 2056 3012 2386 3082; x_wconf 90' lang='lat' dir='ltr'>speculum,</span> <span class='ocrx_word' id='word_1_625' title='bbox 2411 3027 2529 3066; x_wconf 91' lang='lat' dir='ltr'>non</span> <span class='ocrx_word' id='word_1_626' title='bbox 2554 3011 2889 3066; x_wconf 86' lang='lat' dir='ltr'>calliditatis</span> <span class='ocrx_word' id='word_1_627' title='bbox 2914 3012 3434 3069; x_wconf 86' lang='lat' dir='ltr'>commentarium:</span> <span class='ocrx_word' id='word_1_628' title='bbox 3466 3015 3735 3072; x_wconf 85' lang='lat' dir='ltr'>imitandi</span> 
     </span>
    </p>
   </div>
   <div class='ocr_carea' id='block_1_92' title="bbox 2056 3100 3199 3169">
    <p class='ocr_par' dir='ltr' id='par_1_92' title="bbox 2056 3100 3199 3169">
     <span class='ocr_line' id='line_1_94' title="bbox 2056 3100 3199 3169; baseline 0.002 -16"><span class='ocrx_word' id='word_1_629' title='bbox 2056 3100 2408 3166; x_wconf 90' lang='lat' dir='ltr'>reverentia,</span> <span class='ocrx_word' id='word_1_630' title='bbox 2445 3116 2564 3154; x_wconf 90' lang='lat' dir='ltr'>non</span> <span class='ocrx_word' id='word_1_631' title='bbox 2593 3100 2933 3169; x_wconf 88' lang='lat' dir='ltr'>disputandi</span> <span class='ocrx_word' id='word_1_632' title='bbox 2963 3101 3199 3155; x_wconf 89' lang='lat' dir='ltr'>astutia.</span> 
     </span>
    </p>
   </div>
   <div class='ocr_carea' id='block_1_93' title="bbox 2127 3187 3737 3260">
    <p class='ocr_par' dir='ltr' id='par_1_93' title="bbox 2127 3187 3737 3260">
     <span class='ocr_line' id='line_1_95' title="bbox 2127 3187 3737 3260; baseline 0.002 -18"><span class='ocrx_word' id='word_1_633' title='bbox 2127 3187 2249 3243; x_wconf 76' lang='lat'><strong>117.</strong></span> <span class='ocrx_word' id='word_1_634' title='bbox 2293 3189 2424 3243; x_wconf 87' lang='lat' dir='ltr'>Fuit</span> <span class='ocrx_word' id='word_1_635' title='bbox 2468 3189 2649 3260; x_wconf 91' lang='lat' dir='ltr'>igitur</span> <span class='ocrx_word' id='word_1_636' title='bbox 2678 3188 2738 3241; x_wconf 92' lang='lat' dir='ltr'>in</span> <span class='ocrx_word' id='word_1_637' title='bbox 2769 3193 2975 3243; x_wconf 90' lang='lat' dir='ltr'>sancto</span> <span class='ocrx_word' id='word_1_638' title='bbox 3023 3189 3320 3243; x_wconf 86' lang='lat' dir='ltr'>Abraham</span> <span class='ocrx_word' id='word_1_639' title='bbox 3368 3190 3559 3259; x_wconf 91' lang='lat' dir='ltr'>primo</span> <span class='ocrx_word' id='word_1_640' title='bbox 3604 3190 3737 3247; x_wconf 91' lang='lat' dir='ltr'>loco</span> 
     </span>
    </p>
   </div>
   <div class='ocr_carea' id='block_1_94' title="bbox 2054 3277 3738 3348">
    <p class='ocr_par' dir='ltr' id='par_1_94' title="bbox 2054 3277 3738 3348">
     <span class='ocr_line' id='line_1_96' title="bbox 2054 3277 3738 3348; baseline 0.002 -18"><span class='ocrx_word' id='word_1_641' title='bbox 2054 3278 2384 3348; x_wconf 90' lang='lat' dir='ltr'>prudentia,</span> <span class='ocrx_word' id='word_1_642' title='bbox 2402 3278 2473 3331; x_wconf 90' lang='lat' dir='ltr'>de</span> <span class='ocrx_word' id='word_1_643' title='bbox 2493 3292 2611 3348; x_wconf 91' lang='lat' dir='ltr'>quo</span> <span class='ocrx_word' id='word_1_644' title='bbox 2630 3277 2772 3331; x_wconf 90' lang='lat' dir='ltr'>dicit</span> <span class='ocrx_word' id='word_1_645' title='bbox 2784 3277 3113 3347; x_wconf 86' lang='lat' dir='ltr'>Scriptura:</span> <span class='ocrx_word' id='word_1_646' title='bbox 3136 3277 3414 3332; x_wconf 85' lang='lat' dir='ltr'>Credidit</span> <span class='ocrx_word' id='word_1_647' title='bbox 3430 3278 3738 3333; x_wconf 78' lang='lat' dir='ltr'>Abraham</span> 
     </span>
    </p>
   </div>
   <div class='ocr_carea' id='block_1_95' title="bbox 2054 3365 3735 3439">
    <p class='ocr_par' dir='ltr' id='par_1_95' title="bbox 2054 3365 3735 3439">
     <span class='ocr_line' id='line_1_97' title="bbox 2054 3365 3735 3439; baseline 0.002 -19"><span class='ocrx_word' id='word_1_648' title='bbox 2054 3367 2197 3432; x_wconf 84' lang='lat' dir='ltr'>Deo,</span> <span class='ocrx_word' id='word_1_649' title='bbox 2221 3373 2279 3422; x_wconf 89' lang='lat' dir='ltr'>et</span> <span class='ocrx_word' id='word_1_650' title='bbox 2312 3371 2644 3437; x_wconf 83' lang='lat' dir='ltr'>reputatum</span> <span class='ocrx_word' id='word_1_651' title='bbox 2670 3373 2760 3420; x_wconf 88' lang='lat' dir='ltr'>est</span> <span class='ocrx_word' id='word_1_652' title='bbox 2792 3366 2885 3419; x_wconf 83' lang='lat' dir='ltr'>illi</span> <span class='ocrx_word' id='word_1_653' title='bbox 2914 3367 2989 3420; x_wconf 86' lang='lat' dir='ltr'>ad</span> <span class='ocrx_word' id='word_1_654' title='bbox 3006 3367 3307 3437; x_wconf 74' lang='lat' dir='ltr'>justitiam</span> <span class='ocrx_word' id='word_1_655' title='bbox 3337 3365 3511 3438; x_wconf 91' lang='lat' dir='ltr'>(Gen.</span> <span class='ocrx_word' id='word_1_656' title='bbox 3533 3384 3632 3438; x_wconf 84' lang='lat' dir='ltr'>xv,</span> <span class='ocrx_word' id='word_1_657' title='bbox 3655 3368 3735 3439; x_wconf 89' lang='lat'>6).</span> 
     </span>
    </p>
   </div>
   <div class='ocr_carea' id='block_1_96' title="bbox 2055 3455 3739 3529">
    <p class='ocr_par' dir='ltr' id='par_1_96' title="bbox 2055 3455 3739 3529">
     <span class='ocr_line' id='line_1_98' title="bbox 2055 3455 3739 3529; baseline 0.001 -19"><span class='ocrx_word' id='word_1_658' title='bbox 2055 3455 2243 3511; x_wconf 87' lang='lat' dir='ltr'>Nemo</span> <span class='ocrx_word' id='word_1_659' title='bbox 2300 3456 2457 3511; x_wconf 88' lang='lat' dir='ltr'>enim</span> <span class='ocrx_word' id='word_1_660' title='bbox 2500 3455 2785 3525; x_wconf 91' lang='lat' dir='ltr'>prudens,</span> <span class='ocrx_word' id='word_1_661' title='bbox 2834 3455 2932 3526; x_wconf 92' lang='lat' dir='ltr'>qui</span> <span class='ocrx_word' id='word_1_662' title='bbox 2984 3456 3171 3509; x_wconf 90' lang='lat' dir='ltr'>Deum</span> <span class='ocrx_word' id='word_1_663' title='bbox 3211 3455 3422 3509; x_wconf 92' lang='lat' dir='ltr'>nescit.</span> <span class='ocrx_word' id='word_1_664' title='bbox 3472 3455 3739 3529; x_wconf 89' lang='lat' dir='ltr'>Denique</span> 
     </span>
    </p>
   </div>
   <div class='ocr_carea' id='block_1_97' title="bbox 2052 3543 3739 3616">
    <p class='ocr_par' dir='ltr' id='par_1_97' title="bbox 2052 3543 3739 3616">
     <span class='ocr_line' id='line_1_99' title="bbox 2052 3543 3739 3616; baseline 0.002 -18"><span class='ocrx_word' id='word_1_665' title='bbox 2052 3544 2347 3614; x_wconf 89' lang='lat' dir='ltr'>insipiens</span> <span class='ocrx_word' id='word_1_666' title='bbox 2393 3544 2540 3598; x_wconf 83' lang='lat' dir='ltr'>dixit</span> <span class='ocrx_word' id='word_1_667' title='bbox 2587 3544 2724 3616; x_wconf 87' lang='lat' dir='ltr'>quia</span> <span class='ocrx_word' id='word_1_668' title='bbox 2773 3558 2886 3598; x_wconf 90' lang='lat' dir='ltr'>non</span> <span class='ocrx_word' id='word_1_669' title='bbox 2930 3549 3023 3598; x_wconf 88' lang='lat' dir='ltr'>est</span> <span class='ocrx_word' id='word_1_670' title='bbox 3068 3543 3231 3598; x_wconf 89' lang='lat' dir='ltr'>Deus</span> <span class='ocrx_word' id='word_1_671' title='bbox 3258 3543 3451 3613; x_wconf 85' lang='lat' dir='ltr'>(Psal.</span> <span class='ocrx_word' id='word_1_672' title='bbox 3494 3561 3619 3615; x_wconf 88' lang='grc' dir='ltr'>χιιι,</span> <span class='ocrx_word' id='word_1_673' title='bbox 3646 3545 3739 3616; x_wconf 82' lang='grc'>1);</span> 
     </span>
    </p>
   </div>
   <div class='ocr_carea' id='block_1_98' title="bbox 2053 3630 3740 3705">
    <p class='ocr_par' dir='ltr' id='par_1_98' title="bbox 2053 3630 3740 3705">
     <span class='ocr_line' id='line_1_100' title="bbox 2053 3630 3740 3705; baseline 0.001 -18"><span class='ocrx_word' id='word_1_674' title='bbox 2053 3648 2186 3687; x_wconf 89' lang='lat' dir='ltr'>nam</span> <span class='ocrx_word' id='word_1_675' title='bbox 2206 3634 2448 3703; x_wconf 89' lang='lat' dir='ltr'>sapiens</span> <span class='ocrx_word' id='word_1_676' title='bbox 2472 3649 2589 3686; x_wconf 91' lang='lat' dir='ltr'>non</span> <span class='ocrx_word' id='word_1_677' title='bbox 2608 3632 2850 3686; x_wconf 91' lang='lat' dir='ltr'>diceret.</span> <span class='ocrx_word' id='word_1_678' title='bbox 2866 3630 3171 3697; x_wconf 88' lang='lat' dir='ltr'>Quomodo</span> <span class='ocrx_word' id='word_1_679' title='bbox 3199 3632 3354 3686; x_wconf 91' lang='lat' dir='ltr'>enim</span> <span class='ocrx_word' id='word_1_680' title='bbox 3377 3632 3619 3703; x_wconf 90' lang='lat' dir='ltr'>sapiens</span> <span class='ocrx_word' id='word_1_681' title='bbox 3636 3635 3740 3705; x_wconf 88' lang='lat' dir='ltr'>qui</span> 
     </span>
    </p>
   </div>
   <div class='ocr_carea' id='block_1_99' title="bbox 2052 3721 3737 3793">
    <p class='ocr_par' dir='ltr' id='par_1_99' title="bbox 2052 3721 3737 3793">
     <span class='ocr_line' id='line_1_101' title="bbox 2052 3721 3737 3793; baseline 0.001 -17"><span class='ocrx_word' id='word_1_682' title='bbox 2052 3738 2171 3777; x_wconf 90' lang='lat' dir='ltr'>non</span> <span class='ocrx_word' id='word_1_683' title='bbox 2211 3723 2458 3793; x_wconf 90' lang='lat' dir='ltr'>requirit</span> <span class='ocrx_word' id='word_1_684' title='bbox 2479 3724 2781 3776; x_wconf 88' lang='lat' dir='ltr'>auctorem</span> <span class='ocrx_word' id='word_1_685' title='bbox 2804 3738 2999 3791; x_wconf 90' lang='lat' dir='ltr'>suum,</span> <span class='ocrx_word' id='word_1_686' title='bbox 3019 3722 3118 3793; x_wconf 92' lang='lat' dir='ltr'>qui</span> <span class='ocrx_word' id='word_1_687' title='bbox 3144 3721 3286 3776; x_wconf 88' lang='lat' dir='ltr'>dicit</span> <span class='ocrx_word' id='word_1_688' title='bbox 3305 3721 3518 3791; x_wconf 88' lang='lat' dir='ltr'>lapidi:</span> <span class='ocrx_word' id='word_1_689' title='bbox 3544 3721 3737 3778; x_wconf 84' lang='lat' dir='ltr'>Pater</span> 
     </span>
    </p>
   </div>
   <div class='ocr_carea' id='block_1_100' title="bbox 2051 3808 3736 3882">
    <p class='ocr_par' dir='ltr' id='par_1_100' title="bbox 2051 3808 3736 3882">
     <span class='ocr_line' id='line_1_102' title="bbox 2051 3808 3736 3882; baseline 0.001 -18"><span class='ocrx_word' id='word_1_690' title='bbox 2051 3827 2217 3866; x_wconf 89' lang='lat' dir='ltr'>meus</span> <span class='ocrx_word' id='word_1_691' title='bbox 2248 3827 2315 3865; x_wconf 87' lang='lat' dir='ltr'>es</span> <span class='ocrx_word' id='word_1_692' title='bbox 2346 3816 2405 3864; x_wconf 90' lang='lat' dir='ltr'>tu</span> <span class='ocrx_word' id='word_1_693' title='bbox 2434 3810 2679 3880; x_wconf 87' lang='lat' dir='ltr'>(Jerem.</span> <span class='ocrx_word' id='word_1_694' title='bbox 2714 3828 2774 3880; x_wconf 94' lang='grc' dir='ltr'>ιι,</span> <span class='ocrx_word' id='word_1_695' title='bbox 2806 3811 2897 3881; x_wconf 84' lang='lat'>2&#39;7)</span> <span class='ocrx_word' id='word_1_696' title='bbox 2923 3827 2936 3866; x_wconf 94' lang='lat'>:</span> <span class='ocrx_word' id='word_1_697' title='bbox 2972 3812 3073 3882; x_wconf 89' lang='lat' dir='ltr'>qui</span> <span class='ocrx_word' id='word_1_698' title='bbox 3104 3810 3244 3865; x_wconf 90' lang='lat' dir='ltr'>dicit</span> <span class='ocrx_word' id='word_1_699' title='bbox 3271 3809 3506 3865; x_wconf 91' lang='lat' dir='ltr'>diabolo</span> <span class='ocrx_word' id='word_1_700' title='bbox 3528 3808 3647 3881; x_wconf 77' lang='grc'>(24)</span> <span class='ocrx_word' id='word_1_701' title='bbox 3673 3812 3736 3865; x_wconf 88' lang='lat' dir='ltr'>ut</span> 
     </span>
    </p>
   </div>
   <div class='ocr_carea' id='block_1_101' title="bbox 2052 3898 3733 3969">
    <p class='ocr_par' dir='ltr' id='par_1_101' title="bbox 2052 3898 3733 3969">
     <span class='ocr_line' id='line_1_103' title="bbox 2052 3898 3733 3969; baseline 0.001 -17"><span class='ocrx_word' id='word_1_702' title='bbox 2052 3899 2419 3954; x_wconf 71' lang='lat' dir='ltr'>Manichaaus</span> <span class='ocrx_word' id='word_1_703' title='bbox 2446 3914 2458 3954; x_wconf 93' lang='lat'>:</span> <span class='ocrx_word' id='word_1_704' title='bbox 2493 3900 2716 3954; x_wconf 85' lang='lat' dir='ltr'>Auctor</span> <span class='ocrx_word' id='word_1_705' title='bbox 2736 3915 2904 3954; x_wconf 87' lang='lat' dir='ltr'>meus</span> <span class='ocrx_word' id='word_1_706' title='bbox 2922 3916 2989 3955; x_wconf 91' lang='lat' dir='ltr'>es</span> <span class='ocrx_word' id='word_1_707' title='bbox 3022 3902 3083 3953; x_wconf 92' lang='lat' dir='ltr'>tu</span> <span class='ocrx_word' id='word_1_708' title='bbox 3104 3900 3131 3953; x_wconf 70' lang='grc' dir='ltr'>ἱ)</span> <span class='ocrx_word' id='word_1_709' title='bbox 3161 3898 3467 3963; x_wconf 88' lang='lat' dir='ltr'>Quomodo</span> <span class='ocrx_word' id='word_1_710' title='bbox 3486 3900 3733 3969; x_wconf 82' lang='lat' dir='ltr'>sapiens</span> 
     </span>
    </p>
   </div>
   <div class='ocr_carea' id='block_1_102' title="bbox 2050 3986 3725 4060">
    <p class='ocr_par' dir='ltr' id='par_1_102' title="bbox 2050 3986 3725 4060">
     <span class='ocr_line' id='line_1_104' title="bbox 2050 3986 3725 4060; baseline 0.001 -19"><span class='ocrx_word' id='word_1_711' title='bbox 2050 3988 2329 4059; x_wconf 85' lang='lat' dir='ltr'>Arianus,</span> <span class='ocrx_word' id='word_1_712' title='bbox 2362 3988 2463 4060; x_wconf 89' lang='lat' dir='ltr'>qui</span> <span class='ocrx_word' id='word_1_713' title='bbox 2493 3988 2712 4043; x_wconf 88' lang='lat' dir='ltr'>mavult</span> <span class='ocrx_word' id='word_1_714' title='bbox 2739 3987 3148 4059; x_wconf 87' lang='lat' dir='ltr'>imperfectum</span> <span class='ocrx_word' id='word_1_715' title='bbox 3178 3990 3484 4042; x_wconf 88' lang='lat' dir='ltr'>auctorem</span> <span class='ocrx_word' id='word_1_716' title='bbox 3504 3986 3725 4043; x_wconf 86' lang='lat' dir='ltr'>habere</span> 
     </span>
    </p>
   </div>
   <div class='ocr_carea' id='block_1_103' title="bbox 2050 4126 3730 4202">
    <p class='ocr_par' dir='ltr' id='par_1_103' title="bbox 2050 4126 3730 4202">
     <span class='ocr_line' id='line_1_105' title="bbox 2050 4126 3730 4202; baseline 0.002 -18"><span class='ocrx_word' id='word_1_717' title='bbox 2050 4131 2204 4202; x_wconf 84' lang='lat' dir='ltr'>sicut</span> <span class='ocrx_word' id='word_1_718' title='bbox 2233 4134 2289 4185; x_wconf 92' lang='lat' dir='ltr'>et</span> <span class='ocrx_word' id='word_1_719' title='bbox 2323 4131 2425 4185; x_wconf 89' lang='lat' dir='ltr'>lib.</span> <span class='ocrx_word' id='word_1_720' title='bbox 2461 4148 2499 4200; x_wconf 94' lang='grc' dir='ltr'>ι,</span> <span class='ocrx_word' id='word_1_721' title='bbox 2534 4147 2661 4201; x_wconf 91' lang='lat' dir='ltr'>cap.</span> <span class='ocrx_word' id='word_1_722' title='bbox 2694 4131 2726 4185; x_wconf 81' lang='grc'>’7</span> <span class='ocrx_word' id='word_1_723' title='bbox 2759 4134 2814 4185; x_wconf 90' lang='lat' dir='ltr'>et</span> <span class='ocrx_word' id='word_1_724' title='bbox 2847 4131 2912 4185; x_wconf 83' lang='lat'><strong>13</strong></span> <span class='ocrx_word' id='word_1_725' title='bbox 2956 4130 3273 4202; x_wconf 83' lang='lat' dir='ltr'>significat.</span> <span class='ocrx_word' id='word_1_726' title='bbox 3324 4127 3434 4202; x_wconf 82' lang='lat' dir='ltr'>Cui</span> <span class='ocrx_word' id='word_1_727' title='bbox 3472 4126 3730 4201; x_wconf 84' lang='lat' dir='ltr'>jungere</span> 
     </span>
    </p>
   </div>
   <div class='ocr_carea' id='block_1_104' title="bbox 2046 4200 3727 4272">
    <p class='ocr_par' dir='ltr' id='par_1_104' title="bbox 2046 4200 3727 4272">
     <span class='ocr_line' id='line_1_106' title="bbox 2046 4200 3727 4272; baseline 0.001 -17"><span class='ocrx_word' id='word_1_728' title='bbox 2046 4200 2185 4255; x_wconf 91' lang='lat' dir='ltr'>licet</span> <span class='ocrx_word' id='word_1_729' title='bbox 2234 4200 2624 4257; x_wconf 80' lang='lat' dir='ltr'>Sozomenum</span> <span class='ocrx_word' id='word_1_730' title='bbox 2671 4202 2773 4256; x_wconf 89' lang='lat' dir='ltr'>lib.</span> <span class='ocrx_word' id='word_1_731' title='bbox 2816 4218 2893 4269; x_wconf 80' lang='lat' dir='ltr'>IV,</span> <span class='ocrx_word' id='word_1_732' title='bbox 2938 4200 3066 4272; x_wconf 81' lang='lat' dir='ltr'>cap.</span> <span class='ocrx_word' id='word_1_733' title='bbox 3099 4202 3188 4268; x_wconf 89' lang='grc'>25,</span> <span class='ocrx_word' id='word_1_734' title='bbox 3235 4204 3292 4256; x_wconf 91' lang='lat' dir='ltr'>et</span> <span class='ocrx_word' id='word_1_735' title='bbox 3335 4200 3437 4254; x_wconf 93' lang='lat' dir='ltr'>lib.</span> <span class='ocrx_word' id='word_1_736' title='bbox 3464 4216 3551 4272; x_wconf 75' lang='lat' dir='ltr'>vi,</span> <span class='ocrx_word' id='word_1_737' title='bbox 3599 4200 3727 4269; x_wconf 82' lang='lat' dir='ltr'>cap.</span> 
     </span>
    </p>
   </div>
   <div class='ocr_carea' id='block_1_105' title="bbox 2045 4270 3728 4343">
    <p class='ocr_par' dir='ltr' id='par_1_105' title="bbox 2045 4270 3728 4343">
     <span class='ocr_line' id='line_1_107' title="bbox 2045 4270 3728 4343; baseline -0.001 -18"><span class='ocrx_word' id='word_1_738' title='bbox 2045 4272 2134 4339; x_wconf 89' lang='grc'>26,</span> <span class='ocrx_word' id='word_1_739' title='bbox 2185 4275 2359 4343; x_wconf 87' lang='lat' dir='ltr'>atque</span> <span class='ocrx_word' id='word_1_740' title='bbox 2408 4273 2580 4327; x_wconf 91' lang='lat' dir='ltr'>alios.</span> <span class='ocrx_word' id='word_1_741' title='bbox 2627 4272 2745 4327; x_wconf 92' lang='lat' dir='ltr'>Sed</span> <span class='ocrx_word' id='word_1_742' title='bbox 2787 4270 3226 4343; x_wconf 47' lang='lat' dir='ltr'>nodum—solvit</span> <span class='ocrx_word' id='word_1_743' title='bbox 3273 4270 3728 4343; x_wconf 84' lang='lat' dir='ltr'>Theodoretus;</span> 
     </span>
    </p>
   </div>
   <div class='ocr_carea' id='block_1_106' title="bbox 2050 4341 3726 4414">
    <p class='ocr_par' dir='ltr' id='par_1_106' title="bbox 2050 4341 3726 4414">
     <span class='ocr_line' id='line_1_108' title="bbox 2050 4341 3726 4414; baseline -0.001 -18"><span class='ocrx_word' id='word_1_744' title='bbox 2050 4342 2147 4414; x_wconf 80' lang='lat' dir='ltr'>hic</span> <span class='ocrx_word' id='word_1_745' title='bbox 2161 4341 2317 4398; x_wconf 80' lang='lat' dir='ltr'>enim</span> <span class='ocrx_word' id='word_1_746' title='bbox 2340 4359 2474 4398; x_wconf 90' lang='lat' dir='ltr'>cum</span> <span class='ocrx_word' id='word_1_747' title='bbox 2492 4344 2591 4397; x_wconf 91' lang='lat' dir='ltr'>lib.</span> <span class='ocrx_word' id='word_1_748' title='bbox 2608 4361 2647 4397; x_wconf 90' lang='grc' dir='ltr'>ιι</span> <span class='ocrx_word' id='word_1_749' title='bbox 2665 4343 2823 4399; x_wconf 88' lang='lat' dir='ltr'>Hist.</span> <span class='ocrx_word' id='word_1_750' title='bbox 2846 4360 2972 4414; x_wconf 89' lang='lat' dir='ltr'>cap.</span> <span class='ocrx_word' id='word_1_751' title='bbox 2989 4341 3077 4412; x_wconf 88' lang='grc'>29,</span> <span class='ocrx_word' id='word_1_752' title='bbox 3096 4346 3315 4397; x_wconf 89' lang='lat' dir='ltr'>tantum</span> <span class='ocrx_word' id='word_1_753' title='bbox 3337 4341 3726 4414; x_wconf 84' lang='lat' dir='ltr'>scripsissset</span> 
     </span>
    </p>
   </div>
   <div class='ocr_carea' id='block_1_107' title="bbox 1519 4411 3723 4505">
    <p class='ocr_par' dir='ltr' id='par_1_107' title="bbox 1519 4411 3723 4505">
     <span class='ocr_line' id='line_1_109' title="bbox 1519 4411 3723 4505; baseline -0.001 -37"><span class='ocrx_word' id='word_1_754' title='bbox 1519 4436 1540 4462; x_wconf 75' lang='grc' dir='ltr'><strong><em>α</em></strong></span> <span class='ocrx_word' id='word_1_755' title='bbox 1593 4412 1731 4505; x_wconf 63' lang='grc' dir='ltr'>8(Ξᾴι</span> <span class='ocrx_word' id='word_1_756' title='bbox 1759 4428 1931 4468; x_wconf 84' lang='grc' dir='ltr'>οιιιιιθ</span> <span class='ocrx_word' id='word_1_757' title='bbox 1964 4444 2017 4505; x_wconf 81' lang='lat' dir='ltr'><strong>D</strong></span> <span class='ocrx_word' id='word_1_758' title='bbox 2050 4413 2401 4495; x_wconf 84' lang='lat' dir='ltr'>E_unomium</span> <span class='ocrx_word' id='word_1_759' title='bbox 2425 4415 2545 4505; x_wconf 47' lang='lat' dir='ltr'>{Xrii</span> <span class='ocrx_word' id='word_1_760' title='bbox 2565 4411 3492 4505; x_wconf 43' lang='lat' dir='ltr'>blasphemiam&#39;novapimpietatis</span> <span class='ocrx_word' id='word_1_761' title='bbox 3511 4425 3723 4505; x_wconf 52' lang='lat' dir='ltr'>acc‘es:</span> 
     </span>
    </p>
   </div>
   <div class='ocr_carea' id='block_1_108' title="bbox 2049 4480 3728 4553">
    <p class='ocr_par' dir='ltr' id='par_1_108' title="bbox 2049 4480 3728 4553">
     <span class='ocr_line' id='line_1_110' title="bbox 2049 4480 3728 4553; baseline -0.002 -14"><span class='ocrx_word' id='word_1_762' title='bbox 2049 4486 2217 4539; x_wconf 89' lang='lat' dir='ltr'>sione</span> <span class='ocrx_word' id='word_1_763' title='bbox 2249 4486 2608 4553; x_wconf 91' lang='lat' dir='ltr'>cumulasse,</span> <span class='ocrx_word' id='word_1_764' title='bbox 2643 4480 2828 4539; x_wconf 56' lang='lat' dir='ltr'>in&#39;lib.</span> <span class='ocrx_word' id='word_1_765' title='bbox 2862 4502 2919 4539; x_wconf 82' lang='lat' dir='ltr'>IV</span> <span class='ocrx_word' id='word_1_766' title='bbox 2948 4485 3108 4539; x_wconf 63' lang='grc' dir='ltr'><em>Ηττον.</em></span> <span class='ocrx_word' id='word_1_767' title='bbox 3146 4480 3326 4536; x_wconf 80' lang='lat' dir='ltr'>fabul.</span> <span class='ocrx_word' id='word_1_768' title='bbox 3352 4496 3475 4534; x_wconf 91' lang='lat' dir='ltr'>rem</span> <span class='ocrx_word' id='word_1_769' title='bbox 3507 4480 3728 4536; x_wconf 91' lang='lat' dir='ltr'>evolvit</span> 
     </span>
    </p>
   </div>
   <div class='ocr_carea' id='block_1_109' title="bbox 2047 4553 3726 4633">
    <p class='ocr_par' dir='ltr' id='par_1_109' title="bbox 2047 4553 3726 4633">
     <span class='ocr_line' id='line_1_111' title="bbox 2047 4553 3726 4633; baseline -0.002 -24"><span class='ocrx_word' id='word_1_770' title='bbox 2047 4557 2413 4610; x_wconf 89' lang='lat' dir='ltr'>enucleatius</span> <span class='ocrx_word' id='word_1_771' title='bbox 2460 4557 2538 4610; x_wconf 87' lang='lat' dir='ltr'>ita</span> <span class='ocrx_word' id='word_1_772' title='bbox 2587 4556 2908 4633; x_wconf 77' lang='lat' dir='ltr'>inquiens:</span> <span class='ocrx_word' id='word_1_773' title='bbox 2951 4554 3381 4633; x_wconf 33' lang='lat' dir='ltr'>«.Bapltizantes</span> <span class='ocrx_word' id='word_1_774' title='bbox 3428 4566 3623 4633; x_wconf 65' lang='lat' dir='ltr'>usque</span> <span class='ocrx_word' id='word_1_775' title='bbox 3652 4553 3726 4606; x_wconf 88' lang='lat' dir='ltr'>ad</span> 
     </span>
    </p>
   </div>
   <div class='ocr_carea' id='block_1_110' title="bbox 2045 4573 3724 4699">
    <p class='ocr_par' dir='ltr' id='par_1_110' title="bbox 2045 4573 3724 4699">
     <span class='ocr_line' id='line_1_112' title="bbox 2047 4573 3724 4623; baseline -0.002 -14"><span class='ocrx_word' id='word_1_776' title='bbox 2047 4573 2413 4610; x_wconf 71' lang='lat' dir='ltr'>enucleatius</span> <span class='ocrx_word' id='word_1_777' title='bbox 2460 4573 2538 4610; x_wconf 74' lang='lat' dir='ltr'>ita</span> <span class='ocrx_word' id='word_1_778' title='bbox 2587 4573 2647 4610; x_wconf 87' lang='grc' dir='ltr'>ιιι</span> <span class='ocrx_word' id='word_1_779' title='bbox 2695 4573 2908 4611; x_wconf 70' lang='lat' dir='ltr'>utens:</span> <span class='ocrx_word' id='word_1_780' title='bbox 2951 4577 2973 4605; x_wconf 74' lang='grc' dir='ltr'>ι</span> <span class='ocrx_word' id='word_1_781' title='bbox 3013 4573 3381 4623; x_wconf 73' lang='lat' dir='ltr'>uapuzames</span> <span class='ocrx_word' id='word_1_782' title='bbox 3431 4573 3621 4622; x_wconf 85' lang='lat' dir='ltr'>usque</span> <span class='ocrx_word' id='word_1_783' title='bbox 3652 4573 3724 4606; x_wconf 83' lang='lat' dir='ltr'>ad</span> 
     </span>
     <span class='ocr_line' id='line_1_113' title="bbox 2045 4573 3724 4699; baseline -0.002 -18"><span class='ocrx_word' id='word_1_784' title='bbox 2045 4633 2253 4696; x_wconf 88' lang='lat' dir='ltr'>pectus</span> <span class='ocrx_word' id='word_1_785' title='bbox 2304 4644 2453 4699; x_wconf 89' lang='lat' dir='ltr'>aqua</span> <span class='ocrx_word' id='word_1_786' title='bbox 2486 4573 2897 4692; x_wconf 45' lang='lat' dir='ltr'>madetiaciunt,</span> <span class='ocrx_word' id='word_1_787' title='bbox 2933 4624 3178 4699; x_wconf 77' lang='lat' dir='ltr'>reliquis</span> <span class='ocrx_word' id='word_1_788' title='bbox 3216 4622 3724 4699; x_wconf 33' lang='lat' dir='ltr'>autem_p.artibus</span> 
     </span>
    </p>
   </div>
   <div class='ocr_carea' id='block_1_111' title="bbox 2045 4692 3718 4775">
    <p class='ocr_par' dir='ltr' id='par_1_111' title="bbox 2045 4692 3718 4775">
     <span class='ocr_line' id='line_1_114' title="bbox 2045 4692 3718 4775; baseline -0.001 -25"><span class='ocrx_word' id='word_1_789' title='bbox 2045 4692 2322 4775; x_wconf 61' lang='lat' dir='ltr'>tamquam</span> <span class='ocrx_word' id='word_1_790' title='bbox 2344 4692 2733 4775; x_wconf 65' lang='lat' dir='ltr'>exsecrandis</span> <span class='ocrx_word' id='word_1_791' title='bbox 2764 4712 2975 4775; x_wconf 79' lang='lat' dir='ltr'>aquam</span> <span class='ocrx_word' id='word_1_792' title='bbox 2997 4692 3277 4775; x_wconf 77' lang='lat' dir='ltr'>adhibere</span> <span class='ocrx_word' id='word_1_793' title='bbox 3307 4692 3718 4775; x_wconf 42' lang='lat' dir='ltr'>prohibent...&quot;</span> 
     </span>
    </p>
   </div>
   <div class='ocr_carea' id='block_1_112' title="bbox 2046 4765 3718 4834">
    <p class='ocr_par' dir='ltr' id='par_1_112' title="bbox 2046 4765 3718 4834">
     <span class='ocr_line' id='line_1_115' title="bbox 2046 4765 3718 4834; baseline -0.002 -12"><span class='ocrx_word' id='word_1_794' title='bbox 2046 4765 2183 4823; x_wconf 55' lang='lat' dir='ltr'>Sed&#39;</span> <span class='ocrx_word' id='word_1_795' title='bbox 2219 4773 2275 4822; x_wconf 88' lang='lat' dir='ltr'>et</span> <span class='ocrx_word' id='word_1_796' title='bbox 2322 4769 2479 4823; x_wconf 89' lang='lat' dir='ltr'>aliud</span> <span class='ocrx_word' id='word_1_797' title='bbox 2524 4768 2742 4822; x_wconf 88' lang='lat' dir='ltr'>audere</span> <span class='ocrx_word' id='word_1_798' title='bbox 2800 4765 2933 4820; x_wconf 87' lang='lat' dir='ltr'>illos</span> <span class='ocrx_word' id='word_1_799' title='bbox 2992 4766 3230 4834; x_wconf 85' lang='lat' dir='ltr'>dicunt,</span> <span class='ocrx_word' id='word_1_800' title='bbox 3267 4765 3425 4834; x_wconf 89' lang='lat' dir='ltr'>quod</span> <span class='ocrx_word' id='word_1_801' title='bbox 3474 4765 3718 4833; x_wconf 88' lang='lat' dir='ltr'>scriptis</span> 
     </span>
    </p>
   </div>
   <div class='ocr_carea' id='block_1_113' title="bbox 2046 4835 3718 4906">
    <p class='ocr_par' dir='ltr' id='par_1_113' title="bbox 2046 4835 3718 4906">
     <span class='ocr_line' id='line_1_116' title="bbox 2046 4835 3718 4906; baseline -0.002 -13"><span class='ocrx_word' id='word_1_802' title='bbox 2046 4841 2409 4893; x_wconf 86' lang='lat' dir='ltr'>committere</span> <span class='ocrx_word' id='word_1_803' title='bbox 2441 4854 2558 4891; x_wconf 92' lang='lat' dir='ltr'>non</span> <span class='ocrx_word' id='word_1_804' title='bbox 2588 4838 2799 4906; x_wconf 90' lang='lat' dir='ltr'>ausim,</span> <span class='ocrx_word' id='word_1_805' title='bbox 2846 4841 2956 4891; x_wconf 91' lang='lat' dir='ltr'>etc.</span> <span class='ocrx_word' id='word_1_806' title='bbox 3011 4836 3163 4890; x_wconf 87' lang='lat' dir='ltr'>Hinc</span> <span class='ocrx_word' id='word_1_807' title='bbox 3202 4835 3466 4906; x_wconf 84' lang='lat' dir='ltr'>profecto</span> <span class='ocrx_word' id='word_1_808' title='bbox 3517 4838 3718 4904; x_wconf 90' lang='lat' dir='ltr'>aperte</span> 
     </span>
    </p>
   </div>
   <div class='ocr_carea' id='block_1_114' title="bbox 2045 4906 3717 4980">
    <p class='ocr_par' dir='ltr' id='par_1_114' title="bbox 2045 4906 3717 4980">
     <span class='ocr_line' id='line_1_117' title="bbox 2045 4906 3717 4980; baseline -0.002 -18"><span class='ocrx_word' id='word_1_809' title='bbox 2045 4910 2343 4980; x_wconf 87' lang='lat' dir='ltr'>colligitur</span> <span class='ocrx_word' id='word_1_810' title='bbox 2359 4925 2492 4963; x_wconf 91' lang='lat' dir='ltr'>eum</span> <span class='ocrx_word' id='word_1_811' title='bbox 2514 4909 2832 4963; x_wconf 88' lang='lat' dir='ltr'>admisisse</span> <span class='ocrx_word' id='word_1_812' title='bbox 2851 4907 3463 4980; x_wconf 87' lang='lat' dir='ltr'>duplexprincipium,</span> <span class='ocrx_word' id='word_1_813' title='bbox 3496 4906 3717 4960; x_wconf 89' lang='lat' dir='ltr'>bonum</span> 
     </span>
    </p>
   </div>
   <div class='ocr_carea' id='block_1_115' title="bbox 2043 4977 3718 5051">
    <p class='ocr_par' dir='ltr' id='par_1_115' title="bbox 2043 4977 3718 5051">
     <span class='ocr_line' id='line_1_118' title="bbox 2043 4977 3718 5051; baseline -0.003 -18"><span class='ocrx_word' id='word_1_814' title='bbox 2043 4977 2290 5035; x_wconf 80' lang='lat' dir='ltr'>alterum</span> <span class='ocrx_word' id='word_1_815' title='bbox 2338 4996 2370 5032; x_wconf 89' lang='lat' dir='ltr'>a</span> <span class='ocrx_word' id='word_1_816' title='bbox 2429 4996 2544 5051; x_wconf 94' lang='lat' dir='ltr'>quo</span> <span class='ocrx_word' id='word_1_817' title='bbox 2593 4982 2801 5051; x_wconf 85' lang='lat' dir='ltr'>partes</span> <span class='ocrx_word' id='word_1_818' title='bbox 2850 4977 3117 5051; x_wconf 87' lang='lat' dir='ltr'>corporis</span> <span class='ocrx_word' id='word_1_819' title='bbox 3164 4977 3508 5051; x_wconf 86' lang='lat' dir='ltr'>superiores</span> <span class='ocrx_word' id='word_1_820' title='bbox 3568 4991 3718 5051; x_wconf 80' lang='lat' dir='ltr'>quas</span> 
     </span>
    </p>
   </div>
   <div class='ocr_carea' id='block_1_116' title="bbox 2041 5047 3721 5127">
    <p class='ocr_par' dir='ltr' id='par_1_116' title="bbox 2041 5047 3721 5127">
     <span class='ocr_line' id='line_1_119' title="bbox 2041 5047 3721 5127; baseline -0.004 -22"><span class='ocrx_word' id='word_1_821' title='bbox 2041 5051 2231 5127; x_wconf 84' lang='lat' dir='ltr'>bonas</span> <span class='ocrx_word' id='word_1_822' title='bbox 2272 5066 2410 5104; x_wconf 89' lang='lat' dir='ltr'>esse</span> <span class='ocrx_word' id='word_1_823' title='bbox 2446 5047 2612 5127; x_wconf 55' lang='lat' dir='ltr'>&#39;non&#39;</span> <span class='ocrx_word' id='word_1_824' title='bbox 2638 5047 2976 5127; x_wconf 65' lang='lat' dir='ltr'>negabant,</span> <span class='ocrx_word' id='word_1_825' title='bbox 3033 5049 3424 5127; x_wconf 81' lang='lat' dir='ltr'>procederent</span> <span class='ocrx_word' id='word_1_826' title='bbox 3456 5062 3468 5100; x_wconf 92' lang='lat'>:</span> <span class='ocrx_word' id='word_1_827' title='bbox 3504 5047 3721 5127; x_wconf 77' lang='lat' dir='ltr'>malum</span> 
     </span>
    </p>
   </div>
   <div class='ocr_carea' id='block_1_117' title="bbox 2041 5117 3720 5192">
    <p class='ocr_par' dir='ltr' id='par_1_117' title="bbox 2041 5117 3720 5192">
     <span class='ocr_line' id='line_1_120' title="bbox 2041 5117 3720 5192; baseline -0.003 -17"><span class='ocrx_word' id='word_1_828' title='bbox 2041 5123 2287 5176; x_wconf 90' lang='lat' dir='ltr'>alterum</span> <span class='ocrx_word' id='word_1_829' title='bbox 2326 5138 2359 5174; x_wconf 81' lang='grc' dir='ltr'>ιι</span> <span class='ocrx_word' id='word_1_830' title='bbox 2405 5137 2521 5192; x_wconf 92' lang='lat' dir='ltr'>quo</span> <span class='ocrx_word' id='word_1_831' title='bbox 2570 5117 2905 5192; x_wconf 72' lang='lat' dir='ltr'>inferiores,</span> <span class='ocrx_word' id='word_1_832' title='bbox 2960 5117 3109 5191; x_wconf 75' lang='lat' dir='ltr'>quas</span> <span class='ocrx_word' id='word_1_833' title='bbox 3142 5120 3328 5173; x_wconf 89' lang='lat' dir='ltr'>malas</span> <span class='ocrx_word' id='word_1_834' title='bbox 3351 5117 3720 5192; x_wconf 80' lang='lat' dir='ltr'>_esse__iidein</span> 
     </span>
    </p>
   </div>
   <div class='ocr_carea' id='block_1_118' title="bbox 2042 5186 3719 5269">
    <p class='ocr_par' dir='ltr' id='par_1_118' title="bbox 2042 5186 3719 5269">
     <span class='ocr_line' id='line_1_121' title="bbox 2042 5186 3719 5269; baseline -0.004 -23"><span class='ocrx_word' id='word_1_835' title='bbox 2042 5186 2492 5269; x_wconf 68' lang='lat' dir='ltr'>contendebant.</span> <span class='ocrx_word' id='word_1_836' title='bbox 2555 5191 2723 5269; x_wconf 71' lang='lat' dir='ltr'>Unde</span> <span class='ocrx_word' id='word_1_837' title='bbox 2773 5186 3063 5269; x_wconf 48' lang='lat' dir='ltr'>miram-ur</span> <span class='ocrx_word' id='word_1_838' title='bbox 3096 5206 3202 5269; x_wconf 86' lang='lat' dir='ltr'>eos</span> <span class='ocrx_word' id='word_1_839' title='bbox 3263 5186 3719 5269; x_wconf 37' lang='lat' dir='ltr'>quincolle‘ctos‘</span> 
     </span>
    </p>
   </div>
   <div class='ocr_carea' id='block_1_119' title="bbox 2041 5259 3723 5334">
    <p class='ocr_par' dir='ltr' id='par_1_119' title="bbox 2041 5259 3723 5334">
     <span class='ocr_line' id='line_1_122' title="bbox 2041 5259 3723 5334; baseline -0.005 -16"><span class='ocrx_word' id='word_1_840' title='bbox 2041 5263 2312 5334; x_wconf 86' lang='lat' dir='ltr'>ejusdem</span> <span class='ocrx_word' id='word_1_841' title='bbox 2362 5264 2636 5318; x_wconf 86' lang='lat' dir='ltr'>Eunomii</span> <span class='ocrx_word' id='word_1_842' title='bbox 2678 5278 2914 5317; x_wconf 90' lang='lat' dir='ltr'>errores</span> <span class='ocrx_word' id='word_1_843' title='bbox 2948 5262 3168 5331; x_wconf 89' lang='lat' dir='ltr'>scripto</span> <span class='ocrx_word' id='word_1_844' title='bbox 3216 5259 3624 5334; x_wconf 81' lang='lat' dir='ltr'>prodiderunt,</span> <span class='ocrx_word' id='word_1_845' title='bbox 3657 5259 3723 5311; x_wconf 90' lang='lat' dir='ltr'>ut</span> 
     </span>
    </p>
   </div>
   <div class='ocr_carea' id='block_1_120' title="bbox 2038 5329 3722 5412">
    <p class='ocr_par' dir='ltr' id='par_1_120' title="bbox 2038 5329 3722 5412">
     <span class='ocr_line' id='line_1_123' title="bbox 2038 5329 3722 5412; baseline -0.005 -24"><span class='ocrx_word' id='word_1_846' title='bbox 2038 5329 2176 5405; x_wconf 76' lang='lat' dir='ltr'>puta</span> <span class='ocrx_word' id='word_1_847' title='bbox 2227 5350 2308 5412; x_wconf 79' lang='lat' dir='ltr'>ex</span> <span class='ocrx_word' id='word_1_848' title='bbox 2340 5335 2609 5412; x_wconf 68' lang='lat' dir='ltr'>antiquis</span> <span class='ocrx_word' id='word_1_849' title='bbox 2650 5334 3040 5412; x_wconf 51' lang='lat' dir='ltr'>Epiphanium</span> <span class='ocrx_word' id='word_1_850' title='bbox 3074 5329 3148 5412; x_wconf 33' lang='lat' dir='ltr'>&quot;et</span> <span class='ocrx_word' id='word_1_851' title='bbox 3192 5329 3625 5412; x_wconf 56' lang='lat' dir='ltr'>Augustinum,</span> <span class='ocrx_word' id='word_1_852' title='bbox 3669 5341 3722 5412; x_wconf 16' lang='lat' dir='ltr'>7e</span> 
     </span>
    </p>
   </div>
   <div class='ocr_carea' id='block_1_121' title="bbox 2039 5398 3721 5470">
    <p class='ocr_par' dir='ltr' id='par_1_121' title="bbox 2039 5398 3721 5470">
     <span class='ocr_line' id='line_1_124' title="bbox 2039 5398 3721 5470; baseline -0.007 -11"><span class='ocrx_word' id='word_1_853' title='bbox 2039 5398 2659 5462; x_wconf 51' lang='lat' dir='ltr'>recentioribus-vero</span> <span class='ocrx_word' id='word_1_854' title='bbox 2700 5398 3054 5470; x_wconf 51' lang='lat' dir='ltr'>&#39;B&#39;aronium,</span> <span class='ocrx_word' id='word_1_855' title='bbox 3108 5398 3407 5456; x_wconf 80' lang='lat' dir='ltr'>Petavium</span> <span class='ocrx_word' id='word_1_856' title='bbox 3449 5398 3721 5470; x_wconf 79' lang='lat' dir='ltr'>aliosque</span> 
     </span>
    </p>
   </div>
   <div class='ocr_carea' id='block_1_122' title="bbox 2041 5468 3721 5547">
    <p class='ocr_par' dir='ltr' id='par_1_122' title="bbox 2041 5468 3721 5547">
     <span class='ocr_line' id='line_1_125' title="bbox 2041 5468 3721 5547; baseline -0.01 -14"><span class='ocrx_word' id='word_1_857' title='bbox 2041 5477 2670 5547; x_wconf 56' lang='lat' dir='ltr'>omnes,simpietatem</span> <span class='ocrx_word' id='word_1_858' title='bbox 2735 5476 2807 5531; x_wconf 88' lang='lat' dir='ltr'>de</span> <span class='ocrx_word' id='word_1_859' title='bbox 2867 5490 2982 5546; x_wconf 82' lang='lat' dir='ltr'>qua</span> <span class='ocrx_word' id='word_1_860' title='bbox 3037 5468 3134 5531; x_wconf 89' lang='lat' dir='ltr'>hic</span> <span class='ocrx_word' id='word_1_861' title='bbox 3193 5471 3455 5543; x_wconf 89' lang='lat' dir='ltr'>loquitur</span> <span class='ocrx_word' id='word_1_862' title='bbox 3510 5468 3721 5527; x_wconf 82' lang='lat' dir='ltr'>beatas</span> 
     </span>
    </p>
   </div>
  </div>
