4002 6150
355 187 437 259 63
1825 202 1886 266 S.
1928 201 2012 266 Al

2193 202 2371 268 osn.
3371 162 3374 165 λ
3716 212 3793 281 64

357 397 531 469 atque
559 395 934 470 degenerem,
982 413 1157 471 quam
1205 414 1411 455 verum
1439 401 1614 473 atque
1654 400 2024 472 perfectum?
2051 384 2106 447 Α
2136 403 2339 461 natust
2372 405 2555 472 Quam
2586 406 2756 462 fortis
2782 450 2796 478 ,
2842 410 2903 463 ut
2953 408 3236 466 diluvium
3284 410 3585 469 vinceret!
3618 412 3797 479 Quam

356 483 658 551 Quomodo
702 486 942 557 sapiens
991 489 1252 544 Marcion
1294 490 1408 559 (25)
1454 494 1627 562 atque
1672 491 2019 562 Eunomius,
2136 498 2493 567 temperans,
2521 500 2585 551 ut
2605 498 2889 552 diluvium
2910 499 3221 555 toleraret!
3256 502 3490 572 quando
3512 503 3797 572 introiret,

355 574 452 644 qui
472 573 693 663 malunt
710 574 893 630 Deum
913 577 1125 631 malum
1148 594 1323 649 quam
1344 579 1565 634 bonum
1584 580 1802 636 habere
1818 583 1846 636 ?
1863 582 2025 646 Quo-
2134 600 2249 656 qua
2279 586 2676 640 moderatione
2708 587 2968 658 degeret,
3003 590 3238 658 quando
3271 606 3534 660 corvum,
3567 593 3796 663 quando

355 662 529 752 modo
560 664 820 733 sapiens,
844 667 944 736 qui
975 665 1159 722 Deum
1191 684 1366 722 suum
1397 685 1515 723 non
1545 669 1753 723 timet?
1783 670 2024 724 Initium
2134 673 2466 730 columbam
2494 672 2827 745 dimitteret,
2863 678 3097 747 quando
3137 683 3234 746 33
3275 681 3567 752 reciperet
3586 662 3798 736 rever-

355 750 511 805 enim
533 752 841 823 sapientiae
872 754 1047 809 timor
1076 755 1313 810 Domini
1338 756 1529 826 (Psal.
1564 774 1659 827 cx,
1691 758 1857 826 9).Et
1885 759 2026 813 alibi
2130 762 2342 831 tentes,
2385 762 2618 833 quando
2676 762 2929 817 exeundi
2978 750 3469 834 opportunitatem
3518 764 3793 832 captaret,

353 836 909 911 babes:Sapientes
939 859 1053 897 non
1085 843 1386 899 declinant
1408 846 1483 901 de
1513 863 1617 901 ore
1638 847 1894 917 Domini,
1918 849 2029 904 sed
2131 853 2525 924 agnosceret?

354 933 613 983 tractant
644 930 740 995 32
772 930 834 984 in
867 932 1345 989 confessionibus
1360 935 1487 988 suis
1517 935 1727 1003 (Prov.
1761 937 2020 1006 xxxv,)'l.

351 1008 535 1064 Simul
565 1026 798 1083 quoque
828 1011 1057 1068 dicente
1088 1012 1425 1084 Scriptura:
1461 1015 1812 1087 Reputatum
1844 1023 1935 1071 est
1966 1018 2028 1072 ei

350 1098 428 1153 ad
439 1100 742 1170 justitiam
755 1118 773 1165 ;
821 1100 1067 1159 alterius
1108 1102 1386 1158 virtitutis
1417 1103 1469 1157 ei
1502 1105 1751 1175 gratiam
1796 1105 2022 1161 detulit.

420 1185 550 1245 118.
598 1188 778 1242 l'rimi
810 1189 990 1262 igitur
1017 1192 1205 1246 nostri
1249 1191 1603 1247 definierunt
1647 1194 2019 1263 prudentiam

349 1273 412 1329 in
460 1276 587 1330 veri
644 1278 973 1334 consistere
1015 1280 1371 1351 cognitione.
1405 1280 1550 1346 Quis
1590 1283 1746 1336 enim
1787 1282 2023 1337 illorum

346 1367 481 1420 ante
512 1365 829 1435 Abraham,
880 1368 1086 1438 David,
1122 1369 1541 1425 Salomonem?
1571 1370 1792 1426 Deinde
1838 1371 2021 1441 justi-

344 1453 486 1508 tiam
515 1456 785 1525 spectare
816 1456 888 1510 ad
920 1457 1266 1513 societatem
1288 1459 1531 1531 generis
1553 1459 1814 1515 humani.
1849 1460 2021 1516 Deni-

346 1558 461 1615 que
484 1543 667 1598 David
690 1544 801 1599 ait:
835 1545 1161 1618 Dispersit,
1187 1547 1353 1603 dedit
1381 1549 1764 1620 pauperibus,
1774 1549 2018 1622 justitia

347 1632 478 1703 ejus
506 1638 704 1688 manet
732 1634 796 1688 in
838 1640 1147 1691 aeternum.
1194 1636 1401 1692 Justus
1446 1639 1790 1706 miseretur,
1814 1639 2020 1710 justus

346 1720 669 1775 commodat
707 1721 895 1792 (Psal.
944 1739 1061 1794 CXI,
1112 1725 1189 1795 9).
1232 1725 1492 1797 Sapienti
1547 1729 1602 1780 et
1646 1726 1810 1799 justo
1857 1730 2015 1782 totus

345 1809 601 1865 mundus
630 1810 962 1866 divitiarum
988 1816 1098 1868 est.
1133 1814 1341 1869 Justus
1384 1818 1716 1871 communia
1747 1832 1852 1886 pro
1882 1817 2013 1870 suis

342 1897 555 1969 habet,
616 1915 724 1954 sua
771 1917 877 1970 pro
927 1904 1359 1959 communibus.
1413 1904 1621 1959 Justus
1662 1922 1729 1959 se
1784 1907 2009 1975 ipsum,

342 1987 688 2059 priusquam
718 1988 889 2059 alios,
923 1995 1183 2046 accusat.
1207 1993 1309 2046 Ille
1341 1993 1495 2047 enim
1515 1993 1738 2063 justus,
1774 1995 1873 2065 qui
1903 2009 2012 2048 nec

344 2076 461 2131 sibi
489 2078 696 2147 parcit,
728 2081 785 2132 et
815 2080 1041 2134 occulta
1071 2097 1180 2135 sua
1226 2081 1406 2135 latere
1442 2098 1559 2136 non
1596 2084 1831 2152 patitur.
1867 2082 2012 2136 Vide

346 2179 521 2235 quam
536 2165 739 2237 justus
769 2168 1086 2222 Abraham.
1121 2169 1185 2223 ln
1216 2173 1518 2225 senectute
1554 2173 1903 2240 susceperat
1941 2170 2012 2224 li-

342 2251 485 2307 lium
505 2269 612 2323 per
630 2256 1152 2325 repromissionem
1170 2258 1344 2328 (Gen.
1365 2276 1508 2327 xxn,
1525 2259 1558 2313 3
1580 2259 1820 2330 etseq.),
1841 2274 2010 2329 repo-

342 2343 535 2396 scenti
566 2342 813 2400 Domino
843 2346 1181 2418 negandum
1221 2347 1291 2401 ad
1324 2347 1702 2416 sacriﬁcium,
1736 2347 2010 2418 quamvis

341 2431 604 2502 unicum,
638 2449 757 2487 non
784 2434 1025 2503 putavit.

415 2519 537 2575 119.
571 2521 827 2577 Adverte
858 2523 954 2577 hic
1004 2539 1211 2578 omnes
1241 2524 1488 2580 virtutes
1520 2528 1771 2596 quatuor
1804 2525 1863 2578 in
1891 2540 2009 2579 uno

341 2606 517 2663 facto.
551 2608 683 2663 Fuit
704 2610 1028 2682 sapientia),
1059 2613 1180 2668 Deo
1204 2613 1467 2682 credere,
1499 2630 1609 2669 nec
1639 2614 1739 2668 filii
1762 2614 2011 2685 gratiam

340 2696 633 2752 auteferre
663 2700 923 2754 auctoris
954 2705 1278 2771 praecepto:
1297 2702 1403 2756 fuit
1419 2702 1688 2773 justitiae,
1703 2707 2011 2773 acceptum

340 2785 588 2841 reddere
622 2801 635 2841 :
670 2786 779 2841 fuit
808 2787 1188 2859 fortitudinis,
1222 2791 1538 2860 appetitum
1567 2792 1792 2846 ratione
1840 2791 2010 2847 cohi-

340 2872 503 2930 bere.
548 2874 811 2931 Ducebat
866 2876 1119 2932 hostiam
1162 2881 1346 2949 pater,
1396 2880 1797 2952 interrogabat
1825 2880 2006 2949 illius,

2697 923 2969 980 CAPUT.
3011 923 3221 978 XXVI.

2129 1010 2198 1065 In
2212 1012 2565 1083 inquirenda
2591 1013 2721 1067 veri
2727 1018 2847 1066 tate
2865 1018 3068 1066 contra
3087 1028 3190 1083 sua
3201 1016 3497 1081 praecepta
3514 1026 3797 1081 peccasse

2193 1082 2623 1155 pht'IOSO/J/IOSW;
2662 1084 2914 1155 Moysen
2953 1098 3092 1155 vero
3124 1082 3249 1155 illis
3279 1082 3703 1155 sapientiorem
3734 1096 3798 1135 se

2192 1152 2551 1226 praebuisse.
2572 1154 2662 1209 Eo
2676 1152 2890 1224 majori
2906 1154 3103 1208 studio
3126 1154 3466 1226 enitendum
3484 1152 3560 1226 ad
3575 1168 3797 1226 compa-

2200 1222 2447 1297 randam
2485 1222 2855 1296 sapientiam,
2892 1241 2999 1297 quo
3030 1224 3216 1294 major
3245 1230 3337 1297 est
3377 1224 3568 1297 ipsius
3605 1222 3799 1295 digni-

2202 1301 2312 1365 tas,
2338 1296 2415 1351 ad
2436 1295 2602 1368 quam
2622 1312 2825 1351 omnes
2845 1295 2973 1367 ipsa
2996 1302 3207 1349 natura
3229 1295 3631 1366 impelluntur.

2200 1384 2321 1438 122.
2347 1385 2544 1455 Itaque
2576 1387 2824 1439 tractant
2852 1385 2912 1438 in
2942 1384 3069 1438 veri
3100 1384 3557 1455 investigatione
3598 1385 3799 1437 tenen-

2129 1473 2268 1528 dum
2295 1473 2436 1527 illud
2469 1473 2748 1528 decorum
2779 1473 2913 1543 (26),
2951 1476 3013 1526 ut
3042 1488 3273 1527 summo
3305 1472 3500 1527 studio
3530 1472 3792 1543 requira-

2128 1578 2262 1616 mus
2292 1562 2433 1632 quid
2463 1577 2667 1615 verum
2689 1561 2786 1628 sit,
2803 1576 2921 1615 non
2938 1560 3088 1615 falsa
3109 1576 3216 1631 pro
3239 1561 3401 1616 veris
3419 1561 3657 1629 ducere,
3682 1575 3798 1614 non

2049 1687 2103 1751 Β
2132 1650 2409 1705 obscuris
2422 1666 2561 1703 vera
2584 1649 2906 1719 involvere,
2932 1666 3050 1703 non
3073 1650 3392 1720 superfluis
3413 1650 3506 1703 vel
3526 1648 3798 1718 implexis

2131 1743 2305 1811 atque
2343 1738 2642 1810 ambiguis
2675 1754 2967 1808 occupare
2999 1738 3257 1792 animum
3308 1738 3457 1803 Quid
3487 1742 3601 1791 tam
3633 1738 3799 1791 inde-

2132 1844 2357 1898 corum,
2390 1844 2566 1899 quam
2610 1827 2881 1881 venerari
2926 1827 3123 1899 ligna,
3181 1828 3338 1897 quod
3386 1827 3499 1896 ipsi
3534 1826 3801 1880 faciunt?

2130 1916 2279 1982 Quid
2309 1920 2424 1971 tam
2473 1916 2814 1985 obscurum,
2849 1932 3025 1986 quam
3068 1916 3139 1970 de
3169 1915 3529 1970 astronomia
3574 1918 3631 1968 et
3660 1929 3800 1985 geo-

2130 2007 2336 2060 metria
2375 2009 2645 2072 tractare,
2699 2005 2853 2075 quod
2902 2005 3196 2074 probant:
3232 2009 3288 2059 et
3319 2004 3593 2074 profundi
3643 2004 3799 2057 acris

2130 2095 2314 2163 Spatia
2346 2094 2558 2161 metiri,
2590 2095 2804 2147 ccelum
2851 2108 3086 2164 quoque
3116 2096 3172 2146 et
3219 2109 3379 2147 mare
3420 2092 3683 2147 numeris
3714 2092 3799 2145 in-

2130 2183 2397 2237 cludere:
2422 2182 2757 2252 relinquere
2780 2198 2994 2235 causas
3007 2182 3239 2249 salutis,
3260 2197 3495 2236 errores
3509 2196 3797 2251 quaerere.

2201 2271 2323 2325 123.
2363 2275 2432 2325 At
2463 2287 2579 2325 non
2611 2271 2707 2325 ille
2757 2272 3023 2325 eruditus
3072 2272 3131 2325 in
3178 2270 3338 2326 omni
3377 2270 3662 2340 sapientia
3693 2268 3799 2322 ΛΞ-

2129 2361 2465 2431 ΒΥΡῑίοιῚιηὶ
2497 2359 2737 2429 Moyses
2760 2360 3029 2429 probavit
3050 2360 3159 2413 ista
3187 2375 3200 2414 :
3236 2359 3343 2414 sed
3378 2359 3537 2412 illam
3567 2359 3800 2427 sapien-

2128 2449 2269 2501 tiam
2294 2448 2711 2513 detrimentum
2740 2451 2797 2502 et
2818 2448 3119 2501 stultitiam
3137 2447 3443 2519 judicavit,
3465 2450 3521 2501 et
3549 2461 3798 2500 aversus

2128 2536 2202 2590 ab
2235 2551 2323 2606 ea,
2358 2536 2560 2591 intimo
2606 2537 2789 2591 Deum
2820 2537 3096 2607 quaesivit
3123 2536 3335 2591 affectu
3369 2553 3381 2591 :
3426 2536 3675 2607 ideoque
3709 2534 3799 2588 vi-

2130 2625 2240 2695 dit,
2274 2626 2696 2697 interrogavit,
2730 2625 2953 2680 audivit
3007 2626 3362 2696 loquentem.
3406 2624 3549 2690 Quis
3604 2624 3797 2695 magis

2129 2716 2372 2785 sapiens
2404 2731 2576 2786 quam
2618 2715 2714 2769 ille
2746 2730 2920 2785 quem
2970 2714 3168 2768 docuit
3204 2715 3384 2781 Deus,
3436 2714 3537 2784 qui
3567 2728 3800 2771 omnem

2129 2804 2478 2875 sapientiam
2507 2803 2948 2875 Egyptiorum,
2984 2818 3310 2874 omnesque
3338 2805 3551 2857 artium
3588 2806 3799 2872 poten-

2126 2894 2241 2948 tias
2291 2893 2489 2963 opcris
2538 2892 2632 2947 sui
2681 2892 2893 2947 virtute
2943 2893 3251 2947 evacuavit
3295 2892 3512 2960 (Exod.
3547 2892 3643 2961 IlI,
3678 2890 3702 2944 1
3739 2896 3801 2945 et

339 2962 672 3064 tantaba‘tur
703 2963 961 3064 adactus
1006 2968 1232 3064 patrius
1255 3007 1272 3032 .
1323 2970 1588 3064 sedgnon
1639 2969 2005 3024 vincebatm‘-
2048 3002 2100 3064 Ο
2127 2983 2281 3055 seq.)
2302 2962 2494 3036 ?7Non
2524 2981 2619 3036 hic
2651 2981 2948 3053 incognita
2971 2996 3077 3052 pro
3100 2981 3353 3053 cognitis
3379 2980 3651 3046 habebat,
3677 2980 3801 3034 his-

343 3053 668 3124 Repetebat
696 3056 855 3110 filius
886 3058 1334 3128 appellationem
1363 3062 1683 3130 paternam,
1722 3074 2009 3129 compun-

339 3142 519 3214 gebat
547 3148 788 3215 paterna
836 3148 1090 3217 viscera,
1123 3150 1230 3204 sed
1261 3164 1379 3204 non
1421 3148 1720 3203 minuebat
1748 3147 2012 3202 devotio-

340 3249 494 3289 nem.
519 3236 765 3291 Accedit
793 3239 849 3292 et
878 3241 1083 3308 quarta
1100 3238 1311 3308 virtus,
1332 3236 2014 3309 temperantia.Tenebat

334 3322 540 3395 justus
574 3327 631 3379 et
658 3326 891 3395 pietatis
922 3326 1178 3395 modum,
1205 3330 1261 3382 et
1290 3328 1696 3382 exsecutionis
1721 3326 2009 3381 ordinem.

340 3411 607 3483 Denique
642 3413 781 3468 dum
809 3414 1105 3470 sacriﬁcio
1141 3415 1485 3471 necessarla
1529 3415 1710 3485 vehit,
1763 3415 1901 3469 dum
1924 3415 2014 3486 ig-

340 3514 476 3555 nem
497 3501 710 3571 adolet,
744 3503 881 3558 dum
928 3505 1111 3559 filium
1143 3506 1305 3577 ligat,
1338 3506 1476 3560 dum
1503 3504 1764 3576 gladium
1794 3503 2011 3573 educit,

342 3586 457 3644 hoc
478 3590 818 3646 immolandi
840 3593 1045 3648 ordine
1078 3595 1311 3663 meruit,
1345 3598 1408 3648 ut
1443 3593 1627 3648 tilium
1657 3595 2014 3647 reservaret.

412 3678 533 3733 120.
557 3678 706 3744 Quid
736 3681 1065 3751 sapientius
1096 3685 1304 3736 sancto
1334 3682 1541 3751 Jacob,
1575 3682 1676 3753 qui
1710 3682 1893 3736 Deum
1925 3681 2013 3735 vi-

344 3766 428 3821 dit
455 3767 606 3822 facie
622 3768 696 3823 ad
728 3768 960 3840 faciem,
994 3773 1052 3825 et
1083 3771 1295 3825 meruit
1334 3770 1803 3826 benedictionem
1835 3769 2012 3840 (Gen.

340 3872 526 3926 xxxn,
560 3856 587 3911 1
622 3864 681 3912 et
711 3857 907 3928 seq.)?
936 3856 1087 3923 Quid
1124 3858 1371 3930 justius,
1418 3859 1519 3929 qui
1549 3874 1617 3914 ea
1649 3875 1781 3930 quae
1813 3858 2015 3929 acqui-

340 3943 541 4014 sierat,
572 3945 786 4001 oblatis
815 3947 1162 4002 muneribus
1211 3963 1344 4002 cum
1376 3947 1555 4002 fratre
1597 3948 1835 4002 divisit?
1863 3945 2014 4011 Quid

339 4031 573 4103 fortius,
606 4033 703 4105 qui
737 4050 871 4089 cum
904 4035 1023 4090 Deo
1055 4035 1310 4090 luctatus
1342 4038 1476 4091 est?
1505 4035 1656 4101 Quid
1688 4036 2014 4091 modestius

339 4136 410 4176 eo
440 4122 541 4193 qui
569 4123 919 4179 modestiam
949 4125 1027 4179 ita
1058 4127 1115 4180 et
1143 4125 1292 4180 locis
1316 4130 1371 4180 et
1392 4125 1759 4196 temporibus
1784 4124 2014 4179 defere-

337 4208 456 4279 bat,
506 4214 570 4265 ut
615 4210 752 4266 filim
780 4212 1059 4285 injuriam
1090 4214 1288 4269 mallet
1326 4218 1655 4286 praetexere
1702 4213 2012 4286 conjugio,

2128 3087 2242 3144 que
2263 3075 2483 3126 temere
2504 3070 2940 3125 assentiebatur
2971 3086 2984 3125 :
3020 3087 3153 3142 quae
3175 3071 3290 3126 duo
3311 3071 3369 3126 in
3400 3071 3513 3127 hoc
3544 3071 3798 3126 maxime

2125 3160 2377 3233 naturali
2431 3164 2604 3232 atque
2652 3161 2904 3215 honesto
2953 3161 3084 3214 loco
3132 3162 3368 3216 vitanda
3412 3161 3661 3226 discant,
3696 3160 3797 3232 qui

2125 3250 2243 3305 sibi
2287 3265 2397 3305 nec
2446 3252 2650 3305 contra
2690 3253 2957 3304 naturam
2990 3265 3149 3319 esse,
3182 3265 3293 3304 nec
3321 3253 3489 3321 turpe
3526 3250 3799 3322 judicent

2123 3355 2267 3395 saxa
2298 3339 2565 3409 adorare,
2599 3343 2657 3395 et
2686 3355 2720 3393 a
2748 3339 3085 3395 simulacris
3113 3340 3397 3395 auxilium
3426 3342 3798 3412 petere,qute

2123 3428 2270 3483 nihil
2302 3429 2580 3485 sentiant.

2194 3518 2317 3573 124.
2349 3517 2576 3583 Quanto
2607 3518 2789 3591 igitur
2818 3519 3116 3575 excelsior
3138 3518 3327 3574 virtus
3359 3520 3452 3573 est
3484 3518 3799 3589 sapientia,

2121 3609 2281 3662 tanto
2339 3608 2532 3679 magis
2587 3608 2925 3663 enitendum
2981 3607 3256 3677 arbitror,
3291 3610 3352 3662 ut
3393 3607 3637 3679 assequi
3667 3622 3802 3662 eam

2121 3696 2449 3766 possimus.
2493 3697 2691 3767 Itaque
2724 3713 2797 3751 ne
2827 3697 2968 3767 quid
2997 3700 3201 3751 contra
3232 3699 3518 3766 naturam,
3553 3712 3625 3751 ne
3654 3695 3801 3767 quid

2121 3788 2291 3855 turpe
2321 3789 2494 3856 atque
2517 3785 2860 3840 indecorum
2890 3787 3237 3855 sentiamus,
3259 3786 3375 3840 duo
3404 3786 3555 3854 haec,
3588 3786 3646 3839 id
3678 3788 3806 3856 est,

2121 3876 2180 3929 et
2209 3877 2442 3944 tempus
2470 3877 2527 3929 et
2557 3875 2921 3946 diligentiam
2940 3875 3013 3929 ad
3037 3875 3571 3930 considerationem
3596 3890 3800 3929 rerum

2123 3963 2497 4020 examinandi
2525 3964 2713 4035 gratia
2745 3964 2967 4019 referre
2990 3964 3297 4018 debemus.
3322 3963 3483 4017 Nihil
3512 3966 3605 4018 est
3636 3964 3798 4017 enim

2122 4069 2240 4124 quo
2257 4052 2450 4125 magis
2470 4052 2645 4108 homo
2667 4053 2900 4108 caeteris
2923 4052 3320 4107 animantibus
3332 4055 3595 4123 praestet,
3620 4067 3801 4123 quam

2122 4142 2280 4214 quod
2312 4142 2554 4196 rationis
2578 4145 2671 4196 est
2691 4142 3005 4211 particeps,
3042 4157 3256 4196 causas
3294 4157 3492 4195 rerum
3523 4140 3798 4212 requirit,

2122 4232 2365 4304 generis
2398 4230 2491 4285 sui
2513 4233 2812 4285 auctorem
2836 4230 3310 4303 investigandum
3328 4234 3508 4300 putat,
3534 4230 3593 4284 in
3616 4228 3799 4300 cujus

338 4314 514 4371 quam
533 4299 835 4356 vindicare
856 4317 868 4357 :
890 4317 959 4357 eo
982 4303 1138 4374 quod
1152 4302 1303 4358 inter
1323 4303 1550 4357 alienos
1572 4303 1803 4373 positus
1820 4304 2006 4358 amori

2193 4323 2408 4375 testate
2458 4320 2593 4373 vitae
2651 4320 2936 4390 necisque
2986 4299 3207 4374 nostrae
3256 4299 3521 4389 potestas
3554 4319 3650 4388 sit,
3695 4299 3807 4389 qui

336 4387 533 4460 potius
549 4389 998 4461 consulendum,
1015 4407 1187 4462 quam
1203 4391 1333 4446 odia
1349 4392 1679 4464 colligenda
1694 4392 2007 4446 censebat?

409 4492 532 4550 121.
573 4495 701 4551 Noe
732 4512 909 4568 quam
953 4499 1233 4568 sapiens,
1285 4500 1385 4569 qui
1433 4503 1650 4552 tantam
1696 4497 2009 4553 fabricavit

336 4598 535 4637 arcam
563 4584 737 4655 (Gen.
771 4602 849 4654 vx,
886 4586 951 4641 14
982 4594 1040 4640 et
1087 4583 1266 4658 seq.)l
1301 4585 1484 4651 Quam
1510 4586 1735 4658 justus,
1787 4588 1887 4659 qui
1935 4587 2010 4643 ad

337 4685 544 4726 semen
590 4674 850 4728 omnium
892 4677 1265 4745 reservatus,
1318 4675 1487 4731 solus
1541 4692 1616 4731 ex
1648 4677 1923 4731 omnibus
1954 4679 2011 4730 et

335 4760 651 4830 praeterita:
664 4763 1065 4831 generationis
1084 4767 1393 4834 superstes
1412 4768 1503 4819 est
1517 4765 2010 4832 factus,etauctor

336 4846 571 4919 futuraa,
604 4849 820 4905 mundo
851 4852 1046 4921 potius
1068 4854 1125 4906 et
1146 4852 1444 4909 universis
1476 4854 1668 4927 magis
1690 4869 1865 4926 quam
1889 4852 2009 4909 sibi

333 5024 570 5094 Doctor,
620 5041 740 5082 non
777 5027 1127 5086 advertisse.
1167 5032 1347 5087 Porro
1380 5032 1440 5087 in
1479 5048 1661 5088 causa
1710 5032 1859 5087 forte
1897 5031 2010 5087 fuit

333 5095 606 5184 ejusdem
633 5099 856 5184 erroris
879 5102 1177 5184 atrocitas,
1212 5120 1321 5158 cur
1348 5105 1407 5184 in
1438 5104 1794 5184 quibusdam
1830 5105 2007 5184 impe-

330 5171 593 5244 ratorum
619 5168 908 5244 _legibus,
970 5168 1171 5244 qualis
1221 5190 1289 5228 ea
1346 5168 1607 5229 Gratiani
1658 5175 1783 5241 fuit,
1830 5168 2006 5244 cujus

334 5238 976 5319 mgminitSoiomenus
989 5238 1095 5298 lib.
1113 5261 1211 5313 vn,
1230 5261 1279 5299 c.
1297 5245 1353 5319 _l_,
1378 5262 1510 5319 cum
1525 5238 1779 5299 liberum'
1796 5238 2006 5317 cuique

333 5308 699 5387 relinquatur
721 5327 1170 5387 __quamcunque
1199 5308 1580 5387 'religionem
1627 5319 1725 5369 aut
1792 5308 2006 5371 coetum

336 5381 551 5462 sectari
560 5381 907 5462 prodibito,
950 5381 1775 5462 adjectumfuerit,_exceptis
1825 5387 2009 5462 Mani-

337 5450 543 5520 chaeis,
560 5450 928 5509 Photinianis
947 5458 1004 5510 et
1018 5450 1422 5512 Eunomianis.
1449 5450 1581 5512 Non
1600 5450 1832 5511 videtur
1848 5460 2007 5513 certe

338 5521 583 5597 dubium
610 5523 754 5594 quin
785 5524 1142 5583 Ambrosius
1191 5529 1319 5600 ipse
1350 5527 1424 5582 ad
1453 5528 1676 5584 hancce
1724 5527 2009 5600 blasphe-

2119 4409 2399 4463 mundum
2448 4409 2606 4463 hunc
2638 4424 2748 4462 suo
2778 4411 2921 4462 nutu
2951 4411 3138 4479 regat,
3174 4424 3266 4463 CUI
3301 4408 3563 4462 sciamus
3610 4407 3801 4462 ratio-

2117 4513 2253 4553 nem
2282 4511 2421 4553 esse
2450 4497 2807 4552 reddendam
2835 4500 3177 4551 nostrorum
3205 4499 3461 4551 actuum.
3504 4495 3665 4550 Nihil
3700 4499 3800 4550 est

2116 4586 2275 4640 enim
2329 4585 2486 4656 quod
2532 4585 2722 4657 magis
2770 4585 3039 4654 proficiat
3085 4586 3160 4639 ad
3217 4585 3397 4639 vitam
3453 4585 3797 4653 honestam,

2115 4690 2291 4746 quam
2321 4677 2384 4729 ut
2416 4674 2726 4729 credamus
2758 4689 2890 4728 eum
2918 4673 3183 4745 judicem
3213 4674 3495 4742 futurum,
3531 4688 3706 4744 quem
3739 4675 3805 4727 et

2116 4764 2345 4819 occulta
2373 4778 2492 4818 non
2513 4761 2715 4817 fallant
2736 4765 2793 4818 et
2820 4762 3099 4818 indecora
3122 4763 3436 4833 ollendant,
3457 4765 3514 4816 et
3534 4761 3796 4816 honesta

2117 4853 2432 4908 delectent.

2114 5031 2289 5085 miam
2318 5030 2651 5101 respexerit
2680 5030 2781 5086 lib.
2815 5047 2856 5084 ιι
2889 5030 3172 5097 Iiexaem,
3207 5044 3335 5100 cap.
3381 5031 3434 5101 5,
3468 5028 3570 5084 ubi
3602 5027 3804 5084 nomi-

2113 5107 2327 5157 nantur
2369 5102 2715 5156 Eunomiani
2775 5102 3003 5155 radicis
3050 5101 3395 5172 degeneris,
3437 5102 3804 5156 Arianorum

2114 5173 2364 5239 scilicet,
2400 5174 2634 5227 fructus
2672 5173 2967 5227 deterior.

2184 5245 2297 5315 (25)
2332 5245 2477 5298 Mss.
2514 5260 2627 5297 non
2663 5244 2851 5312 pauci,
2899 5242 3189 5308 Quomodo
3220 5244 3481 5315 sapiens,
3510 5250 3570 5298 ut
3601 5243 3803 5298 Aria-

2115 5332 2316 5371 nus....
2363 5322 2422 5369 ut
2445 5315 2735 5369 Marcion.

2183 5387 2298 5457 (26)
2330 5385 2450 5441 Cic.
2494 5386 2599 5439 lib.
2636 5402 2652 5437 ι
2688 5383 2880 5457 0fﬁc.,
2929 5401 3066 5457 pag.
3115 5386 3239 5455 352,
3280 5385 3382 5441 lin.
3416 5387 3519 5441 42:
3559 5407 3581 5437 ι
3618 5385 3806 5441 Velut

2114 5455 2289 5537 ex'ea
2318 5460 2670 5537 partehquae
2691 5455 2889 5537 primo
2912 5455 3399 5537 descriptaest...
3435 5459 3593 5515 inest
3618 5458 3808 5513 inda-

2116 5529 2277 5602 gatio
2308 5527 2477 5600 atque
2507 5527 2767 5583 inventio
2800 5527 2947 5600 veri,
2981 5531 3095 5584 etc.
3123 5548 3146 5578 ι
3181 5532 3293 5584 etc.
