4128 6132
271 345 349 409 65
1246 344 1356 407 DE
1394 343 1752 408 OFFICIIS
1791 341 2401 409 MINISTRORUM
2447 345 2704 411 LIBER
2743 348 2790 410 Ι.
3643 351 3722 414 66

345 546 465 600 125.
499 545 788 600 Omnibus
837 545 1017 614 igitur
1055 545 1397 600 hominibus
1428 545 1583 600 inest
1612 545 1941 600 secundum
1970 527 2027 588 Α
2060 545 2203 600 ritas
2235 545 2520 616 nascitur,
2559 561 2692 618 quae
2741 547 2890 601 alios
2922 547 3036 602 sibi
3087 548 3344 619 praefert,
3395 563 3512 604 non
3554 566 3723 622 quee-

277 639 546 689 naturam
569 636 886 689 humanam
919 650 1126 690 verum
1146 635 1528 706 investigare,
1555 651 1686 706 quae
1711 635 1809 698 34
1830 659 1941 697 nos

273 733 342 786 ad
377 733 640 787 studium
673 733 1035 804 cognitionis
1072 735 1129 787 et
1150 733 1414 786 scientiae
1437 733 1627 796 trahit,
1666 736 1722 786 et
1754 733 1945 803 inqui—

274 823 446 876 rendi
469 822 722 876 infundit
745 822 1141 891 cupiditatem,
1165 823 1228 875 In
1253 837 1368 892 quo
1394 822 1686 876 excellere
1712 821 1946 875 univer-

272 912 360 964 sis
386 911 703 980 pulchrum
735 910 986 979 videtur,
1030 911 1137 965 sed
1175 926 1498 980 paucorum
1529 913 1621 964 est
1651 909 1897 981 assequi
1931 925 1943 964 :

271 1001 373 1070 qui
411 999 706 1054 volvendo
754 999 1146 1071 cogitationes
1171 1041 1184 1068 ,
1220 999 1469 1053 consilia
1518 999 1944 1068 examinando,

267 1104 393 1143 non
443 1089 804 1143 mediocrem
849 1089 1192 1158 impendunt
1236 1089 1528 1156 laborem;
1581 1091 1643 1141 ut
1686 1088 1759 1141 ad
1802 1087 1948 1142 illud

267 1178 446 1232 beate
479 1177 846 1248 honesteque
876 1177 1196 1232 vivendum
1226 1177 1537 1247 pervenire
1571 1177 1823 1247 possint,
1858 1180 1948 1229 at-

268 1281 389 1337 que
423 1266 705 1336 operibus
738 1266 1233 1337 apprOpinquare,
1266 1266 1400 1321 Non
1434 1267 1589 1319 enin:
1640 1266 1737 1337 qui
1769 1264 1944 1318 dixe-

265 1357 391 1423 rit,
427 1355 636 1427 inquit.
668 1355 817 1408 mihi
835 1370 848 1409 :
883 1354 1151 1424 Domine,
1183 1354 1452 1422 Domine,
1486 1354 1742 1408 intrabit
1761 1355 1822 1407 in
1847 1369 1949 1408 re-

266 1461 453 1516 gnum
486 1443 785 1514 caelorum,
811 1444 920 1498 sed
937 1443 1036 1515 qui
1063 1443 1283 1498 fecerit
1308 1459 1374 1498 ea
1400 1461 1526 1516 quw
1548 1443 1680 1498 dico
1711 1442 1947 1501 (Matth.

267 1551 376 1602 vn,
415 1533 524 1594 21).
556 1533 705 1587 Nam
727 1533 922 1587 studia
955 1533 1221 1588 scientiae
1253 1533 1383 1588 sine
1414 1532 1608 1602 factis,
1643 1531 1801 1587 haud
1823 1532 1950 1587 scio

272 1639 350 1677 an
385 1624 563 1678 etiam
594 1621 897 1677 involvant
924 1622 1138 1694 magis.

847 1727 1100 1783 CAPUT
1143 1729 1375 1784 XXVII.

270 1836 552 1893 Primum
586 1835 771 1891 ofﬁcii
803 1835 1022 1891 fontem
1042 1852 1178 1890 esse
1195 1835 1598 1907 prudentiam,
1626 1851 1704 1891 ex
1725 1851 1832 1908 qua
1857 1835 1954 1889 de-
1982 1841 2037 1904 Β

348 1910 414 1963 ri
424 1916 574 1962 ratae
605 1914 737 1962 tres
766 1908 900 1962 alia?
936 1909 1206 1971 virtutes,
1233 1909 1317 1961 ila
1341 1924 1466 1961 cum
1497 1923 1564 1961 ea
1587 1913 1760 1978 atque
1789 1908 1953 1961 inter

344 1996 415 2034 se
446 1995 688 2034 conexae
720 1985 887 2050 sunt,
939 1985 998 2033 ut
1034 1979 1108 2033 ab
1138 1980 1397 2033 invicem
1437 1978 1651 2033 divelli
1681 1993 1749 2032 ac
1777 1994 1950 2050 sepa-

347 2052 486 2106 rari
518 2056 832 2122 nequeant.

344 2157 473 2212 126.
511 2156 744 2212 Primus
768 2157 950 2229 igitur
985 2155 1180 2212 Ofﬁcii
1202 2156 1339 2212 fons
1363 2155 1674 2227 prudentia
1709 2158 1819 2211 est.
1847 2155 1948 2216 (2'7)

273 2246 431 2312 Quid
454 2247 613 2300 enim
630 2250 746 2299 tam
768 2246 1005 2316 plenum
1031 2245 1233 2314 officii,
1259 2262 1434 2317 quam
1456 2245 1688 2300 deferre
1713 2245 1954 2299 Auctori

276 2336 545 2391 studium
570 2338 742 2406 atque
768 2336 1188 2390 reverentiam?
1203 2334 1520 2400 Quitamen
1543 2335 1677 2389 fons
1701 2336 1826 2388 etin
1841 2334 1955 2388 vir-

276 2429 441 2481 tutes
476 2425 779 2479 derivatur
800 2426 1078 2494 caeteras;
1115 2439 1306 2494 neque
1329 2421 1483 2478 enim
1506 2426 1700 2494 potest
1721 2422 1954 2494 justitia

280 2516 419 2569 sine
459 2513 769 2584 prudentia
815 2528 973 2582 esse,
1022 2527 1155 2566 cum
1194 2514 1532 2567 examinare
1564 2513 1704 2584 quid
1724 2512 1954 2583 justum

283 2604 506 2676 quidve
540 2602 829 2674 injustum
852 2602 947 2672 sit,
987 2617 1106 2656 non
1127 2601 1445 2656 mediocris
1476 2601 1802 2672 prudentiae
1845 2603 1951 2671 sit;

283 2707 561 2749 summus
591 2693 647 2745 in
670 2695 920 2762 utroque
943 2706 1128 2745 error.
1171 2689 1282 2755 Qui
1298 2691 1452 2744 enim
1473 2691 1700 2762 justum
1719 2691 1954 2762 judicat

283 2783 594 2854 injustam,
631 2780 912 2848 iniustum
941 2796 1082 2834 vero
1105 2779 1333 2851 justum
1349 2820 1361 2844 ,
1385 2779 1784 2834 exsecrabilis
1805 2781 1956 2852 apud

285 2871 493 2926 Deum.
541 2869 760 2942 thuid
781 2869 1082 2924 abundant
1109 2869 1369 2939 justitiae
1402 2869 1768 2940 imprudenti
1798 2870 1902 2940 (28)
1927 2873 1955 2925 ἱ)

283 2959 568 3014 Salomon
587 2959 665 3012 ait
688 2958 890 3017 (Prov.
915 2975 1054 3026 xvu,
1081 2958 1163 3025 15,
1192 2957 1297 3019 16).
1323 2956 1530 3028 Neque
1567 2957 1779 3012 iterum
1801 2975 1952 3029 pru-

285 3049 487 3104 dentia
509 3048 639 3102 sine
670 3046 899 3118 justitia
919 3050 1009 3100 est
1030 3046 1218 3116 pietas
1242 3046 1397 3100 enim
1419 3047 1479 3099 in
1503 3047 1685 3100 Deum
1721 3047 1952 3103 initium

2058 650 2198 688 rens
2213 649 2345 706 qua:
2360 651 2467 689 sua
2487 640 2642 705 sunt,
2660 637 2719 689 in
2733 637 2949 706 quibus
2969 640 3059 691 est
3073 637 3436 707 principatus
3448 637 3470 708 j
3482 639 3718 693 ustitiae.

2131 722 2253 777 128.
2300 723 2586 778 Omnibus
2633 740 2868 795 quoque
2914 725 3309 780 animantibus
3361 717 3719 798 innascitur,

2056 813 2312 882 primum
2361 813 2612 866 salutem
2661 814 2851 882 tueri,
2887 829 3098 867 cavere
3128 830 3260 885 quae
3301 819 3549 869 noceant
3580 815 3721 886 (30),

2059 904 2335 972 expetere
2368 918 2500 972 quae
2532 902 2782 972 prosint,
2835 905 2896 956 ut
2926 906 3180 972 pastum,
3216 906 3277 956 ut
3322 903 3563 958 latibula
3594 906 3724 976 qui-

2057 989 2172 1044 bus
2205 1006 2272 1044 se
2303 1007 2333 1044 a
2368 991 2652 1061 periculo,
2689 991 3005 1061 imbribus,
3042 992 3169 1046 sole
3204 990 3534 1058 defendant,
3569 993 3728 1063 quod

2059 1082 2151 1132 est
2181 1079 2530 1148 prudentiae.
2563 1079 2843 1133 Succedit
2873 1096 3108 1151 quoque
3138 1083 3200 1134 ut
3224 1082 3485 1135 omnium
3509 1098 3728 1153 genera

2059 1168 2439 1221 animantium
2459 1168 2906 1240 congregabilia
2927 1173 3131 1223 natura
3150 1169 3270 1223 sint
3289 1185 3301 1223 :
3336 1170 3527 1239 primo
3553 1187 3730 1243 gene-

2058 1255 2143 1309 ris
2162 1257 2257 1309 sui
2279 1272 2347 1309 ac
2371 1253 2576 1311 forma)
2609 1258 3011 1327 consortibus,
3036 1261 3158 1311 tum
3179 1259 3350 1312 etiam
3373 1260 3608 1314 caeteris
3630 1276 3644 1330 ;
3668 1263 3732 1314 ut

2060 1344 2330 1399 videmus
2363 1345 2549 1400 boves
2580 1346 2862 1400 armentis
2885 1389 2898 1416 ,
2933 1363 3121 1418 equos
3165 1349 3456 1420 gregibus
3497 1349 3633 1421 (31),
3676 1352 3732 1404 et

2061 1435 2314 1488 maxime
2362 1451 2538 1504 pares
2569 1436 2814 1505 paribus
2862 1436 3143 1490 delectari
3178 1452 3189 1491 :
3225 1453 3437 1492 cervos
3485 1453 3722 1510 quoque

2065 1531 2262 1585 cervis
2295 1534 2351 1586 et
2381 1532 2726 1603 plerumque
2774 1525 2870 1586 35
2911 1533 3252 1589 hominibus
3283 1534 3552 1607 adjungi.
3599 1536 3732 1591 Jam

2066 1621 2136 1674 de
2156 1620 2510 1690 procreandi
2540 1621 2734 1675 studio
2753 1625 2809 1675 et
2838 1623 3065 1693 sobole,
3099 1622 3192 1678 vel
3226 1625 3401 1678 etiam
3436 1639 3733 1696 generan-

2065 1710 2208 1763 tium
2241 1725 2462 1779 amore,
2513 1711 2655 1782 quid
2686 1710 2916 1782 loquar,
2950 1713 3009 1767 in
3049 1729 3164 1784 quo
3214 1716 3306 1768 est
3336 1713 3523 1768 forma
3550 1713 3735 1785 justi-

2067 1799 2163 1852 tiae
2196 1799 2537 1869 praecipua?

2142 1888 2263 1942 129.
2300 1888 2510 1959 Liquet
2558 1888 2738 1960 igitur
2770 1892 2826 1942 et
2855 1888 2984 1961 has,
3040 1893 3096 1944 et
3137 1891 3401 1962 reliquas
3449 1894 3734 1964 cognatas

2071 1977 2189 2030 sibi
2218 1983 2355 2030 esse
2379 1977 2646 2032 virtutes.
2673 1977 2977 2048 Siquidem
3000 1983 3055 2033 et
3077 1979 3356 2035 fortitudo
3383 1981 3492 2050 (23,
3519 1985 3731 2052 quaest.

2070 2065 2122 2134 2,
2144 2081 2195 2120 e.
2216 2065 2554 2135 Fortitudo)
2573 2083 2704 2137 quae
2724 2067 2816 2121 vel
2839 2067 2898 2120 in
2918 2068 3074 2122 bello
3096 2072 3335 2124 tuetura
3349 2069 3621 2125 barberis
3642 2087 3739 2140 pa-

2069 2155 2260 2223 triam,
2285 2155 2380 2209 vel
2418 2155 2574 2209 domi
2604 2155 2863 2210 defendit
2885 2157 3173 2228 infirmos,
3211 2159 3306 2213 vel
3338 2175 3371 2212 a
3403 2159 3734 2214 latronibus

2073 2243 2293 2312 socios,
2329 2243 2502 2313 plena
2533 2244 2612 2297 sit
2633 2243 2913 2314 iustitiae;
2939 2249 2994 2298 et
3023 2246 3179 2300 scire
3212 2263 3328 2318 quo
3362 2248 3611 2302 consilio
3643 2248 3738 2302 de-

2073 2331 2271 2386 fendat
2290 2334 2463 2403 atque
2481 2332 2742 2403 adjuvet,
2764 2336 2997 2403 captare
3025 2324 3199 2388 etiam
3215 2338 3544 2405 temporum
3567 2339 3623 2390 et
3643 2336 3734 2391 lo-

2073 2437 2278 2476 corum
2308 2421 2795 2492 opportunitates,
2816 2421 3142 2491 prudentiae
3178 2440 3248 2476 ac
3271 2425 3578 2480 modestiae
3610 2426 3688 2479 sit
3719 2439 3732 2480 :

2073 2514 2130 2566 et
2169 2511 2552 2581 temperantia
2597 2511 2725 2580 ipsa
2777 2510 2907 2565 sine
2939 2512 3248 2582 prudentia
3295 2514 3534 2568 modum
3579 2514 3735 2569 scire

2073 2617 2191 2656 non
2221 2599 2414 2671 possit
2447 2615 2458 2654 :
2491 2600 2985 2670 opportunitatem
3014 2617 3286 2672 noscere,
3322 2605 3379 2656 et
3410 2603 3738 2658 secundum

2072 2705 2414 2744 mensuram
2445 2689 2713 2759 reddere,
2739 2689 2816 2743 sit
2832 2688 3080 2761 justitiaa
3109 2706 3121 2746 :
3148 2694 3205 2745 et
3225 2691 3284 2745 in
3303 2692 3579 2746 omnibus
3603 2691 3736 2746 istis

2074 2779 2526 2850 magnanimitas
2559 2779 2900 2833 necessaria
2930 2779 3038 2849 sit,
3073 2783 3129 2834 et
3159 2781 3427 2852 quaedam
3459 2779 3738 2836 fortitudo

2074 2868 2310 2938 mentis,
2335 2868 2680 2940 plerumque
2712 2871 2768 2923 et
2799 2869 3104 2939 corporis;
3137 2873 3200 2924 ut
3229 2871 3363 2942 quis
3387 2870 3545 2942 quod
3575 2870 3736 2942 velit,

2074 2959 2268 3030 possit
2296 2957 2560 3028 implere.

2621 3047 2873 3102 CAPUT
2913 3047 3179 3103 XXVIII.

284 3138 644 3192 ίηίθῖίθοίυε·
687 3136 812 3201 Quo
847 3135 1206 3225 advertimus
1231 3134 1372 3189 “Ind
1411 3136 1484 3189 ab
1524 3135 1706 3207 huius
1748 3138 1957 3192 δεθευιί
1996 3127 2046 3189 C
2078 3154 2438 3210 Societatem
2469 3159 2745 3208 constare
2761 3155 3005 3225 justitia
3040 3162 3096 3210 et
3128 3153 3552 3210 beneficentia:
3578 3154 3742 3210 illius

285 3227 641 3281 translatum
664 3225 854 3296 magis
877 3240 1050 3295 quam
1069 3224 1367 3278 inventum
1393 3225 1761 3294 sapientibus
1787 3243 1800 3296 ;
1821 3228 1957 3298 quia

288 3318 479 3388 pietas
502 3315 944 3369 fundamentum
966 3315 1056 3368 est
1079 3314 1339 3367 omnium
1369 3313 1668 3369 virtutum.

367 3404 488 3459 127.
521 3404 778 3458 Justitiae
808 3406 1000 3457 autem
1029 3403 1216 3471 pietas
1261 3406 1353 3456 est
1394 3404 1582 3472 prima
1631 3404 1692 3459 in
1730 3405 1917 3461 Deum
1944 3447 1958 3476 ,

294 3495 398 3567 (29‘)
449 3493 710 3548 secunda
741 3493 802 3546 in
848 3492 1113 3562 patriam,
1165 3493 1332 3545 tertia
1382 3493 1442 3546 in
1471 3496 1779 3563 parentes,
1822 3496 1962 3550 item

295 3584 356 3638 in
389 3599 598 3638 omnes
632 3598 644 3637 :
680 3598 810 3654 quae
844 3585 900 3636 et
927 3583 1056 3650 ipsa
1101 3581 1431 3635 secundum
1460 3585 1684 3637 naturae
1717 3587 1810 3638 est
1842 3600 1962 3638 ma-

299 3673 634 3744 gisterium.
685 3671 1002 3742 Sequidem
1049 3669 1122 3724 ab
1172 3670 1408 3725 ineunte
1469 3675 1635 3726 aetate
1692 3672 1794 3726 ubi
1838 3673 1963 3743 pri-

299 3778 458 3816 mum
488 3776 713 3815 sensus
761 3759 993 3813 infundi
1023 3759 1286 3829 coeperit,
1331 3760 1510 3813 vitam
1541 3775 1806 3815 amamus
1839 3765 1962 3816 tan-

299 3867 476 3922 quam
509 3849 616 3903 Dei
646 3865 882 3916 munus,
914 3849 1180 3918 patriam,
1210 3851 1603 3920 parentesque
1635 3850 1959 3922 diligimus,

299 3939 513 3994 deinde
545 3937 803 4010 aequales
836 3937 1053 4009 quibus
1087 3937 1303 3992 sociari
1334 3939 1623 4008 cupimus.
1647 3939 1798 3994 Hinc
1829 3939 1965 3994 cha-

370 4116 472 4185 (2‘7)
504 4114 728 4170 Ibidem
758 4131 892 4188 pag.
927 4115 1050 4185 353,
1077 4115 1178 4171 lin.
1204 4115 1274 4170 4:
1314 4138 1335 4167 α
1371 4115 1460 4171 Ex
1491 4120 1742 4189 quatuor
1771 4121 1966 4174 autem

299 4189 454 4244 locis
485 4190 546 4241 in
575 4203 748 4258 quos,
788 4210 809 4235 ι»
843 4191 954 4241 etc.

372 4261 474 4320 (28)
505 4259 603 4313 Sic
653 4264 767 4313 vet.
811 4259 948 4312 edit.
985 4273 1117 4312 cum
1165 4275 1314 4313 mss.
1366 4259 1639 4329 pluribus
1691 4276 1799 4315 nec
1848 4276 1967 4315 non

302 4330 778 4402 antiquioribus;
814 4330 983 4383 Rom.
1022 4345 1164 4412 vqro
1202 4346 1334 4383 cum
1365 4331 1519 4400 aliis,
1546 4333 1816 4410 pecuniae
1856 4334 1967 4385 im-

297 4412 606 4484 prudenti.
631 4409 1049 4484 LXX‘InteI'pq
1080 4409 1180 4460 Ἰνα
1201 4409 1254 4460 τί
1275 4409 1460 4482 ὑπῆρξε
1481 4411 1727 4483 χρήματα
1745 4409 1926 4483 ίαφρονι
1950 4425 1963 4465 ε

301 4480 335 4537 a
367 4482 586 4554 quibus
612 4497 728 4534 non
754 4480 1037 4534 abludunt
1059 4485 1288 4535 caeterae
1311 4480 1654 4552 versione—5;
1676 4480 1971 4554 nisi'quod

303 4565 416 4632 Aq.
437 4566 492 4615 et
511 4560 733 4614 Theod.
756 4560 1042 4630 scribunt,
1069 4557 1148 4612 ἳνα
1169 4560 1224 4612 τί
1243 4564 1392 4612 τοῦτο
1416 4559 1740 4635 ἀντάλλαγμα
1762 4561 1810 4615 ἐν
1830 4565 1972 4636 χειρὶ

305 4641 540 4701 ἀνοήτου,
567 4641 759 4710 magis
790 4641 862 4693 ad
893 4643 1115 4694 textum
1148 4641 1524 4696 Hebraicum.

378 4713 476 4780 1129)
506 4713 627 4765 (lic.
663 4711 802 4765 ibid.
835 4711 916 4764 lin
950 4712 1016 4785 22
1043 4727 1054 4764 :
1100 4734 1120 4760 α
1150 4713 1231 4766 De
1264 4713 1453 4785 tribus
1485 4717 1676 4768 autem
1700 4714 1968 4785 reliquis,

304 4784 599 4838 latissime
631 4786 786 4851 patet
817 4798 884 4836 ea
906 4783 1074 4850 ratio,
1106 4803 1127 4830 υ
1161 4786 1271 4837 etc.
1311 4784 1492 4838 Docet
1522 4786 1634 4839 hoc
1665 4785 1796 4839 loco
1828 4783 1970 4839 san;

305 4862 438 4910 ctus
478 4853 836 4907 Ambrosius
861 4853 1161 4926 pietatem
1188 4853 1436 4924 justitiae
1473 4873 1765 4909 annexam
1803 4872 1964 4926 esse,

306 4926 464 4996 quod
487 4926 658 4998 etiam
688 4924 900 4998 astruit
937 4925 1261 4998 Angelicus
1296 4925 1532 4995 Doctor,
1554 4926 1669 4995 2-2,
1705 4945 1761 4998 q.
1786 4927 1839 4996 8,
1865 4924 1971 4982 a1.

308 4995 376 5051 Et
414 4998 554 5068 haec
577 4995 762 5065 pietas
788 4995 1005 5068 donum
1041 4999 1136 5068 est
1164 4995 1418 5066 Spiritus
1461 5000 1670 5068 sancti,
1706 4995 1768 5052 ut
1800 4995 1974 5052 docet

307 5069 464 5122 idem
496 5067 756 5120 Thomas
791 5067 906 5132 2-2,
943 5082 999 5136 q.
1047 5066 1168 5134 121,
1203 5070 1312 5120 art.
1349 5067 1398 5140 1,
1435 5068 1506 5122 de
1540 5069 1636 5122 illa
1659 5066 1809 5123 vero
1841 5087 1974 5140 quae

306 5140 378 5192 ad
419 5143 717 5209 parentes,
752 5153 1044 5207 quamque
1073 5139 1348 5191 virtutem
1380 5139 1507 5208 ipse
1547 5141 1783 5208 vocitat,
1816 5139 1877 5195 in
1907 5157 1976 5195 eo

308 5211 587 5264 dissentit
615 5210 686 5263 ab
721 5209 1057 5277 Ambrosio,
1091 5209 1249 5279 quod
1278 5213 1552 5278 parentes
1584 5213 1807 5280 patriae,
1838 5214 1977 5265 Am-

303 5282 551 5335 brosius
597 5283 790 5334 autem
823 5281 1066 5349 patriam
1095 5281 1452 5354 parentibus
1481 5283 1745 5352 praeponi
1781 5284 1972 5354 jubet.

306 5354 552 5408 Praeivit
601 5355 795 5405 autem
845 5356 1048 5405 sancto
1095 5351 1344 5406 Praesuli
1393 5351 1751 5408 Cicero’lib.
1786 5351 1972 5410 'Ofﬁc.

303 5440 442 5496 pag.
478 5423 612 5490 353,
646 5421 850 5496 liri._32
885 5437 896 5476 :
927 5445 948 5471 «
974 5423 1090 5477 Sed
1111 5423 1407 5496 quoniam,
1437 5428 1503 5496 rut
1531 5426 1814 5494 praaclare
1836 5427 1980 5481 scri-

304 5494 492 5568 ptmm
513 5499 607 5549 est
641 5509 674 5547 a
711 5494 971 5568 Platone,
1006 5509 1123 5548 non
1154 5495 1328 5568 nobis
1360 5495 1553 5568 solum
1584 5497 1703 5551 nati
1743 5513 1973 5556 sumus.

307 5566 598 5641 ortusque
631 5566 820 5641 nostri
848 5569 1072 5641 partem
1100 5567 1285 5641 patria
1314 5566 1596 5641 vindicat,
1624 5573 1849 5641 partem
1877 5586 1978 5641 pa-

307 5587 598 5641 Ortusque
631 5587 820 5622 nosu'l
848 5587 1072 5638 partem
1100 5587 1285 5638 patria
1315 5587 1592 5641 Vindicat,
1624 5587 1849 5640 partem
1918 5587 1976 5625 a-

303 5643 536 5715 rentes,
566 5640 794 5714 partem
823 5638 1015 5714 amici,
1044 5660 1066 5690 η
1104 5641 1213 5698 etc.
1245 5637 1388 5697 Item
1406 5654 1544 5715 pag,
1574 5639 1710 5718 358,
1741 5641 1842 5700 lin.
1867 5587 1976 5706 g5:

2142 3231 2364 3298 partes
2382 3226 2528 3279 duas
2563 3225 2838 3279 ultionem
2879 3231 2937 3280 et
2964 3227 3256 3298 priratam
3300 3227 3740 3298 possessionem

2151 3314 2182 3350 a
2218 3297 2586 3350 Christianis
2615 3312 2728 3350 non
2760 3298 3003 3367 agnosci
3035 3313 3050 3347 :
3086 3297 3234 3368 quod
3262 3310 3402 3351 vero
3432 3297 3505 3351 de
3536 3313 3739 3350 rerum

2152 3368 2566 3422 communitate
2613 3383 2679 3421 ac
2718 3373 2912 3422 mutuo
2960 3367 3182 3422 auxilio
3233 3368 3476 3422 tradunt
3527 3367 3736 3434 Stoici,

2149 3439 2258 3494 hoc
2281 3455 2382 3493 eos
2401 3444 2457 3492 et
2488 3438 2826 3509 Scripturis
2845 3439 3042 3492 sacris
3062 3445 3354 3494 mutuatos
3375 3455 3530 3495 esse.
3560 3438 3744 3504 Quan-

2153 3516 2246 3564 tus
2265 3510 2526 3582 justitite
2556 3509 2854 3582 splendor,
2906 3515 2964 3564 ct
3015 3510 3246 3582 quinam
3277 3509 3502 3582 scopuli
3536 3525 3742 3564 acces-

2149 3597 2276 3635 sum
2307 3582 2382 3635 ad
2409 3581 2572 3634 illam
2598 3581 2990 3651 praepediant.

2152 3672 2254 3726 130
2285 3670 2521 3725 Justitia
2548 3671 2730 3741 igitur
2747 3670 2820 3724 ad
2840 3670 3184 3726 societatem
3207 3670 3446 3743 generis
3471 3670 3740 3741 humani,

2081 3763 2136 3816 et
2166 3761 2238 3813 ad
2271 3759 2745 3814 communitatem
2774 3759 3048 3814 refertur.
3073 3759 3384 3815 Societatis
3409 3760 3564 3814 enim
3593 3761 3742 3814 ratio

2079 3850 2190 3920 (32)
2215 3849 2493 3903 dividitur
2514 3848 2573 3901 in
2595 3848 2742 3903 duas
2760 3851 2979 3919 partes,
2998 3847 3288 3920 justitiam
3309 3852 3366 3903 et
3393 3849 3736 3904 beneficen-

2077 3940 2217 3994 tiam
2237 3981 2250 4008 ,
2284 3953 2460 4010 quam
2491 3937 2754 3992 eamdem
2794 3937 3201 3992 liberalitatem
3230 3941 3287 3993 et
3314 3938 3738 4010 benignitatem

2085 4143 2106 4167 α
2135 4119 2252 4174 Sed
2270 4133 2402 4172 cum
2421 4117 2614 4172 omnia
2645 4115 2868 4170 ratione
2891 4115 3204 4186 animoque
3223 4116 3594 4187 lustraveris,
3619 4131 3748 4171 om-

2083 4192 2244 4246 nium
2277 4190 2625 4244 societatum
2663 4188 2822 4242 nulla
2867 4192 2960 4242 est
3002 4189 3244 4259 gratior,
3298 4188 3456 4242 nulla
3489 4188 3745 4257 charior,

2084 4279 2260 4334 quam
2292 4277 2358 4316 ea
2403 4276 2534 4331 quae
2584 4275 2717 4313 cum
2769 4260 2914 4334 Rep.
2940 4262 3062 4334 est
3092 4259 3408 4334 unicuique
3441 4263 3746 4334 nostrum.

2085 4329 2262 4388 Chari
2294 4329 2438 4385 sunt
2460 4334 2756 4400 parentes,
2791 4330 2955 4382 chari
2983 4329 3174 4398 liberi,
3223 4351 3243 4377 υ
3279 4336 3389 4384 etc.
3441 4331 3571 4383 Lib.
3606 4345 3752 4400 quo-

2001 4385 2054 4446 D
2091 4385 2225 4476 que,
2254 4420 2335 4472 in,
2371 4385 2506 4473 pag.
2556 4401 2680 4476 400,
2716 4385 2816 4455 lin.
2849 4401 2920 4476 3O
2952 4416 2963 4454 :
3020 4423 3041 4447 «
3076 4385 3224 4476 Quid
3256 4404 3334 4454 sit
3381 4385 3751 4476 tyrannidem

2092 4469 2403 4544 occupare,
2437 4469 2489 4527 si
2519 4474 2702 4542 patria
2733 4473 2984 4542 prodere
3017 4472 3326 4525 conabitur
3355 4469 3624 4544 paterf?._..
3658 4469 3751 4522 Ad

2091 4541 2418 4601 extremum
2451 4545 2505 4597 si
2522 4541 2594 4598 ad
2617 4541 2936 4612 perniciem
2965 4544 3169 4611 patriae
3199 4557 3296 4595 res
3322 4541 3631 4612 spectabit,
3657 4556 3755 4609 pa-

2087 4619 2216 4671 triae
2264 4616 2513 4670 salutem
2557 4611 2871 4684 anteponet
2919 4613 3090 4667 saluti
3141 4612 3406 4684 patris}
3452 4611 3754 4684 Caeterum

2089 4705 2222 4759 quae
2252 4688 2434 4741 verba
2482 4703 2558 4740 ex
2589 4681 2828 4759 Platone
2853 4700 2892 4759 _a
2941 4699 3006 4759 se
3037 4681 3745 4759 translatadicit_Orator,

2089 4753 2158 4814 ea
2205 4759 2581 4828 reperiuntur
2625 4757 2796 4826 epist.
2846 4755 2880 4808 9
2912 4754 3180 4824 ejusdem
3213 4753 3571 4822 philosophi,
3619 4769 3754 4824 quae

2089 4843 2181 4894 est
2208 4840 2281 4892 ad
2333 4838 2652 4906 Archytam
2684 4836 2734 4903 1,
2770 4835 2926 4888 hunc
2957 4835 3016 4887 in
3058 4834 3296 4888 modum
3330 4849 3342 4887 :
3379 4831 3536 4884 Ἀλλὰ
3559 4838 3756 4885 κακεῖνο

2087 4914 2166 4972 δεῖ
2185 4937 2241 4971 σε
2262 4916 2578 4988 ἐνουμεισθαί
2601 4910 2681 4966 ὅτι
2702 4910 2910 4973 ἕκαστος
2931 4911 3069 4986 ἡμῶν
3092 4912 3193 4984 οὑχ
3213 4911 3350 4984 αὑτῷ
3371 4909 3518 4986 μόνον
3535 4911 3750 4984 γέγονεν.

2088 4997 2214 5050 ἀλλά
2235 4998 2322 5056 τὴς
2344 4986 2732 5068 γενέσεως-ἡμῶν
2755 4993 2812 5045 τὸ
2833 4992 2920 5066 μέν
2940 5013 2992 5068 τι
3015 4992 3044 5050 ἡ
3073 4995 3257 5068 πατρὶς
3300 4994 3578 5067 μερίζεται,
3604 4992 3663 5045 τὸ
3703 4986 3757 5043 δέ

2086 5098 2139 5131 τι
2163 5078 2210 5131 οἱ
2230 5061 2653 5150 γεννῆσαντες,’τὸ
2670 5070 2796 5150 Adio:
2817 5061 3017 5127 λοιστίόἰ
3038 5061 3192 5147 (pilai:

2161 5143 2260 5213 (30)
2291 5149 2411 5202 Cic.
2465 5148 2567 5202 lib.
2602 5164 2619 5200 ι
2655 5146 2822 5202 Offic.
2858 5163 2992 5218 pag.
3028 5143 3152 5213 352,
3186 5148 3286 5200 lin.
3331 5146 3361 5199 4
3397 5162 3408 5201 ;
3466 5167 3487 5196 α
3525 5143 3758 5218 Princi-

2087 5222 2184 5292 pio
2216 5219 2420 5292 generi
2469 5215 3048 5292 animantium’omni
3097 5222 3190 5272 est
3238 5235 3271 5271 a
3314 5222 3535 5292 natura
3567 5215 3759 5292 tribu-

2086 5288 2243 5362 tum;
2263 5295 2325 5346 ut
2370 5307 2436 5346 se
2465 5291 2664 5362 vitam,
2699 5305 3035 5363 corpusque
3080 5293 3340 5359 tueatur,
3389 5288 3759 5359 declinetque

2088 5381 2176 5421 ea.
2216 5385 2238 5413 »
2282 5366 2392 5418 etc.

2163 5407 2268 5510 E31)
2283 5407 2579 5510 ﬁonnulli
2610 5450 2782 5510 mss,
2819 5446 3002 5505 equos
3039 5429 3138 5510 vel
3161 5432 3397 5510 arietes
3419 5428 3734 5510 gregibus.

2166 5505 2272 5578 (32)
2304 5506 2426 5563 Cic.
2478 5505 2579 5579 lib,
2612 5522 2632 5560 ι
2667 5502 3003 5579 Offic,_pag.
3038 5505 3164 5574 353,
3196 5504 3300 5560 lin.
3332 5502 3402 5559 22
3424 5502 3494 5579 ;_gx
3533 5502 3614 5556 De
3651 5502 3758 5579 tri-

2094 5571 2210 5640 bus
2242 5583 2435 5639 autem
2463 5571 2712 5654 reliquis
2762 5571 3049 5638 latissime
3080 5571 3238 5655 patet
3283 5591 3351 5635 ea
3379 5571 3548 5647 ratio,
3585 5591 3607 5622 ι
3642 5571 3760 5633 etc.
