4002 6150
373 241 463 312 67

1843 235 1910 304 S.
1953 235 2396 304 AMBROSII.
3765 249 3844 314 68

392 444 611 500 vocant
646 459 658 498 :
689 440 923 514 justitia
951 440 1094 496 mihi
1125 439 1422 496 excelsior
1449 437 1700 509 videtur,
1731 437 2056 495 liberalitas
2081 418 2142 482 Α
2179 455 2263 494 raa
2293 439 2583 511 copulam,
2611 441 2870 502 invicem
2897 441 3074 498 nobis
3105 457 3244 499 esse
3275 442 3496 500 auxilio
3531 443 3833 516 debemus,

394 531 648 604 gratior:
673 530 773 586 illa
805 545 1118 586 censuram
1149 533 1325 600 tenet,
1349 529 1462 584 ista
1490 527 1828 584 bonitatem.

464 618 588 674 131.
625 618 744 674 Sed
788 619 1041 690 primum
1070 619 1266 690 ipsum
1295 618 1450 690 quod
1480 620 1684 688 putant
1721 617 2061 688 philos0phi

391 706 646 780 justitia;
681 723 896 762 munus
928 705 1062 777 (33),
1113 707 1265 778 apud
1316 722 1427 762 nos
1459 706 1811 760 excluditur.
1851 706 2065 760 Dicunt

395 796 554 852 enim
584 796 668 850 illi
697 811 824 850 eam
854 796 1102 866 primam
1133 809 1270 850 esse
1297 793 1545 866 justitiae
1581 794 1849 864 formam,
1880 797 1944 850 ut
1971 810 2068 849 ne-

391 871 534 940 mini
577 884 714 956 quis
761 887 989 954 noceat,
1040 884 1160 940 nisi
1205 883 1526 938 lacessitus
1569 882 1791 954 injuria
1841 899 1856 939 :
1906 883 2066 955 quod

394 971 705 1045 Evangelii
752 973 1097 1028 auctoritate
1145 975 1430 1028 vacuatur
1457 971 1623 1042 (Luc.
1664 989 1746 1040 1x,
1778 971 1911 1042 56);
1939 971 2069 1027 vult

395 1062 553 1116 enim
582 1061 904 1132 Scriptura,
935 1065 1002 1117 ut
1028 1063 1107 1117 sit
1136 1062 1198 1116 in
1232 1061 1408 1117 nobis
1429 1061 1677 1133 Spiritus
1717 1059 1847 1115 Filii
1871 1059 2066 1115 homi-

390 1149 508 1222 nis,
541 1149 642 1222 qui
671 1151 835 1206 venit
863 1150 1136 1207 conferre
1163 1151 1448 1224 gratiam,
1493 1165 1612 1206 non
1650 1146 1873 1205 inferre
1907 1149 2066 1223 inju-

396 1254 483 1294 1‘18
489 1255 542 1292 ω
551 1279 565 1293 .

462 1325 589 1383 132.
623 1327 846 1384 Deinde
879 1326 1126 1384 formam
1152 1327 1401 1401 justitiae
1431 1329 1805 1398 putaverunt,
1829 1330 1892 1382 ut
1922 1327 2063 1399 quis

395 1417 728 1473 communia
747 1417 881 1489 (34),
909 1418 974 1474 id.
997 1421 1108 1487 est,
1135 1417 1368 1489 publica
1400 1433 1509 1489 pro
1539 1415 1796 1488 publicis
1827 1417 2058 1483 habeat,

392 1508 620 1578 privata
661 1522 767 1577 pro
800 1507 950 1560 suis.
985 1507 1073 1562 Ne
1105 1507 1218 1562 hoc
1249 1507 1486 1578 quidem
1531 1506 1860 1561 secundum
1891 1509 2062 1561 natu-

389 1612 536 1666 ram,
580 1599 786 1650 natura
807 1596 962 1650 enim
985 1597 1178 1651 omnia
1203 1597 1478 1651 omnibus
1501 1596 1560 1649 in
1597 1611 1906 1650 commuue
1927 1610 2063 1666 pro-

2183 532 2409 584 certare
2438 529 2673 602 ofﬁciis,
2699 530 2861 586 velut
2882 532 2941 585 in
2977 531 3170 587 medio
3189 548 3396 589 omnes
3431 533 3711 589 utilitates
3733 551 3837 606 po-

2181 632 2344 688 nere,
2371 621 2427 673 et
2447 623 2510 673 ut
2525 619 2710 675 verbo
2731 619 3052 692 Scripturm
3085 623 3232 691 utar,
3261 621 3664 694 adjumentum
3686 624 3838 679 ferre

2174 706 2322 760 alter
2341 707 2530 776 alteri,
2556 707 2651 762 vel
2677 709 2894 779 studio,
2917 709 3013 762 vel
3049 709 3269 780 ofﬁcio,
3311 710 3406 764 vel
3441 713 3710 781 pecunia,
3747 713 3838 768 vel

2179 795 2482 866 cperibus,
2519 797 2613 851 vel
2633 798 2896 868 quolibet
2918 799 3113 868 modo,
3133 803 3194 854 ut
3215 799 3370 854 inter
3388 815 3499 855 nos
3534 801 3836 858 societatis

2174 886 2462 957 augeatur
2477 885 2686 958 gratia.
2709 886 2834 942 Nec
2847 887 3161 959 quisquam
3183 888 3256 944 ab
3277 887 3474 944 ofﬁcio
3495 889 3590 945 vel
3610 891 3839 960 pericu-

2170 972 2212 1027 li
2233 977 2460 1030 terrore
2489 977 2802 1030 revocetur
2830 977 2942 1046 (38)
2979 992 2992 1032 :
3025 976 3133 1032 sed
3174 977 3370 1033 omnia
3390 993 3498 1034 sua
3531 979 3722 1050 ducat,
3745 980 3842 1036 vel

2172 1061 2426 1118 adversa
2444 1063 2537 1118 vel
2569 1079 2876 1134 prospera.
2902 1065 3169 1138 Denique
3192 1070 3438 1122 sanctus
3461 1067 3701 1140 Moyses
3733 1084 3839 1140 pro

2171 1151 2389 1221 populo
2424 1151 2630 1222 patriae
2665 1151 2820 1207 bella
2843 1155 3153 1225 suscipere
3175 1155 3383 1228 gravia
3418 1171 3537 1212 non
3565 1155 3840 1212 reformi-

2173 1239 2351 1310 davit,
2390 1255 2500 1295 nec
2530 1241 2694 1313 regis
2736 1243 3134 1312 potentissimi
3165 1245 3479 1314 trepidavit
3516 1261 3700 1318 arma,
3731 1261 3842 1303 nec

2171 1327 2501 1383 barbaricae
2523 1329 2902 1385 immanitatis
2939 1332 3177 1402 expavit
3199 1332 3482 1388 ferociam
3507 1350 3518 1390 :
3545 1335 3654 1390 sed
3675 1335 3838 1408 abje-

2173 1417 2251 1471 cit
2274 1417 2528 1472 salutem
2551 1435 2740 1490 suam,
2767 1423 2827 1474 ut
2847 1417 3002 1490 plebi
3028 1421 3300 1476 redderet
3321 1423 3670 1480 libertatem.

2244 1505 2364 1560 136.
2409 1505 2660 1579 Magnus
2712 1509 2905 1580 itaque
2929 1508 3180 1580 justitiae
3229 1511 3512 1582 splendor
3539 1513 3672 1583 (39),
3707 1530 3840 1586 quae

2171 1595 2304 1650 aliis
2339 1597 2536 1666 potius
2569 1600 2702 1650 nata
2732 1613 2910 1669 quam
2941 1599 3092 1666 sibi,
3132 1601 3607 1656 communitatem
3649 1606 3705 1657 et
3735 1619 3840 1658 so-

394 1684 561 1740 fudit.
597 1683 694 1740 Sic
725 1684 882 1739 enim
915 1685 1074 1739 Deus
1112 1685 1386 1757 generari
1417 1684 1604 1755 jussit
1635 1686 1829 1739 omnia
1861 1687 1923 1739 ut
1952 1679 2060 1756 pa-
2095 1745 2140 1763 ﬂ
2175 1685 2441 1740 cietatem
2474 1687 2737 1740 nostram
2759 1687 3032 1759 adjuvat:
3067 1689 3470 1744 excelsitatem
3511 1693 3667 1746 tenet
3696 1692 3839 1763 (40);

394 1777 526 1828 stus
549 1773 823 1828 omnibus
842 1745 1174 1829 communis
1197 1775 1360 1829 esset
1376 1745 1510 1845 (35),
1536 1777 1593 1828 et
1607 1777 1765 1828 terra
1781 1745 2064 1829 foretom-
2091 1745 2143 1807 Β
2179 1777 2243 1829 ut
2264 1791 2374 1829 suo
2394 1774 2620 1846 judicio
2639 1745 3124 1848 omniavsubjecta
3149 1777 3380 1849 habeat,
3407 1794 3578 1850 opem
3598 1745 3840 1835 aliisfe-I

393 1863 556 1918 nium
593 1864 864 1934 quaedam
896 1863 1224 1918 communis
1257 1863 1590 1933 possessio.
1626 1863 1850 1917 Natura
1878 1863 2059 1934 igitur

387 1950 494 2023 jus
522 1967 831 2006 commune
866 1952 1192 2023 generavit,
1218 1952 1524 2021 usurpatio
1553 1951 1660 2023 jus
1698 1951 1837 2006 fecit
1867 1951 2062 2022 priva-

396 2043 518 2095 tum
552 2039 678 2105 Quo
700 2039 760 2094 in
785 2039 916 2094 loco
935 2041 1098 2095 aiunt
1125 2040 1424 2110 placuisse
1445 2040 1663 2094 Stoicis
1686 2038 1820 2111 (36),
1846 2056 1980 2112 quae
2002 2040 2064 2094 in

393 2128 570 2184 terris
585 2127 884 2201 gignatur,
901 2129 1096 2183 omnia
1117 2129 1189 2182 ad
1212 2144 1362 2182 usus
1382 2129 1684 2184 hominum
1706 2130 1894 2182 creari
1920 2143 1933 2184 :
1961 2128 2065 2184 ho-

2175 1866 2282 1928 rat,
2313 1864 2624 1934 pecuniam
2656 1865 2941 1936 conferat,
2990 1865 3187 1922 ofﬁcia
3229 1882 3348 1923 non
3392 1867 3630 1939 abnuat,
3676 1869 3838 1943 peri-

2176 1951 2307 2006 cula
2337 1953 2626 2023 suscipiat
2655 1953 2866 2009 aliena.

2247 2041 2368 2096 13Ἷ.
2399 2040 2544 2106 Quis
2576 2057 2694 2096 non
2720 2047 2962 2114 cuperet
2988 2044 3139 2100 hanc
3169 2045 3406 2101 virtutis
3436 2061 3635 2102 arcem
3665 2050 3832 2103 tene-

2175 2145 2260 2200 re,
2306 2129 2425 2184 nisi
2455 2136 2645 2200 prima
2674 2133 2920 2186 avaritia
2962 2133 3286 2189 inﬁrmaret
3311 2138 3486 2207 atque
3515 2135 3842 2192 intlecteret

395 2217 588 2272 mines
633 2221 826 2272 autem
858 2217 1164 2272 hominum
1209 2233 1390 2272 causa
1429 2233 1569 2272 esse
1619 2222 1971 2289 generatos,
2005 2220 2071 2272 ut
2175 2221 2352 2273 tantae
2383 2218 2619 2273 virtutis
2667 2219 2939 2292 vigorem
2968 2223 3132 2293 (4i)?
3166 2223 3394 2278 Etenim
3444 2223 3583 2280 dum
3621 2240 3840 2298 augere

397 2305 515 2378 ipsi
545 2307 698 2360 inter
727 2321 794 2361 se
823 2305 956 2360 aliis
987 2306 1082 2360 alii
1111 2305 1402 2376 prodesse
1425 2307 1680 2378 possint.

465 2395 586 2450 133.
624 2395 792 2450 Unde
824 2395 958 2465 hoc,
992 2396 1109 2449 nisi
1139 2395 1212 2449 de
1245 2395 1468 2450 nostris
1499 2395 1824 2466 Scripturis
1859 2393 2066 2451 dicen-

395 2483 534 2540 dum
551 2487 1006 2554 assumpserunt
1022 2484 1050 2538 ?
1081 2483 1321 2555 Moyses
1344 2484 1500 2538 enim
1522 2485 1786 2554 scripsit,
1821 2485 1958 2556 quia
1980 2484 2066 2539 di-

393 2575 480 2628 xit
493 2575 652 2628 Deus
679 2589 691 2628 :
718 2572 1029 2627 Faciamus
1049 2572 1340 2628 hominem
1364 2573 1439 2627 ad
1458 2573 1775 2645 imaginem
1801 2580 2064 2628 nostram

397 2669 456 2718 et
489 2661 810 2717 secundum
843 2661 1294 2717 similitudinem
1314 2703 1329 2732 ,
1365 2667 1423 2716 et
1462 2661 1676 2716 habeat
1701 2668 2058 2734 potestatem

390 2751 644 2824 piscium
679 2751 867 2805 maris
898 2755 956 2804 et
999 2749 1319 2804 velati/ium
1357 2749 1506 2818 caeli,
1544 2756 1602 2805 et
1631 2767 1932 2822 pecorum,
1967 2751 2062 2814 36

397 2855 457 2906 et
496 2847 749 2904 omnium
773 2847 1106 2919 repentium
1129 2852 1312 2919 super
1337 2853 1560 2902 terram
1584 2847 1757 2918 (Gen.
1783 2865 1821 2919 ι,
1858 2848 1969 2919 26).
1994 2847 2068 2903 Et

395 2937 582 2992 David
611 2937 688 2992 ait
722 2952 735 2992 :
765 2935 970 2990 Omnia
993 2935 1319 3009 subjecisti
1339 2936 1447 2991 sub
1459 2937 1718 3008 pedibus
1748 2939 1896 3010 ejus,
1922 2953 2067 2993 oves

395 3033 453 3084 et
467 3026 656 3082 boves
679 3027 1020 3094 universas,
1045 3029 1292 3098 insuper
1324 3031 1382 3080 et
1396 3041 1616 3097 pecora
1649 3027 1869 3099 campi:
1902 3027 2064 3082 volu-

391 3131 494 3171 ces
510 3115 664 3186 cadi,
689 3121 747 3170 et
756 3115 962 3187 pisces
981 3114 1376 3185 maris(Psa1.
1401 3132 1524 3176 vui,
1558 3115 1611 3185 8,
1635 3114 1712 3184 9).
1740 3115 1901 3188 Ergo
1931 3132 2062 3171 om-

391 3206 489 3261 nia
523 3204 797 3277 subjecta
831 3219 970 3259 esse
1011 3203 1236 3259 homini
1266 3204 1338 3258 de
1360 3203 1586 3259 nostris
1619 3205 1970 3276 didicerunt,
2003 3209 2062 3262 et

388 3295 522 3351 ideo
556 3295 803 3349 censent
832 3296 1074 3364 prepter
1093 3293 1392 3348 hominem
1422 3307 1562 3348 esse
1592 3298 1894 3365 generata.

461 3384 564 3440 134
602 3383 911 3438 Hominem
945 3397 1180 3454 quoque
1216 3381 1474 3436 hominis
1507 3397 1687 3436 causa
1710 3387 2058 3454 generatum

388 3487 527 3529 esse
575 3471 635 3526 in
664 3471 836 3526 libris
885 3471 1077 3542 Moysi
1123 3471 1438 3541 reprimus,
1489 3471 1720 3526 dicente
1753 3473 2000 3528 Domino
2038 3490 2052 3532 :

387 3562 522 3619 Non
555 3567 646 3616 est
677 3559 890 3616 bonum
923 3575 1058 3615 esse
1101 3560 1394 3614 hominem
1424 3559 1630 3631 solum,
1681 3560 1970 3617 faciamus
1998 3565 2058 3618 ei

388 3650 744 3723 adjutorium
766 3649 964 3704 simile
985 3648 1108 3703 sibi
1123 3647 1280 3718 (Gen
1309 3665 1370 3720 ιι,
1397 3648 1506 3719 18).
1531 3649 1622 3704 Ad
1651 3649 2055 3722 adjumentum

387 3755 533 3812 ergo
558 3739 768 3793 mulier
787 3738 918 3792 data
941 3740 1033 3792 est
1051 3739 1202 3807 viro,
1240 3752 1374 3808 quae
1409 3742 1752 3810 generaret;
1786 3743 1848 3794 ut
1876 3740 2052 3797 homo

387 3827 612 3884 homini
646 3826 985 3898 adjumento
1017 3825 1186 3881 foret.
1215 3826 1480 3898 Denique
1500 3830 1811 3899 antequam
1843 3829 2055 3885 mulier

389 3917 764 3986 formaretur,
801 3915 1017 3970 dictum
1041 3917 1134 3969 est
1163 3915 1235 3968 de
1259 3914 1627 3972 AdamzNon
1659 3923 1750 3970 est
1772 3918 1834 3971 in
1848 3926 2056 3974 ventus

387 4006 626 4078 adjutor
645 4003 866 4060 Similis
887 4003 979 4057 illi
999 4001 1179 4073 (Ibid.
1204 4003 1326 4074 20);
1350 4003 1755 4074 adjumentum
1775 4007 1932 4061 enim
1950 4007 2054 4062 ho-

390 4111 485 4150 mo
509 4093 627 4149 nisi
647 4093 718 4148 de
740 4092 978 4148 homine
1000 4091 1218 4146 habere
1245 4109 1364 4147 non
1383 4096 1629 4162 poterat.
1656 4093 1746 4148 Ex
1778 4096 2054 4152 omnibus

389 4184 572 4256 igitur
611 4181 1008 4237 animantibus
1031 4181 1254 4235 nullum
1285 4181 1496 4235 animal
1531 4181 1744 4254 simile,
1770 4187 1827 4239 et
1855 4187 1919 4239 ut
1947 4185 2055 4240 ab-

389 4272 584 4329 solute
634 4271 902 4326 dicamus
924 4313 938 4340 ,
972 4269 1171 4324 nullus
1208 4269 1447 4342 adjutor
1487 4269 1746 4326 hominis
1777 4272 2056 4330 inventus

2177 2323 2343 2378 opes,
2395 2323 2728 2381 aggregare
2774 2311 3079 2381 pecunias,
3129 2327 3418 2383 occupare
3468 2317 3658 2368 terras
3695 2328 3841 2385 pos-

2177 2396 2557 2452 sessionibus
2607 2398 2908 2470 eupimus,
2957 2402 3244 2471 praestare
3283 2401 3545 2473 divitiis;
3588 2402 3840 2475 justitia

2175 2483 2424 2540 formam
2457 2487 2764 2558 exuimus,
2798 2487 3248 2544 beneﬁcentiam
3279 2506 3651 2547 communem
3690 2493 3840 2548 ami-

2175 2574 2386 2630 simus.
2420 2573 2724 2640 Quomodo
2755 2577 2912 2631 enim
2940 2580 3134 2648 potest
3157 2577 3360 2650 justus
3391 2595 3552 2652 esse,
3583 2580 3686 2653 qui
3715 2583 3843 2636 stu-

2175 2661 2272 2718 det
2301 2664 2529 2734 eripere
2559 2663 2747 2736 alteri,
2779 2665 2937 2737 quod
2967 2665 3086 2722 sibi
3116 2673 3360 2739 quaerat.

2247 2751 2368 2807 138.
2404 2753 2686 2809 Potentia:
2716 2771 2950 2827 quoque
3000 2757 3290 2828 cupiditas
3311 2800 3326 2828 ,
3361 2756 3611 2814 formam
3651 2757 3838 2831 justi-

2178 2841 2271 2897 tiae
2303 2841 2534 2896 virilem
2579 2842 2876 2898 effeminat
2905 2845 3062 2916 (42)?
3092 2845 3395 2911 Quomodo
3445 2849 3604 2902 enim
3645 2852 3843 2920 potest

2175 2946 2282 3002 pro
2315 2931 2446 2986 aliis
2479 2933 2856 3003 intervenire,
2891 2934 2992 3005 qui
3011 2935 3162 2990 alios
3191 2936 3308 2990 sibi
3339 2937 3641 3009 subjicere
3671 2954 3846 2994 cona-

2177 3023 2274 3074 tur
2307 3037 2319 3075 :
2355 3023 2412 3075 et
2441 3020 2671 3089 inﬁrmo
2703 3021 2994 3078 adversus
3025 3027 3295 3093 potentes
3327 3041 3498 3096 opem
3529 3025 3706 3099 ferre,
3737 3027 3840 3100 qui

2177 3111 2308 3181 ipse
2339 3126 2584 3184 gravem
2613 3111 2866 3167 libertati
2894 3112 3125 3168 affectat
3154 3115 3489 3184 potentiam.

2687 3221 2783 3285 37
2822 3218 3074 3276 CAPUT
3116 3221 3330 3277 XXIX.

2177 3337 2479 3393 Justitiam
2497 3337 2559 3390 in
2573 3335 2730 3410 bello
2751 3337 3115 3410 etiamfatque
3135 3337 3287 3408 ipsis
3305 3337 3580 3410 hostibus
3594 3354 3700 3394 ser
3709 3339 3844 3394 vari

2246 3415 2522 3481 oportere
2553 3409 2786 3480 Moysis
2807 3425 2875 3463 ac
2904 3409 3118 3463 E/iStBi
3152 3409 3442 3481 exemplis
3470 3411 3840 3466 ostenditur!

2245 3480 2320 3537 ab
2351 3480 2630 3534 Hebraeis
2670 3486 2866 3536 mutuo
2907 3488 3147 3535 veteres
3173 3480 3506 3552 accepisse,
3549 3489 3609 3536 ut
3635 3483 3844 3538 hostes

2245 3553 2623 3626 appellarent,
2635 3552 3135 3626 nominemolliori
3147 3572 3165 3617 ;
3179 3553 3698 3626 deniquejustitiee
3713 3553 3846 3608 fun-

2246 3623 2578 3681 damentum
2603 3625 2662 3677 in
2679 3623 2796 3678 [ille
2815 3639 2970 3694 esse,
2991 3640 3058 3678 ac
3074 3623 3402 3678 formam'in
3423 3623 3718 3680 Ecclesia.

2251 3733 2373 3788 139.
2405 3732 2629 3797 Quanta
2657 3735 2847 3786 autem
2863 3729 3092 3802 justitia
3114 3731 3192 3786 sit
3223 3745 3299 3786 ex
3329 3730 3442 3786 hoc
3463 3731 3714 3804 intelligi
3734 3747 3844 3803 po-

2174 3826 2312 3892 test,
2345 3821 2504 3894 quod
2532 3836 2642 3876 nec
2673 3820 2844 3891 locis,
2877 3835 2986 3874 nec
3003 3821 3302 3890 personis,
3338 3835 3448 3875 nec
3469 3821 3844 3892 temporibus

2174 3911 2486 3981 excipitur,
2520 3926 2653 3981 quae
2687 3909 2863 3964 etiam
2892 3908 3168 3964 hostibus
3199 3912 3542 3964 reservatur
3577 3906 3728 3982 (43);
3772 3914 3842 3965 ut

2172 4001 2227 4056 si
2268 4000 2622 4056 constitutus
2669 3998 2746 4053 sit
2791 4014 2924 4052 cum
2963 3999 3134 4054 hoste
3189 4001 3287 4053 aut
3331 3999 3501 4054 locus
3549 4002 3648 4054 aut
3705 3999 3844 4054 dies

2170 4090 2396 4161 proelio,
2421 4089 2711 4144 adversus
2737 4087 3027 4160 justitiam
3056 4091 3292 4158 putetur
3320 4092 3418 4143 aut
3445 4087 3576 4144 loco
3603 4103 3845 4158 praeve-

2171 4180 2319 4250 nire,
2352 4182 2452 4234 aut
2488 4182 2770 4248 tempore.
2805 4178 3054 4232 Interest
3075 4178 3232 4232 enim
3259 4180 3453 4232 utrum
3488 4177 3702 4249 aliquis
3724 4193 3846 4249 pu-

2172 4285 2290 4342 gna
2311 4269 2507 4340 aliqua
2527 4271 2585 4322 et
2611 4266 2864 4322 conﬁctu
2896 4267 3066 4338 gravi
3092 4266 3373 4338 capiatur,
3415 4282 3490 4320 an
3525 4266 3845 4337 superiore

389 4366 480 4420 est
513 4377 526 4418 :
559 4360 866 4416 muliebris
889 4361 1072 4432 igitur
1101 4375 1286 4414 sexus
1314 4358 1550 4430 adjutor
1579 4362 2054 4430 exspectabatur.
2085 4368 2140 4430 D
2173 4357 2358 4430 gratia
2390 4357 2524 4428 (44),
2548 4357 2640 4410 vel
2679 4357 2872 4428 aliquo
2913 4359 3146 4411 eventu.
3188 4355 3492 4428 SiQuidem
3512 4356 3845 4412 vehemen-

460 4451 581 4508 135.
604 4451 763 4523 Ergo
781 4449 1110 4505 secundum
1134 4449 1236 4503 Dei
1252 4449 1608 4514 voluntatem
1631 4449 1766 4520 (31),
1789 4451 2058 4508 velnatu-

460 4595 574 4665 (33)
598 4593 769 4664 Ibid.,
803 4592 907 4651 lin.
941 4592 1011 4646 25
1038 4607 1050 4646 :
1076 4612 1098 4642 α
1134 4590 1250 4647 Sed
1278 4589 1528 4664 justitia:
1557 4608 1809 4663 primum
1838 4609 2056 4652 munus

386 4670 480 4722 est
508 4671 569 4719 ut
601 4679 674 4719 ne
707 4667 822 4730 cui,
861 4684 882 4712 υ
919 4667 1030 4717 etc.

460 4737 574 4806 (34)
608 4735 777 4802 Ibid.,
812 4735 913 4788 lin.
946 4735 1016 4788 26
1049 4749 1061 4790 :
1099 4756 1120 4784 α
1157 4734 1379 4790 Deinde
1409 4738 1471 4790 ut
1503 4737 1914 4793 communibus
1932 4741 2056 4794 uta-

386 4805 482 4862 tur
509 4805 618 4878 pro
641 4805 1075 4876 communibus,
1095 4807 1342 4876 privatis
1361 4810 1422 4862 ut
1442 4807 1592 4863 suis.
1616 4809 1763 4864 Sunt
1777 4813 1991 4881 autem,
2027 4831 2050 4862 ι

389 4882 502 4934 etc.

457 4947 573 5020 (35)
601 4947 750 5003 Mss.
798 4948 1041 5018 atiquot,
1091 4953 1150 5020 ut
1178 4955 1388 5020 partus
1433 4951 1705 5007 omnibus
1735 4953 2057 5007 communis

388 5020 690 5146 e.;1.<s.et,tl£'tt
717 5027 883 5074 terra
927 5034 1072 5091 ergo
1099 5019 1280 5089 foret,
1313 5025 1425 5076 etc.
1461 5023 1674 5078 Melius
1705 5023 1803 5078 alii
1837 5040 1906 5079 ac
1937 5023 2056 5079 edit

388 5106 425 5146 u
479 5108 536 5144 in
593 5106 666 5145 ex
697 5107 750 5146 u.

387 5106 451 5146 ut
479 5108 536 5144 1n
568 5106 750 5146 texmu.

459 5161 572 5232 (36)
601 5161 722 5216 Cic.
769 5161 872 5216 lib.
925 5178 944 5215 ι
981 5161 1176 5235 Οίῗὶση
1225 5179 1361 5235 pag.
1409 5163 1533 5232 353,
1578 5165 1681 5220 lin.
1728 5165 1841 5222 32:
1881 5189 1902 5216 α
1937 5163 2055 5222 Sed

386 5248 684 5306 quoniam,
713 5237 780 5306 ut
812 5234 1096 5306 praeclare
1128 5234 1413 5305 scriptum
1443 5240 1556 5302 est,
1594 5258 1614 5283 η
1651 5240 1765 5291 etc.

457 5305 571 5378 (3'7)
605 5305 791 5378 Ibid.,,
819 5305 921 5359 lin.
956 5306 1071 5378 36g:
1127 5327 1148 5354 σι
1184 5306 1248 5359 In
1297 5307 1410 5378 hoc
1456 5311 1724 5378 naturam
1767 5307 2053 5364 debemus

385 5376 595 5434 ducem
626 5377 818 5448 sequi,
847 5398 877 5452 _»
908 5379 988 5452 et.
1021 5376 1177 5452 item
1194 5392 1330 5449 pag.
1380 5377 1504 5445 357,
1547 5378 1648 5433 lin.
1682 5377 1751 5433 3'7
1783 5393 1796 5434 :
1837 5399 1859 5429 ι
1893 5379 2054 5452 Opti-

384 5464 478 5507 me
505 5451 700 5503 autem
731 5449 990 5504 societas
1023 5448 1344 5518 hominum,
1385 5469 1408 5500 ι
1443 5453 1554 5504 etc.

369 5549 413 5592 ι,
455 5518 720 5592 (38)(Ὶίο.
753 5519 858 5575 lib.
884 5532 902 5574 ι
929 5518 1124 5592 0fh‘c.,
1157 5535 1214 5590 p.
1253 5519 1378 5576 354.
1409 5520 1512 5576 lin.
1545 5519 1615 5576 35
1647 5534 1660 5577 :
1699 5542 1721 5569 υ
1759 5519 1866 5577 Est
1895 5523 2052 5580 enim

385 5590 648 5678 difﬁcilis
672 5605 814 5650 cura
829 5605 1030 5648 rerum
1044 5590 1400 5668 alienarum;
1431 5605 1766 5668 quanquam
1796 5593 2053 5652 Terenti-

2171 4447 2425 4504 tioribus
2447 4446 2724 4502 hostibus
2750 4450 2804 4500 et
2821 4445 3041 4516 inﬁdis,
3062 4449 3119 4500 et
3148 4445 3242 4500 his
3261 4445 3359 4518 qui
3379 4445 3632 4517 amplius
3653 4445 3845 4501 laese-

2165 4609 2336 4661 anus,
2371 4614 2392 4639 ιι
2427 4592 2538 4647 etc.

2239 4664 2356 4733 (39)
2385 4661 2555 4731 Ibid.,
2606 4676 2750 4734 pag.
2781 4660 2904 4728 553,
2947 4661 3050 4717 lin.
3097 4660 3164 4716 23
3199 4677 3212 4716 :
3251 4683 3275 4710 ι(
3321 4661 3386 4716 In
3432 4676 3548 4734 qua
3595 4659 3844 4716 virtutis

2167 4734 2462 4810 Splendor
2479 4737 2571 4810 est
2601 4733 2975 4810 maximus}

2238 4804 2724 4891 (έοχιὺίἀηρθε,
2757 4803 2884 4875 352,
2916 4803 3018 4859 lin.
3052 4803 3121 4859 25
3155 4819 3167 4860 :
3206 4823 3229 4855 ε
3263 4803 3354 4858 Ex
3375 4819 3492 4876 quo
3513 4801 3694 4858 animi
3722 4818 3848 4858 ma-

2165 4875 2432 4953 gnitudo,
2472 4898 2494 4924 »
2530 4878 2641 4930 etc.
2675 4875 2689 4876 ί
3394 4875 3412 4876 ί

2237 4948 2351 5029 (11)
2398 4945 2570 5029 Ibid;
2611 4963 2754 5029 pag.
2802 4945 2927 5029 353,
2963 4946 3176 5029 .lin‘46
3227 4961 3240 5002 :
3277 4946 3592 5029 Maximam
3637 4949 3848 5001 autem

2164 5017 2389 5104 partem
2436 5019 2508 5104 a‘d
2537 5017 2817 5091 inj’uriam
2862 5017 3190 5074 faciendam
3221 5019 3650 5091 aggrediuntur
3679 5033 3847 5073 non-

2166 5093 2348 5233 ωῗιέἓέ)
2371 5094 2550 5230 ἷῶἓῦί,
2583 5177 2720 5233 pag.
2752 5161 2876 5231 354,
2909 5161 3012 5216 lin.
3045 5161 3078 5216 ’7
3113 5176 3126 5217 :
3156 5181 3179 5212 α
3215 5161 3470 5216 Maxime
3500 5163 3694 5218 autem
3725 5161 3846 5217 ad-

2165 5235 2460 5304 ducuntur
2486 5234 2774 5304 plerique,
2796 5254 2835 5304 in,
2872 5236 2984 5286 etc.

2234 5307 2348 5377 (43)
2380 5301 2506 5358 Οἱοῖ
2536 5301 2689 5377 lib.)
2723 5303 2890 5359 Ollio.
2925 5317 3061 5376 pag.
3096 5301 3356 5377 355,1in.
3385 5303 3520 5377 723“:
3546 5306 3743 5376 Atque
3779 5305 3848 5360 in

2149 5375 2470 5450 'republica
2501 5375 2754 5450 maxime
2785 5375 3193 5450 conservanda
3218 5375 3356 5450 jura
3383 5375 3546 5450 belli,
3577 5397 3599 5426 υ
3635 5375 3753 5431 etc.

2234 5446 2350 5522 (46)
2384 5446 2708 5522 superiore
2736 5447 2956 5522 gratia,
2988 5446 3046 5501 id
3076 5450 3189 5516 est,
3222 5446 3434 5522 majori
3467 5447 3663 5522 aliqua
3695 5451 3850 5522 tegn-

2157 5516 2598 5650 poris'tagtt'loci
2631 5516 3080 5593 opportunitate,
3113 5522 3176 5578 ut
3206 5516 3520 5580 contextus
3551 5516 3712 5579 clare
3742 5519 3854 5580 de-

2155 5607 2334 5652 mons
2365 5610 2392 5650 r
2456 5631 2469 5649 .
