4128 6132
302 284 376 347 69
1241 279 1354 342 DE
1386 274 1748 343 OFFICIIS
1775 276 2390 342 MINISTRORUM
2421 276 2681 339 LIBER
2706 276 2755 339 Ι.
3638 276 3720 340 70

309 483 425 551 rint,
453 479 857 537 vehementior
884 479 1141 536 refertur
1171 480 1313 535 ultio
1340 495 1355 550 ;
1388 482 1451 535 ut
1500 480 1573 535 de
1618 480 1952 536 Madianitis
1982 460 2043 523 Α
2070 478 2234 535 bulo.
2255 479 2523 551 Denique
2542 479 2601 534 in
2624 479 2778 534 libro
2797 479 3136 552 Regnorum
3151 480 3340 551 primo
3352 480 3735 554 siclegimus:

305 571 393 643 qui
417 586 521 641 per
550 570 832 625 mulieres
866 585 1011 624 suas
1040 570 1361 641 plerosque
1410 584 1659 640 peccare
1691 570 1957 627 fecerant

305 676 369 714 ex
395 659 562 729 plebe
580 658 943 728 Judaeorum,
969 659 1124 713 unde
1147 660 1203 713 et
1226 658 1328 712 Dei
1347 658 1405 712 in
1422 658 1703 729 populum
1724 664 1955 729 patrum

303 748 589 801 iracundia
622 746 811 802 effusa
842 752 952 802 cst.
986 747 1058 801 Et
1084 748 1218 801 ideo
1260 746 1477 801 factum
1518 751 1611 801 est
1638 750 1701 801 ut
1728 748 1954 804 nullum

304 837 525 907 Moyses
556 837 749 891 victor
790 852 1117 907 superesse
1166 839 1464 907 pateretur
1493 836 1690 903 (Nam.
1723 853 1887 906 χχχι,
1920 835 1955 890 3

308 932 358 980 et
385 926 531 997 seq.)
557 941 570 979 :
603 925 963 981 Gabaonitas
995 929 1187 979 autem
1207 926 1305 996 qui
1333 925 1536 979 fraude
1558 925 1750 997 magis
1780 940 1954 996 quam

302 1014 440 1069 bello
469 1017 835 1068 tantaverant
863 1012 1096 1084 plebem
1136 1018 1387 1084 patrum,
1423 1029 1541 1067 non
1583 1016 1954 1084 expugnaret

303 1102 503 1171 Iesus;
534 1102 644 1157 sed
675 1102 1034 1157 conditionis
1082 1102 1376 1172 impositae
1427 1102 1692 1157 afﬁceret
1734 1102 1955 1173 injuria

303 1190 484 1261 (Josue
512 1208 595 1261 ιχ,
630 1191 703 1246 20
735 1198 793 1246 et
813 1192 987 1263 seq.).
1006 1190 1191 1261 Syros
1209 1204 1353 1246 vero
1372 1189 1650 1261 Elisaeus,
1674 1206 1826 1262 quos
1852 1190 1955 1245 ob-

303 1280 546 1334 sidentes
578 1280 641 1334 in
672 1280 968 1334 civitatem
990 1280 1321 1350 induxerat,
1356 1283 1762 1334 momentanea
1792 1279 1961 1334 caeci-

300 1370 400 1423 tate
440 1383 791 1439 percussos,
824 1371 889 1423 ut
932 1383 1051 1439 quo
1092 1368 1549 1440 ingrederentur
1603 1368 1807 1423 videre
1838 1383 1957 1423 non

303 1461 553 1527 possent,
572 1457 800 1512 volenti
817 1457 944 1529 regi
963 1458 1145 1512 Israel
1164 1460 1473 1528 percutere
1487 1473 1604 1513 non
1621 1457 1961 1528 acquiesce-

305 1549 381 1600 ret
410 1546 654 1601 dicens:
691 1546 827 1601 Non
851 1547 1163 1618 percuties
1202 1562 1344 1619 quos
1372 1562 1486 1603 non
1527 1547 1847 1618 captivasti
1894 1547 1956 1600 in

302 1633 491 1690 lancea
506 1641 565 1690 et
581 1636 645 1689 in
664 1634 869 1707 gladio
892 1642 989 1691 tuo
1008 1655 1025 1689 :
1044 1650 1195 1707 pone
1217 1636 1309 1690 eis
1322 1651 1534 1707 panem
1560 1642 1618 1691 et
1650 1652 1872 1707 aquam,
1898 1641 1957 1689 ut

2070 568 2154 624 Et
2166 568 2387 623 factum
2403 574 2495 622 est
2509 568 2572 621 in
2587 568 2800 623 diebus
2812 568 2955 638 illis,
2973 586 3078 624 con
3088 577 3377 625 venerunt
3390 570 3743 644 alienigenae

2069 657 2134 711 in
2148 673 2404 728 pugnam
2436 657 2512 711 ad
2543 656 2742 711 Israel
2769 656 2824 725 (1
2852 658 2997 729 Reg.
3029 674 3107 726 ιν,
3139 657 3213 728 1).

2143 746 2265 799 142.
2300 745 2767 799 Fundamentum
2808 760 2953 817 ergo
3003 750 3093 799 est
3116 746 3365 817 justitiae
3404 748 3551 802 ﬁdes
3592 747 3739 819 (47);

2064 833 2369 905 justorum
2402 834 2556 887 enim
2603 834 2782 888 corda
2813 836 3170 889 meditantur
3197 834 3406 903 fidem;
3436 840 3492 890 et
3540 838 3641 908 qui
3669 853 3735 892 se

2067 922 2275 994 justus
2305 926 2569 993 accusat,
2599 922 2891 993 justitiam
2909 939 3090 993 supra
3112 923 3288 978 ﬁdem
3305 924 3583 994 collocat;
3605 941 3739 981 nam

2073 1014 2212 1066 tunc
2237 1011 2470 1083 justitia
2500 1011 2635 1083 ejus
2668 1015 2928 1082 apparet,
2955 1012 3010 1066 si
3031 1027 3172 1067 vera
3195 1012 3460 1067 fateatur.
3477 1013 3741 1085 Denique

2072 1104 2129 1154 et
2160 1100 2448 1155 Dominus
2481 1116 2588 1171 per
2624 1101 2870 1155 Isaiam:
2917 1101 3098 1171 Ecce,
3142 1101 3349 1172 inquit,
3391 1104 3562 1156 mitto
3597 1102 3743 1174 lapi-

2074 1188 2205 1244 dem
2235 1190 2297 1243 in
2328 1188 2771 1243 fundamentum
2804 1188 2949 1244 Sion
2981 1189 3121 1255 (Isa.
3154 1206 3361 1259 xxvm,
3394 1189 3505 1260 18),
3536 1190 3597 1244 id
3627 1194 3739 1263 est,

2072 1274 2375 1331 Christum
2406 1277 2467 1331 in
2498 1277 2877 1332 fundamenta
2900 1277 3207 1333 Ecclesiae.
3228 1278 3406 1332 Fides
3427 1278 3582 1333 enim
3612 1294 3741 1335 om-

2073 1365 2256 1435 nium,
2282 1364 2558 1420 Christus
2581 1382 2594 1435 ;
2628 1365 2899 1421 Ecclesia
2929 1370 3122 1421 autem
3145 1367 3417 1438 quaedam
3438 1367 3739 1440 formaju-

2074 1455 2252 1509 stitiae
2283 1457 2393 1509 est.
2429 1454 2751 1509 Commune
2778 1454 2882 1525 jus
2906 1456 3165 1511 omnium
3196 1456 3258 1510 in
3290 1472 3597 1512 commune
3616 1462 3744 1513 orat

2074 1543 2209 1614 (48),
2251 1544 2312 1597 in
2354 1558 2664 1598 commune
2696 1547 2993 1614 operatur,
3025 1545 3085 1599 in
3126 1560 3432 1599 commune
3464 1549 3736 1603 tentatur.

2076 1632 2340 1703 Denique
2373 1634 2473 1703 qui
2495 1649 2562 1687 se
2595 1633 2789 1703 ipsum
2818 1634 3233 1705 sibiabnegat;
3265 1634 3631 1706 ipsejustus,
3655 1637 3742 1707 ip-

303 1723 639 1779 manducent
660 1730 720 1779 et
737 1723 970 1794 bibant,
987 1726 1450 1779 etremittantur
1463 1729 1671 1779 eteant
1689 1724 1765 1779 ad
1782 1725 1959 1779 domi-
1993 1757 2044 1819 B
2074 1735 2142 1775 se
2172 1721 2392 1793 dignus
2413 1716 2651 1776 Christo
2676 1724 2786 1776 est.
2812 1722 2949 1777 Ideo
2982 1726 3038 1776 et
3060 1721 3279 1777 Paulus
3299 1707 3743 1780 fundamentum

301 1828 420 1866 num
450 1828 615 1867 suum
640 1812 758 1884 (IV
784 1813 933 1885 Reg.
964 1830 1045 1883 γι,
1088 1814 1153 1867 14
1184 1818 1244 1868 et
1282 1812 1458 1886 seq.);
1491 1816 1556 1867 ut
1596 1813 1957 1868 humanitate

300 1902 587 1972 provocati
615 1902 874 1974 gratiam
904 1905 1419 1973 repraesentarent.
1456 1902 1720 1973 Denique
1750 1903 1956 1972 postea

301 1989 353 2044 in
380 1993 590 2045 terram
634 1991 821 2046 Israel
862 1992 1064 2046 venire
1103 1993 1307 2062 piratae
1357 1991 1544 2062 Syrias
1584 1991 1955 2046 destiterunt.

366 2078 481 2133 140.
513 2079 575 2135 Si
608 2095 760 2152 ergo
791 2080 966 2134 etiam
999 2080 1060 2134 in
1087 2079 1245 2134 bello
1268 2079 1501 2151 justitia
1531 2079 1705 2149 valet,
1739 2083 1957 2151 quanto

304 2168 479 2239 magis
507 2169 569 2222 in
600 2184 752 2239 pace
783 2168 1074 2224 servanda
1105 2170 1245 2224 est?
1277 2168 1348 2223 Et
1377 2168 1530 2222 hanc
1546 2170 1795 2241 gratiam
1826 2184 1960 2239 pro-

307 2254 465 2326 pheta
481 2256 577 2311 his
596 2258 829 2327 detulit,
850 2260 951 2329 qui
972 2258 1044 2312 ad
1058 2273 1191 2313 eum
1210 2257 1645 2327 corripiendum
1656 2260 1958 2312 venerant.

307 2344 394 2400 Sic
423 2346 575 2401 enim
598 2347 886 2419 legimus,
911 2346 1068 2418 quod
1089 2348 1149 2401 in
1173 2346 1542 2401 obsidionem
1562 2345 1697 2418 ejus
1721 2346 1965 2401 miserat

306 2450 403 2488 rex
429 2434 616 2505 Syria
651 2436 979 2491 exercitum
1015 2451 1210 2505 suum,
1245 2436 1483 2507 cognito
1515 2436 1672 2506 quod
1703 2435 1962 2490 Elismus

310 2527 473 2593 esset,
506 2525 606 2596 qui
643 2525 916 2580 consiliis
957 2528 1012 2579 et
1039 2525 1651 2597 argumentationibus
1683 2525 1796 2595 (45)
1828 2524 1962 2595 ejus

311 2612 558 2668 obviaret
574 2614 877 2668 omnibus.
892 2612 1078 2678 Quem
1094 2614 1306 2669 videns
1320 2613 1646 2668 exercitum
1658 2613 1817 2669 Giezi
1830 2629 1963 2668 ser-

306 2716 404 2755 vus
435 2702 764 2773 prophetae,
799 2704 871 2757 de
902 2703 1115 2757 salutis
1145 2702 1410 2773 periculo
1441 2702 1734 2772 trepidare
1765 2703 1960 2773 coepit.

308 2788 400 2844 Cui
423 2792 565 2845 dixit
588 2792 908 2863 propheta:
932 2792 1074 2847 Noli
1097 2794 1330 2859 timere,
1354 2792 1620 2863 quoniam
1637 2790 1847 2863 plures
1872 2806 1966 2845 no-

304 2878 514 2934 biscum
545 2887 711 2946 sunt,
748 2897 915 2954 quam
954 2897 1080 2936 cum
1108 2881 1254 2935 illis.
1303 2880 1375 2935 Et
1402 2882 1648 2952 rogante
1678 2879 1963 2950 prOpheta

305 2971 360 3022 ut
385 2970 756 3039 aperirentur
778 2970 932 3027 oculi
955 2985 1133 3024 servo
1164 2986 1296 3038 suo,
1335 2970 1517 3039 aperti
1541 2972 1698 3023 sunt.
1724 2967 1795 3022 Et
1819 2969 1965 3023 vidit

304 3056 482 3129 itaque
504 3056 671 3114 Giezi
694 3062 876 3114 totum
907 3062 1161 3114 montem
1186 3059 1356 3130 equis
1378 3058 1666 3128 repletum
1693 3060 1749 3111 et
1771 3059 1963 3113 curri-

2073 1811 2274 1881 posuit
2302 1810 2602 1865 Christum
2620 1810 2676 1880 (Ι
2696 1810 2829 1866 Cor.
2857 1828 2937 1880 ιιι,
2965 1810 3026 1865 11
3030 1812 3078 1881 ),
3113 1815 3175 1866 ut
3197 1828 3378 1882 supra
3401 1828 3534 1867 eum
3557 1829 3737 1884 opera

2068 1898 2320 1969 justitiae
2361 1899 2735 1970 locaremus,
2778 1900 2913 1970 quia
2956 1900 3105 1955 ﬁdes
3138 1900 3578 1956 fundamentum
3608 1907 3738 1959 est:

2073 1987 2135 2041 in
2180 1988 2461 2058 operibus
2493 1991 2686 2043 autem
2732 1992 2830 2042 aut
2878 1989 3050 2044 malis
3083 1989 3390 2062 iniquitas,
3432 1994 3531 2046 aut
3564 1992 3739 2048 bonis

2070 2074 2301 2147 justitia
2334 2079 2444 2132 est.

2668 2146 2919 2203 CAPUT
2949 2148 3132 2204 XXX.

2074 2236 2164 2291 De
2182 2235 2577 2291 beneﬁcentia
2595 2242 2652 2291 et
2667 2237 2796 2297 ejus
2804 2237 3080 2297 partibus
3090 2238 3245 2292 bene
3255 2238 3508 2294 volentia
3527 2246 3586 2295 et
3597 2240 3744 2297 Iibe-

2147 2307 2424 2372 ralitate;
2459 2307 2735 2383 quomodo
2755 2307 2877 2383 illae
2890 2308 3076 2383 simul
3079 2309 3113 2383 ,Ι
3119 2310 3403 2380 ungendae
3420 2312 3541 2383 sint
3560 2331 3578 2375 ,-
3598 2329 3744 2383 quae-

2148 2394 2358 2433 namvc
2423 2378 2720 2449 adjuncta,
2758 2386 2816 2432 ut
2852 2378 3276 2434 liberalitatem
3309 2397 3434 2435 cum
3465 2378 3638 2438 laude
3676 2400 3744 2440 ac

2146 2452 2366 2505 merito
2395 2452 2527 2521 quis
2556 2455 2857 2518 exerceat,
2892 2451 3246 2521 requirant?

2150 2537 2272 2593 143.
2308 2538 2423 2594 Sed
2449 2538 2572 2609 jam
2606 2539 2676 2593 de
2705 2538 3092 2592 beneficentia
3123 2539 3453 2611 loquamur,
3491 2557 3622 2613 quae
3657 2543 3743 2598 di-

2076 2627 2297 2682 viditur
2315 2627 2490 2682 etiam
2511 2628 2641 2698 ipsa
2660 2628 2718 2681 in
2740 2626 3210 2682 benevolentiam
3234 2632 3289 2683 et
3310 2629 3737 2688 liberalitatem.

2078 2715 2168 2770 Ex
2199 2715 2297 2770 his
2352 2716 2534 2787 igitur
2582 2715 2815 2771 duobus
2868 2719 3098 2771 constat
3134 2717 3543 2789 beneficentia,
3575 2724 3637 2774 ut
3668 2722 3746 2776 sit

2076 2803 2359 2875 perfecta.
2396 2805 2531 2860 Non
2560 2806 2716 2859 enim
2747 2804 2893 2859 satis
2926 2809 3017 2859 est
3058 2805 3210 2861 bene
3254 2807 3405 2862 velle
3449 2809 3619 2877 (Dist.
3650 2810 3741 2883 86,

2079 2909 2129 2948 c.
2156 2893 2291 2948 Non
2323 2894 2518 2963 satis),
2549 2892 2657 2947 sed
2688 2893 2861 2947 etiam
2889 2893 3041 2947 bene
3072 2893 3302 2964 facere;
3336 2910 3445 2951 nec
3476 2898 3622 2952 satis
3654 2901 3749 2954 est

2079 2982 2290 3037 iterum
2320 2982 2472 3036 bene
2504 2982 2722 3052 facere,
2756 2982 2875 3037 nisi
2903 2983 2960 3036 id
2983 2998 3058 3037 ex
3085 2983 3243 3039 bono
3273 2984 3453 3055 fonte,
3487 2984 3600 3040 hoc
3633 2990 3745 3059 est,

2078 3070 2234 3126 bona
2263 3070 2563 3125 voluntate
2606 3071 3053 3141 proficiscatur:
3087 3072 3356 3127 Hilarem
3393 3075 3545 3129 enim
3578 3076 3748 3132 dato-

305 3143 409 3200 bus
439 3148 496 3201 in
533 3149 789 3202 circuitu
827 3148 1052 3203 Elismi.
1091 3147 1318 3213 Quibus
1347 3146 1850 3202 descendentibus
1886 3149 1966 3201 ait
1995 3147 2045 3208 C
2078 3176 2207 3215 rem
2249 3159 2473 3232 dﬂigi;
2494 3161 2654 3214 Deus
2693 3160 2780 3227 (11
2818 3160 2951 3215 Cor.
2999 3178 3080 3229 ιχ,
3127 3161 3204 3231 7),
3247 3162 3395 3215 Nam
3427 3163 3477 3216 si
3526 3164 3748 3220 invitus

307 3236 595 3307 propheta:
618 3236 903 3307 Percute,
919 3237 1254 3307 Deus,caeci
1260 3242 1380 3292 tate
1393 3236 1724 3291 exercitum
1738 3236 1961 3308 Syriae.

309 3322 418 3388 Quo
445 3326 781 3396 impetrato,
817 3326 964 3380 dixit
993 3326 1067 3381 ad
1094 3325 1309 3397 Syros:
1357 3325 1564 3380 Venite
1585 3331 1721 3396 post
1757 3340 1871 3394 me,
1907 3331 1965 3379 et

311 3411 493 3468 ducam
528 3430 638 3470 vos
667 3415 744 3469 ad
764 3415 1056 3469 hominem
1090 3431 1256 3486 quem
1282 3414 1574 3487 quaeritis.
1600 3414 1671 3467 Et
1691 3414 1968 3468 viderunt

318 3500 607 3574 Eliseum,
643 3518 819 3574 quem
860 3504 1158 3574 corripere
1188 3503 1556 3576 gestiebant;
1589 3506 1646 3558 et
1671 3502 1962 3574 videntes,

310 3599 494 3656 tenere
546 3617 671 3656 non
726 3605 1015 3673 poterant.
1069 3603 1281 3674 Liquet
1320 3593 1418 3657 38
1474 3602 1656 3674 igitur
1698 3601 1871 3656 etiam
1907 3602 1968 3655 in

313 3686 452 3744 bello
484 3690 665 3745 fidem
693 3694 751 3745 et
774 3690 1070 3762 justitiam
1100 3691 1327 3746 servari
1362 3694 1654 3761 oportere,
1687 3706 1797 3746 nec
1824 3691 1968 3745 illud

314 3775 579 3833 decorum
612 3794 749 3834 esse
776 3795 982 3851 posse,
1017 3780 1069 3835 si
1092 3780 1345 3836 violetur
1365 3780 1537 3835 fides.

374 3866 491 3922 141.
516 3868 786 3940 Denique
810 3868 984 3924 etiam
1004 3870 1386 3925 adversarios
1408 3870 1571 3926 molli
1597 3873 1834 3925 veteres
1856 3870 1971 3942 (46)

317 3954 696 4026 appellatione
728 3957 1127 4029 nominabant,
1160 3963 1223 4013 ut
1263 3960 1616 4032 peregrinos
1650 3963 1967 4029 vocarent;

314 4041 508 4099 hostes
531 4045 694 4100 enim
713 4046 953 4118 antiquo
976 4049 1092 4102 ritu
1106 4049 1788 4119 peregrinidicebantur.
1808 4048 1976 4113 Quod

316 4146 469 4202 atque
498 4133 677 4189 etiam
725 4135 921 4205 ipsum
980 4136 1052 4190 de
1101 4139 1324 4192 nostris
1369 4140 1738 4209 assumptum
1778 4140 1976 4197 dicere

320 4234 634 4288 possumus
660 4239 675 4292 ;
699 4224 1080 4279 adversarios
1102 4226 1257 4280 enim
1276 4242 1423 4281 suos
1442 4227 1680 4283 Hebraei
1702 4229 1978 4301 Allophy—

2080 3248 2289 3320 facias,
2323 3264 2455 3320 quae
2488 3249 2595 3303 tibi
2617 3263 2851 3303 merces
2874 3252 2966 3303 est
2985 3250 3013 3303 ?
3034 3249 3203 3303 Unde
3222 3250 3545 3319 Apostolus
3568 3267 3748 3323 gene-

2078 3338 2307 3393 raliter:
2338 3338 2408 3392 Si
2431 3337 2633 3392 volens
2654 3338 2763 3392 hoc
2785 3353 2912 3409 ago,
2938 3338 3272 3392 mercedem
3295 3338 3516 3404 habeo;
3535 3341 3591 3394 si
3603 3341 3664 3394 in
3675 3342 3753 3396 vi-

2083 3432 2195 3495 tus,
2231 3421 2599 3497 dispensatio
2626 3426 2776 3480 milii
2806 3426 3037 3481 credita
3070 3431 3159 3481 est
3182 3427 3239 3496 (Ι
3266 3426 3400 3483 Cor.
3433 3445 3513 3499 ιχ,
3540 3430 3649 3500 17).
3684 3430 3749 3486 In

2081 3515 2407 3587 Evangelio
2465 3530 2699 3587 quoque
2743 3515 2957 3570 multas
3008 3515 3355 3587 disciplinas
3406 3519 3746 3589 accepimus

2078 3603 2260 3677 justaa
2292 3604 2681 3659 liberalitatis.
2888 3674 2894 3680 Ι

2155 3690 2277 3747 144.
2315 3692 2632 3747 Pulchrum
2663 3695 2756 3747 est
2783 3692 2966 3765 igitur
2993 3692 3146 3749 bene
3168 3694 3341 3764 velle,
3367 3697 3425 3750 et
3454 3711 3523 3751 eo
3544 3695 3751 3770 largiri

2085 3781 2357 3851 consilio,
2378 3783 2441 3835 ut
2463 3783 2664 3851 prosis
2688 3782 2819 3853 (49),
2842 3798 2965 3837 non
2985 3785 3049 3837 ut
3070 3798 3310 3838 noceas.
3331 3783 3481 3838 Nam
3501 3786 3554 3839 si
3571 3786 3749 3841 luxu-

2085 3870 2249 3924 rioso
2283 3870 2354 3923 ad
2372 3870 2624 3924 luxuriae
2651 3869 3021 3940 effusionem,
3042 3872 3306 3927 adultero
3324 3873 3397 3926 ad
3418 3875 3752 3929 mercedem

2088 3958 2360 4013 adulterii
2400 3958 2771 4030 largiendum
2812 3962 3027 4030 putes;
3076 3977 3194 4016 non
3232 3964 3325 4016 est
3360 3962 3752 4019 beneficentia

2087 4048 2221 4118 ista,
2252 4047 2353 4102 ubi
2374 4047 2532 4101 nulla
2564 4051 2657 4101 est
2684 4048 3114 4103 benevolentia.
3140 4049 3392 4105 Ofﬁcers
3414 4053 3570 4106 enim
3592 4052 3752 4107 istud

2090 4149 2201 4217 est,
2228 4162 2369 4224 ~non
2410 4145 2701 4216 prodesse
2747 4145 2934 4215 alteri,
2986 4146 3039 4200 si
3086 4139 3181 4202 39
3228 4145 3505 4220 Iargiaris
3553 4150 3609 4203 ei
3650 4149 3751 4220 qui

2089 4234 2394 4305 conspiret
2421 4234 2714 4289 adversus
2735 4235 3001 4305 patriam,
3035 4236 3136 4306 qui
3167 4252 3535 4309 congregare
3558 4239 3753 4307 cupiat

319 4304 422 4379 los,
455 4310 565 4366 hoc
598 4315 713 4382 est,
744 4312 1112 4385 alienigenas
1153 4314 1361 4371 Latino
1392 4316 1764 4386 appellabant
1792 4335 1973 4373 voca-
2001 4383 2049 4396 ﬁ
2086 4318 2187 4378 tuo
2229 4304 2465 4394 sumptu
2508 4323 2793 4393 perditos,
2846 4323 2948 4394 qui
2988 4304 3341 4396 impugnent
3396 4304 3748 4380 Ecclesium.

383 4451 490 4521 (45)
516 4456 977 4533 ᾼνῃιιιῃθιιζαιίρ
1009 4457 1312 4533 non_idem
1344 4458 1441 4513 hic
1474 4462 1646 4533 sonat
1676 4463 1850 4533 atque
1882 4478 1975 4516 ar-

323 4526 567 4593 gumenti
600 4542 709 4580 seu
744 4527 989 4581 rationis
1019 4529 1364 4598 explicatio:
1401 4532 1507 4585 sed
1538 4532 1691 4587 idem
1723 4526 1973 4603 prorsus

324 4594 479 4674 valet,
503 4601 679 4668 atque
710 4603 917 4670 argute
950 4600 1077 4655 sive
1109 4603 1277 4655 acute
1308 4602 1640 4674 excogitata
1669 4604 1973 4659 machina-

466 4638 479 4665 ,
503 4635 678 4665 υιῚυυ
710 4635 915 4665 υιδυιυ
950 4635 1077 4655 ῠινυ
1109 4635 1277 4655 (ιυυιιυ
1308 4635 1640 4665 σλυυκικιια
1669 4635 1974 4659 ιυαυιιιμα·

321 4664 412 4718 tio.

386 4736 645 4819 (46)“Cic.
816 4757 834 4793 ι
888 4739 1080 4819 ΟΠῑς.3
1112 4757 1248 4814 pag.
1283 4742 1407 4811 355,
1424 4743 1682 4819 _lin._46:
1733 4769 1754 4794 α
1789 4745 1975 4819 Equi-

325 4804 444 4885 dem
474 4804 820 4887 illud_eti_a_m
852 4804 1253 4868 animadverto
1284 4804 1442 4885 quod
1472 4817 1571 4886 qui
1601 4818 1840 4887 proprio
1857 4804 1977 4872 lno-

325 4881 473 4953 mine
494 4881 817 4953 perduellis
841 4887 1021 4953 esset,
1052 4908 1073 4931 ι»
1111 4888 1221 4938 etc.

387 4948 499 5019 (4⁵1)
531 4951 677 5024 Ibid.
710 4969 850 5024 pag.
889 4948 1016 5021 353,
1047 4954 1149 5009 lin.
1181 4955 1279 5011 39:
1319 4977 1341 5007 α
1375 4956 1844 5014 Fundamentum
1873 4976 1975 5014 au-

327 5020 432 5092 tem
454 5026 553 5092 est
576 5020 825 5091 justitia‘:
859 5020 1028 5092 fides,
1069 5050 1089 5073 η
1127 5030 1239 5080 etc.

387 5091 495 5171 (48)
528 5094 618 5146 Ad
649 5091 1430 5171 frequentandas_Ecclesiae
1463 5116 1723 5170 synaxes
1746 5117 1981 5171 preces-

328 5175 431 5230 que
480 5163 541 5216 in
584 5163 877 5219 communi
908 5168 1062 5238 apud
1109 5169 1294 5223 Deum
1345 5163 1675 5226 fundéndas
1721 5163 1977 5227 maximo

328 5246 553 5313 semper
572 5250 754 5313 opere
783 5239 1061 5307 populum
1091 5238 1487 5313 Christianum
1519 5244 1807 5298 exhortati
1842 5246 1980 5298 sunt

328 5307 539 5381 antiqui
572 5307 795 5381 Patres,
826 5313 890 5381 ut
934 5311 1355 5381 cognoscimus
1388 5329 1507 5367 non
1545 5315 1718 5369 modo
1768 5332 1842 5369 ex
1872 5330 1978 5370 ve-

329 5376 611 5455 tutissima
625 5377 723 5432 illa
742 5376 989 5455 epistola
1004 5376 1238 5455 nomine
1252 5383 1406 5455 beati
1426 5385 1711 5440 Barnabas
1728 5387 1982 5455 promul-

329 5449 477 5527 gata,
505 5463 720 5527 verum_
749 5454 921 5527 etiam
966 5468 1041 5527 ex
1079 5453 1289 5527 Ignatii
1329 5455 1500 5527 epist.
1537 5457 1630 5511 ad.
1675 5449 1873 5527 Ephes
1905 5474 1980 5512 ex

328 5517 625 5598 npolgget.
674 5517 1192 5598 Tertullianicap.
1226 5524 1315 5596 39,
1358 5517 1610 5598 aliisque
1649 5517 1979 5584 innumeris

329 5588 447 5643 tum
473 5588 707 5667 Patrum
742 5588 1311 5667 testimoniisftum'
1330 5588 1660 5655 canon‘ibus
1691 5599 1979 5656 concilio-

329 5671 474 5721 rum.
517 5660 930 5725 Verumtam0n
958 5683 1079 5729 non
1109 5660 1181 5727 de
1213 5667 1469 5749 publicis
1499 5670 1668 5730 hisce
1695 5670 1980 5749 precibus

2001 4383 2055 4444 D

2087 4466 2185 4520 hic
2217 4466 2316 4537 agi
2341 4464 2726 4520 verisimilius
2772 4468 2896 4520 est:
2932 4466 3038 4519 sed
3068 4481 3200 4520 cum
3233 4464 3464 4531 dicitur,
3499 4465 3561 4518 in
3582 4480 3750 4537 com-

2088 4536 2439 4600 mune’orat,
2478 4541 2612 4605 etc.,
2660 4538 2773 4591 hoc
2822 4537 3218 4590 tantummodo
3268 4536 3615 4606 signiﬁcari,
3646 4552 3754 4607 pro

2089 4608 2386 4675 omnibus,
2422 4608 2475 4661 si
2522 4610 2582 4660 in
2632 4608 2891 4661 omnium
2931 4608 3235 4660 utilitatem
3269 4610 3415 4674 orat,
3452 4612 3747 4678 operatur,

2088 4695 2158 4733 ac
2185 4683 2475 4733 tentatur:
2517 4679 2576 4731 in
2626 4694 2743 4748 quo
2787 4685 3126 4748 sanctorum
3177 4679 3511 4732 communio
3558 4680 3753 4748 posita

2089 4753 2199 4805 est.
2234 4750 2440 4819 Neque
2483 4747 2677 4803 tamen
2724 4748 2783 4801 in
2833 4747 3099 4801 Ecclesia
3147 4752 3273 4802 orat
3316 4749 3375 4802 in
3417 4747 3747 4819 commune,

2088 4824 2151 4874 ut
2181 4837 2298 4874 non
2329 4820 2502 4873 etiam
2533 4834 2743 4888 preces
2776 4822 3075 4891 nuncupet
3116 4835 3223 4889 pro
3268 4820 3563 4891 singulis:
3599 4822 3755 4875 vidi-

2088 4908 2222 4945 mus
2255 4892 2471 4962 quippe
2496 4894 2661 4962 tomo
2692 4889 2987 4962 superiori
3016 4889 3398 4962 Ambrosium
3428 4893 3754 4961 peccatori-

2088 4963 2225 5031 bus,
2273 4960 2337 5016 ut
2370 4962 2442 5015 ad
2492 4960 2780 5015 Ecclesiae
2830 4961 3127 5015 orationes
3176 4961 3586 5031 confugerent,
3633 4978 3752 5017 non

2092 5032 2276 5114 semel
2309 5032 2581 5114 suasisse
2603 5035 2705 5114 :Hat
2742 5046 2883 5086 vero
2914 5032 3006 5086 hae
3038 5032 3194 5114 ipsae
3213 5048 3434 5114 preces
3487 5049 3593 5102 pro
3623 5034 3753 5088 sin-

2137 5104 2365 5157 ulorum
2414 5102 2761 5157 utilitatibus
2808 5108 3128 5174 conceptae,
3172 5102 3345 5158 etiam
3388 5104 3450 5157 in
3488 5119 3752 5159 commo-

2137 5120 2365 5157 uiorum
2414 5120 2761 5157 uumaunus
2808 5120 3128 5174 conceptae,
3172 5120 3345 5158 euam
3388 5120 3450 5157 ιιι
3488 5120 3749 5159 commo-

2091 5120 2229 5229 gum
2254 5174 2669 5228 universorum
2702 5173 3025 5227 charitattis
3056 5174 3348 5229 beneﬂcio
3387 5175 3749 5231 derivantur.

2091 5247 2267 5300 Juvat
2306 5246 2479 5299 etiam
2524 5245 2619 5299 hic
2662 5246 2941 5299 adnotare
2972 5248 3241 5299 sanctum
3272 5246 3574 5300 doctorem
3605 5262 3751 5301 con-

2091 5318 2253 5398 tinuo
2271 5320 2439 5398 post,
2474 5332 2601 5398 non.
2620 5316 2723 5370 uni
2753 5316 2909 5398 fidei,
2945 5316 3103 5398 quod
3135 5316 3478 5398 he‘terodoxi
3511 5316 3752 5398 faciunt,

2093 5389 2200 5444 sed
2230 5386 2401 5443 etiam
2421 5388 2701 5458 operibus
2723 5403 2798 5442 ex
2827 5386 2940 5441 fide
2970 5390 3143 5458 atque
3167 5387 3447 5443 charitate
3469 5387 3753 5457 profectis

2089 5460 2572 5532 justirﬂcationem
2604 5458 2942 5532 attribuere.

2164 5531 2278 5603 (49)
2307 5528 2428 5609 Cic.
2462 5530 2563 5609 l_ib.
2597 5547 2616 5584 ι
2659 5527 2851 5609 _01'tic.,
2883 5544 3019 5603 pag.
3209 5529 3311 5609 lin.
3333 5528 3410 5609 3'7
3432 5544 3505 5609 :“a
3540 5525 3752 5609 Viden-

2093 5599 2232 5676 dum
2259 5599 2551 5676 'est__enim
2590 5599 2851 5676 primum
2889 5599 2990 5661 Μ’
3013 5600 3172 5661 obsit
3208 5600 3547 5676 benignitas
3587 5599 3645 5659 et
3672 5599 3748 5662 iis

2093 5672 2246 5750 ipsis
2276 5672 2516 5749 quibus,
2553 5695 2575 5723 η
2597 5672 2720 5732 'eto.
3358 5672 3379 5676 ⁷
3734 5679 3750 5691 ‘
