4002 6150
384 286 461 349 71
1841 281 1908 344 S.
1956 280 2399 346 AMBROSII.
3761 280 3841 344 72

389 488 525 543 Non
556 487 648 541 est
675 484 806 539 haec
836 480 1163 554 probabilis
1192 481 1539 553 liberalitas,
1561 481 1615 537 si
1643 481 1894 555 adjuves
1925 496 2060 538 eum
2087 459 2147 522 Α
2174 481 2411 553 aliquod
2428 480 2632 553 justus
2654 481 3029 537 excrucietur
3048 480 3207 547 (nam
3230 481 3342 537 etsi
3361 480 3637 537 omnibus
3655 481 3835 537 debe-

391 577 491 648 qui
513 575 805 629 adversus
828 572 1063 626 viduam
1087 575 1143 626 et
1163 572 1420 642 pupillos
1452 572 1621 644 gravi
1644 571 1907 626 decernit
1924 570 2059 642 jur-

392 665 510 736 gio,
525 665 624 717 aut
636 662 692 715 vi
707 662 900 732 aliqua
914 662 1337 732 possessiones
1353 676 1557 716 eorum
1570 662 1799 731 eripere
1814 663 2062 715 conatur

462 752 585 806 145.
621 751 755 805 Non
782 750 1064 820 probatur
1099 749 1366 821 largitas,
1402 751 1456 804 si
1492 750 1649 820 quod
1688 749 1856 804 alteri
1880 749 2058 820 largi—

388 843 505 910 tur,
540 840 709 894 alteri
740 839 874 911 quis
923 841 1307 910 extorqueat:
1357 839 1411 893 si
1459 837 1681 910 injuste
1724 840 1968 909 quaerat,
2003 841 2060 892 et

385 928 548 1001 juste
599 927 1066 999 dispensandum
1109 930 1272 998 putet
1302 927 1452 998 (50);
1500 927 1616 982 nisi
1650 926 1800 981 forte
1850 928 1912 980 ut
1960 925 2058 980 ille

391 1017 713 1072 Zacchaeus
743 1016 904 1087 (Luc.
938 1033 1062 1086 xxx,
1097 1017 1174 1086 8),
1209 1016 1425 1071 reddas
1467 1016 1635 1087 prius
1668 1014 2059 1087 quadruplum

392 1106 446 1163 ei
476 1121 650 1178 quem
674 1104 1046 1160 fraudaveris
1067 1120 1080 1159 :
1101 1109 1157 1159 et
1178 1104 1522 1177 gentilitatis
1545 1105 1685 1159 vitia
1706 1104 1842 1158 ﬁdei
1860 1101 2057 1159 studio

392 1198 449 1251 ct
477 1194 774 1250 credentis
814 1194 1151 1264 Operatione
1182 1209 1555 1265 compenses.
1590 1193 2058 1249 Fundamentum

390 1283 572 1357 igitur
602 1283 815 1338 habeat
845 1283 1171 1339 liberalitas
1201 1286 1320 1338 tua.

464 1372 586 1427 146.
616 1372 743 1427 Hoc
761 1372 1016 1443 primum
1042 1372 1345 1444 quaeritur,
1375 1375 1440 1427 ut
1471 1388 1604 1427 cum
1624 1372 1738 1427 ﬁde
1762 1370 2057 1442 conferas,

396 1462 666 1517 fraudem
696 1476 814 1516 non
845 1459 1032 1515 facias
1074 1460 1324 1531 oblatis;
1358 1476 1431 1516 ne
1471 1461 1635 1516 dicas
1664 1464 1721 1516 te
1749 1461 1884 1531 plus
1915 1476 2060 1516 con-

396 1551 574 1620 ferre,
609 1553 666 1604 et
693 1550 890 1604 minus
933 1549 1229 1605 conferas.
1262 1549 1413 1615 Quid
1454 1551 1610 1605 enim
1649 1566 1798 1620 opus
1838 1552 1929 1604 est
1968 1548 2060 1602 di-

396 1655 532 1695 cere
553 1640 581 1694 ?
612 1639 801 1693 Fraus
831 1639 1114 1709 promissi
1137 1641 1228 1693 est
1253 1655 1265 1693 :
1302 1640 1363 1693 in
1383 1642 1481 1693 tua
1511 1641 1797 1709 potestate
1831 1641 1922 1692 est
1948 1638 2062 1691 lar-

396 1728 509 1802 giri
542 1728 700 1799 quod
729 1717 903 1782 velis.
924 1727 1112 1782 Fraus
1137 1726 1579 1782 fundamentum
1601 1727 1798 1797 solvit,
1831 1729 1888 1781 et
1910 1741 2060 1797 opus

395 1817 637 1873 corruit.
670 1816 970 1887 Numquid
1002 1816 1212 1871 Petrus
1233 1820 1309 1870 ita
1331 1816 1736 1888 indignatione
1759 1813 2054 1884 efferbuit,

392 1911 457 1963 ut
483 1905 769 1961 Ananiam
798 1904 1100 1976 exstingui
1123 1904 1317 1973 vellet,
1336 1905 1431 1959 vel
1464 1920 1714 1959 uxorem
1742 1903 1877 1975 ejus
1894 1904 2057 1975 (Act.

392 2014 452 2069 v,
485 1996 519 2051 3
550 1998 607 2051 et
636 1994 822 2066 seq.)?
851 1993 969 2048 Sed
1000 1994 1269 2065 exemplo
1294 2009 1499 2049 eorum
1522 1993 1708 2049 noluit
1727 1993 1921 2065 perire
1953 2008 2059 2048 cae—

394 2088 581 2141 toros.

468 2173 589 2228 147.
623 2172 749 2228 Nec
780 2172 878 2226 illa
909 2170 1172 2242 perfecta
1194 2174 1286 2227 est
1314 2171 1659 2241 liberalitas,
1685 2171 1739 2225 si
1764 2170 2064 2243 jactantiae

399 2264 579 2318 causa
610 2261 801 2334 magis
834 2277 1009 2332 quam
1038 2260 1466 2316 misericordiae
1494 2260 1771 2333 largiaris
1801 2260 1934 2331 (51).
1968 2259 2071 2314 Af-

396 2351 590 2407 fectus
634 2354 773 2405 tuus
803 2336 1018 2404 nomen
1048 2349 1293 2419 imponit
1333 2349 1499 2420 operi
1547 2352 1682 2404 tuo:
1718 2348 2013 2421 quomodo
2040 2365 2074 2402 a

396 2444 455 2496 te
478 2439 899 2512 proﬁciscitur,
926 2438 1015 2492 sic
1048 2439 1580 2493 aestimatur.Vides
1603 2454 1776 2509 quam
1791 2437 2073 2493 moralem

390 2528 659 2601 judicem
691 2528 937 2583 habeas.
972 2527 1054 2582 Te
1086 2527 1373 2596 consulit,
1397 2527 1692 2598 quomodo
1726 2543 1876 2598 opus
1907 2530 2071 2582 tuum

400 2616 707 2687 suscipiat,
743 2619 997 2671 mentem
1028 2616 1185 2670 tuam
1217 2616 1383 2686 prius
1417 2616 1762 2688 interrogat.
1797 2615 2067 2684 Nesciet,

398 2704 870 2776 inquit,sinistra
888 2704 1151 2776 tua,quid
1163 2703 1345 2758 faciat
1364 2704 1617 2759 dextera
1634 2710 1727 2759 tua
1744 2703 2067 2774 (Matth.v1,

399 2793 475 2864 3).
511 2793 645 2848 Non
674 2792 745 2847 de
797 2808 1045 2863 corpore
1083 2792 1362 2864 loquitur,
1405 2793 1513 2847 sed
1552 2793 1726 2848 etiam
1755 2793 2071 2848 unanimus

402 2885 561 2951 tuus,
595 2881 777 2936 frater
806 2884 943 2936 tuus
976 2881 1135 2952 quod
1179 2880 1330 2936 facis
1380 2881 1647 2951 nesciat;
1679 2897 1752 2936 ne
1802 2882 1939 2936 dum
1974 2881 2072 2937 hic

400 2972 737 3026 mercedem
779 2971 1003 3042 quaeris
1043 2970 1365 3041 jactantiae,
1413 2969 1535 3024 illic
1578 2970 2071 3025 remunerationis

2172 574 2271 625 tur
2306 571 2733 641 misericordia,
2774 573 2968 625 tamen
2986 570 3150 642 justo
3189 570 3466 640 amplius)
3501 572 3554 625 si
3576 573 3841 641 tempore

2172 660 2511 715 afﬂictionis
2544 676 2670 715 suae
2702 660 2847 713 nihil
2877 676 2910 713 a
2941 663 2996 714 te
3029 660 3331 730 impetret:
3363 660 3415 713 si
3439 662 3702 730 tempore
3733 675 3841 729 pe-

2171 749 2344 802 riculi
2365 765 2480 820 quo
2513 749 2737 820 rapitur
2758 749 2830 802 ad
2854 752 3118 817 mortem,
3144 749 3278 819 plus
3307 748 3462 819 apud
3497 751 3553 803 te
3588 749 3841 817 pecunia

2171 838 2269 892 tua
2288 838 2499 907 valeat,
2524 854 2700 909 quam
2721 838 2838 892 vita
2868 838 3156 892 morituri.
3182 838 3266 892 De
3309 853 3426 909 quo
3457 837 3704 908 pulchre
3727 837 3759 892 J
3766 837 3840 892 ob

2172 926 2318 981 dixit
2334 926 2706 981 :Benedictio
2710 927 2978 998 perituri
2999 927 3061 980 in
3079 943 3172 982 me
3190 927 3388 982 veniat
3408 926 3544 998 (Job
3563 943 3710 981 xxix
3725 926 3836 997 13).

2243 1015 2366 1070 149.
2409 1016 2806 1070 Personarum
2829 1015 3066 1087 quidem
3090 1016 3249 1070 Deus
3272 1018 3549 1085 acceptor
3583 1031 3701 1070 non
3724 1019 3837 1086 est,

2172 1104 2309 1175 quia
2332 1105 2495 1159 novit
2526 1105 2740 1159 omnia.
2767 1105 2893 1159 Nos
2925 1107 3118 1159 autem
3147 1105 3425 1160 omnibus
3463 1105 3699 1176 quidem
3732 1104 3841 1158 de-

2170 1193 2383 1248 bemus
2430 1194 2947 1249 misericordiam:
2983 1195 3090 1249 sed
3131 1194 3267 1265 quia
3315 1193 3582 1265 plerique
3631 1193 3841 1248 fraude

2173 1298 2302 1337 eam
2332 1286 2623 1354 quaerunt,
2666 1286 2723 1337 et
2744 1282 3036 1355 efﬁngunt
3060 1299 3418 1354 arumnam;
3449 1283 3547 1346 4O
3577 1282 3710 1337 ideo
3741 1281 3847 1336 ubi

2175 1387 2355 1426 causa
2381 1371 2817 1442 manifestatur,
2851 1387 3109 1442 persona
3147 1371 3564 1442 cognoscitur,
3597 1373 3845 1441 tempus

2175 1462 2377 1532 urget,
2421 1461 2649 1530 largius
2695 1476 2761 1515 se
2811 1460 2986 1515 debet
3011 1460 3371 1531 profundere
3400 1459 3838 1514 misericordia.

2173 1549 2308 1604 Non
2331 1551 2489 1604 enim
2508 1565 2723 1604 avarus
2755 1549 3041 1604 Dominus
3073 1553 3193 1618 est,
3230 1553 3291 1603 ut
3320 1549 3635 1619 plurimum
3668 1563 3837 1620 quae-

2174 1641 2281 1692 rat.
2321 1638 2535 1693 Beatus
2564 1638 2803 1710 quidem
2833 1639 2931 1709 qui
2965 1639 3199 1693 dimittit
3221 1638 3449 1707 omnia,
3481 1640 3538 1691 et
3574 1638 3847 1708 sequitur

2093 1761 2144 1823 B
2176 1742 2362 1823 eum
2399 1727 2505 1782 sed
2521 1730 2601 1823 -et
2628 1727 2738 1823 ille
2747 1727 2959 1823 beatus
2991 1730 3115 1823 est,
3151 1727 3252 1798 qui
3284 1726 3438 1823 qupd
3482 1726 3658 1823 habet
3686 1725 3843 1823 (51).,

2176 1831 2251 1870 ex
2279 1814 2491 1871 affectu
2514 1815 2671 1870 facit.
2699 1816 2965 1887 Denique
3008 1816 3123 1871 duo
3146 1831 3265 1871 aera
3292 1816 3486 1870 viduae
3507 1816 3667 1869 illius
3698 1815 3847 1868 divi-

2175 1908 2300 1961 tum
2329 1905 2676 1960 muneribus
2708 1906 2965 1975 praetulit
2994 1904 3158 1975 (Luc.
3192 1921 3314 1974 xxn,
3359 1904 3455 1974 3);
3488 1904 3625 1975 quia
3662 1906 3848 1959 totum

2178 1995 2276 2049 illa
2307 1994 2462 2066 quod
2500 1993 2722 2064 habuit,
2759 1994 3004 2049 contulit
3044 1993 3175 2067 :.illi
3207 1996 3399 2048 autem
3431 2009 3506 2046 ex
3536 1993 3846 2047 abundan-

2177 2084 2257 2138 tia
2313 2086 2539 2153 partem
2582 2084 2860 2155 exiguam
2912 2082 3300 2137 centulerunt.
3353 2079 3618 2137 Affectus
3664 2082 3847 2153 igitur

2188 2172 2427 2226 divitem
2450 2171 2820 2226 collationem
2842 2174 2940 2226 aut
2959 2187 3279 2242 pauperem
3302 2170 3459 2240 facit,
3505 2173 3562 2225 et
3597 2171 3851 2241 pretium

2186 2261 2371 2315 rebus
2402 2261 2666 2331 imponit.
2698 2261 2990 2316 Caeterum
3041 2260 3326 2315 Dominus
3357 2276 3475 2315 non
3518 2260 3644 2315 vult
3671 2260 3851 2315 simul

2187 2348 2408 2405 effundi
2437 2365 2582 2421 opes
2600 2351 2734 2421 (55),
2761 2351 2868 2404 sed
2891 2351 3226 2420 dispensari
3244 2350 3415 2421 (Dist.
3446 2349 3534 2418 86,
3568 2365 3619 2404 c.
3653 2349 3850 2404 Domi-

2188 2455 2299 2494 nus
2320 2455 2432 2493 non
2471 2438 2611 2509 vult)
2646 2455 2657 2493 :
2682 2438 2801 2493 nisi
2830 2438 2982 2493 forte
3014 2441 3074 2492 ut
3105 2438 3360 2493 Elisaeus
3377 2438 3564 2493 boves
3588 2453 3733 2492 suos
3753 2454 3847 2493 oc-

2187 2527 2360 2598 cidit,
2413 2530 2469 2582 et
2510 2527 2668 2597 pavit
2708 2542 3002 2598 pauperes
3045 2543 3119 2581 ex
3163 2543 3232 2582 eo
3283 2527 3442 2598 quod
3489 2526 3691 2581 habuit
3733 2526 3857 2595 (III

2185 2616 2332 2687 Reg.
2366 2634 2489 2685 xxx,
2520 2614 2613 2684 21)
2640 2632 2654 2686 ;
2697 2620 2760 2670 ut
2791 2616 2949 2671 nulla
2994 2632 3133 2670 cura
3160 2618 3459 2671 teneretur
3489 2616 3838 2685 domestica,

2186 2705 2294 2760 sed
2324 2704 2547 2759 relictis
2596 2704 2893 2775 omnibus,
2928 2704 2989 2759 in
3020 2704 3393 2776 disciplinam
3439 2720 3507 2760 se
3528 2703 3847 2776 propheti-

2187 2809 2315 2849 cam
2346 2795 2530 2849 daret.

2259 2883 2381 2937 150.
2423 2882 2531 2937 Est
2561 2883 2737 2937 etiam
2776 2882 2875 2937 illa
2894 2883 3197 2953 probanda
3222 2882 3545 2938 liberalitas
3564 2882 3735 2953 (Dist.
3760 2882 3852 2953 86,

2188 2989 2239 3027 c.
2273 2972 2388 3026 Est
2402 2972 2757 3044 probanda),
2790 2974 2853 3027 ut
2882 2973 3186 3041 proximos
3205 2972 3455 3027 seminis
3486 2972 3704 3027 tuinon
3723 2971 3859 3027 des-

399 3060 659 3116 fructum
688 3059 942 3114 amittas.
977 3059 1246 3113 Perfecta
1268 3061 1463 3113 autem
1484 3062 1576 3113 est
1599 3059 1944 3129 liberalitas,
1969 3059 2073 3114 ubi
2101 3061 2151 3123 C
2186 3061 2394 3141 picias,
2430 3062 2483 3115 si
2515 3076 2694 3133 egere
2728 3076 3065 3134 cognoscas
3096 3061 3230 3131 (56).
3257 3061 3470 3116 Melius
3501 3064 3595 3116 est
3615 3061 3773 3115 enim
3789 3062 3855 3115 ut

402 3149 640 3204 silentio
672 3148 808 3221 quis
842 3147 988 3219 tegit
1008 3162 1159 3218 opus
1185 3163 1380 3217 suum,
1403 3150 1459 3203 et
1480 3148 1939 3203 necessitatibus
1960 3149 2077 3202 sin-

400 3238 677 3312 gulorum
721 3237 952 3292 occulte
983 3236 1289 3292 subvenit:
1329 3253 1505 3308 quem
1533 3237 1730 3292 laudat
1758 3253 1828 3292 os
1857 3252 2075 3309 paupe-

400 3329 508 3398 ris,
544 3330 600 3381 et
630 3342 749 3382 non
787 3327 943 3380 labia
983 3342 1112 3381 sua.

475 3416 597 3470 148.
631 3415 854 3470 Deinde
885 3415 1148 3484 perfecta
1180 3415 1505 3470 liberalitas
1546 3416 1660 3486 (52)
1691 3415 1861 3485 (Dist.
1895 3412 1984 3485 86,
2020 3431 2071 3470 c.

400 3504 536 3561 Non
565 3501 775 3575 satisg
806 3503 1095 3558 Perfecta
1129 3504 1492 3575 liberalitas)
1522 3505 1658 3575 fide,
1685 3520 1884 3564 causa.
1918 3505 2072 3575 loco,

401 3598 666 3666 tempore
697 3593 1173 3649 commendatur:
1208 3597 1270 3647 ut
1320 3594 1573 3664 primum
1619 3594 1886 3665 opereris
1918 3594 2075 3648 circa

404 3683 767 3739 domesticos
789 3681 947 3737 fidei.
963 3681 1218 3737 Grandis
1239 3682 1410 3752 culpa
1433 3683 1507 3753 si,
1533 3684 1759 3737 sciente
1780 3686 1854 3747 te,
1882 3681 2074 3736 ﬁdelis

405 3776 610 3846 egeat:
647 3772 699 3826 si
730 3772 891 3826 scias
924 3787 1058 3826 eum
1087 3770 1218 3825 sine
1242 3774 1483 3842 sumptu
1499 3787 1660 3842 esse,
1686 3771 1902 3825 famem
1923 3770 2074 3825 tole-

404 3877 538 3918 rare
568 3860 702 3932 (53),
744 3876 1067 3915 aerumnam
1109 3860 1358 3930 perpeti,
1400 3860 1501 3930 qui
1530 3860 1865 3930 praesertim
1893 3874 2073 3932 egere

405 3950 754 4007 erubescat:
812 3949 867 4003 si
924 3948 984 4002 in
1043 3964 1283 4003 causam
1333 3949 1614 4003 ceciderit
1668 3951 1767 4003 aut
1825 3948 2074 4019 captivi-

405 4039 546 4095 tatis
577 4053 845 4107 suorum,
877 4040 977 4091 aut
1007 4037 1336 4108 calumnias,
1370 4040 1427 4092 et
1455 4052 1574 4092 non
1603 4036 1857 4109 adjuves
1882 4052 1896 4105 ;
1923 4037 1977 4091 si
1999 4037 2079 4092 sit

407 4128 471 4183 in
501 4142 761 4196 carcere,
796 4129 853 4181 et
881 4126 1095 4197 poenis,
1130 4130 1186 4180 et
1207 4126 1518 4197 suppliciis
1547 4130 1789 4198 propter
1818 4126 2078 4180 debitum

480 4270 594 4341 (50)
622 4269 743 4324 Cic.
775 4268 879 4324 lib.
912 4267 1158 4341 roma,
1193 4284 1329 4341 pag.
1372 4267 1497 4341 356,
1532 4269 1635 4341 lin.
1668 4268 1736 4322 4‘2.
1762 4284 1790 4341 :_
1822 4291 1842 4318 α
1880 4268 1952 4322 Et
1967 4268 2083 4341 qui

408 4340 543 4397 aliis
572 4339 806 4409 nocent,
840 4343 903 4394 ut
948 4340 1008 4393 in
1054 4339 1205 4393 alios
1254 4339 1534 4394 liberales
1587 4340 1726 4410 sint,
1778 4339 1838 4394 in
1877 4340 2082 4394 eadem

410 4417 549 4469 sunt
581 4411 890 4483 injustitia,
940 4432 960 4459 υ
1008 4414 1120 4483 etc.

2187 3151 2317 3221 ipse
2341 3149 2663 3204 subvenias
2686 3149 2824 3215 tuis,
2858 3150 3076 3221 quibus
3098 3150 3290 3220 pudor
3307 3153 3399 3204 est
3425 3149 3498 3204 ab
3531 3149 3665 3204 aliis
3687 3165 3853 3204 sum-

2187 3241 2349 3310 ptum
2381 3239 2728 3309 deposcere,
2760 3241 2859 3292 aut
2889 3237 3065 3292 alicui
3080 3238 3382 3308 postulare
3404 3238 3739 3292 subsidium
3757 3253 3859 3292 ne-

2191 3328 2488 3383 cessitati:
2528 3344 2646 3382 non
2680 3330 2875 3381 tamen
2913 3330 2976 3381 ut
3006 3326 3088 3381 illi
3111 3327 3355 3382 ditiores
3379 3342 3448 3381 eo
3485 3320 3611 3381 ﬁeri
3639 3327 3848 3394 velint,

2189 3418 2346 3490 quod
2378 3420 2437 3470 tu
2466 3420 2636 3487 potes
2667 3415 2939 3471 conferre
2970 3416 3284 3486 inopibus;
3309 3432 3489 3471 causa
3515 3418 3671 3471 enim
3692 3432 3854 3487 prae-

2190 3509 2324 3576 stat,
2355 3521 2473 3561 non
2509 3505 2717 3578 gratia.
2757 3505 2963 3575 Neque
3001 3506 3156 3558 enim
3188 3508 3499 3575 propterea
3523 3510 3579 3559 te
3600 3505 3854 3559 Domino

2190 3595 2420 3665 dicasti,
2468 3598 2530 3649 ut
2578 3597 2712 3649 tuos
2759 3593 2973 3648 divites
3024 3593 3209 3647 facias
3244 3610 3255 3648 :
3289 3594 3397 3648 sed
3428 3597 3492 3649 ut
3536 3595 3716 3647 vitam
3745 3594 3857 3648 tibi

2187 3687 2528 3754 perpetuam
2559 3682 2754 3737 fructu
2784 3683 2923 3737 boni
2975 3682 3173 3753 operis
3208 3683 3524 3753 acquiras,
3557 3685 3613 3736 et
3658 3683 3854 3752 pretio

2187 3772 2586 3827 miserationis
2610 3774 2852 3841 peccata
2881 3772 3139 3825 redimas
3162 3774 3279 3826 tua.
3305 3771 3520 3825 Putant
3538 3787 3604 3826 se
3640 3785 3853 3841 parum

2186 3862 2467 3933 poscere?
2490 3860 2748 3915 Pretium
2770 3864 2934 3914 tuum
2958 3862 3258 3931 quaerunt,
3284 3860 3421 3914 vitae
3443 3862 3560 3914 tum
3593 3859 3854 3914 fructum

2187 3951 2444 4005 adimere
2469 3950 2849 4018 contendunt,
2885 3952 2940 4003 et
2961 3964 3028 4004 se
3049 3948 3214 4020 juste
3248 3948 3445 4004 facere
3478 3951 3681 4019 putant
3710 3949 3856 4018 (5'7).

2189 4040 2262 4094 Et
2288 4041 2531 4094 accusat
2559 4038 2718 4110 quod
2748 4053 2883 4093 eum
2921 4038 3163 4092 divitem
3193 4053 3310 4093 non
3343 4037 3559 4092 feceris
3583 4079 3597 4108 ,
3635 4052 3767 4092 cum
3795 4039 3860 4093 te

2189 4128 2287 4183 ille
2318 4128 2459 4183 velit
2489 4131 2728 4183 aeternae
2757 4128 2895 4182 vitae
2925 4126 3200 4181 fraudare
3231 4127 3525 4182 mercede.

2193 4272 2310 4324 ant.
2346 4270 2484 4324 edit.
2515 4286 2584 4324 ac
2614 4270 2869 4325 maximo
2909 4285 3154 4324 numero
3196 4284 3345 4323 mss.
3393 4286 3461 4323 ea
3491 4272 3685 4324 tamen
3734 4283 3860 4323 non

2196 4343 2390 4397 solum
2438 4341 2499 4395 in
2530 4341 2667 4395 edit.
2714 4342 2882 4396 Rom.
2933 4342 3045 4396 Sed
3095 4341 3267 4395 etiam
3309 4341 3369 4393 in
3413 4357 3558 4395 mss.
3605 4342 3864 4411 quatuor

2195 4413 2461 4467 invenire
2494 4416 2605 4466 est.
2640 4412 2795 4465 Infra
2813 4428 2954 4466 vero
2972 4413 3074 4466 ubi
3107 4412 3242 4480 edit,
3269 4427 3495 4481 omnes,
3533 4411 3863 4466 Consilium

482 4457 966 4554 ("5'15'i'b'iai‘fﬁég
1001 4457 1126 4550 53:2;
1160 4481 1261 4536 lin.
1286 4481 1352 4556 δέ
1410 4502 1432 4531 ι
1470 4481 1683 4556 videre
1732 4482 1906 4536 etiam
1938 4482 2076 4556 licet
2110 4457 2164 4519 D
2189 4457 2797 4556 ᾖὶἑῶἲέῗπῖὗέεῆξεῖ
2826 4457 2952 4537 ὧἐὲ
2972 4457 3503 4556 ἔᾶἰιῖιῖιίὶὶἱέέᾲῖιζ
3533 4457 3861 4537 ᾶὸὶὶὲὶὶὶῦὶῆ

408 4552 728 4627 plerOSque
760 4569 879 4608 non
909 4552 1026 4607 tam
1056 4555 1263 4606 natura
1295 4552 1595 4623 liberales,
1628 4569 1802 4624 quam
1833 4554 2084 4625 quadam

410 4627 600 4699 gloria
630 4627 923 4699 ductos,»
968 4626 1079 4699 etc.
1196 4697 1219 4699 ψ
1302 4696 1330 4699 r_
1566 4698 1569 4699 ν
1700 4631 1709 4637 ”
1826 4688 1827 4691 η

483 4695 597 4765 (59.)
629 4696 798 4762 Ibid.,
852 4696 953 4749 lin.
985 4696 1058 4749 6:
1118 4720 1140 4744 ιι
1176 4696 1434 4751 Tertium
1487 4698 1577 4750 est
1614 4696 1983 4765 propositum
2022 4699 2086 4750 ut

411 4767 473 4822 in
503 4766 848 4821 liberalitate
880 4766 1166 4837 delectus,
1206 4790 1227 4817 υ
1263 4770 1373 4821 etc.
1408 4767 1551 4821 Item
1569 4766 1759 4821 lin.33
1785 4783 1796 4822 :
1827 4790 1848 4813 «
1885 4767 2000 4822 Sed
2024 4767 2084 4820 in

417 4837 762 4893 collocando
793 4837 1103 4907 beneficio,
1135 4862 1156 4888 η
1193 4843 1303 4893 etc.

487 4908 602 4979 (53)
634 4907 780 4979 Mss.
816 4907 1041 4979 aliquot
1069 4912 1125 4962 et
1152 4915 1268 4963 vet.
1304 4909 1464 4979 edit.,
1498 4908 1652 4963 fame
1671 4908 1972 4964 laborare.

487 4912 580 4977 (53
634 4912 780 4961 Mss.
816 4912 1041 4976 aliquot
1069 4912 1125 4962 et
1152 4915 1268 4963 vet.
1304 4912 1464 4979 edit.,
1498 4912 1652 4963 fame
1671 4912 1972 4964 laborare.

485 4912 602 5049 (54)
630 4978 799 5049 Εόίι.
818 4977 1035 5049 ultimae
1070 4979 1260 5034 Paris.
1285 4996 1417 5033 cum
1447 4996 1564 5034 uno
1588 4984 1685 5033 aut
1705 4981 1887 5035 altero
1906 4996 2079 5047 mss.,

417 5048 736 5125 quidquod
766 5048 945 5103 debet
961 5050 1219 5125 :_melius
1264 5051 1394 5105 aliae
1438 5067 1507 5105 ac
1550 5051 1763 5125 reliqui
1795 5052 1949 5125 cod.,
1986 5051 2085 5125 qui

417 5119 568 5196 Quod
596 5119 793 5196 liabet,
830 5119 1061 5196 supple,
1093 5120 1155 5196 in
1183 5127 1508 5192 potestate:
1542 5125 1604 5177 ut
1646 5119 1829 5177 Marci
1870 5119 2079 5193 xiv,_8,

419 5190 960 5266 ([uodlzalwitjzwc
991 5190 1156 5266 fecit.

490 5263 605 5333 (55)
636 5262 757 5317 Cic.
791 5261 872 5315 lib
906 5279 925 5315 1
967 5278 1102 5333 pag.
1138 5263 1243 5318 356
1272 5263 1374 5318 lin.
1406 5264 1514 5318 49:
1566 5264 1730 5317 Alter
1759 5270 1882 5321 erat
1911 5265 2081 5319 locus

416 5334 735 5408 cautionis,
770 5356 790 5379 ιι
826 5335 937 5387 etc.
992 5333 1133 5387 Item
1178 5350 1313 5406 pag.
1347 5335 1452 5389 358
1482 5335 1583 5388 lin.
1617 5336 1686 5389 9:
1726 5357 1747 5385 ‹‹
1783 5336 1900 5391 Sed
1931 5352 2082 5408 quo-

416 5408 576 5466 niam
609 5406 797 5475 cOpiae
825 5420 1027 5475 parvae
1058 5410 1215 5475 sunt,
1256 5428 1278 5453 ι»
1311 5409 1421 5460 eto.

487 5476 602 5551 (56)
650 5475 821 5546 Ibid.,
866 5491 1001 5547 pag.
1053 5475 1179 5551 358,
1206 5477 1315 5551 lin.
1368 5477 1475 5551 40:
1523 5475 1640 5532 Sed
1685 5477 1738 5531 si
1787 5478 2082 5536 contentio

413 5547 777 5632 qugdam‘et
802 5547 1165 5632 comparatio
1195 5548 1315 5617 fiat,
1355 5570 1379 5632 ξι
1413 5550 1524 5632 etc.

489 5620 604 5708 (67)
634 5619 815 5681 Etse
832 5616 1003 5699 justo
1030 5616 1236 5680 facere
1260 5616 1491 5697 putant,
1525 5618 1742 5680 abeunt
1769 5619 1980 5681 isthazc
2008 5620 2082 5684 ab

2189 4553 2606 4628 prompsiinus.
2658 4553 2879 4628 _Obi_ter
2913 4558 3122 4628 autem
3181 4553 3584 4628 animadverte
3638 4556 3860 4628 quanta

2196 4624 2499 4681 Ambrosii
2529 4624 2834 4694 prudentia
2867 4624 2963 4678 hic
2992 4625 3351 4692 innotescat,
3387 4640 3517 4695 quin
3550 4626 3629 4695 ita
3656 4625 3863 4694 pietati

2197 4698 2356 4767 quod
2389 4712 2561 4767 suum
2595 4699 2705 4763 est,
2729 4695 2995 4764 ascribit,
3021 4699 3082 4749 ut
3114 4696 3258 4767 nihil
3290 4694 3555 4749 detrahat
3584 4694 3859 4767 justitiae.

2197 4766 2429 4823 Etenim
2459 4766 2693 4836 pietatis
2723 4770 2815 4820 est
2844 4770 3131 4838 cognatos
3163 4766 3493 4837 afﬁnesque
3538 4766 3864 4838 inibencﬁ-

2198 4839 2387 4894 centia
2407 4838 2747 4892 collocanda
2777 4853 2895 4891 non
2917 4837 3239 4907 praeterire,
3275 4838 3382 4891 sed
3414 4853 3518 4892 eos
3537 4837 3869 4907 primorum

2195 4925 2518 4980 pauperum
2552 4909 2770 4963 habere
2802 4909 2934 4962 loco
2960 4924 2972 4962 :
2991 4908 3240 4980 justitiae
3274 4923 3435 4980 vero,
3468 4907 3751 4980 nonAillos
3783 4923 3866 4963 ex

2196 4978 2266 5036 eo
2290 4978 2448 5051 quod
2477 4980 2612 5034 aliis
2649 4980 2898 5034 debetur
2917 4978 3297 5051 pauperibus,
3324 4979 3529 5051 ditare.
3559 4978 3684 5051 Nec
3716 4993 3866 5034 vero

2196 5048 2652 5106 existimandum
2697 5054 2789 5105 est
2850 5048 2963 5105 hoc
3017 5050 3198 5104 veluti
3244 5049 3488 5120 majoris
3546 5048 3865 5120 cujusdam

2195 5122 2580 5194 perfectionis
2630 5138 2768 5177 esse
2815 5121 3159 5187 consilium,
3192 5120 3413 5194 alioqui
3463 5121 3619 5194 enim
3667 5121 3866 5175 neuti-

2195 5192 2371 5266 quam
2400 5194 2833 5266 adderetur,_et
2874 5199 3111 5266 accusat
3135 5192 3284 5264 quod
3301 5208 3441 5266 _eum_
3462 5192 3711 5266 divitem
3750 5208 3868 5247 non

2196 5263 2440 5334 feceris,
2467 5282 2593 5319 cum
2614 5270 2669 5319 te
2692 5264 2795 5318 ille
2818 5264 2961 5318 velit
2979 5263 3223 5319 aeternae
3250 5263 3385 5317 vitae
3407 5263 3692 5318 fraudare
3708 5280 3868 5317 mer-

2197 5337 2362 5392 cede.
2416 5336 2742 5407 Facessgant
2770 5335 2952 5407 igitur
2993 5336 3187 5405 inepta
3216 5334 3552 5407 cupiditatis
3585 5334 3864 5407 humanm

2197 5350 2362 5392 ceae.
2416 5350 2742 5391 r'acessant
2770 5350 2952 5407 Igitur
2993 5350 3187 5405 inepta
3216 5350 3552 5461 cupiditatis
3585 5350 3864 5390 humanae

2195 5409 2553 5488 tegumenta.
2609 5405 2902 5488 Ec‘cle'siae.
2937 5421 3240 5488 nunquam
3313 5405 3396 5461 uit
3439 5406 3551 5462 hoc
3580 5405 3864 5488 proposi-

2194 5477 2318 5560 t'uin
2350 5479 2478 5560 vel_
2502 5477 2831 5560 sacerdotis
2859 5477 3100 5560 _luxui,“
3133 5477 3228 5536 vel
3277 5477 3865 5556 consanguineorum

2198 5550 2336 5627 ejus
2367 5547 2672 5611 ambitioni
2702 5547 3074 5611 satisfacere;
