4128 6132
325 266 393 334 73
1225 266 1337 330 DE
1381 265 1737 330 ornans
1782 231 2390 330 MINISTRORUM
2440 261 2695 328 LIBER
2736 265 2784 326 Ι.

3645 268 3728 354 74

384 471 490 526 151.
521 468 842 524 Consilium
888 469 1315 540 prompsimus,
1349 468 1754 523 auctoritatem
1785 469 1951 537 peta-
1980 447 2039 509 Α
2065 465 2125 519 in
2159 465 2270 520 hoc
2301 466 2524 522 saeculo
2556 471 2682 522 est:
2720 471 2777 522 et
2803 467 2905 539 qui
2933 466 3217 539 exiguum
3246 463 3441 535 habet,
3477 483 3595 523 non
3627 467 3732 522 mi-

325 577 456 614 mus.
480 559 731 613 Primum
760 559 1054 613 neminem
1091 559 1266 612 debet
1299 558 1542 628 pudere,
1585 558 1635 611 si
1669 573 1740 611 ex
1775 556 1953 610 divite

321 663 518 720 pauper
565 647 677 716 fiat,
711 648 849 701 dum
893 646 1144 718 largitur
1170 647 1451 717 pauperi;
1501 647 1636 717 quia
1680 645 1954 699 Christus

319 753 518 808 pauper
543 737 732 790 factus
764 739 874 804 est,
910 752 1044 790 cum
1090 736 1259 789 dives
1292 739 1474 805 esset,
1514 738 1577 788 ut
1611 750 1816 788 omnes
1847 750 1957 788 sua

319 826 492 895 inopia
522 824 745 880 ditaret.
782 825 951 879 Dedit
997 824 1268 896 regulam
1299 839 1474 894 quam
1523 834 1864 895 sequamur,
1896 825 1959 876 ut

318 916 452 968 bona
474 915 613 968 ratio
638 914 715 967 sit
747 913 1028 968 exinaniti
1070 914 1446 983 patrimonii;
1480 914 1532 966 si
1566 913 1701 983 quis
1734 928 1957 982 paupe-

318 1019 431 1057 rum
459 1003 662 1056 famem
715 1002 947 1072 repulit,
993 1003 1252 1072 in0piam
1300 1002 1653 1056 sublevavit.
1697 1001 1866 1055 Unde
1901 1006 1959 1055 et

318 1091 599 1146 consilium
627 1091 692 1144 in
736 1091 846 1146 hoc
890 1091 983 1159 do,
1034 1091 1360 1162 Apostolus
1408 1091 1582 1144 dicit:
1629 1089 1754 1144 Hoc
1801 1090 1958 1144 enim

324 1180 471 1235 vobis
501 1179 640 1234 utile
673 1185 786 1247 est,
810 1185 868 1232 ut
893 1179 1198 1234 Christum
1226 1179 1547 1234 imitemini
1567 1179 1653 1249 (II
1673 1178 1807 1234 Cor.
1833 1195 1956 1247 vm,

317 1269 409 1338 10).
431 1267 752 1322 Consilium
773 1268 948 1322 bonis
971 1269 1162 1340 datur,
1184 1268 1477 1339 correptio
1500 1271 1766 1323 errantes
1802 1281 1964 1322 coer-

319 1361 411 1412 cet.
442 1356 704 1428 Denique
731 1359 907 1429 quasi
954 1358 1129 1412 bonis
1160 1358 1338 1412 dicit:
1393 1357 1538 1423 Quia
1584 1373 1696 1412 non
1740 1362 1961 1411 tantum

315 1445 632 1516 facere,sed
646 1453 705 1502 et
724 1447 881 1502 velle
895 1447 1163 1519 crepistis
1175 1446 1248 1502 ab
1263 1463 1414 1502 anno
1428 1447 1685 1518 praeteri
1691 1447 1960 1516 to(lbid).

318 1534 703 1590 Perfectorum
733 1539 1045 1608 utrumque
1076 1538 1189 1605 est,
1221 1553 1340 1592 non
1371 1553 1531 1607 pars.
1570 1536 1771 1606 Itaque
1791 1537 1964 1589 docet

315 1626 364 1678 et
377 1623 778 1680 liberalitatem
799 1626 928 1680 sine
952 1625 1384 1693 benevolentia,
1406 1628 1463 1680 et
1492 1624 1962 1679 benevolentiam

316 1713 429 1766 sine
452 1713 800 1768 liberalitate
820 1731 938 1769 non
963 1730 1100 1769 esse
1137 1714 1480 1785 perfectam.
1508 1715 1675 1768 Unde
1705 1713 1776 1767 ad
1824 1729 1964 1784 per-

315 1800 515 1856 fectum
546 1803 835 1872 hortatur,
870 1803 1075 1857 dicens
1106 1818 1118 1857 :
1151 1803 1325 1858 Nunc
1347 1819 1492 1874 ergo
1523 1809 1582 1858 et
1613 1802 1817 1857 facere
1840 1819 1968 1857 con-

314 1899 598 1960 summate,
627 1898 689 1946 ut
723 1892 1202 1964 quemadmodum
1246 1897 1517 1963 prompta
1559 1897 1651 1946 est
1687 1893 1748 1945 in
1802 1892 1969 1946 vobis

330 1981 582 2035 voluntas
601 1979 892 2050 faciendi,
919 1982 1001 2034 ita
1033 1982 1114 2035 sit
1136 1986 1194 2035 et
1215 1979 1576 2052 perficiendi
1605 1996 1683 2035 ex
1716 1996 1782 2035 eo
1824 1981 1975 2052 quod

313 2067 550 2123 habetis.
585 2069 661 2123 Si
689 2070 844 2124 enim
874 2069 1142 2124 voluntas
1157 2075 1425 2140 prompta
1442 2075 1554 2138 est,
1574 2069 1895 2124 secundum
1911 2069 1976 2123 id

319 2158 450 2228 quod
470 2158 673 2226 habet,
709 2163 1009 2229 acceptum
1048 2164 1159 2228 est,
1193 2175 1304 2213 non
1322 2158 1641 2213 secundum
1676 2158 1826 2230 quod
1861 2173 1973 2212 non

314 2245 494 2300 habet.
532 2247 674 2302 Non
709 2248 866 2302 enim
893 2252 952 2300 ut
984 2246 1123 2300 aliis
1157 2246 1414 2302 refectio
1454 2247 1554 2316 sit,
1589 2246 1758 2301 vobis
1781 2251 1972 2300 autem

317 2336 603 2406 angustia:
629 2336 742 2390 sed
763 2352 837 2390 ex
854 2335 1192 2407 aequalitate
1221 2336 1284 2389 in
1314 2336 1424 2391 hoc
1444 2341 1726 2408 tempore,
1770 2342 1972 2390 vestra

319 2422 668 2478 abundantia
692 2424 767 2478 ad
787 2423 1021 2478 illorum
1045 2425 1318 2496 inepiam,
1340 2431 1398 2478 ut
1417 2424 1650 2479 illorum
1664 2425 1970 2479 abundan-

319 2511 392 2563 tia
426 2514 503 2566 sit
538 2513 618 2567 ad
647 2512 736 2576 41
794 2519 1054 2567 vestram
1094 2513 1368 2584 inopiam,
1406 2518 1465 2567 ut
1507 2512 1608 2567 fiat
1638 2513 1968 2586 aequalitas,

317 2592 454 2645 sicut
484 2592 779 2664 scriptum
805 2598 925 2646 est:
953 2592 1064 2657 Qui
1086 2591 1346 2661 multum,
1386 2607 1498 2647 non
1521 2592 1880 2663 abundavit;
1915 2599 1973 2648 et

317 2680 402 2750 qui
419 2680 731 2750 modicum,
761 2696 872 2735 non
903 2681 1130 2735 minora
1144 2681 1226 2734 vit
1247 2680 1426 2750 (Ibid.
1459 2679 1519 2734 11
1554 2685 1611 2736 et
1642 2683 1822 2752 seq.).

377 2802 491 2859 152.
529 2805 913 2858 Advertimus
963 2804 1456 2876 quemadmodum
1507 2809 1562 2860 et
1609 2805 1974 2862 benevolen-

317 2892 458 2960 tiam,
492 2897 549 2947 et
585 2893 1023 2962 liberalitatem,
1059 2897 1114 2947 et
1151 2894 1388 2948 modum
1420 2895 1884 2964 comprehendit,
1921 2898 1978 2950 et

313 2980 575 3051 fructum,
603 2985 783 3053 atque
808 2998 1119 3051 personas.
1147 2982 1284 3037 Ideo
1309 2970 1547 3037 modum
1586 2985 1723 3055 quia
1756 2985 1975 3054 imper-

312 3069 471 3124 fectis
504 3072 686 3125 dabat
715 3071 1050 3140 consilium,
1085 3087 1202 3125 non
1235 3072 1390 3125 enim
1421 3073 1722 3142 patiuntur
1737 3089 1966 3144 angus-

311 3160 569 3227 tias,nisi
603 3159 938 3230 imperfecti
966 3159 1100 3230 (58).
1125 3159 1243 3215 Sed
1284 3163 1340 3214 et
1368 3161 1417 3213 si
1457 3161 1591 3231 quis
1640 3160 1971 3216 Ecclesium

313 3248 507 3303 nolens
531 3265 790 3320 gravare
823 3249 882 3303 in
914 3249 1254 3303 sacerdotio
1277 3249 1475 3320 aliquo
1496 3250 1854 3305 constitutus
1878 3254 1977 3305 aut

1996 1757 2048 1820 Β

2067 556 2225 625 nuit;
2259 556 2396 628 quia
2423 556 2568 610 nihil
2601 560 2711 626 est,
2745 557 2900 629 quod
2929 557 3152 610 amittit.
3191 556 3312 612 Res
3343 557 3474 611 sine
3496 557 3734 628 dispen-

2067 645 2162 699 dio
2196 648 2307 708 est,
2344 662 2476 715 quae
2507 649 2624 700 tota
2656 645 3033 716 dispendium
3065 649 3173 698 est.

2139 734 2260 788 155.
2295 733 2402 788 Est
2431 734 2603 787 etiam
2635 735 2724 788 sic
2756 733 3090 788 intellectus
3120 733 3352 788 bonus:
3383 733 3497 799 Qui
3543 733 3730 804 pluri-

2066 839 2226 876 mum
2274 822 2469 890 habet,
2503 825 2560 876 et
2610 822 2664 878 si
2693 837 2810 876 non
2859 822 3058 891 donat,
3089 837 3208 877 non
3254 822 3550 892 abundat;
3595 822 3733 894 quia

2068 911 2446 982 quantumvis
2477 911 2760 982 acquirat,
2793 913 2930 983 eget
2977 925 3234 982 semper,
3269 911 3369 982 qui
3415 910 3552 982 plus
3586 926 3734 966 con-

2070 1000 2356 1070 cupiscit:
2391 1003 2447 1054 et
2478 1000 2577 1070 qui
2611 1000 2892 1071 exiguum
2933 999 3128 1068 habet,
3163 1015 3283 1055 non
3311 999 3549 1069 minuit;
3599 1000 3734 1071 quia

2072 1105 2190 1144 non
2230 1089 2474 1144 multum
2505 1091 2597 1144 est
2637 1089 2796 1160 quod
2826 1103 3147 1160 pauperem
3191 1088 3403 1159 pascit.
3455 1087 3738 1144 Similiter

2072 1193 2217 1250 ergo
2241 1182 2295 1233 et
2327 1178 2422 1232 ille
2447 1193 2669 1248 pauper
2708 1177 2810 1249 qui
2831 1176 3063 1232 confert
3100 1177 3390 1248 spiritalia
3418 1191 3526 1246 pro
3553 1191 3737 1247 pecu-

2073 1267 2299 1336 niariis,
2324 1269 2380 1321 et
2401 1267 2453 1320 si
2476 1267 2793 1337 plurimum
2815 1265 3026 1322 habeat
3043 1266 3273 1338 gratiae,
3297 1282 3416 1322 non
3437 1265 3696 1321 abundat
3720 1281 3737 1337 ;

2072 1373 2189 1412 non
2223 1356 2379 1410 enim
2409 1360 2611 1410 onerat
2641 1357 2849 1428 gratia,
2885 1355 2992 1411 sed
3024 1355 3239 1410 allevat
3270 1358 3546 1417 mentem.

2146 1443 2267 1499 156.
2289 1444 2404 1499 Sed
2437 1445 2610 1498 etiam
2645 1445 2733 1498 sic
2760 1447 2955 1516 potest
2980 1444 3260 1516 intelligi:
3283 1444 3417 1500 Non
3447 1443 3738 1515 abundas,

2075 1551 2108 1590 ο
2133 1534 2328 1589 homo.
2354 1533 2644 1598 Quantum
2667 1536 2760 1587 est
2780 1533 2936 1588 enim
2957 1533 3117 1604 quod
3158 1533 3463 1604 accepisti,
3483 1534 3596 1588 etsi
3633 1533 3740 1588 tibi

2079 1625 2324 1678 multum
2369 1625 2502 1676 est?
2549 1621 2812 1677 Joannes
2844 1639 2960 1694 quo
3006 1638 3181 1678 nemo
3218 1621 3410 1694 major
3456 1625 3550 1678 est
3589 1623 3744 1677 inter

2078 1715 2248 1767 natos
2280 1711 2610 1780 mulierum,
2646 1711 2891 1766 inferior
2919 1714 3112 1766 tamen
3143 1714 3266 1767 erat
3294 1726 3387 1782 eo,
3421 1712 3524 1784 qui
3552 1711 3745 1768 minor

2079 1805 2170 1858 est
2202 1803 2260 1855 in
2284 1816 2470 1873 regno
2499 1800 2804 1856 caelorum.

2153 1889 2273 1946 157.
2297 1890 2498 1944 Potest
2528 1892 2584 1944 et
2615 1889 2732 1944 sic:
2788 1889 2924 1945 Non
2952 1889 3211 1945 abundat
3242 1890 3349 1947 Dei
3380 1890 3568 1963 gratia
3615 1906 3744 1947 cor-

2076 1980 2376 2051 poraliter.
2425 1979 2561 2050 quia
2607 1978 2893 2050 spiritalis
2937 1982 3046 2034 est.
3081 1977 3192 2045 Qui
3238 1981 3433 2049 potest
3463 1979 3599 2051 ejus
3645 1983 3746 2034 aut

2075 2068 2540 2140 magnitudinem
2605 2071 2704 2122 aut
2767 2067 3130 2122 latitudinem
3201 2069 3744 2139 comprehendere,

2075 2174 2251 2228 quam
2283 2173 2402 2212 non
2440 2156 2639 2210 videt?
2670 2155 2846 2211 Fides
2878 2158 2930 2209 si
2978 2156 3154 2211 fuerit
3187 2158 3344 2212 sicut
3373 2174 3623 2230 granum
3656 2159 3746 2212 si-

2076 2248 2270 2316 napis,
2306 2248 2538 2300 montes
2571 2243 2895 2299 transferre
2926 2249 3140 2316 potest,
3174 2249 3232 2300 et
3273 2261 3391 2301 non
3422 2247 3528 2301 tibi
3576 2248 3750 2302 datur

2075 2335 2226 2390 ultra
2255 2349 2502 2406 granum
2539 2333 2785 2403 sinapis.
2821 2332 2884 2386 Si
2923 2333 3181 2387 abundet
3209 2334 3268 2388 in
3302 2336 3356 2388 te
3387 2335 3578 2406 gratia
3607 2335 3746 2406 (59),

2080 2440 2199 2479 non
2222 2425 2314 2478 est
2341 2422 2665 2477 verendum
2696 2437 2769 2476 ne
2802 2437 2970 2476 mens
3001 2424 3098 2477 tua
3130 2425 3288 2477 tanto
3317 2437 3560 2479 munere
3595 2423 3748 2478 inci-

2079 2513 2200 2586 piat
2228 2509 2460 2582 extolli;
2495 2511 2631 2584 quia
2663 2511 2826 2566 multi
2868 2513 3006 2566 sunt
3036 2511 3138 2582 qui
3183 2511 3256 2566 ab
3286 2512 3590 2568 altitudine
3618 2529 3748 2568 cor-

2081 2602 2174 2657 dis
2193 2602 2288 2657 sui
2311 2601 2555 2674 gravius
2590 2605 2961 2671 corruerunt,
2981 2617 3156 2673 quam
3187 2602 3240 2656 si
3264 2601 3484 2657 nullam
3515 2601 3754 2657 habuis-

2081 2695 2216 2746 sent
2258 2690 2490 2746 Domini
2538 2691 2830 2763 gratiam‘?
2877 2690 2947 2744 Et
2990 2691 3093 2763 qui
3140 2706 3348 2762 parum
3401 2690 3600 2762 habet,
3633 2707 3752 2748 non

2081 2781 2326 2850 minuit;
2377 2780 2513 2851 quia
2543 2795 2662 2835 non
2693 2783 2786 2834 est
2832 2795 3185 2851 corporeum
3217 2783 3280 2835 ut
3327 2779 3658 2836 dividatur:
3694 2784 3754 2836 et

2083 2869 2240 2942 quod
2274 2885 2478 2940 parum
2514 2870 2758 2924 videtur
2787 2868 3048 2941 habenti,
3082 2869 3400 2941 plurimum
3429 2873 3522 2926 est
3553 2870 3648 2926 cui
3669 2871 3756 2925 ni-

2084 2959 2167 3013 hil
2198 2959 2389 3013 deest.

2163 3063 2417 3129 42158.
2463 3063 2908 3120 Consideranda
2957 3064 3070 3138 (60)
3118 3067 3293 3122 etiam
3339 3066 3400 3122 in
3447 3066 3757 3140 largiendo

2086 3164 2258 3234 (Dist.
2294 3161 2382 3233 86,
2418 3179 2469 3216 c.
2527 3162 3001 3234 Consideranda)
3042 3168 3187 3220 mtas
3238 3168 3411 3236 atque
3459 3166 3754 3237 debilitas,

2091 3267 2513 3323 nonnunquam
2538 3252 2713 3306 etiam
2742 3253 3120 3323 verecundia,
3154 3270 3286 3324 quae
3309 3255 3605 3326 ingenuos
3624 3272 3760 3326 pro-

315 3337 658 3406 ministerio,
712 3353 831 3391 non
863 3340 1045 3392 totum
1096 3339 1254 3410 quod
1285 3338 1481 3408 habet,
1535 3339 1835 3409 conferat;
1869 3341 1977 3394 sed
2014 3362 2065 3424 α
2095 3343 2178 3397 dit
2209 3341 2471 3412 natales;
2517 3345 2578 3395 ut
2609 3341 2858 3396 senibus
2890 3342 3024 3412 plus
3054 3343 3353 3414 largiaris,
3387 3344 3487 3416 qui
3520 3344 3638 3399 sibi
3678 3344 3761 3399 la-

318 3431 580 3496 operetur
614 3442 753 3480 cum
795 3427 1102 3481 honestate
1153 3431 1438 3497 quantum
1489 3428 1688 3483 officio
1737 3433 1830 3483 sat
1861 3433 1974 3498 est,

316 3531 421 3570 non
447 3516 593 3570 mihi
650 3515 1032 3586 imperfectus
1075 3516 1328 3571 videtur.
1380 3516 1451 3570 Et
1499 3520 1637 3588 puto
1681 3518 1836 3588 quod
1882 3518 1978 3572 hic

316 3607 647 3676 angustiam
677 3619 795 3660 non
827 3604 1026 3674 animi,
1058 3605 1167 3659 sed
1197 3606 1281 3659 rei
1315 3605 1622 3661 familiaris
1654 3606 1889 3662 dixerit.

384 3748 502 3803 153.
539 3749 632 3803 De
654 3748 932 3819 personis
967 3751 1159 3804 autem
1194 3752 1334 3820 puto
1365 3749 1624 3805 dictum:
1667 3750 1740 3804 Ut
1781 3756 1981 3806 Vestra

322 3836 680 3892 abundantia
698 3838 779 3892 sit
802 3837 878 3891 ad
899 3837 1136 3892 illorum
1158 3838 1432 3909 inopiam,
1456 3845 1516 3893 et
1539 3838 1775 3893 illorum
1805 3840 1987 3894 abun-

319 3927 512 3980 dantia
537 3927 620 3981 ad
649 3934 908 3981 vestram
928 3927 1214 3999 inapiam;
1248 3927 1304 3981 id
1339 3930 1450 3994 est,
1486 3931 1548 3983 ut
1579 3928 1777 3999 pepuli
1803 3929 1987 3984 abun-

321 4013 507 4069 dantia
537 4015 623 4070 sit
662 4016 837 4070 bonae
870 4016 1230 4085 operationis
1280 4017 1352 4070 ad
1385 4017 1620 4071 illorum
1671 4017 1987 4072 sublevan-

319 4103 442 4158 dam
459 4105 660 4158 alendi
686 4105 978 4174 inopiam;
1011 4107 1066 4160 et
1090 4105 1324 4160 illorum
1363 4106 1718 4161 abundantia
1756 4107 1988 4178 spirita-

318 4190 388 4246 lis
417 4193 665 4264 adjuvet
715 4195 774 4247 in
806 4193 978 4262 plebe
1027 4194 1288 4264 inopiam
1337 4195 1529 4249 meriti
1575 4196 1880 4267 spiritalis,
1933 4199 1990 4251 et

321 4281 584 4337 conferat
618 4282 672 4337 ei
705 4283 976 4354 gratiam.

389 4423 506 4481 154.
531 4425 707 4480 Unde
747 4425 1081 4496 exemplum
1118 4427 1398 4497 optimum
1428 4428 1660 4499 posuit:
1701 4427 1811 4494 Qui
1837 4427 1990 4483 mul-

325 4516 454 4581 tum,
490 4531 608 4569 non
638 4515 1000 4570 abundavit:
1037 4522 1092 4570 et
1127 4516 1225 4588 qui
1254 4516 1563 4586 modicum,
1599 4534 1711 4571 non
1752 4518 1986 4573 minuit.

327 4599 477 4656 Bene
492 4603 768 4657 hortatur
778 4603 850 4656 ad
864 4602 1125 4658 officium
1139 4605 1566 4659 misericordiae
1582 4621 1788 4661 omnes
1803 4605 1990 4661 homi-

324 4703 424 4744 nes
472 4693 638 4746 istud
682 4691 1055 4761 exemplum;
1114 4694 1390 4764 quoniam
1440 4696 1497 4748 et
1529 4694 1630 4766 qui
1671 4695 1988 4765 plurimum

323 4781 440 4833 auri
465 4781 761 4851 possidet,
790 4797 906 4834 non
927 4781 1217 4854 abundat;
1245 4783 1381 4854 quia
1400 4782 1545 4838 nihil
1577 4786 1670 4838 est
1699 4783 1987 4856 quidquid

390 4918 504 4992 (58)
523 4921 615 4978 Ne
631 4924 765 4999 quis
800 4923 1068 4999 crederet
1081 4924 1579 4999 modumomnem
1605 4926 1664 4980 in
1681 4926 1987 4999 largiendo

327 5007 564 5064 semper
585 5011 724 5067 esse
747 4995 1174 5064 impcrfectioni
1200 4996 1602 5067 conjunctum,
1629 5015 1703 5051 ex
1721 4995 1988 5052 ειόηίῐηί-

326 5066 648 5141 rum_quod
673 5067 938 5141 proxime
970 5067 1218 5141 dixerat,
1255 5066 1393 5141 Ideo
1422 5069 1668 5129 modum,
1705 5070 1836 5141 quia
1879 5071 1988 5123 im-

320 5136 621 5202 perfectis
653 5137 830 5190 dabat
862 5138 1205 5202 consilium;
1258 5139 1476 5192 clarius
1521 5136 1770 5194 mentem
1821 5156 1990 5195 suam

329 5208 595 5282 exponit,
627 5221 912 5282 asserens
947 5209 1045 5278 qui
1097 5209 1210 5282 sibi
1241 5214 1464 5282 partem
1507 5211 1760 5282 aliquam
1805 5213 1989 5282 patri-

326 5280 503 5330 monii
559 5279 885 5342 rctinuerit,
935 5295 1006 5332 ne
1040 5281 1205 5334 oneri
1256 5281 1333 5334 sit
1381 5279 1691 5349 Ecclesiae,
1727 5279 1859 5336 eum
1890 5299 1992 5336 ne-

325 5362 644 5418 quaquam,
697 5350 1100 5418 imperfectum
1153 5353 1630 5406 existimandum.
1686 5353 1836 5407 Hinc
1895 5371 1992 5408 co-

327 5421 683 5496 gnoscimus
715 5421 1338 5496 adi-Ambrosiinostri
1371 5425 1723 5478 sententiam
1745 5427 1991 5496 Augus-

324 5491 510 5565 tinum
578 5491 912 5565 severitatis
962 5491 1182 5562 aliqu‘id
1215 5494 1535 5563 adiecisse,
1591 5496 1690 5565 qui
1739 5491 1992 5551 clericos

325 5564 572 5634 omnino
608 5563 952 5634 patrimonio
982 5576 1116 5618 suo'
1138 5565 1421 5634 spoliatas
1453 5563 1688 5622 volebat
1733 5583 1994 5623 commu-

325 5647 460 5689 nem
492 5633 676 5688 vitam
705 5633 881 5690 simul
907 5649 1107 5708 agere,
1140 5633 1202 5693 ut
1231 5635 1465 5696 discere
1496 5639 1588 5696 est
1619 5653 1650 5696 θ
1681 5639 1996 5716 compluri-

621 5738 873 5802 Paraon.
913 5739 1074 5810 XVI,

2097 3431 2242 3486 bore
2271 3429 2393 3502 jam
2424 3446 2542 3484 non
2573 3433 2795 3500 queunt
2823 3431 3041 3485 victum
3069 3447 3358 3502 quaerere.
3393 3433 3675 3488 Similiter
3705 3437 3764 3489 et

2099 3519 2373 3575 debilitas
2408 3520 2701 3589 corporis,
2734 3523 2790 3573 et
2807 3519 2936 3574 haec
2953 3519 3215 3591 juvanda
3235 3523 3588 3594 promptius.
3613 3523 3764 3578 Tum

2098 3610 2150 3664 si
2182 3609 2316 3680 quis
2349 3623 2425 3662 ex
2468 3607 2688 3662 divitiis
2721 3609 2933 3663 cecidit
2983 3609 3043 3664 in
3076 3613 3434 3681 egestatem:
3487 3615 3544 3666 et
3571 3612 3764 3666 maxi-

2097 3714 2190 3753 me
2222 3698 2275 3752 si
2305 3713 2422 3752 non
2443 3697 2584 3751 vitio
2607 3713 2740 3766 suo,
2774 3698 2882 3752 sed
2913 3702 3011 3753 aut
3053 3698 3402 3770 latrociniis,
3448 3704 3549 3755 aut
3578 3717 3760 3772 pros-

2097 3787 2405 3858 criptione,
2436 3789 2534 3840 aut
2565 3786 2895 3857 calumniis,
2930 3803 3063 3858 quae
3101 3787 3375 3860 habebat,
3409 3789 3627 3846 amisit.

2167 3877 2290 3930 159.
2335 3875 2451 3930 Sed
2496 3874 2647 3928 forte
2695 3875 2850 3929 dicat
2895 3876 3152 3948 aliquis:
3200 3877 3415 3934 Caecus
3463 3895 3583 3934 uno
3632 3878 3765 3936 loco

2097 3966 2265 4022 sedet
2294 3967 2350 4019 et
2381 3964 2735 4034 praeteritur,
2767 3967 2824 4019 et
2867 3963 3111 4036 juvenis
3142 3966 3375 4022 validus
3426 3967 3769 4040 frequenter

2096 4054 2327 4125 accipit.
2355 4053 2424 4107 Et
2443 4069 2648 4108 verum
2683 4057 2796 4123 est,
2829 4055 2967 4125 quia
2998 4055 3230 4126 obrepit
3272 4073 3380 4127 per
3421 4057 3768 4129 importuni-

2095 4147 2290 4198 tatem.
2313 4142 2447 4197 Non
2469 4147 2560 4196 est
2583 4142 2971 4213 illudjudicii,
3013 4145 3120 4198 sed
3151 4145 3331 4200 taadii.
3362 4146 3513 4202 Nam
3561 4151 3618 4202 et
3647 4148 3767 4202 Do-

2096 4233 2294 4288 minus
2325 4232 2404 4286 ait
2436 4232 2497 4286 in
2533 4230 2857 4303 Evangelio
2890 4230 3046 4291 (Luc.
3093 4250 3175 4303 χι,
3209 4235 3264 4304 8)
3295 4235 3369 4290 de
3398 4250 3469 4291 eo
3518 4236 3619 4308 qui
3643 4235 3767 4306 jam

2099 4323 2392 4377 clauserat
2423 4323 2640 4377 ostium
2671 4337 2865 4392 suum,
2892 4322 2946 4377 si
2967 4324 3104 4395 quis
3123 4325 3341 4379 ostium
3369 4324 3504 4397 ejus
3560 4339 3769 4395 proca-

2099 4412 2228 4466 eius
2259 4411 2473 4481 pulset,
2509 4412 2646 4482 quia
2695 4413 2892 4484 surgit
2919 4415 2977 4467 et
3021 4413 3119 4467 dat
3149 4413 3232 4467 illi
3277 4416 3519 4484 propter
3550 4412 3769 4482 impor-

2098 4501 2428 4557 tunitatem.

2669 4590 2921 4646 CAPUT
2985 4590 3196 4645 XXXI.

2103 4708 2422 4778 Acceptum
2455 4704 2804 4762 bene/icium
2834 4705 3090 4778 largiori
3122 4722 3296 4760 manu
3337 4705 3772 4763 remetiendum

2177 4777 2361 4833 terra;
2384 4777 2738 4849 praecipitur
2769 4777 3068 4848 exemplo:
3102 4793 3210 4832 nec
3241 4794 3354 4834 non
3378 4779 3667 4835 adductus
3697 4779 3773 4835 ad

2102 4921 2218 4976 bus
2265 4920 2536 4992 ejusdem
2587 4935 2832 4992 operum
2875 4919 3046 4991 locis,
3093 4921 3202 4978 sed
3250 4921 3504 4978 maxime
3549 4939 3626 4979 ex
3665 4922 3770 4980 lib.

2105 4995 2180 5049 de
2205 4991 2420 5047 Comm.
2467 4991 2594 5044 Vita
2646 4991 3022 5047 clericorum.

2175 5097 2288 5170 (59)
2313 5097 2564 5170 Negatio
2595 5114 2708 5152 non
2731 5099 2990 5154 deest-in
3039 5101 3176 5156 edit.
3211 5101 3486 5158 omnibus
3519 5105 3578 5157 et
3623 5119 3772 5159 mss.

2106 5171 2446 5244 nonnullis;
2478 5185 2546 5223 ea
2578 5171 2861 5244 tamenin
2887 5171 3062 5244 longe
3097 5173 3367 5242 pluribus
3413 5173 3775 5243 potioribus-

2109 5258 2222 5313 que
2255 5242 2383 5314 cod.
2407 5242 2727 5314 reperitur.
2765 5243 2825 5296 Si
2859 5259 2964 5312 per
2995 5242 3518 5314 interrogationem
3538 5251 3776 5301 senten‘

2108 5317 2248 5367 tiam
2280 5313 2594 5367 nobiscum
2626 5315 2953 5383 acceperis,
2989 5331 3107 5368 non
3137 5313 3488 5387 incongrue.

2179 5421 2294 5491 (60)
2323 5419 2445 5474 Cic.
2483 5420 2580 5474 lib.
2619 5438 2655 5487 ι,
2708 5437 2844 5493 pag.
2886 5420 3010 5490 357,
3063 5422 3166 5477 lin.
3200 5422 3265 5477 6:
3323 5443 3344 5473 α
3381 5423 3641 5478 Tertium
3684 5423 3775 5475 est

2109 5493 2498 5564 propositum,
2532 5496 2593 5546 ut
2625 5493 2685 5546 in
2733 5492 3146 5560 beneﬁcentia,
3184 5518 3204 5541 υ
3244 5499 3356 5549 etc.
3408 5495 3548 5550 Item
3577 5494 3676 5547 lib.
3712 5508 3774 5561 ιι,

2149 5580 2258 5639 ag.
2295 5563 2420 5639 382,
2473 5564 2574 5619 lin.
2610 5564 2708 5622 12:
2771 5586 2791 5612 κ
2825 5565 2889 5622 In
2937 5565 3038 5623 illo
3087 5569 3282 5623 autem
3322 5565 3507 5623 altero
3556 5576 3776 5639 genere

2149 5581 2245 5636 ag.
2295 5581 2420 5633 ὕων,
2473 5581 2574 5619 un.
2610 5581 2635 5618 '1

2109 5581 2425 5715 largiendi,
2465 5659 2486 5685 ιι
2525 5639 2636 5694 etc.
