4002 6150
332 210 413 278 ’75
1128 209 1143 220 ’
1779 216 1845 283 S.
1890 214 2006 285 AM

2174 217 2332 287 )SII.
3713 218 3786 291 ’76

409 415 835 498 eamdemfe'm
867 410 1204 474 Salomonis
1241 418 1317 498 de
1347 420 1624 477 convivio
1653 419 1834 490 locus,
1861 438 2007 495 pos-
2031 404 2092 467 Α
2123 423 2342 480 riorem
2369 424 2709 479 sanctorum
2731 423 2958 493 meritis
2980 423 3041 480 in
3072 421 3399 498 Evangelia
3420 423 3780 498 polliceatur,

302 540 307 547 ,
412 491 508 542 tea
539 485 809 557 spiritali
825 502 1022 543 sensu
1052 490 1388 562 exponitur.

410 574 534 630 160.
589 574 910 631 Pulchrum
948 591 1184 650 quoque
1232 582 1325 634 est
1370 580 1823 651 propensiorem
1872 580 2010 653 ejus

340 661 550 717 haberi
598 663 909 735 rationem,
957 666 1057 737 qui
1088 667 1191 722 tibi
1242 671 1341 723 aut
1384 669 1741 725 beneﬁcium
1771 670 2011 742 aliquod

338 749 475 822 (61),
506 753 606 806 aut
637 767 854 808 munus
900 755 1164 827 contulit,
1200 756 1253 811 si
1284 758 1415 827 ipse
1454 759 1875 814 necessitatem
1918 759 2008 813 in-

338 839 497 895 cidit.
547 838 698 905 Quid
729 842 886 897 enim
933 844 1053 897 tam
1085 848 1288 900 contra
1336 846 1618 917 ofﬁcium,
1672 863 1847 919 quam
1893 864 2013 903 non

341 928 592 982 reddere
628 920 801 1000 quod
830 932 1183 1002 acceperis?
1229 933 1355 989 Nec
1393 951 1672 991 mensura
1722 937 1872 1008 pari,
1905 937 2015 993 sed

336 1017 612 1086 uperiore
674 1017 1040 1075 reddendum
1089 1021 1365 1093 arbitror,
1417 1026 1474 1079 et
1530 1040 1706 1080 usum
1757 1040 2013 1096 pensare

335 1104 612 1159 beneﬁcii
657 1104 805 1178 (62);
856 1111 921 1163 ut
949 1111 1005 1164 et
1034 1112 1097 1165 tu
1146 1110 1495 1184 subvenias,
1547 1116 1829 1185 quantum
1877 1114 2013 1186 ejus

338 1210 663 1251 mrumnam
692 1196 968 1267 repellas.
1022 1194 1251 1254 Etenim
1304 1202 1675 1272 superiorem
1705 1218 1825 1258 non
1873 1218 2013 1259 esse

336 1282 399 1341 in
425 1283 740 1339 referendo
788 1284 903 1356 (63)
948 1301 1125 1358 quam
1172 1289 1233 1342 in
1277 1289 1638 1346 conferendo
1686 1290 2002 1361 beneflcio,

338 1370 455 1427 hoc
484 1375 575 1427 est
604 1372 891 1429 minorem
924 1390 1085 1447 esse,
1119 1377 1398 1448 quoniam
1418 1379 1519 1452 qui
1550 1379 1714 1450 prior
1742 1380 2009 1452 contulit,

334 1464 601 1533 tempore
630 1456 906 1533 superior
934 1468 1045 1535 est,
1080 1465 1436 1522 humanitate
1464 1468 1647 1539 prior.

409 1549 533 1607 161.
570 1549 739 1606 Unde
786 1552 1067 1608 imitanda
1124 1554 1299 1611 nobis
1354 1558 1448 1611 est
1496 1557 1557 1611 in
1606 1557 1719 1612 hoc
1775 1571 2011 1629 quoque

339 1642 545 1694 natura
573 1643 885 1711 terrarum,
918 1658 1051 1715 quae
1090 1647 1437 1716 susceptum
1468 1661 1675 1701 semen
1722 1646 2009 1717 multipli-

340 1729 548 1785 catiori
578 1729 731 1785 solet
762 1746 1008 1787 numero
1040 1733 1287 1790 reddere
1316 1750 1492 1806 quam
1523 1734 1839 1805 acceperit.
1867 1735 2005 1790 Ideo
2037 1724 2088 1786 B

335 1817 445 1873 tibi
465 1818 752 1889 scriptum
773 1822 894 1875 est:
933 1820 1104 1875 Sicut
1137 1822 1507 1893 agricultura
1531 1828 1623 1878 est
1653 1824 1820 1879 homo
1850 1824 2004 1879 insi-

329 1907 527 1980 piens,
561 1913 621 1962 et
654 1913 924 1981 tanquam
961 1910 1133 1965 vinea
1164 1911 1331 1967 homo
1351 1927 1537 1984 egens
1556 1928 1755 1968 sensu.
1780 1912 1852 1967 Si
1868 1912 2008 1968 reli-

338 1997 544 2070 queris
571 2011 722 2067 eum,
756 1997 1128 2053 desolabitur
1148 1999 1354 2062 (Prov.
1379 2017 1543 2068 xxxv,
1576 1999 1666 2069 30,
1702 2001 1815 2073 31).
1840 2000 2007 2056 Sicut

340 2085 703 2158 agricultura
735 2101 880 2158 ergo
912 2087 1085 2141 etiam
1136 2088 1397 2159 sapiens,
1429 2091 1492 2143 ut
1521 2093 1796 2160 tanquam
1846 2088 2007 2144 fene-

337 2178 462 2230 rata
494 2175 611 2229 sibi
642 2174 867 2245 majore
914 2190 1194 2230 mensura
1241 2178 1468 2232 semina
1515 2181 1797 2249 suscepta
1834 2178 2008 2233 resti-

334 2266 479 2320 tuat.
512 2263 694 2318 Terra
727 2278 872 2335 ergo
903 2267 1001 2319 aut
1031 2269 1392 2336 spontaneos
1423 2265 1657 2321 fructus
1690 2266 2005 2339 germinat,

338 2356 440 2407 aut
469 2352 731 2407 creditos
780 2352 1056 2408 uberiore
1104 2354 1341 2410 cumulo
1388 2353 1648 2410 refundit
1676 2370 1744 2410 ac
1794 2355 2005 2410 reddit.

339 2441 670 2512 Utrumque
696 2441 883 2496 debes
905 2442 1160 2514 quodam
1182 2443 1560 2499 haereditario
1581 2460 1697 2499 usu
1718 2444 2005 2515 parentis,

339 2547 414 2587 ne
444 2530 804 2602 relinqueris
835 2531 991 2587 sicut
1038 2531 1393 2587 infecundus
1425 2548 1588 2605 ager.
1642 2533 1786 2587 Esto
1816 2536 2012 2587 tamen

337 2622 404 2675 ut
430 2620 647 2691 aliquis
680 2635 971 2675 excusare
1020 2620 1215 2691 possit
1245 2622 1403 2693 quod
1448 2637 1566 2676 non
1598 2622 1826 2677 dederit
1871 2621 2008 2692 (64),

340 2708 636 2781 quomodo
659 2724 948 2764 excusare
964 2709 1163 2779 potest
1182 2710 1338 2780 quod
1361 2726 1479 2765 non
1495 2710 1858 2766 reddiderit?
1878 2711 2011 2766 Non

341 2799 482 2853 dare
511 2797 787 2869 cuiquam
815 2797 918 2851 vix
948 2797 1085 2853 licet
1114 2798 1248 2870 (65),
1282 2813 1401 2854 non
1434 2798 1682 2854 reddere
1714 2814 1859 2855 vero
1891 2816 2010 2855 non

341 2886 498 2942 licet.

413 2973 538 3030 162.
573 2975 711 3031 Ideo
754 2974 1001 3047 pulchre
1056 2975 1335 3031 Salomon
1364 2975 1471 3032 ait:
1525 2976 1597 3031 Si
1627 2976 1867 3033 sederis
1897 2994 2012 3033 cm—

343 3079 492 3121 nare
508 3064 585 3123 ad
602 3080 865 3119 mensam
880 3064 1164 3135 potentis,
1184 3065 1494 3135 sapienter
1513 3064 1790 3137 intellige
1803 3082 1871 3121 ea
1887 3082 2011 3139 quae

345 3160 714 3227 apponuntur
745 3153 888 3209 tibi:
915 3159 974 3208 et
1003 3153 1176 3208 mitte
1203 3169 1434 3208 manum
1457 3159 1612 3208 tuam
1631 3156 1836 3210 sciens
1859 3155 2013 3228 quod

346 3249 577 3315 oportet
615 3243 757 3297 talia
785 3257 1157 3315 praeparare.
1193 3241 1266 3296 Si
1295 3248 1488 3299 autem
1524 3242 1896 3298 insatiabilis
1925 3258 2010 3308 es,

343 3332 444 3397 43
466 3340 585 3396 noli
606 3340 1026 3412 concupiscere
1048 3357 1220 3397 escas
1242 3340 1402 3413 ejus;
1426 3341 1551 3396 haec
1572 3341 1730 3395 enim
1747 3340 2020 3395 obtinent

354 3431 551 3487 vitam.
573 3429 846 3485 fallacem
886 3429 1004 3499 (66)
1035 3429 1243 3498 (Prov.
1278 3446 1445 3500 XXIII,
1480 3429 1506 3483 1
1544 3436 1602 3483 et
1654 3428 1826 3501 seq.).
1859 3427 2018 3493 Quas

349 3534 461 3573 nos
482 3518 696 3573 imitari
721 3518 1029 3588 cupientes
1050 3517 1414 3587 sententias,
1439 3517 1816 3588 scripsimus.
1859 3516 2018 3572 Con-

350 3607 507 3663 ferre
539 3607 788 3679 gratiam
817 3607 1039 3661 bonum
1069 3609 1194 3662 est:
1228 3610 1287 3661 at
1315 3607 1415 3678 qui
1430 3606 1888 3674 referre‘nescit,
1913 3606 2020 3661 du-

350 3696 651 3753 rissimus.
686 3695 1078 3750 Humanitatis
1120 3695 1456 3764 exemplum
1494 3695 1625 3766 ipsa
1678 3698 1836 3750 terra
1867 3710 2018 3767 sug-

352 3785 526 3858 gerit.
596 3784 968 3856 Spontaneos
1032 3783 1262 3838 fructus
1326 3784 1622 3837 ministrat
1679 3798 1831 3855 quos
1898 3799 2017 3838 non

353 3873 607 3943 severis,
642 3873 1089 3943 multiplicatum
1143 3888 1380 3944 quoque
1411 3872 1603 3927 reddit
1645 3871 1802 3942 quod
1842 3886 2017 3927 acce-

350 3962 524 4034 perit.
550 3963 786 4035 Negare
816 3962 924 4017 tibi
954 3964 1263 4032 pecuniam
1295 3963 1658 4016 numeratam
1702 3975 1819 4015 non
1856 3960 2015 4031 licet,

353 4052 650 4124 quomodo
690 4050 829 4105 licet
869 4053 1169 4121 acceptam
1208 4067 1327 4106 non
1356 4049 1582 4104 referre
1632 4048 1925 4120 gratiam?
1954 4049 2019 4103 In

351 4140 688 4212 proverbiis
721 4154 957 4211 quoque
986 4140 1173 4193 habes
1205 4137 1340 4210 (6a),
1392 4137 1550 4209 quod
1580 4138 1658 4191 ita
1702 4137 2022 4207 plurimum

351 4228 669 4284 redhibitio
690 4228 804 4283 ista
821 4228 1028 4300 gratiae
1050 4227 1205 4298 apud
1231 4219 1415 4282 Deum
1445 4226 1756 4282 consuevit
1792 4225 2015 4295 valere,

351 4322 416 4374 ut
471 4319 645 4373 etiam
702 4318 764 4372 in
821 4317 916 4372 die
963 4316 1152 4371 ruinae
1199 4315 1459 4370 inveniat
1488 4316 1736 4388 gratiam
1783 4315 2018 4385 quando
2049 4339 2102 4401 ι)

352 4411 607 4480 possunt
638 4406 1092 4478 praeponderare
1123 4408 1382 4475 peccata.
1417 4404 1490 4458 Et
1534 4404 1675 4475 quid
1706 4403 1840 4456 aliis
1888 4406 2019 4457 utar

354 4499 664 4569 exemplis,
686 4512 819 4551 cum
852 4495 1138 4550 Dominus
1172 4494 1300 4565 ipse
1333 4492 1865 4547 remunerationem
1883 4493 2022 4547 utie-

425 4639 540 4710 (61)
571 4639 692 4693 Cic.
727 4638 840 4710 lib.
864 4655 882 4691 ι
917 4636 1267 4708 0/‘ﬂc.,pag.
1299 4631 1559 4710 357,_lin.
1595 4632 1696 4710 26:
1734 4654 1755 4681 α
1783 4633 1885 4710 _Sin
1917 4650 2019 4710 au-

354 4704 473 4764 tem
501 4704 672 4764 erunt
702 4709 926 4780 merita,
975 4713 1038 4764 ut
1086 4704 1507 4776 non'ineunda,
1557 4706 1665 4760 sed
1708 4704 2021 4760 referenda

357 4782 436 4834 sit
464 4781 675 4851 gratia,
712 4804 734 4828 »ι
771 4785 883 4835 etc.

426 4846 539 4920 (6'2)
572 4846 723 4903 Edit.
759 4866 827 4904 ac
859 4850 1031 4920 pauci
1062 4866 1231 4910 mss..
1260 4866 1422 4904 usum
1438 4847 1807 4920 pensandum
1839 4846 2022 4903 bene-

355 4922 499 4986 ﬁcii,
536 4928 594 4974 ut
628 4926 790 4975 tanto
809 4923 1156 4990 subvenias,
1186 4928 1417 4990 quanto,
1444 4923 1555 4974 etc.

427 4991 540 5063 (63)
579 4991 757 5056 Quam
789 4994 850 5045 in
873 4989 1254 5063 con/ferendo,
1288 4989 1503 5063 desunt
1532 4990 1593 5043 in
1612 4989 1849 5044 duobus
1867 5004 2018 5043 mss.

356 5067 413 5119 et
446 5065 614 5119 Rom.
647 5063 784 5117 edit.
814 5078 828 5131 ;
861 5063 966 5116 sed
998 5062 1059 5115 in
1089 5062 1335 5132 reliquis
1356 5064 1610 5132 exstant,
1644 5076 1754 5116 nec
1775 5075 2021 5115 sensum

355 5134 478 5190 ullo
510 5134 683 5188 modo
709 5133 1052 5203 impediunt.

427 5204 541 5274 (61)
570 5206 690 5259 Cic.
725 5198 825 5259 lib.
860 5220 877 5257 ι
913 5204 1106 5272 Ol'l’ic.,
1136 5217 1272 5275 pag.
1307 5202 1433 5275 357,
1460 5201 1568 5275 lin.
1599 5198 1668 5275 24
1697 5215 1709 5258 :
1749 5223 1770 5251 α
1808 5203 2021 5258 Annon

355 5272 572 5333 imitari
601 5291 781 5347 agros
815 5275 1040 5330 fertiles
1080 5272 1180 5346 qui
1218 5272 1399 5330 inulto
1418 5272 1549 5345 plus
1579 5272 1829 5328 afferunt
1846 5286 2023 5345 quam

355 5350 729 5419 acceperunt.
770 5367 792 5419 η

426 5416 542 5492 (65)
574 5419 744 5486 Ibid.,
778 5418 880 5473 lin.
912 5417 1077 5492 27:3,
1113 5416 1332 5492 Demus
1353 5432 1552 5492 necne
1584 5416 1645 5471 in
1674 5417 1879 5492 nostra
1920 5431 2022 5488 po-

355 5486 566 5554 testate
595 5492 723 5547 est:
758 5506 875 5546 non
905 5488 1152 5546 reddere
1183 5488 1312 5544 viro
1353 5488 1511 5546 bono
1545 5503 1663 5543 non
1690 5486 1847 5543 licet.
1887 5509 1910 5536 η

427 5563 539 5641 (66)
560 5562 778 5625 Omnes
800 5562 938 5625 edit.
957 5564 1015 5621 et
1034 5562 1206 5639 pauci
1223 5576 1395 5638 mss.,
1438 5560 1617 5619 vitam
1635 5556 1869 5617 falsam.
1901 5556 2022 5620 Alit

2122 516 2297 585 atque
2319 513 2664 569 exhortatur
2682 516 2749 567 ut
2769 528 3082 584 operemur
3095 513 3319 569 bonum
3348 528 3520 584 opus,
3545 513 3779 570 dicens:

2123 600 2364 655 Dimitti
2370 607 2427 656 te
2443 607 2501 656 et
2527 602 2868 657 dimittetur
2892 601 3079 673 vobis,
3105 602 3244 657 date
3266 608 3325 656 et
3343 601 3588 657 dabitur
3606 603 3787 670 vobis;

2118 705 2456 745 mensuram
2487 691 2698 746 bonam
2738 689 2876 761 (68),
2911 697 3270 760 commotam,
3322 691 3780 762 superfluentem

2119 778 2342 833 dabunt
2373 778 2436 832 in
2468 780 2660 833 sinum
2695 785 2958 834 vestrum
2987 780 3153 849 (Lua.
3183 796 3263 850 Vl,
3294 779 3385 849 38,
3415 780 3558 850 38)?

2190 866 2313 921 163.
2361 866 2558 939 Itaque
2609 870 2666 922 et
2704 868 2849 923 illud
2897 869 3235 922 convivium
3281 868 3619 924 Salomonis
3663 886 3778 926 non

2120 955 2194 1011 de
2217 955 2390 1026 cibis,
2426 956 2533 1011 sed
2565 955 2637 1011 de
2670 957 2952 1027 cperibus
2974 960 3066 1013 est
3094 957 3292 1013 bonis.
3321 956 3448 1021 Quo
3479 958 3637 1012 enim
3665 974 3786 1015 me-

2119 1043 2236 1099 lius
2303 1042 2617 1114 epulantur
2681 1044 2880 1116 animi,
2941 1061 3117 1117 quam
3170 1044 3348 1101 bonis
3407 1046 3631 1101 factis?
3676 1050 3788 1104 Aut

2118 1133 2260 1204 quid
2325 1133 2486 1188 aliud
2542 1136 2659 1188 tam
2712 1133 2885 1189 facile
2942 1135 3139 1204 potest
3185 1132 3489 1205 justorum
3544 1135 3778 1206 explere

2118 1224 2369 1292 mentes,
2403 1238 2578 1294 quam
2604 1221 2748 1279 boni
2780 1223 2978 1294 operis
3014 1212 3417 1279 conscientia?
3444 1222 3555 1289 Qui
3588 1228 3776 1280 autem

2112 1311 2439 1384 jucundior
2496 1311 2690 1382 cibus,
2750 1328 2927 1383 quam
2987 1311 3182 1367 facere
3229 1311 3592 1368 voluntatem
3639 1313 3788 1369 Dei?

2117 1400 2305 1466 Quem
2323 1400 2521 1455 cibum
2543 1400 2656 1455 sibi
2682 1401 2875 1456 solum
2895 1400 3179 1456 Dominus
3200 1400 3501 1456 abundare
3514 1417 3792 1457 memora-

2115 1489 2219 1560 vit,
2266 1489 2421 1544 sicut
2451 1490 2738 1561 scriptum
2768 1492 2860 1545 est
2890 1489 2951 1544 in
2999 1488 3327 1562 Evangelia
3354 1506 3367 1546 :
3414 1490 3592 1546 Meus
3623 1490 3787 1547 cibus

2119 1583 2230 1645 est,
2260 1585 2319 1633 ut
2337 1576 2553 1633 faciam
2577 1577 2933 1634 voluntatem
2954 1577 3170 1633 Patris
3186 1579 3304 1634 mei
3333 1578 3433 1652 qui
3445 1585 3539 1636 est
3558 1579 3621 1634 in
3643 1579 3785 1636 caelo

2118 1667 2311 1737 (Joan.
2343 1684 2421 1722 1v.
2454 1666 2567 1738 84).

2198 1753 2321 1811 164.
2351 1756 2479 1810 Hoc
2511 1755 2644 1811 cibo
2677 1754 3058 1827 delectemur,
3091 1755 3164 1811 de
3203 1770 3321 1827 quo
3351 1757 3432 1812 ait
3462 1757 3784 1829 Propheta:

2118 1845 2442 1902 Delectare
2489 1845 2553 1898 in
2593 1844 2838 1900 Domino
2878 1843 3066 1914 (Psal.
3113 1861 3318 1915 xxxvr,
3353 1845 3433 1916 4).
3484 1846 3613 1902 Hoc
3659 1848 3787 1904 cibo

2119 1935 2503 2003 delectantur,
2537 1935 2638 2005 qui
2684 1934 3033 2005 superiores
3063 1933 3486 1991 delectationes
3534 1936 3790 1997 mirabili

2117 2023 2359 2096 ingenio
2390 2023 2983 2093 comprehenderunt,
3018 2023 3119 2094 qui
3137 2027 3393 2093 possunt
3420 2024 3580 2081 scire
3599 2024 3788 2098 qualis

2119 2112 2197 2167 sit
2252 2111 2351 2166 illa
2406 2112 2622 2166 munda
2643 2114 2699 2166 et
2746 2111 3139 2184 intelligibilis
3185 2112 3401 2168 mentis
3454 2113 3781 2169 delectatio.

2122 2201 2380 2256 Edamus
2423 2215 2568 2273 ergo
2619 2215 2804 2271 panes
2853 2200 3204 2272 sapientiae;
3256 2203 3313 2256 et
3360 2204 3697 2257 saturemur
3725 2203 3784 2257 in

2121 2291 2306 2345 verbo
2339 2290 2487 2361 Dei;
2537 2290 2675 2361 quia
2722 2305 2841 2344 non
2870 2290 2931 2343 in
2974 2289 3105 2344 solo
3152 2306 3324 2361 pane,
3370 2291 3478 2346 sed
3530 2291 3591 2346 in
3636 2292 3791 2347 omni

2122 2379 2307 2434 verbo
2338 2378 2445 2433 Dei
2477 2379 2593 2432 vita
2625 2381 2717 2435 est
2747 2377 3005 2433 hominis
3037 2377 3176 2432 facti
3208 2377 3282 2433 ad
3312 2379 3629 2452 imaginem
3660 2381 3786 2436 Dei.

2125 2468 2207 2523 De
2240 2467 2456 2540 poculo
2486 2482 2628 2522 vero
2660 2467 2808 2522 satis
2838 2482 3125 2538 expresse
3181 2467 3322 2523 dicit
3369 2472 3612 2524 sanctus
3641 2469 3792 2527 Job:

2126 2556 2296 2613 Sicut
2328 2562 2493 2612 terra
2517 2562 2875 2627 exspectans
2900 2555 3181 2628 pluviam,
3221 2557 3311 2612 sic
3334 2563 3392 2612 et
3430 2558 3539 2613 isti
3558 2573 3789 2614 sermo-

2127 2662 2235 2701 nes
2255 2661 2416 2701 meos
2445 2644 2600 2715 (Job.
2625 2661 2832 2716 χχχιχ,
2866 2644 2977 2716 23).

2692 2769 2944 2826 CAPUT
2985 2769 3222 2826 XXXII.

2126 2894 2454 2968 Praemisso
2483 2894 2625 2968 quid
2637 2893 2854 2968 gratiae
2869 2893 2942 2950 ob
2964 2895 3286 2968 memorati
3310 2897 3577 2952 convivii
3591 2897 3794 2953 fercu-

2199 2966 2255 3021 la
2287 2967 2369 3021 sit
2390 2966 2799 3036 referendum,
2838 2967 3022 3021 variae
3042 2966 3344 3022 reddendi
3374 2968 3657 3023 beneficii
3694 2986 3797 3024 ra-

2048 3031 2100 3094 C
2208 3038 2402 3092 tiones
2422 3031 2821 3103 recensetur';
2848 3036 2949 3091 ubi
2970 3043 3029 3092 et
3059 3037 3133 3092 de
3155 3038 3590 3095 benevolentiw
3606 3040 3799 3107 laude,

2204 3107 2438 3163 ell‘eetis
2458 3122 2631 3183 atque
2650 3108 2861 3163 ordine
2883 3108 3235 3164 disseritur.

2202 3232 2326 3289 165.
2360 3233 2680 3289 Pulchrum
2714 3235 2805 3288 est
2838 3248 2984 3307 ergo
3013 3235 3077 3288 ut
3107 3233 3438 3290 divinarum
3458 3235 3797 3308 Scriptura-

2129 3339 2260 3378 rum
2278 3323 2698 3378 humescamus
2719 3321 3000 3392 alloquio,
3034 3326 3092 3377 et
3121 3324 3293 3394 quasi
3323 3340 3424 3379 ros
3458 3324 3549 3380 sic
3591 3325 3649 3379 in
3677 3341 3792 3381 nos

2131 3412 2238 3467 Dei
2268 3412 2450 3466 verba
2483 3411 2868 3467 descendant.
2902 3410 3046 3465 Cum
3078 3411 3260 3483 igitur
3288 3412 3521 3468 sederis
3546 3413 3799 3468 adillam

2131 3516 2396 3556 mensam
2427 3500 2705 3571 potentis,
2732 3499 2995 3572 intelligo
3024 3501 3163 3570 quis
3193 3502 3272 3554 sit
3301 3501 3414 3556 iste
3455 3505 3666 3572 potens
3692 3521 3711 3557 :
3742 3506 3803 3558 et

2130 3591 2191 3643 in
2222 3589 2497 3660 paradiso
2521 3588 2929 3643 delectationis
2959 3586 3213 3659 positus,
3238 3592 3412 3661 atque
3441 3591 3502 3645 in
3526 3591 3803 3647 convivio

2131 3678 2439 3749 sapientia:
2468 3677 2718 3747 locatus,
2754 3676 3065 3731 considam
3096 3693 3231 3748 quae
3263 3682 3638 3749 apponuntur
3667 3680 3801 3735 tibi.

2129 3767 2431 3838 Scriptura
2462 3766 2659 3820 divina
2692 3765 3028 3820 convivium
3059 3767 3366 3837 sapientiae
3396 3772 3521 3823 est:
3572 3769 3802 3841 singuli

2130 3865 2267 3919 libri
2299 3854 2535 3936 singula
2568 3868 2707 3920 sunt
2750 3864 2994 3919 fercula.
3024 3854 3125 3919 44
3155 3864 3423 3937 lntellige
3470 3866 3636 3936 prius
3666 3881 3807 3938 qum

2132 3954 2384 4009 habeant
2418 3953 2779 4009 ferculorum
2810 3953 3013 4024 dapes,
3048 3957 3105 4008 et
3148 3956 3286 4007 tunc
3317 3955 3477 4008 mitte
3524 3970 3760 4009 manum
3790 3970 3808 4026 ;

2132 4046 2195 4098 ut
2225 4060 2291 4098 ea
2321 4058 2453 4114 qua:
2478 4043 2632 4114 legis
2655 4043 2748 4097 vel
2779 4059 2911 4114 quae
2941 4042 3163 4112 accipis
3187 4058 3218 4095 a
3240 4042 3487 4097 Domino
3520 4042 3643 4097 Deo
3673 4045 3802 4112 tuo,

2135 4122 2416 4203 operibus
2448 4132 2822 4203 exsequaris,
2856 4134 2913 4186 et
2943 4131 3209 4187 collatam
3242 4132 3301 4185 in
3344 4134 3399 4185 te
3424 4130 3673 4202 gratiam
3706 4130 3810 4185 of-

2136 4222 2288 4276 ﬁciis
2318 4225 2745 4291 repraesentes:
2781 4224 2844 4275 ut
2874 4220 3085 4274 Petrus
3118 4222 3176 4274 et
3211 4219 3454 4289 Paulus,
3483 4219 3584 4291 qui
3616 4235 3813 4274 evan-

2135 4311 2442 4382 gelizando
2471 4311 2660 4364 vicem
2712 4308 3022 4380 quamdam
3053 4308 3322 4379 largitori
3367 4308 3630 4363 muneris
3662 4308 3815 4363 red-

2136 4399 2427 4468 diderunt,
2460 4401 2522 4452 ut
2551 4400 2803 4469 possent
2832 4397 3056 4468 singuli
3088 4397 3284 4451 dicere
3310 4412 3323 4451 :
3363 4396 3575 4451 Gratia
3606 4402 3813 4452 autem

2134 4488 2249 4543 Dei
2278 4504 2402 4543 sum
2434 4487 2583 4559 quod
2613 4504 2759 4557 sum,
2787 4492 2845 4541 et
2873 4487 3071 4559 gratia
3097 4485 3228 4558 ejus
3255 4500 3442 4557 egena
3474 4485 3537 4539 iu
3568 4500 3659 4539 me
3690 4501 3816 4540 non

2132 4639 2314 4695 multo
2346 4639 2566 4709 plures,
2625 4637 2801 4692 vitam
2845 4636 3136 4692 fallacem.
3160 4636 3356 4703 'LXX,
3378 4640 3546 4689 ταῦτα
3571 4636 3669 4711 γάρ
3692 4630 3819 4706 ἕχε-

2133 4739 2222 4772 ται
2264 4720 2392 4781 ζωῆς
2432 4711 2661 4789 ψευδοῦς.
2710 4719 2820 4788 Aq.
2866 4719 2923 4771 et
2970 4716 3104 4788 Th.,
3136 4717 3241 4769 Καὶ
3284 4712 3435 4777 αὐτὸς
3476 4734 3628 4790 αρτ-ος
3671 4713 3819 4786 ψευ-

2135 4800 2362 4873 σμάτων.
2398 4798 2470 4852 Ει
2497 4799 2774 4873 continuo
2805 4799 2940 4867 post
2987 4797 3125 4852 edit.
3157 4797 3421 4873 Αῐῐλοιτὶ).⁷
3455 4813 3620 4868 quam
3655 4812 3767 4850 nos
3794 4813 3819 4861 ,-

2136 4868 2287 4941 aliae,
2321 4886 2487 4942 quem
2521 4885 2643 4936 nos,
2681 4871 2834 4939 etc.;
2886 4883 3032 4923 mss.
3075 4883 3258 4939 prope
3306 4868 3377 4921 ad
3409 4884 3611 4937 unum,
3660 4882 3824 4939 quas

2138 4958 2264 4998 nos;
2300 4946 2411 4996 etc.

2209 4984 2494 5083 (δ’ῐῖῇὶιηι
2514 5012 2651 5067 edit.
2679 5011 2825 5083 sola.
2861 5011 2930 5065 In
2969 5009 3291 5083 Salomone
3315 5025 3535 5083 quoque
3573 5008 3817 5083 babes:

2137 5085 2241 5140 sed
2274 5080 2372 5138 aut
2411 5084 2765 5138 Ambrosius
2809 5082 3003 5137 locum
3053 5080 3390 5136 memoriter
3434 5080 3651 5150 citavit,
3710 5082 3828 5136 aut

2137 5171 2254 5212 non
2284 5156 2419 5210 libri
2450 5155 2701 5223 titulum,
2746 5154 2853 5208 sed
2883 5153 3184 5208 materiam
3237 5152 3606 5224 designavit:
3653 5167 3826 5224 con-

2138 5231 2253 5283 stat
2283 5229 2438 5282 enim
2462 5221 2937 5296 proverbialibus
2969 5224 3282 5296 sententiis
3314 5221 3821 5296 Ecclesiasticus.

2138 5300 2295 5355 Infra
2327 5294 2482 5354 vero_
2500 5298 2705 5352 eadem
2735 5296 2895 5368 edit.,
2926 5294 3076 5352 illud
3104 5294 3440 5352 convivium
3473 5295 3535 5349 in
3550 5309 3829 5367 prover-

2137 5372 2262 5428 biis
2290 5385 2404 5425 non
2433 5369 2508 5424 de
2538 5368 2710 5434 cibis,
2746 5370 2859 5423 etc.
3128 5420 3133 5428 ,

2211 5440 2325 5515 (68)
2356 5441 2527 5498 Rom.
2562 5438 2700 5497 edit.
2733 5439 2881 5513 sola,
2928 5438 3277 5497 Mansuram
3317 5435 3530 5496 bauam
3560 5434 3829 5497 confer-

2143 5518 2281 5576 tam.
