4128 6132
341 307 413 368 77
1307 298 1420 364 DE
1453 296 1804 367 oramus
1835 292 2448 364 MINISTRORUM
2484 295 2813 362 LIBERI.
3688 245 3768 363 is

336 501 441 558 fuit
459 517 471 558 :
491 501 600 557 sed
611 500 1010 556 abundantius
1031 499 1158 555 illis
1193 499 1466 556 omnibus
1483 499 1694 556 labora
1705 501 1764 555 vi
1783 499 1837 573 (I
1853 500 1989 556 Cor.
2024 483 2072 538 Α
2118 499 2415 569 omnibus,
2434 502 2730 570 tamquam
2747 500 2878 554 fons
2893 517 3060 572 aquae
3079 501 3352 556 reﬁciens
3371 501 3688 568 sitientem,
3707 502 3765 556 et

337 609 428 660 xv,
464 592 570 660 10).

407 680 524 735 166.
563 679 732 734 Alius
761 695 907 751 ergo
939 679 1195 734 fructum
1226 680 1451 749 accepti
1483 679 1778 749 beneﬁcii,
1812 682 1874 733 ut
1900 694 1995 733 au-

335 786 458 823 rum
488 785 649 834 auro,
686 771 994 839 argentum
1025 772 1270 840 argento
1302 768 1570 838 rependit
1608 784 1625 818 :
1658 767 1809 822 alius
1832 767 1994 822 labo-

339 874 478 926 rem,
519 857 692 924 alius,
728 857 882 910 haud
925 857 1052 911 scio
1084 873 1156 910 an
1187 857 1360 911 etiam
1389 857 1762 927 locupletius,
1802 856 1996 910 solum

335 946 587 1000 restituit
614 945 889 999 aﬁ‘ectum
920 945 1055 1015 (69).
1089 944 1240 1010 Quid
1270 946 1426 1000 enim
1456 945 1506 999 si
1530 945 1815 1000 reddendi
1837 945 1996 999 nulla

336 1034 578 1088 facultas
609 1036 916 1104 suppetit?
938 1034 1001 1087 In
1033 1034 1324 1089 beneﬁcio
1355 1033 1666 1089 referendo
1702 1033 1836 1105 plus
1867 1033 1996 1087 ani-

334 1140 460 1177 mus
481 1139 658 1194 quam
681 1139 902 1178 census
933 1127 1210 1193 operatur
1243 1139 1255 1178 :
1289 1123 1601 1194 magisque
1651 1122 1999 1194 praeponde-

335 1215 415 1266 rat
443 1212 875 1282 benevolentia,
910 1228 1090 1283 quam
1127 1212 1498 1282 possibilitas
1528 1212 1824 1267 referendi
1865 1228 1998 1267 mu-

335 1301 510 1356 neris.
536 1301 735 1356 Gratia
765 1301 920 1355 enim
951 1301 1010 1355 in
1044 1316 1114 1355 eo
1146 1302 1278 1370 ipso
1312 1301 1468 1373 quod
1513 1301 1784 1369 habetur,
1817 1299 2000 1354 refer-

335 1394 442 1444 tur.
465 1391 681 1461 Magna
715 1390 895 1462 igitur
924 1389 1356 1458 benevolentia,
1399 1406 1532 1460 quae
1571 1391 1743 1444 etiam
1774 1389 1827 1443 si
1855 1388 2000 1442 nihil

337 1478 618 1547 conferat,
654 1479 789 1548 plus
826 1479 1098 1533 exhibet:
1141 1482 1198 1534 et
1227 1495 1356 1534 cum
1387 1478 1447 1532 in
1479 1478 1828 1548 patrimonio
1859 1476 2001 1531 nihil

336 1567 561 1636 habeat,
588 1568 839 1639 largitur
869 1568 1140 1637 pluribus
1167 1583 1181 1636 ;
1211 1567 1389 1637 idque
1423 1567 1562 1620 facit
1591 1569 1720 1621 sine
1751 1567 1868 1621 ullo
1903 1565 1998 1620 sui

335 1656 666 1726 dispendio,
702 1660 758 1710 et
786 1657 950 1711 lucro
974 1657 1254 1711 omnium.
1291 1656 1361 1711 Et
1391 1657 1522 1711 ideo
1553 1659 1796 1726 praestat
1832 1655 2006 1709 bene-

336 1745 587 1800 volentia
607 1762 788 1816 supra
819 1745 1008 1815 ipsam
1055 1745 1484 1800 liberalitatem.
1522 1745 1708 1799 Ditior
1737 1744 1867 1798 haec
1889 1759 2007 1798 mo-

2103 592 2378 660 tanquam
2403 589 2594 643 lucem
2617 589 2772 660 quod
2806 589 2978 643 etiam
3010 591 3068 645 in
3101 591 3232 645 aliis
3261 591 3474 660 luceat,
3508 606 3618 646 nec
3649 589 3769 645 illis

2107 678 2290 747 desit,
2346 679 2446 749 qui
2487 679 2558 732 de
2607 694 2717 733 suo
2758 679 2976 733 lumine
3033 680 3166 734 aliis
3228 680 3426 736 lumen
3483 679 3771 758 accende-

2107 768 2243 822 rint.

2181 855 2302 910 168.
2337 855 2443 910 Est
2474 855 2645 910 etiam
2678 855 2773 911 illa
2802 855 3231 912 benevolentiae
3262 857 3608 928 liberalitas,
3633 857 3771 914 utsi

2110 945 2264 1017 quod
2285 945 2471 999 babes
2511 945 2796 1000 debitoris
2829 944 3310 1018 chirographum,
3345 946 3628 1002 scindens
3654 962 3776 1001 res-

2111 1033 2780 1102 tituas,nihiladebitore
2801 1038 3161 1089 consecutus
3183 1033 3559 1101 debiti.Quod
3580 1050 3776 1090 exem-

2111 1124 2207 1194 plo
2253 1123 2348 1176 sui
2393 1122 2590 1178 facere
2631 1140 2742 1178 nos
2798 1123 3016 1178 debere
3053 1123 3166 1178 Job
3207 1124 3454 1178 sanctus
3495 1122 3774 1178 admonet

2112 1211 2397 1280 (lbid.,35
2417 1218 2474 1266 et
2515 1215 2684 1284 seq.).
2721 1212 2871 1266 Nam
2901 1212 3004 1285 qui
3046 1211 3242 1282 habet,
3291 1228 3409 1268 non
3449 1215 3778 1282 mutuatur;

2112 1302 2213 1373 qui
2243 1317 2362 1356 non
2394 1301 2570 1355 habet
2593 1317 2710 1355 non
2750 1301 2959 1356 liberat
2981 1300 3402 1373 syngrapham.
3427 1299 3578 1366 Quid
3599 1301 3783 1374 igitur

2114 1391 2287 1445 etiam
2323 1391 2376 1444 si
2405 1391 2534 1461 ipse
2563 1406 2678 1444 non
2709 1393 2949 1463 exigas,
2983 1392 3180 1445 avaris
3210 1390 3553 1448 haeredibus
3585 1405 3781 1445 reser-

2114 1495 2251 1546 vas,
2302 1495 2475 1550 quam
2529 1483 2699 1549 potes
2759 1495 2892 1534 eum
2946 1479 3377 1536 benevolentia)
3424 1478 3598 1535 laude
3648 1478 3781 1534 sine

2116 1569 2327 1623 damno
2359 1569 2626 1639 pecuniae
2658 1573 3087 1639 repraesentare
3114 1571 3142 1624 ‘?

2195 1659 2293 1721 45
2326 1666 2446 1721 169.
2482 1668 2673 1740 Atque
2713 1670 2775 1722 ut
2811 1667 3044 1738 plenius
3081 1667 3500 1738 discutiamus;
3530 1666 3785 1724 benevo-

2116 1755 2295 1811 lentia
2331 1772 2364 1809 a
2395 1756 2740 1811 domesticis
2761 1757 2874 1824 ('74)
2906 1757 3156 1828 primum
3186 1757 3450 1828 profecta
3479 1756 3781 1828 personis,

685 1803 705 1816 ⁵
842 1803 858 1815 ⁵
2119 1803 2295 1811 ”⁹’“’“””
2332 1803 2364 1809 “’
2398 1803 2739 1811 ““⁷“”’ν“”“ν““’
2763 1803 2777 1823 \
2799 1803 2810 1810 “
2833 1803 2872 1824 Ἰ
2906 1803 3156 1828 Γ“““”“’“”’
3187 1803 3242 1828 3"
3262 1803 3450 1813 v'vv'_
3479 1803 3781 1828 r""’"""’!

329 1835 510 1903 ribus;
543 1851 725 1906 quam
769 1834 866 1888 illa
899 1834 1245 1888 muneribus
1281 1849 1294 1902 ἒ
1329 1833 1530 1903 Plures
1553 1835 1712 1887 enim
1744 1835 1883 1888 sunt
1904 1831 2005 1904 (Ιυί
2041 1803 2090 1864 Β
2119 1845 2176 1899 id
2209 1847 2300 1899 est
2329 1861 2361 1898 a
2394 1845 2568 1915 ﬁliis,
2602 1846 2971 1916 parentibus,
3006 1845 3321 1918 fratribus,
3367 1862 3475 1918 per
3504 1845 3786 1919 conjunc-

335 1923 596 1996 indigent
629 1923 942 1992 beneﬁcio,
967 1939 1142 1994 quam
1172 1923 1273 1994 qui
1304 1923 1622 1977 abundant.

402 2013 522 2066 t6'7.
560 2012 674 2067 Est
701 2016 896 2067 autem
936 2011 1347 2066 benevolentia
1377 2011 1551 2065 etiam
1585 2009 1902 2080 conjuncta
1932 2009 2006 2064 li-

331 2101 642 2172 beralitati,
676 2117 708 2155 a
747 2117 862 2172 qua
893 2101 1024 2172 ipsa
1055 2099 1378 2154 liberalitas
1409 2099 1830 2169 proﬁciscitur,
1875 2114 2009 2153 cum

336 2191 624 2264 largitatis
658 2188 931 2244 affectum
964 2190 1235 2261 sequitur
1277 2188 1567 2260 largiendi
1601 2204 1751 2243 usus
1787 2203 1799 2243 :
1834 2190 1890 2243 et
1913 2203 2008 2243 se-

337 2284 528 2349 parata
558 2283 740 2350 atque
773 2279 1056 2332 discreta.
1114 2277 1232 2332 Ubi
1262 2278 1419 2332 enim
1461 2277 1629 2332 deest
1658 2277 2004 2348 liberalitas,

338 2367 746 2423 benevolentia
802 2371 1026 2438 manet,
1080 2367 1413 2421 communis
1463 2366 1734 2437 quaedam
1789 2381 2005 2438 parens

340 2459 628 2527 omnium,
677 2473 812 2527 quia
861 2456 1176 2510 amicitiam
1210 2455 1507 2509 connectit
1553 2459 1611 2509 et
1639 2455 1874 2526 copulat
1907 2471 1919 2510 :
1947 2455 2006 2509 in

339 2546 602 2599 consiliis
639 2545 831 2598 ﬁdelis
860 2545 996 2613 (’70),
1031 2544 1088 2597 in
1120 2543 1426 2614 prosperis
1457 2543 1610 2612 laeta,
1644 2543 1703 2598 in
1731 2543 2006 2598 tristibus

339 2637 560 2704 moesta;
587 2637 653 2688 ut
675 2635 1087 2704 unusquisque
1102 2633 1513 2688 benevolentis
1533 2647 1599 2686 se
1619 2632 1811 2704 magis
1830 2649 2007 2704 quam
2062 2638 2068 2645 '

344 2723 632 2794 sapientis
665 2722 865 2776 credat
888 2721 1138 2776 consilio
1165 2736 1177 2776 :
1201 2724 1264 2774 ut
1293 2721 1476 2775 David
1515 2737 1647 2775 cum
1670 2724 1833 2776 esset
1876 2738 2009 2794 pru-

340 2812 580 2877 dentior,
619 2809 888 2864 Jonathae
933 2814 1125 2864 tamen
1152 2809 1413 2879 junioris
1461 2810 1731 2864 consiliis
1763 2811 2005 2881 acquies

342 2901 522 2954 cebat.
559 2899 730 2954 Tolle
761 2915 835 2954 ex
867 2915 980 2953 usu
1013 2899 1316 2953 hominum
1367 2899 1837 2954 benevolentiam
1873 2901 2004 2969 ('il),

350 2993 627 3060 tanquam
650 2989 838 3042 solem
861 3004 892 3042 θ
917 2989 1136 3042 mundo
1167 2988 1397 3056 tuleris,
1423 2987 1497 3042 ita
1523 2989 1631 3042 erit
1664 3004 1675 3043 :
1711 2989 1846 3060 quia
1878 2989 2008 3043 sine

342 3093 403 3130 ea
425 3094 571 3132 usus
600 3077 905 3131 hominum
946 3092 1084 3131 esse
1127 3092 1245 3131 non
1286 3080 1480 3147 potest
1510 3081 1572 3131 ut
1605 3077 2008 3149 peregrinanti

2119 1934 2343 1988 tionum
2374 1934 2598 2006 gradus
2639 1935 2699 1989 in
2750 1935 3052 1990 civitatum
3096 1936 3365 2006 pervenit
3393 1935 3696 2004 ambitum,
3729 1937 3788 1990 et

2120 2023 2191 2077 de
2234 2023 2510 2092 paradiso
2563 2037 2813 2096 egressa
2867 2025 3148 2079 mundum
3197 2024 3465 2096 replevit.
3520 2025 3786 2096 Denique

2122 2127 2255 2166 cum
2283 2112 2342 2164 in
2372 2111 2500 2166 viro
2531 2115 2587 2166 et
2619 2111 2836 2167 femina
2876 2112 3330 2168 benevolentem
3367 2113 3527 2170 Deus
3556 2113 3790 2185 posuis‘

2122 2203 2214 2254 set
2242 2198 2536 2269 affectum,
2571 2200 2749 2256 dixit:
2776 2201 2973 2257 Erunt
2992 2203 3242 2258 amboin
3266 2219 3375 2257 una
3397 2219 3580 2258 carne
3611 2202 3788 2272 (Gen.

2123 2305 2182 2358 ιι,
2213 2289 2325 2358 24),
2352 2292 2409 2344 et
2438 2289 2498 2343 in
2530 2305 2646 2344 uno
2678 2289 2909 2360 spiritu.
2965 2290 3134 2346 Unde
3164 2290 3287 2346 Eva
3320 2293 3582 2362 serpenti
3606 2291 3790 2346 credi-

2121 2377 2204 2431 dit
2219 2393 2238 2454 _;
2281 2377 2559 2454 quoniam
2601 2394 2736 2450 quae
2783 2378 3256 2454 benevolentiam
3285 2383 3614 2454 acceperat,
3648 2394 3789 2437 esse

2122 2449 2593 2505 malevolentiam
2623 2449 2741 2506 non
2777 2451 3144 2520 opinabatur.

2664 2574 2917 2630 CAPUT
2949 2575 3219 2631 XXXIII.

2124 2698 2611 2754 Benevolentiam
2643 2700 2704 2754 in
2734 2699 3010 2755 Ecclesia
3040 2701 3316 2773 maxime,
3351 2707 3412 2757 et
3441 2701 3791 2758 earumdem

2194 2794 2292 2843 aut
2323 2788 2598 2843 afﬁnium
2629 2790 2913 2844 virtutum
2932 2790 3274 2846 hominibus
3287 2806 3716 2863 perseverare.

2195 2896 2316 2950 170.
2353 2897 2620 2968 Augetur
2666 2896 3080 2952 benevolentia
3121 2901 3274 2954 0.th
3315 2897 3604 2955 Ecclesiae
3654 2899 3791 2970 (75),

2125 2985 2258 3040 ﬁdei
2293 2986 2613 3055 consortio,
2637 2986 2900 3041 initiandi
2917 2988 3220 3058 societate,
3243 2988 3642 3060 percipiendae
3665 3005 3796 3061 gra-

2123 3075 2219 3129 tim
2248 3075 2712 3146 necessitudine,
2741 3078 3163 3147 mysteriorum
3195 3078 3626 3133 communione.
3645 3078 3791 3133 Haec

342 3171 671 3220 monstrare
701 3167 857 3219 viam
904 3166 1035 3234 ('72),
1080 3181 1362 3220 revocare
1409 3170 1722 3235 errantem,
1775 3166 2006 3221 deferre
2045 3135 2096 3197 Ο
2124 3164 2280 3218 enim
2311 3164 2482 3218 etiam
2497 3165 2920 3235 appellationes
2944 3166 3473 3236 necessitudinum,
3506 3182 3792 3222 reveren-

354 3253 672 3325 hospitium
731 3255 862 3323 ('73),
924 3271 1040 3309 non
1093 3255 1274 3326 igitur
1321 3255 1637 3310 mediocris
1676 3255 1885 3325 virtus,
1935 3255 2008 3310 de

349 3359 452 3414 qua
473 3344 594 3398 sibi
629 3343 940 3412 plaudebat
965 3343 1076 3398 Job
1108 3344 1314 3398 dicens
1349 3343 1481 3411 (Job
1503 3361 1666 3413 χχχι,
1687 3343 1776 3412 3‘2)
1796 3359 1807 3398 :
1831 3343 2010 3398 Foris

349 3439 532 3487 autem
566 3448 685 3486 non
712 3432 1020 3486 habitabat
1046 3433 1507 3503 hospes,‘janua
1542 3449 1671 3487 mea
1713 3433 1870 3486 omni
1905 3449 2007 3487 ve-

347 3521 529 3575 nienti
533 3521 828 3593 patebat),
845 3537 1054 3592 aquam
1070 3521 1142 3576 de
1160 3537 1309 3592 aqua
1329 3521 1640 3591 proﬁuenti
1658 3522 1797 3576 dare
1810 3521 2008 3576 lumen

347 3608 410 3664 de
431 3611 657 3665 lumine
677 3609 1023 3664 accendere.
1049 3609 1469 3667 Benevolentia
1493 3609 1687 3682 itaque
1711 3611 1770 3665 in
1800 3611 1895 3665 his
1917 3614 2009 3666 est

409 3754 520 3822 ('69)
543 3753 670 3808 Cie.
701 3751 868 3807 Offic.
890 3753 990 3807 lib.
1028 3770 1088 3821 Il,
1122 3770 1179 3823 p.
1213 3753 1337 3821 384,
1369 3753 1471 3808 lin.
1492 3752 1562 3809 ‘26
1598 3773 1614 3808 :
1655 3774 1682 3804 «
1714 3753 2006 3808 Nimirum

347 3827 491 3878 enim
535 3827 712 3894 inops
764 3825 890 3892 ille,
943 3825 991 3877 si
1038 3825 1232 3879 bonus
1265 3828 1357 3880 est
1387 3826 1494 3893 vir,
1531 3826 1760 3879 etiamsi
1783 3826 2007 3880 referre

347 3897 589 3967 gratiam
621 3912 736 3948 non
767 3899 980 3965 potest,
1016 3895 1234 3950 habere
1268 3900 1426 3951 certe
1461 3900 1676 3968 potest,
1698 3897 2005 3951 commode

347 3972 552 4036 autem,
598 3991 618 4013 ιι
655 3970 767 4021 etc.

411 4040 519 4107 (70)
550 4038 679 4091 Cic.
718 4036 887 4091 OI'Iic.
921 4036 1023 4091 lib.
1056 4055 1094 4106 ι,
1128 4054 1183 4108 ρ.
1207 4038 1330 4101 358,
1367 4038 1469 4093 lin.
1495 4037 1564 4094 46
1597 4052 1609 4094 :
1658 4063 1679 4085 α
1717 4036 2004 4108 Censilia,

349 4123 677 4178 sermones,
711 4108 1171 4179 cohortationes,
1207 4131 1234 4160 »
1255 4114 1366 4164 etc.

415 4179 522 4249 ('il)
562 4178 874 4233 Translata
907 4184 999 4233 est
1027 4178 1162 4233 hare
1201 4179 1491 4235 sententia
1531 4197 1604 4236 ex
1635 4180 1756 4235 Cic.
1799 4181 1899 4236 lib.
1935 4181 2010 4235 de

349 4251 650 4321 Amicitia,
675 4268 731 4321 p.
767 4251 890 4316 4'25,
924 4251 1024 4304 lin.
1053 4251 1138 4318 18,
1174 4251 1272 4305 ubi
1299 4253 1548 4306 habetur
1581 4269 1592 4306 :
1631 4274 1654 4301 «
1682 4253 1875 4307 Solem
1911 4268 2010 4305 en-

352 4319 472 4446 imi:
504 4319 726 4377 mundo
759 4322 961 4376 tollere
987 4323 1236 4392 videtur,
1261 4325 1360 4393 qui
1383 4323 1695 4377 amicitiam
1720 4340 1750 4378 e
1769 4326 1884 4377 vita
1903 4323 2010 4377 tol-

372 4408 442 4445 un
473 4436 484 4446 .
522 4415 548 4443 ι)

372 4408 484 4446 unt.
522 4415 548 4443 ι)

2123 3253 2259 3307 tiam
2292 3253 2566 3322 ﬁliorum,
2586 3254 2989 3309 auctoritatem
3007 3259 3064 3309 et
3083 3255 3356 3324 pietatem
3378 3258 3628 3325 patrum,
3656 3271 3792 3328 ger-

2124 3342 2457 3396 manitatem
2491 3342 2735 3397 fratrum
2777 3343 2891 3397 sibi
2931 3343 3250 3398 vindicant.
3304 3343 3549 3400 Multum
3608 3344 3792 3417 igitur

2124 3432 2195 3486 ad
2229 3430 2639 3486 cumulandam
2669 3435 2895 3503 spectat
2910 3432 3382 3489 benevolentiam
3400 3433 3787 3490 necessitudo

2169 3522 2354 3576 ratiie.

2125 3537 2652 3681 glﬁfhdjuvant
2671 3610 2843 3666 etiam
2874 3611 3104 3682 parium
3134 3611 3330 3668 studia
3346 3611 3626 3668 virtutum
3650 3609 3786 3682 ('76).

2117 3752 2520 3834 percipiendae
2539 3753 2754 3834 gratias
2771 3754 3224 3834 necessitudine
3236 3755 3614 3834 potissimum
3626 3769 3696 3810 ea
3717 3754 3796 3811 sie

2122 3823 2291 3948 gnari
2325 3823 2707 3879 necessitudo
2750 3841 2882 3896 qua;
2919 3826 3071 3881 inter
3101 3823 3468 3882 ordinantem
3497 3830 3673 3898 atque
3703 3841 3791 3881 or-

2163 3895 2402 3948 inatum.
2430 3895 2838 3948 bantizantem.
2871 3901 2928 3948 et
2960 3897 3336 3948 baptizatum.
3365 3915 3474 3948 nec
3492 3913 3610 3948 non
3639 3899 3791 3948 inter

2163 3895 2402 3968 inatum,
2430 3895 2838 3964 baptizantem,
2871 3901 2928 3952 et
2960 3897 3336 3968 baptizatum,
3365 3915 3474 3953 nec
3492 3895 3611 3953 non
3639 3899 3794 3953 inter

2124 3966 2580 4040 ca‘techiza‘ntem
2643 3971 2699 4021 et
2750 3966 3171 4023 catechiza‘tum
3221 3966 3622 4038 contrahitur,
3671 3984 3790 4040 quo

2123 4037 2296 4092 etiam
2330 4037 2537 4091 referri
2583 4041 2778 4107 potest
2814 4055 2948 4109 qua:
2991 4041 3145 4095 inter
3192 4044 3577 4111 susceptores
3609 4037 3791 4111 Iatquo

2123 4113 2440 4182 susceptos
2472 4111 2744 4182 nascitur,
2765 4126 2936 4164 sacra
2969 4114 3265 4182 cognatio.
3307 4113 3566 4177 Quarum
3595 4116 3792 4166 autem

2123 4180 2577 4254 appellationum
2611 4180 2898 4254 Ecclesia:
2930 4180 3188 4237 societas
3211 4183 3504 4254 origoest,
3541 4183 3790 4254 primam

2125 4251 2264 4325 dicit
2295 4253 2699 4325 reverentiam
2719 4251 2990 4325 ﬁliorum.
3011 4270 3126 4325 qua
3149 4251 3424 4308 videlicet
3446 4251 3560 4309 non
3593 4253 3790 4307 solum

2123 4321 2445 4396 Christiani
2487 4322 2812 4396 _laici,_sed
2843 4329 2900 4378 et
2945 4321 3149 4396 clerici
3187 4341 3423 4396 quoque
3470 4325 3788 4396 episcopos

2124 4393 2310 4466 patris
2343 4394 2577 4447 nomine
2608 4394 3034 4466 salutabant,ut
3067 4393 3238 4450 infra.
3261 4393 3388 4465 cap.
3426 4393 3789 4466 41,7beatum

417 4465 523 4533 (72)
550 4464 676 4518 Cic.
712 4463 813 4518 lib.
849 4481 886 4533 ι,
925 4462 1101 4518 OI'I'ic.
1131 4481 1188 4536 p.
1222 4463 1343 4527 358,
1379 4463 1480 4520 lin.
1509 4480 1520 4519 :
1550 4486 1577 4512 ει
1614 4463 1702 4518 Ex
1734 4480 1849 4536 quo
1873 4468 2011 4519 sunt
2042 4469 2093 4528 D
2127 4462 2353 4518 Sixtum
2377 4468 2465 4518 ter
2494 4465 2805 4535 compellat
2848 4482 2913 4520 ea
2948 4462 3195 4520 nomine
3242 4462 3789 4520 sanetus’Lauren-

357 4532 444 4586 illa
499 4532 833 4608 Communia
875 4532 889 4590 ⁷;
930 4553 1046 4589 non
1089 4532 1404 4606 prohibere
1451 4552 1663 4608 aquam
1705 4532 2009 4607 profluen-

357 4608 460 4658 tem
479 4622 496 4678 :7
525 4609 642 4677 pati
674 4605 747 4660 ab
782 4606 939 4678 igne,
974 4628 999 4656 »
1021 4605 1133 4662 etc.

420 4677 526 4744 (73)
567 4679 710 4732 Post
740 4694 944 4746 voces,
989 4678 1236 4732 deferre
1270 4678 1617 4749 hospitium,
1662 4678 1799 4733 edit.
1839 4680 2006 4733 Rom.

355 4749 628 4832 continuo.
644 4749 975 4832 subjungit,
1011 4766 1221 4832 aquam
1240 4749 1313 4804 de
1326 4750 1978 4832 a‘quaproﬂuenti‘durc
1994 4791 2008 4818 ,

357 4814 543 4872 lumen
589 4820 664 4873 de
688 4814 909 4873 lumine
941 4814 1294 4874 accendere.
1349 4814 1563 4874 Verum
1596 4837 1712 4875 non
1745 4823 1890 4875 satis
1931 4814 2012 4873 at?

358 4889 660 4970 tenderunt
690 4891 865 4970 quiei
896 4891 1279 4970 praefuerunt,
1313 4891 1424 4970 viri
1445 4892 1799 4961 doctissimi,
1821 4892 2014 4970 verba

358 4961 479 5025 ista,
521 4961 656 5014 Λόη
701 4961 910 5030 igitur,
947 4966 1079 5030 etc.,
1120 4963 1431 5032 quamdam
1462 4978 1600 5017 esse
1633 4963 2012 5033 parenthesin

356 5044 478 5154 21mg
511 5048 617 5156 per
639 5049 880 5156 caitisam
904 5033 1239 5102 verborum,
1282 5034 1531 5089 deferre
1561 5035 1898 5105 hospitium,
1930 5035 2013 5087 in-

383 5116 440 5153 ro
487 5119 555 5156 uc
589 5120 618 5155 a
649 5119 714 5156 es
735 5144 760 5156 -.

383 5116 618 5156 Γοαιιριθ
649 5116 760 5157 est.

419 5173 526 5240 (Ἠ)
559 5175 695 5247 (lic.
731 5174 911 5247 Offic.
947 5175 1046 5229 lib.
1073 5193 1110 5244 ι,
1136 5192 1270 5247 pag.
1291 5175 1416 5243 857,
1445 5174 1636 5229 lin.3'l
1664 5192 1675 5231 :
1725 5198 1746 5223 α
1788 5174 2013 5246 Optime

357 5249 542 5317 autem
575 5245 832 5299 societas
869 5245 1274 5306 hominumf»
1325 5251 1436 5302 etc.
1474 5247 1646 5314 Item,
1694 5245 1852 5317 pag.’
1877 5248 2011 5315 358,

360 5311 453 5366 lin.
495 5315 556 5368 16
591 5332 602 5370 :
635 5337 654 5363 ι
691 5319 928 5388 Arctior
946 5333 1088 5371 vero
1115 5317 1414 5388 colligatio
1449 5311 1752 5372 societatis
1776 5311 2016 5388 ἶπορίηέ

356 5397 734 5461 quorum...”
767 5387 949 5461 prima
990 5387 1509 5461 .soeietas:in_ipso
1541 5393 1632 5443 est
1662 5387 1966 5461 conjugio,
1987 5410 2013 5439 »

360 5459 462 5578 fite.
514 5458 656 5578 Nect
692 5475 809 5512 non
838 5459 938 5513 lin.
998 5459 1068 5514 40
1123 5475 1135 5514 :
1191 5479 1218 5508 ‹‹
1256 5459 1373 5514 Sed
1423 5461 1477 5514 si
1513 5458 1810 5515 contentio
1850 5458 2017 5532 quae-

395 5541 502 5578 am.
540 5549 566 5577 »
604 5544 633 5578 e
662 5545 712 5578 c-

395 5541 502 5594 am,
540 5549 566 5577 »
604 5533 712 5584 etc.

421 5597 531 5678 (:16)
557 5599 722 5678 Ibid”
758 5615 894 5674 pag.
926 5600 1319 5678 358,1in._‘2_4_:
1357 5622 1384 5652 «
1415 5601 1695 5678 Magnum
1736 5604 1828 5660 est
1862 5601 2019 5659 enim

358 5668 554 5730 eadem
609 5668 866 5755 habere,
903 5693 931 5727 υ
998 5668 1109 5733 etc.
1149 5673 1394 5735 Videtur
1439 5668 1630 5735 autem
1688 5689 1797 5756 per
1833 5689 2016 5740 voces

2125 4537 2264 4618 tius.
2292 4536 2626 4618 secundum
2652 4552 2794 4590 vero
2826 4539 3030 4618 statuit
3060 4537 3471 4618 auctoritatem
3499 4541 3562 4617 et
3592 4538 3790 4618 pieta-

2129 4613 2244 4660 tem
2262 4612 2518 4678 patrum,
2537 4623 2651 4677 qua
2675 4623 2884 4677 nempe
2907 4607 3121 4678 ibidem
3165 4608 3368 4674 Sixtus
3396 4607 3790 4678 vicissimap-

2125 4678 2301 4748 pellat
2334 4677 2732 4745 Laurentium,
2757 4682 2815 4731 et
2860 4677 3215 4732 Ambrosius
3256 4694 3389 4732 cum
3419 4677 3644 4748 passim
3674 4677 3790 4734 hoc

2127 4749 2185 4802 in
2216 4764 2393 4818 opere
2426 4748 2678 4802 clericos
2697 4763 2862 4809 suos,
2895 4753 3016 4802 tum
3045 4749 3186 4802 alibi
3207 4749 3480 4819 pluribus
3513 4751 3664 4804 locis
3687 4766 3790 4804 sa-

2129 4835 2263 4892 cras
2295 4819 2560 4892 virgines
2592 4823 2765 4892 atque
2780 4819 2989 4892 viduas
3005 4819 3157 4874 ﬁlias
3177 4821 3456 4887 nominat,
3481 4822 3638 4892 quod
3667 4823 3795 4892 qui-

2129 4891 2259 4944 dem
2292 4906 2408 4944 non
2440 4891 2636 4962 minus
2666 4891 2900 4960 pietatis
2934 4906 3071 4962 esse
3102 4908 3276 4962 quam
3307 4891 3791 4962 auctoritatis’ip-

2130 4965 2316 5034 semet
2344 4961 2492 5014 satis
2516 4961 2802 5034 indicavit
2820 4977 2946 5031 cap,
2980 4961 3033 5034 ’7,
3055 4961 3167 5034 ubi
3199 4963 3313 5017 ait:
3349 4986 3370 5010 «
3409 4963 3616 5034 Neque
3633 4961 3792 5018 enim

2129 5033 2325 5107 minus
2358 5048 2466 5107 vos
2497 5033 2702 5107 diligo,
2736 5049 2887 5107 quos
2921 5035 2978 5086 in
3024 5033 3345 5107 Evangelia
3376 5033 3583 5107 genui,
3615 5050 3794 5105 quam

2130 5105 2184 5156 si
2214 5103 2271 5155 in
2319 5102 3074 5174 conjugio’suscepissem,
3111 5130 3132 5152 υ
3171 5102 3281 5159 etc.
3318 5102 3515 5160 Tertio
3556 5102 3793 5159 demum

2129 5175 2261 5247 loco
2303 5181 2758 5247 germanitatem
2790 5176 3045 5229 fratrum
3069 5177 3334 5235 collocat.
3362 5193 3478 5247 quo
3503 5175 3793 5231 vocabulo

2130 5246 2353 5316 primos
2385 5245 2756 5300 Christianos
2788 5247 3075 5300 nominari
3109 5245 3500 5302 consuevisse
3536 5263 3612 5302 ex
3641 5249 3794 5302 bene

2131 5316 2331 5371 multis
2365 5317 2972 5388 intelligiturActuum
3025 5319 3450 5388 apostolorum,
3485 5319 3796 5374 canonica-

2132 5403 2380 5458 rumque
2414 5388 2795 5459 epistolarum
2828 5389 2996 5443 locis.

2205 5457 2316 5530 (ηδ)
2349 5457 2470 5514 Cic:
2509 5459 2676 5514 Oflic.
2703 5459 2803 5513 lib.
2846 5478 2881 5528 ι,
2913 5477 2968 5530 ρ.
3001 5459 3127 5528 358,
3151 5459 3252 5515 lin.
3277 5461 3381 5516 25:
3418 5480 3444 5510 «
3479 5460 3592 5516 Sed
3616 5457 3799 5530 omni-

2133 5527 2230 5604 um
2252 5527 2598 5604 societatum
2614 5530 2778 5585 nulla
2794 5527 3173 5604 praestantior
3192 5535 3306 5604 est,
3336 5555 3357 5582 η
3377 5535 3488 5590 etc.
3530 5530 3671 5586 Item
3689 5527 3800 5587 lin.

2133 5603 2204 5663 30
2235 5617 2248 5662 :
2281 5601 2460 5663 Nihil
2475 5607 2667 5668 autem
2691 5607 2783 5662 est
2798 5601 3135 5680 amabilius,
3165 5607 3278 5664 etc.
