4002 6150
282 230 367 296 79
1766 226 1811 291 S
1853 226 2298 296 AMBROSII.
3652 224 3733 299 80

288 431 597 506 Siquidem
637 428 1050 486 benevolentia
1096 429 1270 485 etiam
1299 443 1528 485 morum
1574 427 1714 483 facit
1743 426 1950 483 simili-
1981 408 2042 472 Α
2070 428 2187 502 ('79)
2207 431 2410 502 gratas
2440 444 2600 501 esse,
2632 445 2766 502 qua
2795 429 3037 487 aculeos
3057 429 3295 502 habent,
3326 430 3591 488 dolorem
3612 446 3729 488 non

283 518 569 576 tudinem.
604 519 869 591 Denique
899 518 1186 575 Jonathas
1220 518 1379 573 filius
1419 518 1582 591 regis
1619 517 1953 573 imitabatur

288 611 478 665 sancti
511 608 696 663 David
727 608 1271 678 mansuetudinem,
1290 610 1532 679 propter
1551 607 1709 679 quod
1738 607 1956 679 dilige-

284 698 385 754 bat
408 712 543 753 eum
575 696 637 767 (Ι
656 698 807 770 Reg.
830 714 956 767 xxx,
989 694 1022 752 2
1054 702 1112 752 et
1130 697 1300 770 seq.).
1322 696 1490 752 Unde
1511 699 1568 750 et
1587 696 1732 751 illud
1766 712 1779 751 :
1817 694 1959 752 Cum

285 791 492 843 sancto
519 792 765 841 sanctus
806 787 935 841 eris
963 785 1156 855 (Psal.
1191 803 1338 856 xvn,
1360 783 1476 856 29),
1512 800 1631 840 non
1663 784 1858 840 solum
1886 784 1962 839 ad

287 876 804 931 conversationem
836 875 1101 947 videtur,
1135 875 1242 930 sed
1288 874 1461 929 etiam
1495 874 1569 929 ad
1598 873 1963 929 benevolen-

288 965 427 1019 tiam
461 964 847 1045 derivandum
876 963 1130 1020 videtur.
1174 963 1325 1019 Nam
1354 962 1557 1035 utique
1609 967 1666 1018 et
1698 962 1805 1017 lilii
1834 962 1964 1018 Noe

288 1053 467 1109 simul
497 1052 860 1125 habitabant,
881 1056 937 1108 et
958 1069 1074 1108 non
1099 1056 1225 1109 erat
1254 1053 1314 1107 in
1335 1052 1432 1107 his
1463 1068 1695 1108 morum
1724 1066 1966 1107 concor-

287 1142 383 1197 dia
414 1139 590 1211 (Gen.
612 1158 695 1213 ιχ,
719 1134 789 1196 22
822 1148 881 1196 et
909 1141 1082 1215 seq.).
1108 1141 1467 1196 Habitabant
1496 1141 1669 1197 etiam
1697 1141 1758 1196 in
1787 1140 1962 1197 domo

290 1230 482 1302 patria
516 1230 676 1285 Esau
708 1233 764 1284 et
793 1228 998 1300 Jacob,
1033 1230 1141 1286 sed
1171 1230 1592 1303 discrepabunt
1622 1230 1798 1301 (Gen.
1818 1246 1960 1299 xxv,

285 1319 401 1392 27).
436 1319 572 1374 Non
607 1318 766 1374 enim
799 1322 925 1375 erat
954 1320 1368 1375 benevolentia
1399 1319 1554 1375 inter
1584 1335 1691 1374 eos
1712 1336 1845 1391 qua
1875 1320 1963 1373 si-

287 1408 350 1463 bi
380 1408 691 1480 praeferret
711 1408 959 1463 alterum
1036 1409 1183 1465 :sed
1216 1409 1409 1481 magis
1448 1408 1777 1479 contentio,
1826 1425 1960 1480 qua

284 1497 635 1569 praeriperet
660 1496 1135 1552 benedictionem
1167 1496 1346 1568 (Gen.
1386 1515 1572 1567 xxvn,
1596 1495 1662 1552 14
1691 1503 1751 1554 et
1782 1499 1954 1570 seq.).

286 1578 440 1632 Nam
470 1593 604 1632 cum
635 1577 783 1631 alter
818 1577 1154 1649 pradurus,
1188 1577 1336 1632 alter
1374 1580 1721 1632 mansuetus
1770 1581 1953 1648 esset,
1988 1611 2044 1676 Β

286 1667 440 1722 inter
461 1666 735 1736 dispares
768 1681 989 1737 mores,
1026 1670 1084 1721 et
1114 1666 1308 1721 studia
1340 1666 1816 1739 compugnantia,
1846 1666 1956 1721 be-

286 1755 622 1812 nevolentia
652 1769 793 1811 esse
815 1771 935 1810 non
952 1758 1201 1826 poterat.
1235 1756 1402 1810 Adde
1434 1755 1569 1827 quia
1592 1758 1835 1810 sanctus
1865 1754 1956 1810 Ja-

288 1845 400 1901 cob
432 1848 697 1916 paternae
746 1844 818 1900 de
864 1859 1148 1918 generem
1187 1845 1399 1901 domus
1436 1844 1634 1900 virtuti
1670 1843 1955 1916 praeferre

298 1950 424 1989 non
446 1936 693 2005 poterat.
1190 1924 1202 1939 ’

358 2020 483 2079 1Ἶ2.
526 2022 688 2077 Nihil
729 2026 924 2078 autem
970 2025 1087 2079 tam
1136 2021 1536 2079 consociabile
1582 2023 1725 2093 (Ti),
1778 2038 1954 2094 quam

285 2127 422 2167 cum
450 2108 726 2184 aquita’te
752 2111 985 2185 justitia
1020 2127 1033 2167 :
1069 2128 1201 2184 qua
1240 2112 1401 2167 velut
1440 2128 1679 2183 compar
1708 2115 1764 2167 et
1790 2112 1954 2167 socia

298 2234 303 2239 -
363 2202 460 2266 46
502 2209 1093 2278 benevolentiti,facit
1139 2213 1200 2263 ut
1230 2225 1335 2264 eos
1367 2225 1519 2282 quos
1568 2224 1743 2279 pares
1777 2209 1951 2264 nobis

286 2299 586 2356 credimus
608 2341 622 2369 ,
667 2294 1008 2371 diligamus.
1053 2297 1245 2353 Habet
1274 2302 1468 2353 autem
1499 2299 1558 2352 in
1597 2314 1665 2353 se
1695 2297 1952 2354 benevo-

282 2390 483 2461 lentia,
518 2388 693 2444 etiam
711 2386 1139 2458 fortitudinem;
1162 2402 1298 2441 nam
1321 2403 1454 2442 cum
1471 2387 1723 2442 amicitia
1753 2403 1829 2443 ex
1848 2387 1951 2444 be-

282 2477 636 2535 nevolentia
666 2476 826 2531 fonte
847 2475 1161 2547 procedat,
1204 2491 1322 2530 non
1352 2475 1577 2531 dubitat
1613 2493 1720 2547 pro
1758 2478 1949 2532 amico

283 2568 489 2642 gravia
512 2569 649 2621 vitae
688 2565 985 2620 sustinere
1016 2564 1278 2636 pericula
1311 2580 1324 2620 :
1361 2564 1441 2619 Et
1480 2566 1537 2619 si
1573 2565 1725 2620 mala
1769 2566 1945 2634 mihi,

283 2656 495 2729 inquit,
531 2654 847 2711 evenerint
873 2670 990 2727 per
1033 2653 1221 2726 illum,
1254 2654 1523 2710 sustineo
1552 2654 1765 2726 (Eccli.
1788 2672 1946 2727 χχιι,

281 2746 376 2817 31)
385 2787 400 2802 ’
764 2878 767 2881 η
843 2813 1096 2870 CAPUT
1126 2814 1388 2870 xxxxv.

289 2906 431 2962 Alia
463 2903 737 2961 nonnulla
766 2903 1200 2959 benevolentia
1218 2904 1510 2960 commoda
1528 2911 1949 2991 memorantur.

2069 518 2312 575 habent.
2338 518 2805 592 Compungimur
2824 520 2979 575 enim
3002 521 3296 576 censoriis
3325 521 3726 591 sermonibus,

2068 607 2178 663 sed
2207 608 2640 664 benevolentia
2661 608 3022 664 delectamur
3042 608 3372 666 sedulitate.

2141 696 2243 752 174
2274 698 2365 751 Ad
2393 713 2705 769 summam,
2752 714 2870 754 non
2919 698 3195 754 omnibus
3241 698 3449 775 eadem
3494 713 3732 770 semper

2071 784 2268 841 ofﬁcia
2297 786 2589 842 debentur
2607 786 2742 859 (80),
2768 802 2880 843 nec
2908 802 3298 859 personarum
3328 802 3587 859 semper,
3622 788 3730 843 sed

2066 875 2415 948 plerumque
2428 890 2743 931 causarum
2754 879 2812 931 et
2826 878 3153 947 temporum
3170 876 3548 948 pralationes
3568 878 3729 947 sunt,

2067 966 2131 1019 ut
2146 965 2409 1020 vicinum
2437 964 2573 1037 quis
2603 963 2899 1020 interdum
2930 965 3123 1037 magis
3153 981 3329 1037 quam
3360 964 3601 1021 fratrem
3628 964 3731 1020 ad-

2063 1052 2306 1126 juverit.
2338 1052 2625 1119 Quoniam
2655 1056 2713 1108 et
2740 1052 3017 1110 Salomon
3048 1053 3225 1110 dicit:
3257 1054 3480 1111 Melior
3500 1054 3733 1110 vicinas

2070 1141 2132 1196 in
2148 1141 2444 1214 proximo,
2484 1158 2651 1215 quam
2672 1141 2873 1197 frater
2891 1142 3066 1215 longe
3094 1142 3377 1198 habitans
3404 1141 3583 1213 (Ibid.
3617 1140 3727 1212 10).

2070 1228 2285 1287 Etideo
2315 1231 2664 1303 plerumque
2698 1231 2872 1286 amici
2902 1246 2969 1287 se
3016 1231 3448 1288 benevolentia
3476 1231 3733 1303 quisque

2069 1319 2408 1389 committit,
2477 1335 2654 1392 quam
2719 1319 2923 1375 fratris
2979 1320 3427 1377 necessitudini.
3484 1320 3734 1374 Tantum

2068 1408 2225 1465 valet
2278 1408 2712 1481 benevolentia,
2753 1413 2816 1464 ut
2856 1409 3203 1482 plerumque
3246 1411 3499 1483 pignora
3533 1409 3733 1464 vincat

2071 1502 2315 1555 natura.

2639 1586 2894 1642 CAPUT
2920 1586 3162 1643 XXXV.

2071 1714 2161 1770 Do
2181 1711 2558 1782 fortitudine,
2584 1728 2710 1783 qua
2721 1711 3020 1784 dividitur
3039 1709 3414 1784 inbellicamg
3434 1715 3607 1784 atque
3632 1709 3733 1784 do-

2140 1785 2451 1840 mesticam
2471 1799 2485 1838 :
2493 1782 2747 1855 primam
2769 1783 3152 1855 sinejustitia
3182 1787 3241 1855 et
3256 1782 3580 1855 prudentia
3601 1783 3730 1836 vir-

2144 1862 2326 1910 tutem
2370 1852 2662 1935 non—esse
2690 1873 2707 1908 :
2737 1852 2988 1909 alteram
3024 1852 3282 1909 maxime
3312 1854 3375 1908 in
3413 1853 3732 1910 tolerantia

2142 1941 2279 1982 esse
2305 1931 2582 1997 positam.
2868 1952 2869 1955 η

2143 2032 2266 2088 175.
2299 2030 2457 2087 Satis
2490 2030 2733 2101 copiose
2758 2028 3012 2101 justitia
3039 2030 3172 2087 loco
3200 2029 3438 2087 honesti
3465 2034 3735 2087 naturam

2070 2124 2127 2177 et
2147 2122 2267 2175 vim
2288 2120 2694 2175 tractavimus.
2729 2119 2903 2174 Nunc
2933 2119 3005 2174 de
3026 2118 3368 2176 fortitudine
3415 2123 3736 2176 tractemus

2070 2210 2202 2282 (8t),
2236 2225 2370 2281 qua
2398 2209 2561 2263 velut
2590 2207 2890 2263 excelsior
2936 2208 3191 2278 cateris,
3236 2209 3517 2264 dividitur
3542 2210 3603 2264 in
3630 2223 3732 2265 res

2068 2300 2317 2355 bellicas
2340 2301 2398 2353 et
2428 2298 2808 2353 domesticas.
2842 2297 2960 2353 Sed
2978 2297 3325 2353 bellicarum
3362 2314 3563 2354 rerum
3601 2301 3733 2353 stu-

2069 2390 2229 2445 dium
2249 2405 2282 2443 a
2312 2390 2517 2443 nostro
2540 2384 2735 2442 officio
2751 2385 2876 2457 jam
2892 2385 3147 2442 alienum
3174 2387 3273 2451 47
3310 2386 3562 2457 videtur,
3595 2386 3733 2459 quia

2074 2477 2461 2550 animimagis
2494 2491 2668 2548 quam
2691 2475 2961 2546 corporis
2982 2474 3182 2531 ofﬁcio
3203 2475 3563 2532 intendimus
3588 2490 3601 2531 :
3623 2490 3735 2531 nec

2066 2569 2140 2624 ad
2162 2583 2323 2623 arma
2338 2566 2459 2639 jam
2482 2567 2709 2638 spectat
2728 2580 2876 2619 usus
2892 2567 3116 2636 noster,
3139 2565 3247 2620 sed
3266 2565 3339 2619 ad
3360 2564 3525 2636 pacis
3545 2579 3737 2637 nego-

2068 2660 2167 2713 tia.
2200 2655 2463 2728 Maiores
2491 2657 2685 2710 autem
2712 2653 2921 2725 nostri,
2972 2658 3037 2709 ut
3072 2654 3255 2710 Jesus
3299 2654 3484 2724 Nave,
3520 2654 3736 2709 Hiero-

2070 2746 2225 2817 baal,
2260 2744 2531 2810 Samson,
2548 2743 2755 2814 David,
2781 2759 3072 2799 summam
3094 2742 3278 2799 rebus
3306 2757 3545 2816 quoque
3575 2742 3743 2798 helli-

2073 2836 2162 2891 cis
2194 2834 2449 2890 retulere
2491 2833 2763 2906 gloriam.

2142 2923 2267 2997 176,
2293 2923 2400 2978 Est
2420 2924 2616 2995 itaque
2651 2921 2931 2977 fortitudo
2969 2921 3124 2977 velut
3152 2920 3734 2991 excelsiorcateris,

358 2994 481 3050 1'73.
508 2994 927 3050 Benevolentia
942 2995 1115 3048 etiam
1129 2994 1390 3066 gladium
1414 2994 1734 3050 iracundia
1765 2985 1955 3051 extor-
1984 2985 2037 3050 Ο
2072 3014 2180 3070 sed
2209 2985 2505 3085 nimquam
2518 2985 2867 3067 ἶηοοωίωια
2892 3011 3085 3066 virtus
3112 3027 3126 3082 ς
3150 3026 3268 3066 non
3288 3011 3445 3067 enim
3472 2985 3739 3081 δείρεειηί

283 3100 470 3158 quere
509 3085 839 3139 consuevit.
865 3083 1283 3139 Benevolentia
1334 3082 1471 3137 facit
1507 3086 1568 3138 ut
1603 3085 1775 3140 amici
1824 3086 1953 3140 vul-

284 3189 429 3231 nera
476 3174 644 3228 utilia
689 3188 865 3245 quam
926 3171 1257 3227 voluntaria
1296 3172 1520 3226 inimici
1572 3174 1777 3228 Oscula
1832 3175 1954 3230 sint

286 3263 495 3334 (Prov.
529 3279 715 3333 xxvii,
740 3263 817 3333 6).
840 3261 1257 3317 Benevolentia
1282 3261 1439 3332 facit,
1473 3266 1534 3317 ut
1556 3278 1712 3318 unus
1760 3262 1953 3318 flatex

286 3352 560 3425 pluribus
593 3352 708 3423 (78)
735 3367 749 3423 ;
782 3351 1059 3423 quoniam
1096 3351 1149 3406 si
1183 3351 1386 3422 plures
1416 3352 1591 3406 amici
1621 3352 1758 3422 sint,
1798 3369 1952 3409 unus

287 3442 456 3512 fiunt,
493 3441 553 3496 in
577 3440 796 3512 quibus
818 3456 974 3495 unus
997 3440 1243 3511 spiritus
1280 3443 1337 3496 et
1365 3456 1480 3495 una
1520 3441 1808 3496 sententia
1838 3446 1951 3499 est.

288 3514 476 3569 Simul
524 3512 887 3567 advertimus
935 3512 1109 3566 etiam
1141 3512 1547 3582 correptiones
1593 3514 1655 3567 in
1701 3513 1955 3569 amicitia

360 3656 474 3736 ('77)
499 3654 620 3736 (lic.
659 3653 962 3736 Offic.‘lib.
997 3671 1047 3736 ι,
1068 3651 1297 3736 ῃβὸἱξε
1330 3674 1366 3736 ᾳ.
1391 3654 1461 3709 Et
1482 3672 1959 3736 quanquampm.

290 3726 387 3785 nis
419 3727 611 3852 virtus
644 3742 757 3781 nos
786 3727 859 3781 ad
901 3741 969 3781 se
996 3726 1198 3796 allicit,
1234 3726 1585 3798 facitque’ut
1608 3726 1713 3783 eos
1745 3728 1960 3801 diliga-

290 3816 447 3852 mus.
485 3822 507 3847 »
544 3814 575 3852 e
604 3814 657 3852 c.

395 3816 447 3852 8.
485 3822 507 3847 »ι
544 3814 657 3852 etC.

289 3816 678 3994 ωιξῗέ)”ιιῗῖξῖ,
727 3868 831 3923 lin.
855 3868 926 3923 32
959 3885 972 3924 :
1001 3890 1024 3920 ι
1046 3868 1433 3941 Efﬁciturque
1462 3869 1520 3923 id
1550 3870 1709 3942 quod
1740 3870 1960 3943 Pytha-

294 3960 494 3994 noras.
525 3960 547 3990 θ
573 3957 605 3994 8
633 3958 685 3994 Ο.

336 3960 494 3999 oras.
525 3960 547 3990 θ
573 3957 685 3995 θῐΟ.

291 3960 494 4016 goras,
525 3960 547 3990 ι»
573 3960 685 3995 8w.

320 4036 321 4039 η
364 4014 482 4087 ('79)
505 4011 685 4087 lbid.,
710 4011 813 4066 lin.
834 4010 906 4087 46
938 4025 950 4066 ε
988 4031 1015 4061 ‹‹
1048 4011 1345 4066 Interdum
1384 4012 1557 4067 etiam
1588 4012 1960 4087 objurgatio-

293 4101 403 4141 nes
426 4083 486 4137 in
516 4084 747 4147 amicis,
788 4103 808 4131 ι»
847 4085 959 4136 etc.

366 4156 480 4225 (80)
504 4153 673 4221 lbid.,
708 4153 812 4207 lin.
845 4154 913 4207 43
940 4168 953 4208 :
981 4153 1147 4209 «Sed
1171 4154 1268 4208 his
1298 4155 1574 4210 omnibus
1606 4155 1823 4211 officiis
1855 4157 1961 4212 tri-

292 4225 570 4283 buendis.
600 4246 621 4273 ιι
649 4228 760 4279 etc.

370 4299 484 4366 (81)
515 4296 687 4365 Ibid,.
719 4312 857 4367 pag.
891 4295 1017 4365 359,
1050 4295 1152 4351 lin.
1187 4296 1248 4351 11
1287 4312 1305 4367 εν
1339 4318 1362 4345 α
1389 4296 1841 4367 Intelligendum
1871 4301 1964 4353 est

294 4374 512 4439 autem,
539 4383 672 4422 cum
706 4366 1029 4437 preposita,
1056 4388 1082 4417 »
1115 4372 1225 4421 etc.
1276 4366 1446 4439 Quod
1478 4366 1834 4424 Ambrosius
1865 4386 1963 4424 ar-

295 4456 529 4497 morum
560 4440 970 4494 tractationem
992 4439 1228 4493 clericis
1269 4438 1530 4493 illicitam
1563 4456 1701 4494 esse

299 4514 484 4575 ciens,
511 4510 852 4581 particulam
861 4510 989 4581 jam
1029 4509 1214 4564 semel
1236 4514 1292 4564 et
1314 4511 1525 4564 iterum
1546 4511 1641 4565 hic
1665 4509 1960 4582 adhibeat,

298 4582 673 4654 manifestum
707 4585 797 4636 est
831 4581 948 4654 hoc
984 4581 1157 4635 modo
1190 4596 1297 4654 eos
1319 4581 1606 4654 distingui
1635 4583 1728 4637 vel
1760 4583 1832 4636 ab
1855 4599 1960 4637 an-

298 4654 447 4724 tiqui
471 4653 712 4725 foederis
746 4652 1158 4725 sacerdotibus
1182 4669 1249 4725 ac
1282 4652 1755 4725 Levitis'quibus
1803 4670 1964 4709 arma

300 4725 458 4781 ferre
477 4724 646 4797 nefas
676 4739 793 4797 non
812 4730 954 4791 erat,
979 4724 1072 4797 vel
1105 4724 1300 4793 potius
1330 4741 1363 4777 a
1386 4724 1567 4797 laicis;
1583 4724 1962 4797 Christianis,

342 4812 453 4852 uos
485 4795 722 4865 quidem
746 4795 1102 4866 Evangelica
1127 4797 1223 4849 lex
1245 4811 1361 4849 non
1381 4795 1656 4865 prohibet
1672 4812 1705 4848 a
1735 4795 1961 4851 militia.

326 4866 538 4922 Scimus
568 4871 762 4921 tamen
792 4867 1102 4920 Erasmum
1139 4866 1369 4921 traduci
1408 4883 1440 4920 a
1488 4867 1658 4922 Sixto
1697 4867 1834 4921 Sen.
1859 4868 1961 4922 lib.

296 4956 357 4993 Vl
387 4937 727 4999 Bibliolh,..
760 4940 959 4990 annot.
985 4936 1107 5003 156,
1134 4953 1242 4990 nec
1263 4954 1382 4992 non
1406 4938 1479 4993 ab
1503 4938 1637 4992 aliis
1661 4939 1962 5007 nonnuli‘s,

343 5011 471 5066 uasi
499 5011 561 5064 in
593 5010 724 5063 suis
756 5011 971 5062 Annot.
1004 5007 1062 5058 in
1085 5022 1210 5077 cap.
1238 5025 1295 5074 ιι,
1321 5010 1574 5063 maxime
1595 5026 1737 5065 vero
1761 5010 1821 5063 in
1841 5026 1965 5063 χχιι

276 5078 527 5152 'Evang.
564 5080 890 5152 secundum
924 5079 1143 5131 Lucam
1174 5078 1425 5152 voluerit
1444 5080 1669 5134 licitum
1704 5096 1815 5135 non
1831 5096 1966 5135 esse

302 5150 674 5208 Christianis
722 5150 941 5204 bellum
990 5164 1242 5222 gerere;
1282 5150 1670 5222 adversaeque
1702 5152 1965 5222 opinioni

298 5227 496 5279 notam
515 5223 801 5275 inusserit
818 5221 1153 5291 impietatis.
1178 5219 1392 5273 Verum
1408 5219 1693 5288 ispseinet
1714 5219 1788 5276 ita
1804 5240 1964 5278 men-

295 5298 417 5350 tem
437 5292 691 5361 explicat
720 5290 915 5360 suam,
933 5297 995 5346 ut
1025 5290 1153 5345 sola
1183 5290 1651 5345 Christianorum
1672 5294 1734 5346 in
1751 5294 1962 5349 Chris—

295 5368 493 5422 tianos
516 5362 671 5417 bella
704 5364 937 5433 penitus
974 5363 1228 5430 damnet,
1261 5362 1731 5416 Christianorum
1769 5368 1963 5420 autem

297 5441 504 5494 contra
527 5434 824 5489 Barbaros
861 5437 1105 5489 eatenus
1141 5434 1295 5488 dicat
1327 5447 1393 5487 se
1453 5434 1781 5504 approbare
1829 5451 1963 5491 cum

298 5507 641 5577 Ambrosio,
675 5509 736 5561 ut
766 5504 941 5560 simul
980 5505 1290 5577 admoneat
1328 5504 1457 5577 hac
1503 5506 1645 5577 ipsa,
1690 5505 1960 5577 puritatis

299 5575 672 5664 evangelica.
691 5593 810 5664 non
840 5591 1001 5633 esse.
1034 5575 1304 5664 A‘lt‘amren
1335 5575 1448 5631 hoc
1477 5591 1596 5632 non
1633 5575 1961 5664 ita‘habere

299 5651 396 5731 vel
427 5645 563 5711 hinc
592 5648 893 5733 intelligas
934 5648 1092 5731 quod
1120 5646 1184 5709 hi
1211 5645 1467 5708 Cesares
1494 5663 1647 5729 quos
1678 5648 1753 5708 ob
1787 5653 1960 5729 gesta

1743 4422 1962 4510 paea-
1989 4422 2047 4486 D

2074 3103 2383 3160 committit
2412 3101 2529 3157 sibi
2554 3117 2565 3157 :
2591 3101 2852 3172 alioquin
2891 3099 3172 3155 fortitudo
3204 3100 3335 3155 sine
3363 3099 3596 3172 justitia
3624 3099 3739 3154 ini-

2071 3194 2315 3267 quitatis
2342 3192 2587 3246 materia
2616 3193 2709 3245 est
2729 3189 2861 3260 (82).
2892 3188 3020 3255 Quo
3052 3190 3209 3245 enim
3245 3189 3499 3244 validior
3525 3191 3637 3259 est,
3664 3202 3738 3244 eo

2112 3281 2401 3353 romptior
2431 3283 2494 3353 ut
2521 3279 3182 3353 inferioremmpprimat
3200 3294 3372 3353 ;gcum
3389 3278 3451 3333 in
3470 3277 3629 3353 ipsis
3650 3293 3743 3332 re-

2112 3300 2401 3353 rompuor
2431 3300 2494 3335 ιιι
2521 3300 3215 3349 mxerioremmpprlmm;
3237 3300 3372 3334 cum
3389 3300 3451 3333 in
3470 3300 3620 3349 ipsis
3650 3300 3743 3332 re-

2068 3300 2187 3410 Bus
2205 3351 2437 3479 bellicis
2454 3351 2617 3424 justa
2646 3350 2803 3406 bella
2831 3366 2907 3405 an
2928 3350 3152 3423 injuste
3178 3351 3315 3419 sint,
3349 3349 3743 3421 spectandum

2072 3431 2208 3481 nute
2238 3441 2327 3479 ur.
3684 3444 3691 3447 -

2071 3443 2327 3498 putetur.

2145 3515 2266 3570 177.
2302 3512 2620 3585 Nunquam
2658 3511 2845 3566 David
2892 3510 3012 3566 nisi
3049 3510 3370 3566 lacessitus
3406 3509 3626 3566 bellum
3656 3509 3746 3566 in-

2071 3656 2228 3713 bella
2245 3655 2516 3711 laudatos
2545 3654 2618 3709 ab
2650 3652 2992 3708 Ambroisio
3030 3652 3317 3708 Erasmus
3356 3654 3575 3722 narrat,
3618 3668 3743 3709 non

2074 3743 2282 3785 omnes
2312 3741 2553 3797 semper
2573 3739 2917 3797 pugnavere
2950 3728 3151 3797 contra
3168 3724 3483 3797 Barbaros.
3507 3722 3744 3797 Etenim

2074 3801 2176 3872 qui
2206 3802 2360 3872 inter
2379 3795 2513 3872 illos
2536 3795 3134 3872 principesﬂordinem
3158 3795 3318 3872 ducit
3337 3795 3741 3872 Theodosius,

2074 3866 2231 3927 bello
2254 3866 2573 3924 Maximum
2605 3871 2779 3938 atque
2828 3866 3163 3939 Eugenium
3191 3870 3494 3939 tyrannos,
3525 3866 3746 3939 Chris-

2075 3944 2269 4020 tianos
2291 3946 2505 4020 tamen,
2538 3942 2629 3994 est
2659 3937 3034 4020 persecutus.
3052 3937 3140 4020 “Et
3161 3937 3501 4020 certe‘infra
3522 3937 3639 4020 lib.‘
3654 3954 3741 4007 ιιι,

2077 4030 2204 4085 cap.
2237 4014 2290 4082 3,
2324 4008 2545 4067 bellum
2566 4028 2598 4064 a
2620 4025 2687 4064 se
2710 4024 2828 4063 non
2859 4009 3180 4079 improbari
3210 4008 3271 4063 S.
3306 4008 3523 4063 Doctor
3547 4008 3747 4078 palam

2075 4086 2313 4154 indicat,
2347 4084 2446 4137 ubi
2467 4083 2545 4136 ait
2578 4097 2590 4137 :
2629 4101 2656 4130 «
2686 4080 2833 4154 Cum
2864 4080 3195 4151 gloriosum
3224 4080 3541 4154 unicuique
3563 4080 3748 4133 duca-

2077 4161 2192 4226 tur,
2227 4156 2280 4210 si
2300 4151 2584 4225 periculis
2615 4151 2876 4226 propriis
2891 4155 3117 4226 quaret
3137 4151 3554 4226 universorum
3575 4154 3747 4226 tran-f

2079 4221 2449 4300 quillitatem,
2480 4246 2501 4300 ξ
2527 4221 2640 4300 etc.
2664 4222 2831 4300 Quod
2863 4221 3045 4300 igitur
3066 4225 3312 4300 sanctus
3327 4222 3619 4300 Martinus

2078 4291 2332 4369 primum
2360 4291 2733 4369 Christianus
2793 4291 3001 4369 factus
3020 4297 3131 4362 est,
3174 4292 3465 4369 militiam,
3491 4291 3749 4369 S_ulpit_i_o

2078 4362 2300 4425 Severo
2331 4372 2515 4433 teste,
2549 4366 2825 4420 abdicare
2870 4364 3161 4446 cogitans,
3191 4387 3212 4410 α
3248 4363 3494 4446 Christi,
3529 4362 3745 4443 inquit,

2079 4456 2191 4514 ego
2211 4452 2664 4520 sumhpugnare
2687 4434 2979 4518 nonmihi
3016 4435 3193 4517 licet;
3221 4454 3243 4483 ι
3278 4434 3392 4517 hoc
3426 4434 3499 4488 ad
3535 4434 3751 4505 singu-

2076 4514 2258 4567 larem
2288 4512 2541 4586 Spiritus
2565 4511 2752 4563 sancti
2799 4505 3137 4586 impulsum,
3163 4506 3481 4586 quoniam}
3516 4507 3753 4586 perfec-

2076 4586 2194 4638 tius
2218 4576 2543 4638 vocabatur
2562 4578 2866 4651 pugnandi
2891 4593 3111 4651 genus,
3142 4576 3357 4651 referri
3378 4576 3572 4651 debet.
3589 4576 3751 4651 Hinc

2077 4659 2169 4709 est
2190 4655 2345 4726 quod
2369 4647 2782 4726 imperatores,
2803 4647 3057 4720 qui'suis
3089 4648 3548 4726 edictisﬁmilites
3567 4647 3753 4726 spiri-

2075 4726 2172 4780 tali
2207 4718 2316 4779 hac
2339 4718 2541 4777 militia
2575 4718 2952 4785 interdixere,
2984 4736 3017 4773 a
3048 4719 3272 4773 sanctis
3294 4719 3567 4774 Pati-ibus
3597 4718 3754 4772 libe-

2076 4797 2203 4851 rius
2237 4794 2537 4871 objurgati
2567 4797 2725 4871 sunt.
2753 4791 2913 4849 Alias
2936 4794 3067 4844 aute
3090 4792 3238 4871 meis
3257 4790 3360 4871 qui
3381 4788 3616 4843 Christo
3646 4804 3753 4844 no-

2076 4884 2209 4921 men
2237 4861 2582 4934 dedissent,
2633 4865 2885 4918 liberum
2929 4877 3176 4934 semper
3204 4861 3396 4915 fuisse
3444 4876 3752 4934 armorum

2076 4955 2251 4992 usum
2274 4939 2365 4993 vel
2401 4938 2515 4991 hoc
2544 4930 2781 5003 evincit,
2820 4934 2977 5004 quod
3009 4930 3217 5003 primis
3248 4930 3613 5003 temporibus
3645 4946 3751 5004 re-

2078 5010 2213 5063 ferti
2243 5013 2407 5064 erant
2429 5007 2714 5061 militibus
2746 5003 3088 5059 christianis
3110 5004 3408 5057 exercitus
3432 5004 3604 5056 etiam
3626 5003 3755 5057 eth-

2076 5083 2343 5135 nicorum
2393 5080 2832 5149 imperatorum.
2876 5074 3476 5149 VideTertullianum
3506 5074 3581 5127 de
3628 5073 3752 5149 Go-

2077 5168 2222 5207 rona
2245 5146 2630 5220 militisfcap.
2667 5150 2731 5203 1Ἶ
2759 5164 2773 5217 ;
2805 5149 2959 5218 Aug.
2994 5147 3068 5220 de
3099 5146 3230 5220 Lib.
3255 5146 3482 5220 4rbit.,
3510 5160 3641 5216 cap.
3674 5147 3753 5211 5,-

2079 5239 2259 5278 serm.
2292 5222 2416 5290 303,
2437 5223 2507 5276 de
2538 5216 2596 5276 S'.
2625 5216 2978 5287 Laurentio;
3012 5218 3085 5272 de
3108 5217 3236 5272 Civ.
3263 5217 3379 5290 Dei
3406 5216 3577 5290 lib._1,
3613 5232 3746 5286 cap.

2078 5295 2175 5421 ξίῤ
2204 5298 2260 5349 et
2289 5288 2431 5423 aliiobi
2463 5292 2734 5364 pluribus
2755 5291 2927 5362 locis,
2953 5294 3009 5346 et
3035 5293 3326 5360 prateros
3354 5288 3416 5344 S.
3461 5288 3754 5344 Thomam

2116 5397 2137 5407 -
2180 5409 2193 5423 .
2229 5382 2286 5423 α.
2396 5407 2409 5420 .

2150 5382 2409 5509 ῗὲιίξόῗὲξ
2440 5435 2609 5493 Offic.
2634 5434 2737 5509 lib.
2762 5451 2801 5505 ι,
2825 5450 2963 5508 pag.
2989 5429 3220 5509 359,131:
3240 5431 3313 5509 22
3334 5449 3361 5509 _:
3383 5432 3501 5509 sed
3522 5448 3591 5509 ea
3620 5433 3753 5509 αηιτ

2077 5505 2349 5583 ιιιῐθιιιιὶο
2379 5524 2513 5583 qua
2545 5507 2806 5583 cernitur
2827 5505 3209 5583 in'periculis
3244 5508 3303 5563 et
3334 5505 3663 5580 laboribus,
3691 5506 3751 5563 si

2071 5580 2300 5659 iustitia
2330 5580 2521 5658 vacat,
2578 5599 2602 5636 ι
2636 5581 2751 5640 etc.
