4128 6132
352 371 422 445 81
1341 374 1454 439 DE
1495 373 1851 439 OFFICIIS
1888 372 2502 441 MINISTRORUM
2546 376 2804 440 LIBER
2842 376 2892 441 Ῑ.
3735 371 3820 440 82

350 580 485 636 tulit.
528 579 730 650 Itaque
780 576 1151 649 prudentiam
1201 576 1565 632 fortitudinis
1605 577 1878 633 comitem
1908 577 2019 633 ha-
2048 558 2107 621 Α
2129 578 2414 650 potentis,
2449 583 2509 633 et
2532 577 2817 651 pupillum
2848 578 2944 633 cui
2972 578 3209 650 adjutor
3237 594 3352 633 non
3393 581 3545 649 erat,
3588 536 3814 651 adjuvi.

348 670 466 725 buit
494 669 552 722 in
590 667 817 738 praelio.
865 667 1014 722 Nam
1065 670 1123 721 et
1165 667 1458 722 adversus
1507 666 1736 722 Goliam
1782 668 2022 722 immani
2134 667 2489 723 Benedictio
2514 667 2780 739 perituri
2800 668 2862 721 in
2879 682 2971 722 me
3004 667 3357 729 veniat(Job
3388 683 3554 736 xxix,
3588 668 3812 738 12,13).

349 758 496 813 mole
518 757 786 828 corporis
816 756 1006 811 virum
1041 757 1334 828 singulari
1365 755 1685 811 certamine
1717 755 2022 811 dimicatu-

352 863 470 915 rus,
494 862 651 900 arma
681 845 901 916 quibus
938 848 1304 914 oneraretur,
1346 845 1574 915 respuit
1613 843 1671 914 (I
1694 844 1842 916 Reg.
1877 861 2019 915 xvu,

341 935 460 1005 £0);
491 936 680 989 virtus
712 935 866 989 enim
898 935 1029 989 suis
1061 934 1298 988 lacertis
1346 933 1539 1005 magis
1581 949 1757 1004 quam
1810 932 2020 987 alienis

353 1023 769 1096 integumentis
806 1023 1028 1077 nititur.
1065 1022 1287 1077 Deinde
1318 1022 1572 1091 eminus,
1605 1038 1721 1093 quo
1774 1022 2020 1093 gravius

349 1113 579 1181 ferient,
610 1113 730 1167 ictu
751 1111 964 1182 lapidis
1005 1111 1235 1165 hostem
1268 1111 1580 1165 interemit.
1617 1112 1831 1165 Postea
1866 1127 2020 1165 nun-

339 1218 507 1272 quam
540 1202 660 1256 nisi
697 1201 972 1256 consulto
1012 1200 1260 1255 Domino
1285 1199 1369 1268 (II
1396 1200 1546 1272 Heg.
1581 1216 1640 1269 v,
1667 1197 1734 1253 19
1758 1206 1816 1254 et
1846 1200 2018 1271 seq).,

340 1290 559 1345 bellum
593 1290 871 1345 adorsus.
922 1290 1059 1344 Ideo
1108 1289 1167 1342 in
1218 1289 1495 1343 omnibus
1546 1288 1737 1344 victor
1765 1289 2015 1359 praeliis,

340 1394 527 1450 usque
578 1380 651 1433 ad
704 1394 996 1433 summam
1039 1380 1407 1433 senectutem
1445 1393 1623 1432 manu
1671 1380 2016 1448 promptus,

341 1467 492 1523 bello
517 1468 839 1522 adversum
878 1466 1119 1522 Titanas
1160 1470 1464 1537 suscepto,
1495 1466 1797 1521 ferocibus
1829 1465 2019 1521 bella-

336 1560 425 1611 tor
453 1556 822 1611 miscebatur
850 1556 1190 1628 agminibus
1214 1556 1300 1626 (Il
1315 1556 1464 1627 Reg.
1488 1573 1610 1622 xxi,
1657 1553 1724 1609 15
1753 1559 1812 1610 et
1843 1554 2015 1627 seq.),

332 1645 540 1718 gloriae
577 1645 855 1715 cupidus,
889 1645 1232 1700 incuriosus
1254 1645 1487 1700 salutis.

399 1733 523 1790 178.
570 1733 687 1789 Sed
728 1749 845 1789 non
887 1734 1015 1789 haec
1062 1735 1190 1789 sola
1236 1735 1522 1804 praeclara
1554 1733 1836 1789 fortitudo
1887 1735 2015 1793 est;

338 1823 440 1881 sed
473 1824 653 1877 etiam
692 1823 927 1878 illorum
976 1822 1303 1896 gloriosam
1353 1822 1755 1878 fortitudinem
1792 1822 2015 1893 accipi-

336 1928 487 1981 mus,
511 1912 618 1983 qui
639 1927 746 1982 per
774 1912 950 1967 tidem
967 1912 1368 1985 magnitudine
1387 1912 1567 1967 animi
1584 1912 2014 1967 obstruxerunt

329 1999 562 2055 leonum
575 2016 699 2069 ora,
717 2001 1143 2056 exstinxerunt
1167 2002 1446 2056 virtutem
1464 2001 1654 2074 ignis,
1675 1999 2013 2074 effugerunt

330 2091 512 2145 aciem
547 2089 738 2162 gladii
755 2090 887 2159 (83),
916 2090 1342 2145 convaluerunt
1362 2091 1437 2146 de
1457 2089 2015 2145 inﬁrmitatet‘ortes

329 2178 547 2246 (Hebr-
570 2196 652 2247 χι,
682 2178 771 2247 33,
802 2179 932 2248 31):
966 2179 1068 2250 qui
1111 2195 1230 2234 non
1262 2181 1540 2235 comitatu
1587 2182 1644 2234 et
1672 2179 2012 2251 legionibus

330 2268 618 2322 succincti
661 2282 1034 2323 communem
1083 2284 1216 2323 cum
1265 2269 1466 2323 multis
1514 2268 1858 2337 victoriam,
1905 2268 2013 2323 sed

331 2356 478 2410 nuda
499 2357 723 2411 virtute
736 2357 916 2410 animi
937 2356 1301 2425 singularem
1325 2357 1397 2413 de
1412 2358 1655 2428 perfidis
1686 2358 2014 2413 retulerunt

330 2445 712 2516 triumphum.
743 2444 929 2510 Quam
970 2446 1393 2517 insuperabilis
1442 2446 1666 2517 Daniel,
1712 2447 1814 2519 qui
1854 2446 2012 2501 circa

330 2532 507 2588 latera
538 2549 652 2588 sua
683 2534 991 2606 rugientes
1022 2534 1138 2605 (31)
1174 2552 1292 2590 non
1322 2536 1559 2606 expavit
1588 2536 1794 2592 leones
1820 2533 1833 2591 l
1871 2535 2012 2590 Fre-

328 2623 563 2677 mebant
580 2623 817 2693 bestize,
843 2626 899 2678 et
928 2624 1026 2679 ille
1047 2625 1396 2695 epulabatur
1417 2625 1590 2696 (Dan.
1624 2641 1745 2695 xiv,
1770 2623 1883 2696 38).

892 2748 1145 2804 CAPUT
1182 2749 1448 2804 XXXVI.

324 2870 730 2945 Fortitudinis
770 2871 1025 2945 officium
1063 2872 1224 2945 aliud
1254 2889 1410 2941 esse,
1439 2878 1498 2928 ut
1528 2874 1810 2945 iniuriam
1842 2890 1874 2929 a
1905 2875 2013 2930 de-

390 2943 606 2998 biliori
627 2943 1022 3014 depellamus:
1049 2943 1212 2998 aliud
1231 2950 1289 2998 ut
1313 2961 1426 2999 non
1450 2943 1652 3000 rectos
1674 2946 1859 3000 animi
1887 2962 2011 3000 mo-

393 3019 487 3088 tus
507 3029 895 3088 coerceamus
915 3034 940 3088 :_
955 3015 1118 3069 aliud
1140 3014 1369 3088 demum
1393 3022 1512 3069 tum
1537 3021 1596 3069 ut
1621 3033 2012 3088 aspernemur

391 3085 661 3160 humilia,
697 3090 816 3160 tum
840 3090 897 3139 ut
916 3086 1163 3160 honesta
1183 3085 1445 3160 infracto
1466 3088 1660 3160 animo
1683 3085 2009 3160 prosequa-

388 3173 538 3239 mur.
750 3156 958 3239 abiuni
967 3158 1165 3239 versis
1190 3158 1435 3239 quidem
1464 3154 1863 3239 .Christ'ianis‘,
1882 3154 2010 3239 sed

389 3228 771 3297 potissimum
788 3227 864 3282 ab
886 3227 1321 3283 ecclesiasticis
1355 3229 1508 3283 viris
1528 3230 1873 3302 praestanda
1905 3231 2006 3286 de-

387 3303 829 3357 monstrantur.
1562 3308 1569 3315 ‘

390 3421 531 3477 178'.
579 3422 716 3478 Non
745 3422 927 3494 igitur
974 3423 1035 3479 in
1070 3423 1302 3480 viribus
1353 3424 1625 3495 corporis
1669 3428 1727 3480 et
1764 3426 2006 3482 lacertis

325 3511 729 3566 tantummodo
767 3511 1130 3568 fortitudinis
1165 3513 1354 3585 gloria
1386 3517 1477 3569 est
1498 3512 1632 3584 (85),
1676 3515 1785 3570 sed
1816 3514 2009 3588 magis

326 3599 381 3654 in
416 3601 642 3655 virtute
678 3600 857 3655 animi
892 3598 1009 3671 (86)
1036 3616 1049 3656 :
1085 3617 1275 3673 neque
1306 3603 1366 3657 in
1399 3602 1705 3658 inferenda
1737 3604 1848 3674 (23,
1877 3621 1929 3677 q.
1951 3601 2006 3675 ‘3,

328 3704 372 3745 c.
400 3690 539 3747 Non
563 3689 630 3743 in
660 3689 1025 3761 inferenda),
1050 3691 1157 3745 sed
1188 3691 1249 3745 in
1277 3691 1625 3762 depellenda
1661 3692 1879 3766 injuria
1912 3694 2009 3748 lex

325 3777 559 3834 virtutis
592 3777 702 3834 est.
723 3777 835 3844 Qui
856 3780 1013 3835 enim
1040 3795 1156 3834 non
1179 3780 1410 3851 repellit
1438 3797 1473 3835 a
1504 3782 1672 3837 socio
1702 3781 2003 3855 injuriam,

323 3867 615 3940 sipotest,
646 3870 764 3922 tam
785 3870 878 3923 est
906 3869 967 3923 in
987 3869 1151 3939 vitio,
1177 3886 1353 3941 quam
1387 3871 1484 3925 ille
1515 3872 1617 3943 qui
1639 3872 1796 3927 facit.
1832 3872 2001 3928 Unde

324 3955 538 4025 (Exod.
598 3974 661 4025 ιι,
703 3956 765 4011 11
804 3963 863 4013 et
903 3957 1054 4030 seq.)
1084 3962 1328 4013 sanctus
1379 3959 1619 4031 Moyses
1649 3961 1789 4016 hinc
1832 3962 2000 4033 prius

326 4059 499 4100 orsus
524 4048 621 4101 est
640 4048 997 4101 tentamenta
1017 4046 1248 4103 bellica:
1270 4047 1654 4105 fortitudinis.
1688 4048 1836 4105 Nam
1867 4066 2000 4106 cum

321 4133 577 4190 vidisset
599 4134 917 4190 Hebraeum
965 4135 1038 4190 ab
1078 4135 1365 4208 ngyptio
1396 4137 1672 4209 injuriam
1708 4140 2002 4211 accipien-

324 4222 781 4292 tem,defendit;
812 4224 892 4277 ita
920 4227 985 4278 ut
1012 4224 1363 4298 [Egyptium
1392 4230 1704 4298 sterneret,
1732 4231 1912 4301 atque
1940 4228 2000 4283 in

325 4326 499 4366 arena
520 4311 940 4367 absconderet.
964 4311 1241 4368 Salomon
1263 4330 1497 4387 quoque
1521 4317 1626 4371 ait:
1650 4316 1841 4390 Eripe
1873 4334 2000 4373 eum

328 4401 694 4471 qui'ducitur
724 4401 799 4456 ad
827 4405 1073 4456 mortem
1102 4402 1309 4471 (Prov.
1334 4421 1496 4475 xxiv,
1525 4406 1632 4477 10).

397 4489 499 4553 48
543 4488 672 4544 1'79.
712 4489 880 4544 Unde
912 4490 1094 4563 igitur
1125 4490 1239 4546 hoc
1266 4493 1361 4548 vel
1400 4494 1649 4565 Tullius,
1692 4495 1788 4551 vel
1827 4496 2001 4552 etiam

327 4566 649 4639 Panetius,
673 4571 773 4623 aut
809 4570 935 4639 ipse
968 4570 1321 4628 Aristoteles
1366 4575 1792 4643 transtulerint,
1826 4592 2001 4647 aper-

326 4658 442 4711 tum
481 4661 580 4713 est
624 4658 794 4713 satis.
836 4656 1181 4730 Quanquam
1228 4661 1401 4716 etiam
1448 4662 1543 4717 his
1583 4664 1818 4720 duobus
1849 4667 2002 4720 anti-

327 4745 495 4815 quior
524 4745 744 4802 dixerit
771 4745 885 4801 Job
916 4762 928 4801 :
963 4747 1205 4803 Salvum
1239 4750 1362 4806 feci
1374 4768 1694 4825 pauperem
1727 4754 1802 4809 de
1829 4771 2003 4810 manu

391 4886 506 4957 (83)
544 4888 628 4943 Ita
661 4889 795 4966 Gill.
838 4892 895 4945 et
927 4890 1097 4966 130m.
1133 4891 1271 4966 edit.
1304 4910 1437 4966 cum
1467 4898 1632 4966 parte
1662 4913 1847 4965 mss.;
1880 4899 1999 4953 ant.

324 4972 461 5039 gero
514 4975 651 5039 cum
702 4960 855 5039 _alia_,
891 4959 1228 5039 eli'ugai'unt
1269 4959 1487 5020 aciem'
1515 4966 1724 5039 gladii.
1767 4959 1881 5023 Sed
1941 4969 2002 5024 in

325 5026 530 5122 G-raeco
593 5034 777 5122 textu-
816 5026 1102 5122 habetur,
1165 5037 1338 5122 ἔφυγρν
1407 5026 1640 5122 «(sine
1698 5047 1998 5122 paxaipec,

328 5111 685 5185 eﬂ'ugerunt,
727 5118 863 5183 etc.,
909 5117 1002 5170 cui
1035 5111 1414 5173 consentiunt
1440 5111 1620 5173 variae
1660 5111 1999 5175 translatio?

325 5198 447 5261 nes.
474 5187 551 5261 at
582 5186 731 5240 infra
766 5185 865 5261 ubi
906 5202 1113 5261 omnes
1151 5186 1413 5261 edit._ac.
1448 5204 1596 5244 mss.
1630 5190 1871 5261 aliquot,
1916 5190 1999 5246 le-

324 5254 602 5335 gionibus
652 5257 969 5335 succincti;
1020 5258 1221 5335 legunt
1265 5258 1373 5335 alii
1404 5275 1604 5335 mss.,
1662 5254 2000 5334 legionibus

325 5325 611 5402 subjecti,
625 5328 882 5398 quidam,
917 5325 1256 5402 legionibus
1276 5325 1598 5402 subjectis,
1614 5325 1725 5386 etc;

388 5344 601 5450 Igfcti,
625 5344 882 5398 quidam,
917 5344 1256 5400 legionibus
1276 5344 1588 5402 subjectis,
1614 5344 1725 5386 etc.

388 5398 406 5465 (
486 5400 507 5459 )
549 5396 757 5452 Plures
788 5415 958 5465 mss.,
996 5400 1156 5454 circa
1176 5400 1366 5455 latera
1385 5418 1489 5455 sua
1509 5403 1816 5458 rudentes.

393 5466 509 5548 (85)
548 5468 873 5548 Qic._0_l’ﬁc.
897 5470 999 5548 lib.
1035 5489 1072 5539 ι,
1104 5471 1397 5548 pag._361,
1420 5473 1652 5548 lin._38:
1690 5498 1710 5520 α
1746 5474 1993 5548 omnino

325 5541 515 5661 aptam
562 5539 702 5595 illud
749 5541 1084 5612 honestum,
1105 5539 1277 5613 quod
1325 5559 1401 5599 ex
1447 5545 1642 5601 animo
1675 5547 1937 5616 excelso,
1968 5571 1991 5595 η

325 5622 354 5661 e
380 5625 431 5661 c.

324 5622 431 5663 οιο.

390 5679 505 5749 (86)
544 5680 712 5761 Ibid.,
735 5698 871 5761 pag.
902 5680 1152 5755 353,1in.
1185 5682 1292 5740 ηε
1333 5709 1354 5733 α
1390 5685 1507 5742 Sed
1537 5686 1848 5761 injustitiae
1876 5687 1991 5744 duo

324 5763 546 5821 genera
578 5756 729 5826 sunt,
759 5776 782 5801 α
814 5758 925 5809 etc.

2136 758 2346 812 Nonne
2391 757 2488 811 hic
2547 756 2936 823 fortissimus,
2988 754 3089 827 qui
3142 760 3258 809 tam
3311 756 3539 811 fortiter
3575 756 3816 826 pertulit

2135 847 2389 916 impetus
2430 845 2671 914 diaboli,
2716 849 2773 900 et
2806 844 2949 898 vicit
2980 861 3114 899 eum
3143 846 3357 899 virtute
3397 846 3609 900 mentis
3641 846 3817 900 suae?

2134 935 2341 1006 Neque
2388 951 2531 989 vero
2578 934 2649 989 de
2707 933 2841 1005 ejus
2889 934 3271 988 dubitandum
3312 932 3674 1007 fortitudine,
3716 933 3813 988 cui

2133 1024 2273 1079 dicit
2295 1024 2580 1079 Dominus
2615 1039 2626 1079 :
2659 1023 2927 1094 Accing'e
2949 1024 3104 1077 sicut
3140 1022 3234 1075 vir
3256 1021 3486 1076 lumbos
3512 1028 3659 1093 tuos,
3682 1039 3813 1077 sus-

2133 1115 2262 1185 cipe
2294 1112 2666 1167 altitudinem
2699 1119 2758 1167 et
2799 1112 3080 1166 virtutem
3116 1127 3129 1166 :
3166 1126 3392 1165 omnem
3427 1117 3617 1165 autem
3657 1112 3813 1184 inju-

2133 1203 2357 1257 riosum
2394 1200 2702 1257 bumiliato
2749 1200 2881 1268 (Job
2928 1218 3021 1271 XL,
3067 1201 3141 1269 2).
3195 1200 3519 1270 Apostolus
3576 1216 3810 1271 quoque

2132 1292 2212 1345 ait
2246 1335 2258 1346 .
2290 1290 2545 1346 Habetis
2578 1290 2968 1344 fortissimam
2990 1288 3447 1345 consolationem
3479 1288 3691 1359 (Hebr.
3727 1306 3808 1359 vr,

2134 1380 2244 1450 18).
2279 1380 2386 1435 Est
2420 1394 2564 1451 ergo
2595 1378 2767 1433 fortis
2812 1379 2911 1449 qui
2944 1395 3010 1434 se
3042 1379 3101 1432 in
3122 1379 3325 1433 dolore
3357 1377 3555 1449 aliquo
3590 1393 3811 1433 conso-

2131 1469 2302 1524 latur.

2205 1557 2327 1613 180.
2370 1558 2442 1612 Et
2470 1574 2534 1613 re
2564 1573 2704 1613 vera
2730 1556 2866 1628 jure
2897 1572 2966 1611 ea
2984 1556 3264 1612 fortitudo
3286 1559 3549 1627 vocatur,
3574 1555 3809 1627 quando

2130 1648 2545 1719 unusquisque
2586 1663 2652 1701 se
2701 1646 2898 1717 ipsum
2946 1645 3129 1700 vincit
3159 1645 3293 1715 (8'7),
3339 1645 3485 1698 iram
3526 1645 3806 1715 continet,

2131 1736 2310 1793 nullis
2343 1737 2643 1791 illecebris
2676 1736 2971 1791 emollitur
2990 1738 3165 1807 atque
3186 1735 3525 1805 inflectitur,
3561 1750 3681 1789 non
3701 1735 3810 1789 ad—

2128 1827 2326 1881 versis
2345 1827 2741 1897 perturbatur,
2766 1841 2885 1880 non
2914 1825 3218 1879 extollitur
3238 1824 3542 1894 secundis,
3560 1826 3615 1879 et
3636 1824 3809 1895 quasi

2128 1918 2303 1971 vento
2323 1916 2596 1987 quodam,
2624 1915 2919 1968 variarum
2942 1930 3139 1969 rerum
3162 1913 3578 1968 circumfertur
3615 1915 3807 1967 muta-

2125 2005 2303 2059 tione.
2350 2003 2501 2069 Quid
2560 2005 2755 2058 autem
2808 2003 3110 2058 excelsius
3179 2006 3235 2057 et
3303 2000 3804 2074 magnificentius,

2125 2110 2300 2166 quam
2333 2109 2613 2148 exercere
2637 2096 2910 2162 mentem,
2945 2092 3187 2146 afﬁcere
3217 2108 3454 2146 carnem
3487 2092 3543 2146 et
3572 2091 3632 2145 in
3671 2106 3808 2145 ser-

2120 2182 2444 2237 vitudinem
2478 2181 2786 2254 redigere;
2819 2184 2879 2236 ut
2927 2182 3163 2236 obediat
3212 2180 3479 2252 imperio,
3534 2178 3807 2257 consiliis

2119 2272 2504 2342 obtemperet,
2536 2273 2599 2324 ut
2629 2272 2688 2324 in
2717 2270 3333 2325 adeundislaboribus
3356 2269 3609 2343 impigre
3630 2262 3806 2324 exse-

2119 2364 2333 2433 quatur
2353 2360 2725 2430 propositum
2757 2358 2937 2412 animi
2966 2374 3034 2412 ac
3065 2358 3471 2413 voluntatem?

2191 2448 2314 2505 181.
2351 2449 2494 2503 Haec
2525 2448 2707 2519 igitur
2741 2449 2929 2518 prima
2967 2447 3061 2501 vis
3092 2446 3476 2516 fortitudinis,
3528 2445 3806 2518 quoniam

2118 2540 2180 2594 in
2202 2539 2436 2593 duobus
2469 2537 2794 2610 generibus
2825 2536 3104 2591 fortitudo
3138 2538 3442 2607 spectatur
3463 2534 3573 2609 (88)
3601 2524 3804 2590 animi.

2119 2629 2336 2696 Primo,
2362 2630 2424 2681 ut
2454 2630 2697 2680 externa
2728 2626 2998 2696 corporis
3032 2640 3138 2696 pro
3182 2624 3443 2679 minimis
3475 2624 3712 2694 habeat,
3748 2626 3806 2679 et

2119 2717 2290 2789 quasi
2322 2715 2621 2787 superﬂua
2653 2712 3035 2785 despicienda
3058 2714 3251 2786 magis
3275 2730 3451 2784 quam
3469 2712 3799 2785 expetenda

2118 2806 2311 2861 ducat.
2346 2803 2641 2873 Secundo,
2668 2806 2730 2857 ut
2750 2819 2817 2857 ea
2836 2818 2968 2875 quae
2992 2819 3221 2857 summa
3245 2805 3405 2874 sunt,
3428 2817 3635 2856 omnes
3668 2818 3804 2874 qua;

2117 2911 2216 2949 res
2245 2894 2303 2948 in
2326 2893 2546 2965 quibus
2582 2893 2871 2974 honestas
2890 2895 2946 2947 et
2980 2891 3123 2947 illud
3154 2896 3343 2974 πρέπρν
3374 2891 3637 2974 cernitur
3667 2886 3802 2962 (89),

2116 2974 2403 3046 praeclara
2449 2973 2628 3027 animi
2667 2973 2994 3027 intentione
3025 2970 3217 3044 usque
3250 2973 3323 3026 ad
3354 2970 3629 3029 allectum
3667 2988 3804 3043 per-

2119 3068 2422 3135 sequatur.
2467 3062 2616 3127 Quid
2650 3062 2806 3118 enim
2836 3064 2955 3116 tam
2992 3062 3368 3133 praeclarum,
3412 3077 3589 3132 quam
3617 3064 3682 3116 ut
3727 3061 3808 3117 ita

2120 3152 2380 3207 animum
2429 3151 2717 3205 informes
2758 3153 2943 3220 tuum,
2976 3154 3039 3205 ut
3078 3166 3270 3222 neque
3302 3151 3560 3219 divitias,
3611 3165 3806 3221 neque

2119 3241 2475 3312 voluptates,
2528 3255 2719 3311 neque
2752 3240 3014 3295 honores
3044 3239 3104 3293 in
3134 3239 3408 3293 maximis
3448 3239 3800 3307 constituas,

2121 3314 2314 3403 neque
2358 3330 2416 3383 in
2453 3328 2550 3384 his
2585 3316 2859 3383 studium.
2879 3343 3051 3384 omne
3096 3328 3416 3385 conteras?
3449 3326 3619 3392 Quod
3669 3342 3804 3380 cum

2119 3419 2196 3475 ita
2225 3418 2473 3474 aﬂ'ectus
2505 3418 2700 3473 animo
2733 3418 2943 3488 fueris,
2978 3432 3232 3473 necesse
3262 3420 3355 3472 est
3388 3416 3532 3472 illud
3576 3416 3804 3471 hones-

2116 3512 2237 3564 tum
2266 3525 2335 3563 ac
2367 3508 2649 3563 decorum
2680 3507 3146 3578 praeponendum
3175 3509 3371 3578 putes,
3403 3505 3607 3577 illique
3638 3519 3807 3560 men-

2115 3602 2231 3654 tem
2273 3598 2350 3652 ita
2397 3597 2671 3661 intendas
2724 3600 2905 3667 tuam,
2939 3598 3002 3651 ut
3029 3595 3314 3668 quidquid
3366 3595 3651 3650 acciderit
3681 3611 3799 3667 quo

2114 3687 2313 3759 frangi
2352 3686 2529 3742 animi
2565 3685 2759 3741 solent
2805 3684 2937 3757 (90),
2990 3686 3090 3739 aut
3136 3675 3475 3756 patrimonii
3529 3684 3799 3754 amissio,

2112 3780 2213 3832 aut
2266 3775 2512 3831 honoris
2570 3774 2942 3843 imminutio,
3024 3775 3124 3829 aut
3178 3773 3526 3829 obtrectatio
3582 3773 3801 3829 intide-

2111 3864 2273 3935 lium,
2307 3864 2480 3937 quasi
2512 3864 2788 3935 superior
2807 3864 3196 3918 non'sentias.
3230 3862 3454 3918 Deinde
3474 3866 3538 3918 ut
3565 3865 3622 3918 te
3641 3863 3804 3918 salu-

2110 3954 2186 4010 tis
2237 3954 2432 4026 ipsius
2480 3953 2742 4024 pericula
2781 3968 2888 4025 pro
2942 3952 3178 4025 justitia
3210 3955 3489 4023 suscepta
3511 3967 3630 4008 non
3660 3967 3793 4007 mo-

2109 4047 2303 4100 veant.

2181 4132 2305 4188 1852.
2349 4132 2493 4188 Haec
2513 4147 2655 4187 vera
2686 4131 2965 4187 fortitudo
3001 4134 3113 4201 est,
3142 4147 3322 4203 quam
3363 4131 3542 4187 habet
3577 4130 3798 4199 Christ;

2109 4222 2347 4292 athleta,
2391 4221 2514 4294 qui,
2557 4221 2674 4276 nisi
2702 4210 2969 4295 legitimo
3019 4221 3337 4275 certamine
3368 4219 3501 4291 (91),
3528 4236 3648 4276 non
3702 4234 3802 4273 co-

2109 4314 2371 4367 ronatur.
2407 4315 2500 4366 An
2529 4310 2826 4366 mediocre
2848 4310 2952 4365 tibi
2983 4310 3219 4365 videtur
3237 4310 3601 4381 praeCeptum
3628 4307 3797 4363 forti-

2110 4401 2333 4456 tudinis
2368 4416 2380 4456 :
2424 4399 2755 4456 Tribulatio
2794 4400 3150 4475 patientiam
3197 4396 3537 4472 operatur,’
3559 4397 3801 4469 patien-

2029 4488 2087 4575 ὗ
2126 4490 2208 4544 tia
2254 4489 2699 4561 probationem,
2741 4489 3030 4561 probatio.
3068 4495 3261 4543 autem
3318 4502 3481 4559 spem
3526 4478 3610 4557 (ΙΙ
3658 4484 3798 4542 Cor.

2121 4594 2241 4646 vn,
2296 4577 2397 4648 5)?
2453 4578 2599 4634 Vide
2657 4581 2800 4650 quot
2855 4578 3192 4646 certamina,
3260 4579 3317 4631 et
3376 4590 3489 4629 una
3555 4589 3797 4629 corona.

2119 4665 2285 4732 Quod
2326 4669 2688 4738 praeceptum
2735 4672 2853 4722 non
2901 4666 3015 4735 dat,
3057 4665 3171 4719 nisi
3222 4666 3319 4736 qui
3372 4666 3465 4719 est
3495 4662 3797 4719 conforta-

2117 4758 2214 4811 tus
2268 4757 2332 4811 in
2380 4756 2616 4811 Christo
2665 4755 2842 4824 Jesu,
2906 4753 3083 4826 cujus
3147 4769 3283 4809 caro
3354 4752 3620 4826 requiem
3674 4770 3796 4810 non

2185 4898 2508 4968 (87)lbid.,
2549 4913 2685 4969 pag.
2731 4896 2857 4966 360,
2907 4895 3009 4951 lin.
3044 4896 3111 4969 13
3152 4911 3165 4953 :
3223 4918 3244 4945 α
3279 4897 3414 4953 Non
3464 4901 3556 4953 est
3595 4899 3793 4954 autem

2113 4968 2593 5042 consentaneum,
2632 4968 2734 5040 qui
2752 4972 2908 5025 metu
2941 4984 3057 5025 non
3079 4968 3394 5041 frangitur,
3430 4986 3564 5025 eum
3593 4969 3790 5042 frangi

2111 5039 2446 5110 cupiditate,
2483 5062 2504 5089 ι)
2540 5043 2652 5095 etc.

2180 5111 2292 5183 (88)
2336 5112 2486 5166 Mss.
2527 5112 2768 5183 aliquot,
2821 5111 3111 5169 fortitudo
3156 5112 3467 5174 ﬂectatur;
3526 5112 3784 5183 quidam,

2108 5181 2373 5257 ﬂectitur
2402 5184 2603 5257 animi.
2626 5181 2759 5257 Cic.
2803 5182 2971 5239 Ollio.
3006 5184 3109 5239 lib.
3142 5196 3183 5251 ι,
3217 5185 3499 5257 pag._359,
3537 5181 3641 5257 lig.
3668 5185 3735 5257 49
3770 5200 3783 5239 :

2110 5277 2132 5301 α
2177 5253 2426 5328 Omnino
2460 5254 2630 5328 fortis
2670 5256 2905 5311 animus
2955 5259 3010 5310 et
3046 5253 3569 5328 magnus'duubus
3589 5253 3785 5311 rebus

2106 5326 2359 5379 maxime
2392 5327 2670 5393 cernitur,
2700 5348 2721 5376 ι
2747 5330 2858 5382 etc.

2176 5397 2289 5480 (89)
2329 5397 2391 5452 In
2421 5398 3034 5480 mss.‘dictiognpg'mus
3080 5398 3280 5480 varias
3328 5398 3556 5469 peperit
3610 5398 3781 5480 inep-

2104 5477 2250 5549 tias;
2270 5477 2330 5532 in
2350 5477 2706 5549 quibusdam
2720 5477 2874 5533 enim
2891 5479 3127 5549 legitur,
3149 5478 3456 5532 honestum
3481 5477 3747 5549 cernitur
3758 5493 3777 5539 ,-

2103 5548 2163 5602 in
2194 5549 2349 5621 aliis,
2368 5545 2619 5621 proponi
2646 5550 2920 5605 cernitur
2939 5545 3045 5618 {in
3074 5545 3395 5617 nonnullis,
3425 5545 3778 5620 praeponde-

2104 5636 2279 5693 rare,-
2312 5620 2380 5693 in
2403 5620 2722 5693 aliquibus,
2742 5626 3083 5693 praepotens
3114 5621 3402 5693 cernitur:

2327 5691 2474 5772 MSS.
2500 5688 2977 5772 aliquotfl‘ra'ngi
3004 5690 3274 5772 heminas
3302 5688 3514 5772 solent.

2136 5799 2143 5809 ν
2175 5762 2287 5833 (91)
2327 5760 2613 5819 Nonnulli
2630 5777 2766 5835 ms.,
2800 5760 2931 5825 nisi
2951 5763 3051 5837 qui
3078 5762 3345 5835 legitime
3366 5760 3724 5819 certaverit.
