  <div class='ocr_page' id='page_1' title='image "/cluster/home/n/w/nwhite01/storage/ocr_20150623/16/hvd.32044096580444/048.png"; bbox 0 0 4128 6132; ppageno 0'>
   <div class='ocr_carea' id='block_1_1' title="bbox 315 376 3771 469">
    <p class='ocr_par' dir='ltr' id='par_1_1' title="bbox 315 376 3771 469">
     <span class='ocr_line' id='line_1_1' title="bbox 315 376 3771 469; baseline -0.003 0"><span class='ocrx_word' id='word_1_1' title='bbox 315 396 379 469; x_wconf 80' lang='lat'>85</span> <span class='ocrx_word' id='word_1_2' title='bbox 1246 395 1358 462; x_wconf 88' lang='lat' dir='ltr'>DE</span> <span class='ocrx_word' id='word_1_3' title='bbox 1395 394 1754 460; x_wconf 90' lang='lat' dir='ltr'>OFFICIIS</span> <span class='ocrx_word' id='word_1_4' title='bbox 1792 393 2405 460; x_wconf 87' lang='lat' dir='ltr'>MINISTRORUM</span> <span class='ocrx_word' id='word_1_5' title='bbox 2449 394 2706 459; x_wconf 80' lang='lat' dir='ltr'>LIBER</span> <span class='ocrx_word' id='word_1_6' title='bbox 2745 395 2794 458; x_wconf 88' lang='lat'>1.</span> <span class='ocrx_word' id='word_1_7' title='bbox 3056 376 3065 379; x_wconf 68' lang='grc'><strong>“</strong></span> <span class='ocrx_word' id='word_1_8' title='bbox 3659 392 3771 459; x_wconf 60' lang='grc' dir='ltr'>86ι</span> 
     </span>
    </p>
   </div>
   <div class='ocr_carea' id='block_1_2' title="bbox 312 581 3722 674">
    <p class='ocr_par' dir='ltr' id='par_1_2' title="bbox 312 581 3722 674">
     <span class='ocr_line' id='line_1_2' title="bbox 312 581 3722 674; baseline -0.003 -14"><span class='ocrx_word' id='word_1_9' title='bbox 312 604 526 660; x_wconf 88' lang='lat' dir='ltr'>mortuis</span> <span class='ocrx_word' id='word_1_10' title='bbox 554 603 857 674; x_wconf 90' lang='lat' dir='ltr'>viventes,</span> <span class='ocrx_word' id='word_1_11' title='bbox 905 600 1076 656; x_wconf 91' lang='lat' dir='ltr'>novis</span> <span class='ocrx_word' id='word_1_12' title='bbox 1106 614 1497 673; x_wconf 87' lang='lat' dir='ltr'>resurgamus</span> <span class='ocrx_word' id='word_1_13' title='bbox 1544 597 1826 670; x_wconf 83' lang='lat' dir='ltr'>operibus</span> <span class='ocrx_word' id='word_1_14' title='bbox 1872 613 1941 652; x_wconf 92' lang='lat' dir='ltr'>ac</span> <span class='ocrx_word' id='word_1_15' title='bbox 1968 581 2027 641; x_wconf 80' lang='grc' dir='ltr'><strong>Α</strong></span> <span class='ocrx_word' id='word_1_16' title='bbox 2062 599 2253 666; x_wconf 90' lang='lat' dir='ltr'>netur,</span> <span class='ocrx_word' id='word_1_17' title='bbox 2299 597 2356 650; x_wconf 90' lang='lat' dir='ltr'>et</span> <span class='ocrx_word' id='word_1_18' title='bbox 2399 594 2451 649; x_wconf 93' lang='lat' dir='ltr'>si</span> <span class='ocrx_word' id='word_1_19' title='bbox 2494 594 2813 667; x_wconf 82' lang='lat' dir='ltr'>imparatos</span> <span class='ocrx_word' id='word_1_20' title='bbox 2862 595 3141 666; x_wconf 82' lang='lat' dir='ltr'>inveniat,</span> <span class='ocrx_word' id='word_1_21' title='bbox 3194 594 3367 652; x_wconf 79' lang='lat' dir='ltr'>facile</span> <span class='ocrx_word' id='word_1_22' title='bbox 3400 596 3674 668; x_wconf 79' lang='lat' dir='ltr'>opprimit</span> <span class='ocrx_word' id='word_1_23' title='bbox 3709 611 3722 651; x_wconf 93' lang='lat'>:</span> 
     </span>
    </p>
   </div>
   <div class='ocr_carea' id='block_1_3' title="bbox 426 691 577 733">
    <p class='ocr_par' dir='ltr' id='par_1_3' title="bbox 426 691 577 733">
     <span class='ocr_line' id='line_1_3' title="bbox 426 691 577 733; baseline 0 0"><span class='ocrx_word' id='word_1_24' title='bbox 426 691 577 733; x_wconf 64' lang='lat' dir='ltr'>ihncl</span> 
     </span>
    </p>
   </div>
   <div class='ocr_carea' id='block_1_4' title="bbox 310 694 1941 850">
    <p class='ocr_par' dir='ltr' id='par_1_4' title="bbox 310 694 1941 850">
     <span class='ocr_line' id='line_1_4' title="bbox 426 694 577 733; baseline -0.007 1"><span class='ocrx_word' id='word_1_25' title='bbox 426 696 435 706; x_wconf 93' lang='grc'><strong>·</strong></span> <span class='ocrx_word' id='word_1_26' title='bbox 565 694 577 733; x_wconf 88' lang='lat' dir='ltr'>l</span> 
     </span>
     <span class='ocr_line' id='line_1_5' title="bbox 310 694 1941 850; baseline -0.007 -12"><span class='ocrx_word' id='word_1_27' title='bbox 310 694 643 837; x_wconf 49' lang='grc' dir='ltr'>ωἷέἒῃῗίξιεο</span> <span class='ocrx_word' id='word_1_28' title='bbox 668 783 806 835; x_wconf 90' lang='lat' dir='ltr'>sunt</span> <span class='ocrx_word' id='word_1_29' title='bbox 824 781 993 850; x_wconf 90' lang='lat' dir='ltr'>plena</span> <span class='ocrx_word' id='word_1_30' title='bbox 1024 778 1262 834; x_wconf 83' lang='lat' dir='ltr'>honesti</span> <span class='ocrx_word' id='word_1_31' title='bbox 1293 780 1350 832; x_wconf 91' lang='lat' dir='ltr'>et</span> <span class='ocrx_word' id='word_1_32' title='bbox 1382 776 1582 831; x_wconf 82' lang='lat' dir='ltr'>decori</span> <span class='ocrx_word' id='word_1_33' title='bbox 1614 774 1797 830; x_wconf 81' lang='lat' dir='ltr'>officii</span> <span class='ocrx_word' id='word_1_34' title='bbox 1828 774 1941 828; x_wconf 90' lang='lat' dir='ltr'>sti-</span> 
     </span>
    </p>
   </div>
   <div class='ocr_carea' id='block_1_5' title="bbox 308 863 1941 945">
    <p class='ocr_par' dir='ltr' id='par_1_5' title="bbox 308 863 1941 945">
     <span class='ocr_line' id='line_1_6' title="bbox 308 863 1941 945; baseline -0.007 -18"><span class='ocrx_word' id='word_1_35' title='bbox 308 872 493 945; x_wconf 89' lang='lat' dir='ltr'>pendia</span> <span class='ocrx_word' id='word_1_36' title='bbox 521 869 894 924; x_wconf 74' lang='lat' dir='ltr'>fortitudinis.</span> <span class='ocrx_word' id='word_1_37' title='bbox 921 868 1037 923; x_wconf 88' lang='lat' dir='ltr'>Sed</span> <span class='ocrx_word' id='word_1_38' title='bbox 1071 870 1205 939; x_wconf 89' lang='lat' dir='ltr'>quia</span> <span class='ocrx_word' id='word_1_39' title='bbox 1236 868 1295 920; x_wconf 91' lang='lat' dir='ltr'>in</span> <span class='ocrx_word' id='word_1_40' title='bbox 1339 865 1614 920; x_wconf 90' lang='lat' dir='ltr'>omnibus</span> <span class='ocrx_word' id='word_1_41' title='bbox 1648 880 1781 935; x_wconf 71' lang='lat' dir='ltr'>quea</span> <span class='ocrx_word' id='word_1_42' title='bbox 1816 863 1941 934; x_wconf 89' lang='lat' dir='ltr'>agi-</span> 
     </span>
    </p>
   </div>
   <div class='ocr_carea' id='block_1_6' title="bbox 306 952 1942 1028">
    <p class='ocr_par' dir='ltr' id='par_1_6' title="bbox 306 952 1942 1028">
     <span class='ocr_line' id='line_1_7' title="bbox 306 952 1942 1028; baseline -0.006 -13"><span class='ocrx_word' id='word_1_43' title='bbox 306 978 437 1028; x_wconf 88' lang='lat' dir='ltr'>mus,</span> <span class='ocrx_word' id='word_1_44' title='bbox 468 976 578 1014; x_wconf 91' lang='lat' dir='ltr'>non</span> <span class='ocrx_word' id='word_1_45' title='bbox 626 960 820 1013; x_wconf 88' lang='lat' dir='ltr'>solum</span> <span class='ocrx_word' id='word_1_46' title='bbox 864 958 1005 1028; x_wconf 89' lang='lat' dir='ltr'>quid</span> <span class='ocrx_word' id='word_1_47' title='bbox 1036 957 1372 1024; x_wconf 88' lang='lat' dir='ltr'>honestum,</span> <span class='ocrx_word' id='word_1_48' title='bbox 1421 954 1527 1009; x_wconf 92' lang='lat' dir='ltr'>sed</span> <span class='ocrx_word' id='word_1_49' title='bbox 1578 954 1752 1008; x_wconf 89' lang='lat' dir='ltr'>etiam</span> <span class='ocrx_word' id='word_1_50' title='bbox 1800 952 1942 1024; x_wconf 90' lang='lat' dir='ltr'>quid</span> 
     </span>
    </p>
   </div>
   <div class='ocr_carea' id='block_1_7' title="bbox 306 1041 1942 1121">
    <p class='ocr_par' dir='ltr' id='par_1_7' title="bbox 306 1041 1942 1121">
     <span class='ocr_line' id='line_1_8' title="bbox 306 1041 1942 1121; baseline -0.006 -18"><span class='ocrx_word' id='word_1_51' title='bbox 306 1048 561 1121; x_wconf 85' lang='lat' dir='ltr'>possibile</span> <span class='ocrx_word' id='word_1_52' title='bbox 610 1048 685 1101; x_wconf 88' lang='lat' dir='ltr'>sit</span> <span class='ocrx_word' id='word_1_53' title='bbox 715 1047 1039 1119; x_wconf 69' lang='lat' dir='ltr'>quaerimus</span> <span class='ocrx_word' id='word_1_54' title='bbox 1069 1046 1202 1114; x_wconf 84' lang='lat'>(9&#39;1),</span> <span class='ocrx_word' id='word_1_55' title='bbox 1238 1060 1309 1098; x_wconf 94' lang='lat' dir='ltr'>ne</span> <span class='ocrx_word' id='word_1_56' title='bbox 1342 1044 1491 1098; x_wconf 85' lang='lat' dir='ltr'>forte</span> <span class='ocrx_word' id='word_1_57' title='bbox 1523 1041 1942 1114; x_wconf 77' lang='lat' dir='ltr'>aggrediamur</span> 
     </span>
    </p>
   </div>
   <div class='ocr_carea' id='block_1_8' title="bbox 304 1130 1939 1209">
    <p class='ocr_par' dir='ltr' id='par_1_8' title="bbox 304 1130 1939 1209">
     <span class='ocr_line' id='line_1_9' title="bbox 304 1130 1939 1209; baseline -0.007 -17"><span class='ocrx_word' id='word_1_58' title='bbox 304 1138 496 1209; x_wconf 88' lang='lat' dir='ltr'>aliquid</span> <span class='ocrx_word' id='word_1_59' title='bbox 524 1136 678 1209; x_wconf 90' lang='lat' dir='ltr'>quod</span> <span class='ocrx_word' id='word_1_60' title='bbox 700 1151 818 1189; x_wconf 92' lang='lat' dir='ltr'>non</span> <span class='ocrx_word' id='word_1_61' title='bbox 840 1135 1141 1205; x_wconf 87' lang='lat' dir='ltr'>possimus</span> <span class='ocrx_word' id='word_1_62' title='bbox 1179 1133 1428 1203; x_wconf 82' lang='lat' dir='ltr'>exsequi</span> <span class='ocrx_word' id='word_1_63' title='bbox 1460 1132 1594 1202; x_wconf 89' lang='lat'>(98).</span> <span class='ocrx_word' id='word_1_64' title='bbox 1630 1130 1797 1184; x_wconf 90' lang='lat' dir='ltr'>Unde</span> <span class='ocrx_word' id='word_1_65' title='bbox 1828 1145 1939 1184; x_wconf 91' lang='lat' dir='ltr'>nos</span> 
     </span>
    </p>
   </div>
   <div class='ocr_carea' id='block_1_9' title="bbox 240 1220 1941 1296">
    <p class='ocr_par' dir='ltr' id='par_1_9' title="bbox 240 1220 1941 1296">
     <span class='ocr_line' id='line_1_10' title="bbox 240 1220 1941 1296; baseline -0.005 -16"><span class='ocrx_word' id='word_1_66' title='bbox 240 1226 241 1229; x_wconf 59' lang='grc'><em>“</em></span> <span class='ocrx_word' id='word_1_67' title='bbox 304 1231 534 1296; x_wconf 89' lang='lat' dir='ltr'>tempore</span> <span class='ocrx_word' id='word_1_68' title='bbox 564 1224 999 1295; x_wconf 81' lang='lat' dir='ltr'>persecutionis</span> <span class='ocrx_word' id='word_1_69' title='bbox 1031 1223 1102 1277; x_wconf 93' lang='lat' dir='ltr'>de</span> <span class='ocrx_word' id='word_1_70' title='bbox 1136 1222 1368 1276; x_wconf 82' lang='lat' dir='ltr'>civitate</span> <span class='ocrx_word' id='word_1_71' title='bbox 1398 1222 1459 1274; x_wconf 89' lang='lat' dir='ltr'>in</span> <span class='ocrx_word' id='word_1_72' title='bbox 1490 1220 1783 1274; x_wconf 88' lang='lat' dir='ltr'>civitatem</span> <span class='ocrx_word' id='word_1_73' title='bbox 1808 1234 1941 1272; x_wconf 91' lang='lat' dir='ltr'>con-</span> 
     </span>
    </p>
   </div>
   <div class='ocr_carea' id='block_1_10' title="bbox 302 1307 1935 1383">
    <p class='ocr_par' dir='ltr' id='par_1_10' title="bbox 302 1307 1935 1383">
     <span class='ocr_line' id='line_1_11' title="bbox 302 1307 1935 1383; baseline -0.006 -14"><span class='ocrx_word' id='word_1_74' title='bbox 302 1316 503 1383; x_wconf 86' lang='lat' dir='ltr'>cedere,</span> <span class='ocrx_word' id='word_1_75' title='bbox 536 1314 673 1382; x_wconf 89' lang='lat' dir='ltr'>imo,</span> <span class='ocrx_word' id='word_1_76' title='bbox 708 1317 769 1368; x_wconf 91' lang='lat' dir='ltr'>ut</span> <span class='ocrx_word' id='word_1_77' title='bbox 799 1312 981 1370; x_wconf 88' lang='lat' dir='ltr'>verbo</span> <span class='ocrx_word' id='word_1_78' title='bbox 1014 1312 1147 1383; x_wconf 89' lang='lat' dir='ltr'>ipso</span> <span class='ocrx_word' id='word_1_79' title='bbox 1180 1315 1328 1380; x_wconf 88' lang='lat' dir='ltr'>utar,</span> <span class='ocrx_word' id='word_1_80' title='bbox 1362 1309 1577 1381; x_wconf 79' lang='lat' dir='ltr'>fugere</span> <span class='ocrx_word' id='word_1_81' title='bbox 1604 1307 1843 1379; x_wconf 82' lang='lat' dir='ltr'>(Matth.</span> <span class='ocrx_word' id='word_1_82' title='bbox 1878 1325 1935 1374; x_wconf 87' lang='lat' dir='ltr'>x,</span> 
     </span>
    </p>
   </div>
   <div class='ocr_carea' id='block_1_11' title="bbox 301 1395 1941 1473">
    <p class='ocr_par' dir='ltr' id='par_1_11' title="bbox 301 1395 1941 1473">
     <span class='ocr_line' id='line_1_12' title="bbox 301 1395 1941 1473; baseline -0.006 -15"><span class='ocrx_word' id='word_1_83' title='bbox 301 1404 373 1473; x_wconf 79' lang='lat'>23)</span> <span class='ocrx_word' id='word_1_84' title='bbox 405 1404 518 1457; x_wconf 88' lang='lat' dir='ltr'>vult</span> <span class='ocrx_word' id='word_1_85' title='bbox 539 1404 858 1470; x_wconf 87' lang='lat' dir='ltr'>Dominus;</span> <span class='ocrx_word' id='word_1_86' title='bbox 898 1418 974 1456; x_wconf 88' lang='lat' dir='ltr'>ne</span> <span class='ocrx_word' id='word_1_87' title='bbox 1002 1403 1223 1455; x_wconf 88' lang='lat' dir='ltr'>temere</span> <span class='ocrx_word' id='word_1_88' title='bbox 1260 1399 1475 1471; x_wconf 82' lang='lat' dir='ltr'>aliquis</span> <span class='ocrx_word' id='word_1_89' title='bbox 1499 1398 1638 1453; x_wconf 89' lang='lat' dir='ltr'>dum</span> <span class='ocrx_word' id='word_1_90' title='bbox 1677 1395 1941 1465; x_wconf 78' lang='lat' dir='ltr'>martyrii</span> 
     </span>
    </p>
   </div>
   <div class='ocr_carea' id='block_1_12' title="bbox 300 1483 1940 1562">
    <p class='ocr_par' dir='ltr' id='par_1_12' title="bbox 300 1483 1940 1562">
     <span class='ocr_line' id='line_1_13' title="bbox 300 1483 1940 1562; baseline -0.005 -16"><span class='ocrx_word' id='word_1_91' title='bbox 300 1492 565 1547; x_wconf 85' lang='lat' dir='ltr'>desiderat</span> <span class='ocrx_word' id='word_1_92' title='bbox 588 1492 860 1562; x_wconf 84' lang='lat' dir='ltr'>gloriam,</span> <span class='ocrx_word' id='word_1_93' title='bbox 897 1488 1102 1545; x_wconf 83' lang='lat' dir='ltr'>offerat</span> <span class='ocrx_word' id='word_1_94' title='bbox 1132 1504 1198 1543; x_wconf 92' lang='lat' dir='ltr'>se</span> <span class='ocrx_word' id='word_1_95' title='bbox 1229 1487 1535 1558; x_wconf 88' lang='lat' dir='ltr'>periculis,</span> <span class='ocrx_word' id='word_1_96' title='bbox 1568 1501 1701 1557; x_wconf 60' lang='lat' dir='ltr'>quae</span> <span class='ocrx_word' id='word_1_97' title='bbox 1732 1483 1940 1539; x_wconf 90' lang='lat' dir='ltr'>fortas-</span> 
     </span>
    </p>
   </div>
   <div class='ocr_carea' id='block_1_13' title="bbox 298 1574 1938 1648">
    <p class='ocr_par' dir='ltr' id='par_1_13' title="bbox 298 1574 1938 1648">
     <span class='ocr_line' id='line_1_14' title="bbox 298 1574 1938 1648; baseline -0.005 -13"><span class='ocrx_word' id='word_1_98' title='bbox 298 1597 354 1636; x_wconf 88' lang='lat' dir='ltr'>se</span> <span class='ocrx_word' id='word_1_99' title='bbox 381 1596 507 1635; x_wconf 85' lang='lat' dir='ltr'>caro</span> <span class='ocrx_word' id='word_1_100' title='bbox 549 1581 858 1648; x_wconf 77' lang='lat' dir='ltr'>infirmior,</span> <span class='ocrx_word' id='word_1_101' title='bbox 906 1583 1004 1633; x_wconf 88' lang='lat' dir='ltr'>aut</span> <span class='ocrx_word' id='word_1_102' title='bbox 1036 1578 1348 1639; x_wconf 86' lang='lat' dir='ltr'>remissior</span> <span class='ocrx_word' id='word_1_103' title='bbox 1384 1577 1617 1632; x_wconf 92' lang='lat' dir='ltr'>animus</span> <span class='ocrx_word' id='word_1_104' title='bbox 1668 1574 1822 1629; x_wconf 87' lang='lat' dir='ltr'>ferre</span> <span class='ocrx_word' id='word_1_105' title='bbox 1869 1588 1938 1627; x_wconf 90' lang='lat' dir='ltr'>ac</span> 
     </span>
    </p>
   </div>
   <div class='ocr_carea' id='block_1_14' title="bbox 297 1669 896 1741">
    <p class='ocr_par' dir='ltr' id='par_1_14' title="bbox 297 1669 896 1741">
     <span class='ocr_line' id='line_1_15' title="bbox 297 1669 896 1741; baseline -0.002 -17"><span class='ocrx_word' id='word_1_106' title='bbox 297 1669 520 1726; x_wconf 89' lang='lat' dir='ltr'>tolerare</span> <span class='ocrx_word' id='word_1_107' title='bbox 550 1685 670 1727; x_wconf 90' lang='lat' dir='ltr'>non</span> <span class='ocrx_word' id='word_1_108' title='bbox 703 1672 896 1741; x_wconf 84' lang='lat' dir='ltr'>queat.</span> 
     </span>
    </p>
   </div>
   <div class='ocr_carea' id='block_1_15' title="bbox 806 1755 1411 1812">
    <p class='ocr_par' dir='ltr' id='par_1_15' title="bbox 806 1755 1411 1812">
     <span class='ocr_line' id='line_1_16' title="bbox 806 1755 1411 1812; baseline -0.007 0"><span class='ocrx_word' id='word_1_109' title='bbox 806 1757 1057 1812; x_wconf 76' lang='lat' dir='ltr'>CAPUT</span> <span class='ocrx_word' id='word_1_110' title='bbox 1096 1755 1411 1811; x_wconf 76' lang='lat' dir='ltr'>XXXVIII.</span> 
     </span>
    </p>
   </div>
   <div class='ocr_carea' id='block_1_16' title="bbox 293 1841 1938 1903">
    <p class='ocr_par' dir='ltr' id='par_1_16' title="bbox 293 1841 1938 1903">
     <span class='ocr_line' id='line_1_17' title="bbox 293 1841 1938 1903; baseline -0.005 0"><span class='ocrx_word' id='word_1_111' title='bbox 293 1848 582 1903; x_wconf 75' lang='lat' dir='ltr'>Adversus</span> <span class='ocrx_word' id='word_1_112' title='bbox 613 1848 812 1903; x_wconf 80' lang='lat' dir='ltr'>futura</span> <span class='ocrx_word' id='word_1_113' title='bbox 835 1847 1194 1902; x_wconf 86' lang='lat' dir='ltr'>incommoda</span> <span class='ocrx_word' id='word_1_114' title='bbox 1217 1851 1471 1899; x_wconf 79' lang='lat' dir='ltr'>mentem</span> <span class='ocrx_word' id='word_1_115' title='bbox 1505 1841 1938 1899; x_wconf 80' lang='lat' dir='ltr'>exercitatione</span> 
     </span>
    </p>
   </div>
   <div class='ocr_carea' id='block_1_17' title="bbox 353 1914 1930 1986">
    <p class='ocr_par' dir='ltr' id='par_1_17' title="bbox 353 1914 1930 1986">
     <span class='ocr_line' id='line_1_18' title="bbox 353 1914 1930 1986; baseline -0.006 -12"><span class='ocrx_word' id='word_1_116' title='bbox 353 1920 753 1981; x_wconf 85' lang='lat' dir='ltr'>roborandam,</span> <span class='ocrx_word' id='word_1_117' title='bbox 778 1935 886 1973; x_wconf 89' lang='lat' dir='ltr'>nec</span> <span class='ocrx_word' id='word_1_118' title='bbox 908 1934 1020 1973; x_wconf 91' lang='lat' dir='ltr'>non</span> <span class='ocrx_word' id='word_1_119' title='bbox 1044 1916 1501 1972; x_wconf 73' lang='lat' dir='ltr'>confirmandam</span> <span class='ocrx_word' id='word_1_120' title='bbox 1512 1930 1639 1986; x_wconf 70' lang='lat' dir='ltr'>prae</span> <span class='ocrx_word' id='word_1_121' title='bbox 1651 1914 1930 1968; x_wconf 85' lang='lat' dir='ltr'>videntia:</span> 
     </span>
    </p>
   </div>
   <div class='ocr_carea' id='block_1_18' title="bbox 353 1987 1512 2063">
    <p class='ocr_par' dir='ltr' id='par_1_18' title="bbox 353 1987 1512 2063">
     <span class='ocr_line' id='line_1_19' title="bbox 353 1987 1512 2063; baseline -0.004 -18"><span class='ocrx_word' id='word_1_122' title='bbox 353 1998 405 2045; x_wconf 84' lang='lat' dir='ltr'>et</span> <span class='ocrx_word' id='word_1_123' title='bbox 434 2008 554 2063; x_wconf 76' lang='lat' dir='ltr'>quae</span> <span class='ocrx_word' id='word_1_124' title='bbox 574 1992 677 2045; x_wconf 83' lang='lat' dir='ltr'>hic</span> <span class='ocrx_word' id='word_1_125' title='bbox 707 1991 1017 2044; x_wconf 88' lang='lat' dir='ltr'>incurrant</span> <span class='ocrx_word' id='word_1_126' title='bbox 1047 1987 1436 2043; x_wconf 76' lang='lat' dir='ltr'>difﬁcultates</span> <span class='ocrx_word' id='word_1_127' title='bbox 1458 1988 1512 2040; x_wconf 59' lang='lat'>.9‘</span> 
     </span>
    </p>
   </div>
   <div class='ocr_carea' id='block_1_19' title="bbox 357 2073 1938 2150">
    <p class='ocr_par' dir='ltr' id='par_1_19' title="bbox 357 2073 1938 2150">
     <span class='ocr_line' id='line_1_20' title="bbox 357 2073 1938 2150; baseline -0.006 -15"><span class='ocrx_word' id='word_1_128' title='bbox 357 2081 465 2135; x_wconf 76' lang='lat'>187.</span> <span class='ocrx_word' id='word_1_129' title='bbox 492 2080 619 2135; x_wconf 91' lang='lat' dir='ltr'>Nec</span> <span class='ocrx_word' id='word_1_130' title='bbox 642 2095 856 2134; x_wconf 88' lang='lat' dir='ltr'>rursus</span> <span class='ocrx_word' id='word_1_131' title='bbox 878 2081 1118 2150; x_wconf 91' lang='lat' dir='ltr'>propter</span> <span class='ocrx_word' id='word_1_132' title='bbox 1134 2077 1432 2149; x_wconf 89' lang='lat' dir='ltr'>ignaviam</span> <span class='ocrx_word' id='word_1_133' title='bbox 1470 2075 1681 2129; x_wconf 90' lang='lat' dir='ltr'>cedere</span> <span class='ocrx_word' id='word_1_134' title='bbox 1703 2073 1839 2145; x_wconf 87' lang='lat' dir='ltr'>quis</span> <span class='ocrx_word' id='word_1_135' title='bbox 1869 2088 1938 2126; x_wconf 94' lang='lat' dir='ltr'>ac</span> 
     </span>
    </p>
   </div>
   <div class='ocr_carea' id='block_1_20' title="bbox 294 2161 1939 2237">
    <p class='ocr_par' dir='ltr' id='par_1_20' title="bbox 294 2161 1939 2237">
     <span class='ocr_line' id='line_1_21' title="bbox 294 2161 1939 2237; baseline -0.006 -14"><span class='ocrx_word' id='word_1_136' title='bbox 294 2169 544 2225; x_wconf 87' lang='lat' dir='ltr'>deserere</span> <span class='ocrx_word' id='word_1_137' title='bbox 567 2169 748 2223; x_wconf 85' lang='lat' dir='ltr'>fidem</span> <span class='ocrx_word' id='word_1_138' title='bbox 770 2168 944 2223; x_wconf 89' lang='lat' dir='ltr'>debet</span> <span class='ocrx_word' id='word_1_139' title='bbox 964 2169 1124 2221; x_wconf 91' lang='lat' dir='ltr'>metu</span> <span class='ocrx_word' id='word_1_140' title='bbox 1159 2165 1406 2237; x_wconf 89' lang='lat' dir='ltr'>periculi</span> <span class='ocrx_word' id='word_1_141' title='bbox 1427 2163 1562 2234; x_wconf 91' lang='lat'>(99).</span> <span class='ocrx_word' id='word_1_142' title='bbox 1587 2162 1711 2228; x_wconf 90' lang='lat' dir='ltr'>Qua</span> <span class='ocrx_word' id='word_1_143' title='bbox 1751 2161 1939 2233; x_wconf 87' lang='lat' dir='ltr'>gratia</span> 
     </span>
    </p>
   </div>
   <div class='ocr_carea' id='block_1_21' title="bbox 292 2250 1939 2329">
    <p class='ocr_par' dir='ltr' id='par_1_21' title="bbox 292 2250 1939 2329">
     <span class='ocr_line' id='line_1_22' title="bbox 292 2250 1939 2329; baseline -0.006 -16"><span class='ocrx_word' id='word_1_144' title='bbox 292 2258 694 2329; x_wconf 66' lang='lat' dir='ltr'>preparandus</span> <span class='ocrx_word' id='word_1_145' title='bbox 729 2259 820 2311; x_wconf 91' lang='lat' dir='ltr'>est</span> <span class='ocrx_word' id='word_1_146' title='bbox 848 2257 1102 2324; x_wconf 88' lang='lat' dir='ltr'>animus,</span> <span class='ocrx_word' id='word_1_147' title='bbox 1152 2252 1485 2309; x_wconf 85' lang='lat' dir='ltr'>exercenda</span> <span class='ocrx_word' id='word_1_148' title='bbox 1514 2267 1682 2307; x_wconf 92' lang='lat' dir='ltr'>mens</span> <span class='ocrx_word' id='word_1_149' title='bbox 1709 2294 1722 2321; x_wconf 92' lang='lat'>,</span> <span class='ocrx_word' id='word_1_150' title='bbox 1758 2250 1939 2305; x_wconf 88' lang='lat' dir='ltr'>stabi-</span> 
     </span>
    </p>
   </div>
   <div class='ocr_carea' id='block_1_22' title="bbox 291 2339 1938 2414">
    <p class='ocr_par' dir='ltr' id='par_1_22' title="bbox 291 2339 1938 2414">
     <span class='ocr_line' id='line_1_23' title="bbox 291 2339 1938 2414; baseline -0.005 -14"><span class='ocrx_word' id='word_1_151' title='bbox 291 2346 460 2401; x_wconf 89' lang='lat' dir='ltr'>lienda</span> <span class='ocrx_word' id='word_1_152' title='bbox 496 2347 566 2401; x_wconf 89' lang='lat' dir='ltr'>ad</span> <span class='ocrx_word' id='word_1_153' title='bbox 612 2346 1032 2414; x_wconf 86' lang='lat' dir='ltr'>constantiam,</span> <span class='ocrx_word' id='word_1_154' title='bbox 1052 2348 1114 2398; x_wconf 90' lang='lat' dir='ltr'>ut</span> <span class='ocrx_word' id='word_1_155' title='bbox 1135 2343 1313 2399; x_wconf 89' lang='lat' dir='ltr'>nullis</span> <span class='ocrx_word' id='word_1_156' title='bbox 1344 2340 1675 2413; x_wconf 87' lang='lat' dir='ltr'>perturbari</span> <span class='ocrx_word' id='word_1_157' title='bbox 1705 2339 1938 2393; x_wconf 91' lang='lat' dir='ltr'>animus</span> 
     </span>
    </p>
   </div>
   <div class='ocr_carea' id='block_1_23' title="bbox 290 2428 1941 2506">
    <p class='ocr_par' dir='ltr' id='par_1_23' title="bbox 290 2428 1941 2506">
     <span class='ocr_line' id='line_1_24' title="bbox 290 2428 1941 2506; baseline -0.005 -17"><span class='ocrx_word' id='word_1_158' title='bbox 290 2437 457 2506; x_wconf 88' lang='lat' dir='ltr'>possit</span> <span class='ocrx_word' id='word_1_159' title='bbox 485 2435 839 2504; x_wconf 84' lang='lat' dir='ltr'>terroribus,</span> <span class='ocrx_word' id='word_1_160' title='bbox 865 2434 1045 2489; x_wconf 91' lang='lat' dir='ltr'>nullis</span> <span class='ocrx_word' id='word_1_161' title='bbox 1062 2433 1254 2505; x_wconf 80' lang='lat' dir='ltr'>frangi</span> <span class='ocrx_word' id='word_1_162' title='bbox 1275 2431 1584 2499; x_wconf 88' lang='lat' dir='ltr'>molestiis,</span> <span class='ocrx_word' id='word_1_163' title='bbox 1609 2428 1788 2484; x_wconf 89' lang='lat' dir='ltr'>nullis</span> <span class='ocrx_word' id='word_1_164' title='bbox 1808 2443 1941 2498; x_wconf 90' lang='lat' dir='ltr'>sup-</span> 
     </span>
    </p>
   </div>
   <div class='ocr_carea' id='block_1_24' title="bbox 289 2516 1938 2594">
    <p class='ocr_par' dir='ltr' id='par_1_24' title="bbox 289 2516 1938 2594">
     <span class='ocr_line' id='line_1_25' title="bbox 289 2516 1938 2594; baseline -0.004 -17"><span class='ocrx_word' id='word_1_165' title='bbox 289 2524 460 2594; x_wconf 89' lang='lat' dir='ltr'>pliciis</span> <span class='ocrx_word' id='word_1_166' title='bbox 477 2524 863 2589; x_wconf 72' lang='lat' dir='ltr'>cedere.Qu:e</span> <span class='ocrx_word' id='word_1_167' title='bbox 881 2523 1123 2577; x_wconf 82' lang='lat' dir='ltr'>difficile</span> <span class='ocrx_word' id='word_1_168' title='bbox 1138 2522 1376 2593; x_wconf 89' lang='lat' dir='ltr'>quidem</span> <span class='ocrx_word' id='word_1_169' title='bbox 1398 2519 1769 2574; x_wconf 88' lang='lat' dir='ltr'>sustinentur</span> <span class='ocrx_word' id='word_1_170' title='bbox 1792 2533 1805 2571; x_wconf 88' lang='lat'>:</span> <span class='ocrx_word' id='word_1_171' title='bbox 1828 2516 1938 2570; x_wconf 91' lang='lat' dir='ltr'>sed</span> 
     </span>
    </p>
   </div>
   <div class='ocr_carea' id='block_1_25' title="bbox 289 2606 1939 2685">
    <p class='ocr_par' dir='ltr' id='par_1_25' title="bbox 289 2606 1939 2685">
     <span class='ocr_line' id='line_1_26' title="bbox 289 2606 1939 2685; baseline -0.004 -18"><span class='ocrx_word' id='word_1_172' title='bbox 289 2613 406 2685; x_wconf 83' lang='lat' dir='ltr'>quia</span> <span class='ocrx_word' id='word_1_173' title='bbox 432 2616 630 2669; x_wconf 86' lang='lat' dir='ltr'>omnia</span> <span class='ocrx_word' id='word_1_174' title='bbox 660 2612 949 2684; x_wconf 91' lang='lat' dir='ltr'>supplicia</span> <span class='ocrx_word' id='word_1_175' title='bbox 987 2614 1329 2684; x_wconf 85' lang='lat' dir='ltr'>graviorum</span> <span class='ocrx_word' id='word_1_176' title='bbox 1362 2608 1786 2679; x_wconf 86' lang='lat' dir='ltr'>suppliciorum</span> <span class='ocrx_word' id='word_1_177' title='bbox 1815 2606 1939 2660; x_wconf 87' lang='lat' dir='ltr'>vin-</span> 
     </span>
    </p>
   </div>
   <div class='ocr_carea' id='block_1_26' title="bbox 289 2695 1935 2771">
    <p class='ocr_par' dir='ltr' id='par_1_26' title="bbox 289 2695 1935 2771">
     <span class='ocr_line' id='line_1_27' title="bbox 289 2695 1935 2771; baseline -0.005 -16"><span class='ocrx_word' id='word_1_178' title='bbox 289 2705 476 2757; x_wconf 90' lang='lat' dir='ltr'>cuntur</span> <span class='ocrx_word' id='word_1_179' title='bbox 502 2701 820 2757; x_wconf 84' lang='lat' dir='ltr'>formidine</span> <span class='ocrx_word' id='word_1_180' title='bbox 844 2743 859 2771; x_wconf 96' lang='lat'>,</span> <span class='ocrx_word' id='word_1_181' title='bbox 893 2701 1025 2756; x_wconf 90' lang='lat' dir='ltr'>ideo</span> <span class='ocrx_word' id='word_1_182' title='bbox 1055 2700 1110 2754; x_wconf 91' lang='lat' dir='ltr'>si</span> <span class='ocrx_word' id='word_1_183' title='bbox 1148 2699 1398 2754; x_wconf 89' lang='lat' dir='ltr'>consilio</span> <span class='ocrx_word' id='word_1_184' title='bbox 1432 2699 1634 2752; x_wconf 83' lang='lat' dir='ltr'>firmes</span> <span class='ocrx_word' id='word_1_185' title='bbox 1674 2695 1935 2749; x_wconf 90' lang='lat' dir='ltr'>animum</span> 
     </span>
    </p>
   </div>
   <div class='ocr_carea' id='block_1_27' title="bbox 286 2788 1939 2859">
    <p class='ocr_par' dir='ltr' id='par_1_27' title="bbox 286 2788 1939 2859">
     <span class='ocr_line' id='line_1_28' title="bbox 286 2788 1939 2859; baseline -0.004 -15"><span class='ocrx_word' id='word_1_186' title='bbox 286 2793 445 2859; x_wconf 89' lang='lat' dir='ltr'>tuum,</span> <span class='ocrx_word' id='word_1_187' title='bbox 478 2807 590 2847; x_wconf 91' lang='lat' dir='ltr'>nec</span> <span class='ocrx_word' id='word_1_188' title='bbox 624 2808 656 2845; x_wconf 88' lang='lat' dir='ltr'>a</span> <span class='ocrx_word' id='word_1_189' title='bbox 689 2791 912 2844; x_wconf 84' lang='lat' dir='ltr'>ratione</span> <span class='ocrx_word' id='word_1_190' title='bbox 944 2788 1371 2843; x_wconf 86' lang='lat' dir='ltr'>discedendum</span> <span class='ocrx_word' id='word_1_191' title='bbox 1408 2789 1611 2857; x_wconf 89' lang='lat' dir='ltr'>putes,</span> <span class='ocrx_word' id='word_1_192' title='bbox 1645 2788 1702 2839; x_wconf 91' lang='lat' dir='ltr'>et</span> <span class='ocrx_word' id='word_1_193' title='bbox 1730 2799 1939 2854; x_wconf 84' lang='lat' dir='ltr'>propo-</span> 
     </span>
    </p>
   </div>
   <div class='ocr_carea' id='block_1_28' title="bbox 290 2873 1937 2951">
    <p class='ocr_par' dir='ltr' id='par_1_28' title="bbox 290 2873 1937 2951">
     <span class='ocr_line' id='line_1_29' title="bbox 290 2873 1937 2951; baseline -0.004 -19"><span class='ocrx_word' id='word_1_194' title='bbox 290 2895 380 2935; x_wconf 86' lang='lat' dir='ltr'>nas</span> <span class='ocrx_word' id='word_1_195' title='bbox 407 2880 587 2934; x_wconf 87' lang='lat' dir='ltr'>divini</span> <span class='ocrx_word' id='word_1_196' title='bbox 634 2879 845 2951; x_wconf 88' lang='lat' dir='ltr'>judicii</span> <span class='ocrx_word' id='word_1_197' title='bbox 888 2881 1106 2932; x_wconf 91' lang='lat' dir='ltr'>metum</span> <span class='ocrx_word' id='word_1_198' title='bbox 1132 2920 1145 2944; x_wconf 93' lang='lat'>,</span> <span class='ocrx_word' id='word_1_199' title='bbox 1180 2876 1448 2947; x_wconf 90' lang='lat' dir='ltr'>perpetui</span> <span class='ocrx_word' id='word_1_200' title='bbox 1494 2873 1770 2945; x_wconf 88' lang='lat' dir='ltr'>supplicii</span> <span class='ocrx_word' id='word_1_201' title='bbox 1810 2876 1937 2926; x_wconf 89' lang='lat' dir='ltr'>tor-</span> 
     </span>
    </p>
   </div>
   <div class='ocr_carea' id='block_1_29' title="bbox 288 2964 1552 3039">
    <p class='ocr_par' dir='ltr' id='par_1_29' title="bbox 288 2964 1552 3039">
     <span class='ocr_line' id='line_1_30' title="bbox 288 2964 1552 3039; baseline -0.004 -18"><span class='ocrx_word' id='word_1_202' title='bbox 288 2973 482 3039; x_wconf 87' lang='lat' dir='ltr'>menla,</span> <span class='ocrx_word' id='word_1_203' title='bbox 512 2971 690 3039; x_wconf 85' lang='lat' dir='ltr'>potes</span> <span class='ocrx_word' id='word_1_204' title='bbox 723 2967 901 3021; x_wconf 90' lang='lat' dir='ltr'>animi</span> <span class='ocrx_word' id='word_1_205' title='bbox 930 2967 1136 3022; x_wconf 90' lang='lat' dir='ltr'>subire</span> <span class='ocrx_word' id='word_1_206' title='bbox 1166 2964 1552 3020; x_wconf 88' lang='lat' dir='ltr'>tolerantiam.</span> 
     </span>
    </p>
   </div>
   <div class='ocr_carea' id='block_1_30' title="bbox 348 3052 1942 3129">
    <p class='ocr_par' dir='ltr' id='par_1_30' title="bbox 348 3052 1942 3129">
     <span class='ocr_line' id='line_1_31' title="bbox 348 3052 1942 3129; baseline -0.004 -18"><span class='ocrx_word' id='word_1_207' title='bbox 348 3058 459 3112; x_wconf 88' lang='lat'>188.</span> <span class='ocrx_word' id='word_1_208' title='bbox 486 3058 620 3113; x_wconf 85' lang='lat' dir='ltr'>Hoc</span> <span class='ocrx_word' id='word_1_209' title='bbox 647 3057 832 3129; x_wconf 85' lang='lat' dir='ltr'>igitur</span> <span class='ocrx_word' id='word_1_210' title='bbox 850 3055 1173 3128; x_wconf 68' lang='lat' dir='ltr'>diligentiae</span> <span class='ocrx_word' id='word_1_211' title='bbox 1199 3057 1309 3123; x_wconf 90' lang='lat' dir='ltr'>est,</span> <span class='ocrx_word' id='word_1_212' title='bbox 1330 3057 1393 3108; x_wconf 93' lang='lat' dir='ltr'>ut</span> <span class='ocrx_word' id='word_1_213' title='bbox 1422 3053 1558 3125; x_wconf 90' lang='lat' dir='ltr'>quis</span> <span class='ocrx_word' id='word_1_214' title='bbox 1589 3052 1666 3106; x_wconf 91' lang='lat' dir='ltr'>ita</span> <span class='ocrx_word' id='word_1_215' title='bbox 1699 3067 1764 3107; x_wconf 92' lang='lat' dir='ltr'>se</span> <span class='ocrx_word' id='word_1_216' title='bbox 1789 3066 1942 3105; x_wconf 84' lang='lat' dir='ltr'>com-</span> 
     </span>
    </p>
   </div>
   <div class='ocr_carea' id='block_1_31' title="bbox 287 3140 1938 3218">
    <p class='ocr_par' dir='ltr' id='par_1_31' title="bbox 287 3140 1938 3218">
     <span class='ocr_line' id='line_1_32' title="bbox 287 3140 1938 3218; baseline -0.005 -17"><span class='ocrx_word' id='word_1_217' title='bbox 287 3151 431 3216; x_wconf 86' lang='lat' dir='ltr'>paret</span> <span class='ocrx_word' id='word_1_218' title='bbox 460 3164 473 3202; x_wconf 91' lang='lat'>:</span> <span class='ocrx_word' id='word_1_219' title='bbox 506 3147 654 3203; x_wconf 88' lang='lat' dir='ltr'>illud</span> <span class='ocrx_word' id='word_1_220' title='bbox 688 3145 930 3218; x_wconf 51' lang='lat' dir='ltr'>ingenii,</span> <span class='ocrx_word' id='word_1_221' title='bbox 969 3146 1022 3199; x_wconf 91' lang='lat' dir='ltr'>si</span> <span class='ocrx_word' id='word_1_222' title='bbox 1070 3145 1205 3215; x_wconf 91' lang='lat' dir='ltr'>quis</span> <span class='ocrx_word' id='word_1_223' title='bbox 1234 3145 1428 3211; x_wconf 89' lang='lat' dir='ltr'>potest</span> <span class='ocrx_word' id='word_1_224' title='bbox 1475 3142 1685 3213; x_wconf 86' lang='lat' dir='ltr'>vigore</span> <span class='ocrx_word' id='word_1_225' title='bbox 1723 3140 1938 3195; x_wconf 90' lang='lat' dir='ltr'>mentis</span> 
     </span>
    </p>
   </div>
   <div class='ocr_carea' id='block_1_32' title="bbox 2056 682 3490 758">
    <p class='ocr_par' dir='ltr' id='par_1_32' title="bbox 2056 682 3490 758">
     <span class='ocr_line' id='line_1_33' title="bbox 2056 682 3490 758; baseline 0.001 -20"><span class='ocrx_word' id='word_1_226' title='bbox 2056 684 2135 738; x_wconf 90' lang='lat' dir='ltr'>ita</span> <span class='ocrx_word' id='word_1_227' title='bbox 2165 686 2422 739; x_wconf 88' lang='lat' dir='ltr'>animum</span> <span class='ocrx_word' id='word_1_228' title='bbox 2454 684 2603 738; x_wconf 89' lang='lat' dir='ltr'>mala</span> <span class='ocrx_word' id='word_1_229' title='bbox 2634 682 2999 754; x_wconf 83' lang='lat' dir='ltr'>inexplorata</span> <span class='ocrx_word' id='word_1_230' title='bbox 3026 686 3161 755; x_wconf 91' lang='lat' dir='ltr'>plus</span> <span class='ocrx_word' id='word_1_231' title='bbox 3191 685 3490 758; x_wconf 88' lang='lat' dir='ltr'>frangunt.</span> 
     </span>
    </p>
   </div>
   <div class='ocr_carea' id='block_1_33' title="bbox 2126 773 3727 844">
    <p class='ocr_par' dir='ltr' id='par_1_33' title="bbox 2126 773 3727 844">
     <span class='ocr_line' id='line_1_34' title="bbox 2126 773 3727 844; baseline 0.001 -17"><span class='ocrx_word' id='word_1_232' title='bbox 2126 774 2230 828; x_wconf 88' lang='lat'>190</span> <span class='ocrx_word' id='word_1_233' title='bbox 2261 774 2323 827; x_wconf 91' lang='lat' dir='ltr'><strong>In</strong></span> <span class='ocrx_word' id='word_1_234' title='bbox 2352 773 2447 827; x_wconf 88' lang='lat' dir='ltr'>his</span> <span class='ocrx_word' id='word_1_235' title='bbox 2480 773 2661 844; x_wconf 84' lang='lat' dir='ltr'>igitur</span> <span class='ocrx_word' id='word_1_236' title='bbox 2692 773 2769 842; x_wconf 85' lang='lat'>(8)</span> <span class='ocrx_word' id='word_1_237' title='bbox 2802 773 3039 827; x_wconf 88' lang='lat' dir='ltr'>duobus</span> <span class='ocrx_word' id='word_1_238' title='bbox 3071 774 3168 827; x_wconf 89' lang='lat' dir='ltr'>illa</span> <span class='ocrx_word' id='word_1_239' title='bbox 3200 777 3291 828; x_wconf 91' lang='lat' dir='ltr'>est</span> <span class='ocrx_word' id='word_1_240' title='bbox 3317 774 3493 828; x_wconf 88' lang='lat' dir='ltr'>animi</span> <span class='ocrx_word' id='word_1_241' title='bbox 3525 774 3727 829; x_wconf 75' lang='lat' dir='ltr'>excel-</span> 
     </span>
    </p>
   </div>
   <div class='ocr_carea' id='block_1_34' title="bbox 2054 862 3728 933">
    <p class='ocr_par' dir='ltr' id='par_1_34' title="bbox 2054 862 3728 933">
     <span class='ocr_line' id='line_1_35' title="bbox 2054 862 3728 933; baseline 0.002 -18"><span class='ocrx_word' id='word_1_242' title='bbox 2054 862 2251 930; x_wconf 90' lang='lat' dir='ltr'>lentia,</span> <span class='ocrx_word' id='word_1_243' title='bbox 2287 865 2348 917; x_wconf 92' lang='lat' dir='ltr'>ut</span> <span class='ocrx_word' id='word_1_244' title='bbox 2372 862 2622 933; x_wconf 90' lang='lat' dir='ltr'>primum</span> <span class='ocrx_word' id='word_1_245' title='bbox 2654 862 2887 916; x_wconf 90' lang='lat' dir='ltr'>animus</span> <span class='ocrx_word' id='word_1_246' title='bbox 2918 865 3056 916; x_wconf 92' lang='lat' dir='ltr'>tuus</span> <span class='ocrx_word' id='word_1_247' title='bbox 3087 863 3263 917; x_wconf 89' lang='lat' dir='ltr'>bonis</span> <span class='ocrx_word' id='word_1_248' title='bbox 3295 864 3593 918; x_wconf 82' lang='lat' dir='ltr'>exercitus</span> <span class='ocrx_word' id='word_1_249' title='bbox 3628 880 3728 919; x_wconf 91' lang='lat' dir='ltr'>co-</span> 
     </span>
    </p>
   </div>
   <div class='ocr_carea' id='block_1_35' title="bbox 2055 950 3725 1022">
    <p class='ocr_par' dir='ltr' id='par_1_35' title="bbox 2055 950 3725 1022">
     <span class='ocr_line' id='line_1_36' title="bbox 2055 950 3725 1022; baseline 0.002 -18"><span class='ocrx_word' id='word_1_250' title='bbox 2055 950 2463 1022; x_wconf 90' lang='lat' dir='ltr'>gitationibus,</span> <span class='ocrx_word' id='word_1_251' title='bbox 2514 951 2731 1005; x_wconf 90' lang='lat' dir='ltr'>mundo</span> <span class='ocrx_word' id='word_1_252' title='bbox 2785 951 2963 1005; x_wconf 90' lang='lat' dir='ltr'>corde</span> <span class='ocrx_word' id='word_1_253' title='bbox 3010 951 3169 1022; x_wconf 91' lang='lat' dir='ltr'>quod</span> <span class='ocrx_word' id='word_1_254' title='bbox 3215 966 3420 1005; x_wconf 89' lang='lat' dir='ltr'>verum</span> <span class='ocrx_word' id='word_1_255' title='bbox 3452 954 3509 1005; x_wconf 91' lang='lat' dir='ltr'>et</span> <span class='ocrx_word' id='word_1_256' title='bbox 3536 952 3725 1008; x_wconf 89' lang='lat' dir='ltr'>hone-</span> 
     </span>
    </p>
   </div>
   <div class='ocr_carea' id='block_1_36' title="bbox 2054 1036 3724 1112">
    <p class='ocr_par' dir='ltr' id='par_1_36' title="bbox 2054 1036 3724 1112">
     <span class='ocr_line' id='line_1_37' title="bbox 2054 1036 3724 1112; baseline 0.001 -19"><span class='ocrx_word' id='word_1_257' title='bbox 2054 1042 2209 1093; x_wconf 91' lang='lat' dir='ltr'>stum</span> <span class='ocrx_word' id='word_1_258' title='bbox 2242 1042 2333 1093; x_wconf 92' lang='lat' dir='ltr'>est</span> <span class='ocrx_word' id='word_1_259' title='bbox 2378 1038 2571 1093; x_wconf 88' lang='lat' dir='ltr'>videat</span> <span class='ocrx_word' id='word_1_260' title='bbox 2606 1054 2617 1093; x_wconf 93' lang='lat'>:</span> <span class='ocrx_word' id='word_1_261' title='bbox 2654 1036 2832 1093; x_wconf 81' lang='lat' dir='ltr'>Beati</span> <span class='ocrx_word' id='word_1_262' title='bbox 2876 1040 3032 1093; x_wconf 90' lang='lat' dir='ltr'>enim</span> <span class='ocrx_word' id='word_1_263' title='bbox 3080 1039 3293 1095; x_wconf 89' lang='lat' dir='ltr'>mundo</span> <span class='ocrx_word' id='word_1_264' title='bbox 3341 1039 3538 1109; x_wconf 90' lang='lat' dir='ltr'>corde,</span> <span class='ocrx_word' id='word_1_265' title='bbox 3593 1042 3724 1112; x_wconf 86' lang='lat' dir='ltr'>quia</span> 
     </span>
    </p>
   </div>
   <div class='ocr_carea' id='block_1_37' title="bbox 2050 1127 3724 1200">
    <p class='ocr_par' dir='ltr' id='par_1_37' title="bbox 2050 1127 3724 1200">
     <span class='ocr_line' id='line_1_38' title="bbox 2050 1127 3724 1200; baseline 0.002 -19"><span class='ocrx_word' id='word_1_266' title='bbox 2050 1128 2170 1199; x_wconf 84' lang='lat' dir='ltr'>ipsi</span> <span class='ocrx_word' id='word_1_267' title='bbox 2207 1128 2383 1183; x_wconf 89' lang='lat' dir='ltr'>eliam</span> <span class='ocrx_word' id='word_1_268' title='bbox 2422 1127 2605 1182; x_wconf 87' lang='lat' dir='ltr'>Deum</span> <span class='ocrx_word' id='word_1_269' title='bbox 2645 1128 2928 1182; x_wconf 84' lang='lat' dir='ltr'>videbunt</span> <span class='ocrx_word' id='word_1_270' title='bbox 2959 1128 3197 1197; x_wconf 66' lang='grc' dir='ltr'>(Μαίη).</span> <span class='ocrx_word' id='word_1_271' title='bbox 3233 1145 3288 1196; x_wconf 85' lang='grc' dir='ltr'>ν,</span> <span class='ocrx_word' id='word_1_272' title='bbox 3317 1128 3371 1197; x_wconf 91' lang='lat'>8)</span> <span class='ocrx_word' id='word_1_273' title='bbox 3408 1144 3419 1182; x_wconf 94' lang='lat'>:</span> <span class='ocrx_word' id='word_1_274' title='bbox 3454 1131 3627 1200; x_wconf 86' lang='lat' dir='ltr'>atque</span> <span class='ocrx_word' id='word_1_275' title='bbox 3662 1130 3724 1184; x_wconf 90' lang='lat' dir='ltr'>id</span> 
     </span>
    </p>
   </div>
   <div class='ocr_carea' id='block_1_38' title="bbox 2052 1215 3719 1288">
    <p class='ocr_par' dir='ltr' id='par_1_38' title="bbox 2052 1215 3719 1288">
     <span class='ocr_line' id='line_1_39' title="bbox 2052 1215 3719 1288; baseline 0.001 -18"><span class='ocrx_word' id='word_1_276' title='bbox 2052 1217 2210 1288; x_wconf 91' lang='lat' dir='ltr'>quod</span> <span class='ocrx_word' id='word_1_277' title='bbox 2243 1216 2557 1271; x_wconf 89' lang='lat' dir='ltr'>honestum</span> <span class='ocrx_word' id='word_1_278' title='bbox 2589 1218 2679 1270; x_wconf 91' lang='lat' dir='ltr'>est</span> <span class='ocrx_word' id='word_1_279' title='bbox 2728 1217 2921 1271; x_wconf 92' lang='lat' dir='ltr'>solum</span> <span class='ocrx_word' id='word_1_280' title='bbox 2952 1217 3172 1271; x_wconf 90' lang='lat' dir='ltr'>bonum</span> <span class='ocrx_word' id='word_1_281' title='bbox 3198 1215 3426 1288; x_wconf 88' lang='lat' dir='ltr'>judicet</span> <span class='ocrx_word' id='word_1_282' title='bbox 3459 1232 3472 1273; x_wconf 91' lang='lat'><em>:</em></span> <span class='ocrx_word' id='word_1_283' title='bbox 3508 1217 3719 1272; x_wconf 89' lang='lat' dir='ltr'>deinde</span> 
     </span>
    </p>
   </div>
   <div class='ocr_carea' id='block_1_39' title="bbox 2051 1306 3726 1377">
    <p class='ocr_par' dir='ltr' id='par_1_39' title="bbox 2051 1306 3726 1377">
     <span class='ocr_line' id='line_1_40' title="bbox 2051 1306 3726 1377; baseline 0.002 -18"><span class='ocrx_word' id='word_1_284' title='bbox 2051 1306 2231 1360; x_wconf 92' lang='lat' dir='ltr'>nullis</span> <span class='ocrx_word' id='word_1_285' title='bbox 2258 1306 2637 1376; x_wconf 85' lang='lat' dir='ltr'>perturbetur</span> <span class='ocrx_word' id='word_1_286' title='bbox 2659 1307 3147 1377; x_wconf 86' lang='lat' dir='ltr'>occupationibus</span> <span class='ocrx_word' id='word_1_287' title='bbox 3177 1307 3274 1377; x_wconf 70' lang='lat' dir='ltr'>(t),</span> <span class='ocrx_word' id='word_1_288' title='bbox 3308 1306 3489 1362; x_wconf 89' lang='lat' dir='ltr'>nullis</span> <span class='ocrx_word' id='word_1_289' title='bbox 3508 1306 3726 1377; x_wconf 88' lang='lat' dir='ltr'>cupidi-</span> 
     </span>
    </p>
   </div>
   <div class='ocr_carea' id='block_1_40' title="bbox 2051 1396 2563 1450">
    <p class='ocr_par' dir='ltr' id='par_1_40' title="bbox 2051 1396 2563 1450">
     <span class='ocr_line' id='line_1_41' title="bbox 2051 1396 2563 1450; baseline 0.002 -2"><span class='ocrx_word' id='word_1_290' title='bbox 2051 1396 2271 1450; x_wconf 87' lang='lat' dir='ltr'>tatibus</span> <span class='ocrx_word' id='word_1_291' title='bbox 2303 1396 2563 1450; x_wconf 88' lang='lat' dir='ltr'>fluctuet.</span> 
     </span>
    </p>
   </div>
   <div class='ocr_carea' id='block_1_41' title="bbox 2124 1482 3726 1556">
    <p class='ocr_par' dir='ltr' id='par_1_41' title="bbox 2124 1482 3726 1556">
     <span class='ocr_line' id='line_1_42' title="bbox 2124 1482 3726 1556; baseline 0.002 -19"><span class='ocrx_word' id='word_1_292' title='bbox 2124 1484 2245 1538; x_wconf 89' lang='lat'>191.</span> <span class='ocrx_word' id='word_1_293' title='bbox 2280 1484 2485 1555; x_wconf 91' lang='lat' dir='ltr'>Neque</span> <span class='ocrx_word' id='word_1_294' title='bbox 2517 1501 2659 1539; x_wconf 90' lang='lat' dir='ltr'>vero</span> <span class='ocrx_word' id='word_1_295' title='bbox 2706 1484 2764 1538; x_wconf 93' lang='lat' dir='ltr'>id</span> <span class='ocrx_word' id='word_1_296' title='bbox 2797 1484 2968 1539; x_wconf 87' lang='lat' dir='ltr'>facile</span> <span class='ocrx_word' id='word_1_297' title='bbox 3018 1484 3333 1556; x_wconf 86' lang='lat' dir='ltr'>quisquam</span> <span class='ocrx_word' id='word_1_298' title='bbox 3371 1484 3529 1539; x_wconf 83' lang='lat' dir='ltr'>facit.</span> <span class='ocrx_word' id='word_1_299' title='bbox 3573 1482 3726 1550; x_wconf 87' lang='lat' dir='ltr'>Quid</span> 
     </span>
    </p>
   </div>
   <div class='ocr_carea' id='block_1_42' title="bbox 2051 1573 3723 1646">
    <p class='ocr_par' dir='ltr' id='par_1_42' title="bbox 2051 1573 3723 1646">
     <span class='ocr_line' id='line_1_43' title="bbox 2051 1573 3723 1646; baseline 0.003 -21"><span class='ocrx_word' id='word_1_300' title='bbox 2051 1573 2207 1626; x_wconf 88' lang='lat' dir='ltr'>enim</span> <span class='ocrx_word' id='word_1_301' title='bbox 2239 1575 2355 1626; x_wconf 91' lang='lat' dir='ltr'>tam</span> <span class='ocrx_word' id='word_1_302' title='bbox 2386 1573 2628 1627; x_wconf 82' lang='lat' dir='ltr'>difﬁeile</span> <span class='ocrx_word' id='word_1_303' title='bbox 2650 1590 2825 1645; x_wconf 87' lang='lat' dir='ltr'>quam</span> <span class='ocrx_word' id='word_1_304' title='bbox 2855 1574 3151 1645; x_wconf 89' lang='lat' dir='ltr'>dispicere</span> <span class='ocrx_word' id='word_1_305' title='bbox 3170 1578 3447 1646; x_wconf 87' lang='lat' dir='ltr'>tanquam</span> <span class='ocrx_word' id='word_1_306' title='bbox 3480 1590 3555 1628; x_wconf 81' lang='lat' dir='ltr'>ex</span> <span class='ocrx_word' id='word_1_307' title='bbox 3587 1590 3723 1630; x_wconf 89' lang='lat' dir='ltr'>arce</span> 
     </span>
    </p>
   </div>
   <div class='ocr_carea' id='block_1_43' title="bbox 2050 1661 3723 1735">
    <p class='ocr_par' dir='ltr' id='par_1_43' title="bbox 2050 1661 3723 1735">
     <span class='ocr_line' id='line_1_44' title="bbox 2050 1661 3723 1735; baseline 0.002 -21"><span class='ocrx_word' id='word_1_308' title='bbox 2050 1661 2245 1732; x_wconf 88' lang='lat' dir='ltr'>aliqua</span> <span class='ocrx_word' id='word_1_309' title='bbox 2271 1662 2576 1732; x_wconf 62' lang='lat' dir='ltr'>sapientiae</span> <span class='ocrx_word' id='word_1_310' title='bbox 2596 1678 2762 1733; x_wconf 91' lang='lat' dir='ltr'>opes,</span> <span class='ocrx_word' id='word_1_311' title='bbox 2786 1663 3016 1734; x_wconf 89' lang='lat' dir='ltr'>aliaque</span> <span class='ocrx_word' id='word_1_312' title='bbox 3040 1664 3234 1719; x_wconf 87' lang='lat' dir='ltr'>omnia</span> <span class='ocrx_word' id='word_1_313' title='bbox 3262 1680 3396 1735; x_wconf 63' lang='lat' dir='ltr'>quae</span> <span class='ocrx_word' id='word_1_314' title='bbox 3416 1664 3723 1735; x_wconf 88' lang='lat' dir='ltr'>plerisque</span> 
     </span>
    </p>
   </div>
   <div class='ocr_carea' id='block_1_44' title="bbox 2048 1750 3727 1823">
    <p class='ocr_par' dir='ltr' id='par_1_44' title="bbox 2048 1750 3727 1823">
     <span class='ocr_line' id='line_1_45' title="bbox 2048 1750 3727 1823; baseline 0.002 -20"><span class='ocrx_word' id='word_1_315' title='bbox 2048 1750 2325 1804; x_wconf 90' lang='lat' dir='ltr'>videntur</span> <span class='ocrx_word' id='word_1_316' title='bbox 2355 1767 2568 1822; x_wconf 89' lang='lat' dir='ltr'>magna</span> <span class='ocrx_word' id='word_1_317' title='bbox 2622 1755 2678 1805; x_wconf 90' lang='lat' dir='ltr'>et</span> <span class='ocrx_word' id='word_1_318' title='bbox 2706 1752 3036 1822; x_wconf 64' lang='lat' dir='ltr'>praecelsa?</span> <span class='ocrx_word' id='word_1_319' title='bbox 3068 1752 3291 1808; x_wconf 89' lang='lat' dir='ltr'>Deinde</span> <span class='ocrx_word' id='word_1_320' title='bbox 3340 1756 3401 1807; x_wconf 91' lang='lat' dir='ltr'>ut</span> <span class='ocrx_word' id='word_1_321' title='bbox 3434 1751 3727 1823; x_wconf 84' lang='lat' dir='ltr'>judicium</span> 
     </span>
    </p>
   </div>
   <div class='ocr_carea' id='block_1_45' title="bbox 2050 1839 3725 1912">
    <p class='ocr_par' dir='ltr' id='par_1_45' title="bbox 2050 1839 3725 1912">
     <span class='ocr_line' id='line_1_46' title="bbox 2050 1839 3725 1912; baseline 0.002 -19"><span class='ocrx_word' id='word_1_322' title='bbox 2050 1841 2215 1893; x_wconf 90' lang='lat' dir='ltr'>tuum</span> <span class='ocrx_word' id='word_1_323' title='bbox 2244 1839 2440 1894; x_wconf 88' lang='lat' dir='ltr'>stabili</span> <span class='ocrx_word' id='word_1_324' title='bbox 2471 1840 2696 1894; x_wconf 89' lang='lat' dir='ltr'>ratione</span> <span class='ocrx_word' id='word_1_325' title='bbox 2730 1841 3080 1910; x_wconf 81' lang='lat' dir='ltr'>confirmes,</span> <span class='ocrx_word' id='word_1_326' title='bbox 3105 1844 3170 1911; x_wconf 73' lang='lat' dir='ltr'>pt</span> <span class='ocrx_word' id='word_1_327' title='bbox 3200 1857 3331 1912; x_wconf 58' lang='lat' dir='ltr'>quae</span> <span class='ocrx_word' id='word_1_328' title='bbox 3358 1841 3725 1912; x_wconf 84' lang='lat' dir='ltr'>judicaveris</span> 
     </span>
    </p>
   </div>
   <div class='ocr_carea' id='block_1_46' title="bbox 2050 1927 3724 2000">
    <p class='ocr_par' dir='ltr' id='par_1_46' title="bbox 2050 1927 3724 2000">
     <span class='ocr_line' id='line_1_47' title="bbox 2050 1927 3724 2000; baseline 0.002 -19"><span class='ocrx_word' id='word_1_329' title='bbox 2050 1927 2224 1998; x_wconf 90' lang='lat' dir='ltr'>levia,</span> <span class='ocrx_word' id='word_1_330' title='bbox 2258 1931 2532 2000; x_wconf 87' lang='lat' dir='ltr'>tanquam</span> <span class='ocrx_word' id='word_1_331' title='bbox 2564 1929 2708 1983; x_wconf 89' lang='lat' dir='ltr'>nihil</span> <span class='ocrx_word' id='word_1_332' title='bbox 2747 1930 3053 2000; x_wconf 77' lang='lat' dir='ltr'>profutura</span> <span class='ocrx_word' id='word_1_333' title='bbox 3084 1932 3470 1985; x_wconf 79' lang='lat' dir='ltr'>contemnas?</span> <span class='ocrx_word' id='word_1_334' title='bbox 3501 1930 3724 1985; x_wconf 87' lang='lat' dir='ltr'>Deinde</span> 
     </span>
    </p>
   </div>
   <div class='ocr_carea' id='block_1_47' title="bbox 2053 2018 3727 2091">
    <p class='ocr_par' dir='ltr' id='par_1_47' title="bbox 2053 2018 3727 2091">
     <span class='ocr_line' id='line_1_48' title="bbox 2053 2018 3727 2091; baseline 0.001 -19"><span class='ocrx_word' id='word_1_335' title='bbox 2053 2019 2116 2072; x_wconf 90' lang='lat' dir='ltr'>ut</span> <span class='ocrx_word' id='word_1_336' title='bbox 2137 2018 2189 2070; x_wconf 93' lang='lat' dir='ltr'>si</span> <span class='ocrx_word' id='word_1_337' title='bbox 2212 2018 2352 2088; x_wconf 90' lang='lat' dir='ltr'>quid</span> <span class='ocrx_word' id='word_1_338' title='bbox 2378 2018 2657 2072; x_wconf 89' lang='lat' dir='ltr'>acciderit</span> <span class='ocrx_word' id='word_1_339' title='bbox 2679 2019 2936 2087; x_wconf 88' lang='lat' dir='ltr'>adversi,</span> <span class='ocrx_word' id='word_1_340' title='bbox 2958 2020 3135 2091; x_wconf 90' lang='lat' dir='ltr'>idque</span> <span class='ocrx_word' id='word_1_341' title='bbox 3160 2036 3342 2091; x_wconf 90' lang='lat' dir='ltr'>grave</span> <span class='ocrx_word' id='word_1_342' title='bbox 3366 2022 3421 2074; x_wconf 89' lang='lat' dir='ltr'>et</span> <span class='ocrx_word' id='word_1_343' title='bbox 3443 2019 3727 2073; x_wconf 89' lang='lat' dir='ltr'>acerbum</span> 
     </span>
    </p>
   </div>
   <div class='ocr_carea' id='block_1_48' title="bbox 2052 2105 3726 2179">
    <p class='ocr_par' dir='ltr' id='par_1_48' title="bbox 2052 2105 3726 2179">
     <span class='ocr_line' id='line_1_49' title="bbox 2052 2105 3726 2179; baseline 0.002 -20"><span class='ocrx_word' id='word_1_344' title='bbox 2052 2108 2305 2176; x_wconf 87' lang='lat' dir='ltr'>putetur,</span> <span class='ocrx_word' id='word_1_345' title='bbox 2333 2105 2408 2159; x_wconf 88' lang='lat' dir='ltr'>ita</span> <span class='ocrx_word' id='word_1_346' title='bbox 2434 2105 2611 2175; x_wconf 88' lang='lat' dir='ltr'>feras,</span> <span class='ocrx_word' id='word_1_347' title='bbox 2648 2110 2707 2161; x_wconf 89' lang='lat' dir='ltr'>ut</span> <span class='ocrx_word' id='word_1_348' title='bbox 2729 2107 2872 2161; x_wconf 86' lang='lat' dir='ltr'>nihil</span> <span class='ocrx_word' id='word_1_349' title='bbox 2894 2111 3108 2179; x_wconf 62' lang='lat' dir='ltr'>praeter</span> <span class='ocrx_word' id='word_1_350' title='bbox 3130 2113 3400 2163; x_wconf 89' lang='lat' dir='ltr'>naturam</span> <span class='ocrx_word' id='word_1_351' title='bbox 3430 2108 3726 2162; x_wconf 88' lang='lat' dir='ltr'>accidisse</span> 
     </span>
    </p>
   </div>
   <div class='ocr_carea' id='block_1_49' title="bbox 2052 2194 3728 2267">
    <p class='ocr_par' dir='ltr' id='par_1_49' title="bbox 2052 2194 3728 2267">
     <span class='ocr_line' id='line_1_50' title="bbox 2052 2194 3728 2267; baseline 0.002 -20"><span class='ocrx_word' id='word_1_352' title='bbox 2052 2197 2244 2264; x_wconf 88' lang='lat' dir='ltr'>putes,</span> <span class='ocrx_word' id='word_1_353' title='bbox 2269 2210 2401 2249; x_wconf 91' lang='lat' dir='ltr'>cum</span> <span class='ocrx_word' id='word_1_354' title='bbox 2430 2194 2652 2267; x_wconf 89' lang='lat' dir='ltr'>legeris</span> <span class='ocrx_word' id='word_1_355' title='bbox 2680 2196 2923 2251; x_wconf 89' lang='lat' dir='ltr'>:Nudus</span> <span class='ocrx_word' id='word_1_356' title='bbox 2944 2214 3070 2251; x_wconf 88' lang='lat' dir='ltr'>sum</span> <span class='ocrx_word' id='word_1_357' title='bbox 3098 2203 3298 2263; x_wconf 84' lang='lat' dir='ltr'>natus,</span> <span class='ocrx_word' id='word_1_358' title='bbox 3328 2198 3519 2252; x_wconf 90' lang='lat' dir='ltr'>nudus</span> <span class='ocrx_word' id='word_1_359' title='bbox 3550 2196 3728 2252; x_wconf 80' lang='lat' dir='ltr'>exibo</span> 
     </span>
    </p>
   </div>
   <div class='ocr_carea' id='block_1_50' title="bbox 2054 2281 3725 2356">
    <p class='ocr_par' dir='ltr' id='par_1_50' title="bbox 2054 2281 3725 2356">
     <span class='ocr_line' id='line_1_51' title="bbox 2054 2281 3725 2356; baseline 0.001 -20"><span class='ocrx_word' id='word_1_360' title='bbox 2054 2284 2151 2353; x_wconf 87' lang='lat'>(5).</span> <span class='ocrx_word' id='word_1_361' title='bbox 2183 2281 2325 2347; x_wconf 59' lang='lat' dir='ltr'>Quae</span> <span class='ocrx_word' id='word_1_362' title='bbox 2360 2282 2642 2338; x_wconf 84' lang='lat' dir='ltr'>Dominus</span> <span class='ocrx_word' id='word_1_363' title='bbox 2673 2284 2860 2354; x_wconf 84' lang='lat' dir='ltr'>dedit,</span> <span class='ocrx_word' id='word_1_364' title='bbox 2913 2285 3197 2339; x_wconf 85' lang='lat' dir='ltr'>Dominus</span> <span class='ocrx_word' id='word_1_365' title='bbox 3226 2285 3474 2340; x_wconf 82' lang='lat' dir='ltr'>abstulit</span> <span class='ocrx_word' id='word_1_366' title='bbox 3520 2285 3653 2356; x_wconf 83' lang='lat' dir='ltr'>(Job</span> <span class='ocrx_word' id='word_1_367' title='bbox 3685 2302 3725 2354; x_wconf 81' lang='grc' dir='ltr'>ι,</span> 
     </span>
    </p>
   </div>
   <div class='ocr_carea' id='block_1_51' title="bbox 2056 2371 3727 2442">
    <p class='ocr_par' dir='ltr' id='par_1_51' title="bbox 2056 2371 3727 2442">
     <span class='ocr_line' id='line_1_52' title="bbox 2056 2371 3727 2442; baseline 0.001 -17"><span class='ocrx_word' id='word_1_368' title='bbox 2056 2371 2177 2440; x_wconf 71' lang='lat'>‘21);</span> <span class='ocrx_word' id='word_1_369' title='bbox 2211 2372 2411 2442; x_wconf 88' lang='lat' dir='ltr'>utique</span> <span class='ocrx_word' id='word_1_370' title='bbox 2444 2375 2500 2426; x_wconf 90' lang='lat' dir='ltr'>et</span> <span class='ocrx_word' id='word_1_371' title='bbox 2532 2372 2686 2427; x_wconf 83' lang='lat' dir='ltr'>ﬁlios</span> <span class='ocrx_word' id='word_1_372' title='bbox 2717 2373 2997 2426; x_wconf 89' lang='lat' dir='ltr'>amiserat</span> <span class='ocrx_word' id='word_1_373' title='bbox 3025 2376 3080 2427; x_wconf 90' lang='lat' dir='ltr'>et</span> <span class='ocrx_word' id='word_1_374' title='bbox 3113 2373 3439 2428; x_wconf 83' lang='lat' dir='ltr'>facultates.</span> <span class='ocrx_word' id='word_1_375' title='bbox 3475 2374 3727 2429; x_wconf 88' lang='lat' dir='ltr'>Serves-</span> 
     </span>
    </p>
   </div>
   <div class='ocr_carea' id='block_1_52' title="bbox 2058 2460 3731 2535">
    <p class='ocr_par' dir='ltr' id='par_1_52' title="bbox 2058 2460 3731 2535">
     <span class='ocr_line' id='line_1_53' title="bbox 2058 2460 3731 2535; baseline 0.001 -21"><span class='ocrx_word' id='word_1_376' title='bbox 2058 2474 2172 2531; x_wconf 92' lang='lat' dir='ltr'>que</span> <span class='ocrx_word' id='word_1_377' title='bbox 2202 2460 2261 2514; x_wconf 92' lang='lat' dir='ltr'>in</span> <span class='ocrx_word' id='word_1_378' title='bbox 2294 2460 2568 2515; x_wconf 90' lang='lat' dir='ltr'>omnibus</span> <span class='ocrx_word' id='word_1_379' title='bbox 2600 2476 2915 2532; x_wconf 87' lang='lat' dir='ltr'>personam</span> <span class='ocrx_word' id='word_1_380' title='bbox 2946 2463 3233 2533; x_wconf 84' lang='lat' dir='ltr'>sapientis</span> <span class='ocrx_word' id='word_1_381' title='bbox 3267 2465 3324 2517; x_wconf 92' lang='lat' dir='ltr'>et</span> <span class='ocrx_word' id='word_1_382' title='bbox 3362 2462 3543 2535; x_wconf 80' lang='lat' dir='ltr'>justi,</span> <span class='ocrx_word' id='word_1_383' title='bbox 3575 2462 3731 2517; x_wconf 91' lang='lat' dir='ltr'>sicut</span> 
     </span>
    </p>
   </div>
   <div class='ocr_carea' id='block_1_53' title="bbox 2047 2548 3732 2623">
    <p class='ocr_par' dir='ltr' id='par_1_53' title="bbox 2047 2548 3732 2623">
     <span class='ocr_line' id='line_1_54' title="bbox 2047 2548 3732 2623; baseline 0.002 -21"><span class='ocrx_word' id='word_1_384' title='bbox 2047 2548 2146 2603; x_wconf 91' lang='lat' dir='ltr'>ille</span> <span class='ocrx_word' id='word_1_385' title='bbox 2179 2550 2439 2603; x_wconf 87' lang='lat' dir='ltr'>servavit</span> <span class='ocrx_word' id='word_1_386' title='bbox 2471 2550 2569 2621; x_wconf 92' lang='lat' dir='ltr'>qui</span> <span class='ocrx_word' id='word_1_387' title='bbox 2601 2550 2681 2604; x_wconf 88' lang='lat' dir='ltr'>ait</span> <span class='ocrx_word' id='word_1_388' title='bbox 2718 2566 2729 2605; x_wconf 89' lang='lat'><em>:</em></span> <span class='ocrx_word' id='word_1_389' title='bbox 2766 2550 2936 2605; x_wconf 86' lang='lat' dir='ltr'>Sicut</span> <span class='ocrx_word' id='word_1_390' title='bbox 2966 2549 3214 2606; x_wconf 89' lang='lat' dir='ltr'>Domino</span> <span class='ocrx_word' id='word_1_391' title='bbox 3229 2550 3473 2623; x_wconf 83' lang='lat' dir='ltr'>placuit,</span> <span class='ocrx_word' id='word_1_392' title='bbox 3497 2551 3580 2604; x_wconf 86' lang='lat' dir='ltr'>ita</span> <span class='ocrx_word' id='word_1_393' title='bbox 3612 2549 3732 2605; x_wconf 75' lang='lat' dir='ltr'>fac-</span> 
     </span>
    </p>
   </div>
   <div class='ocr_carea' id='block_1_54' title="bbox 2051 2638 3723 2709">
    <p class='ocr_par' dir='ltr' id='par_1_54' title="bbox 2051 2638 3723 2709">
     <span class='ocr_line' id='line_1_55' title="bbox 2051 2638 3723 2709; baseline 0.001 -18"><span class='ocrx_word' id='word_1_394' title='bbox 2051 2644 2169 2692; x_wconf 90' lang='lat' dir='ltr'>tum</span> <span class='ocrx_word' id='word_1_395' title='bbox 2202 2644 2292 2692; x_wconf 90' lang='lat' dir='ltr'>est</span> <span class='ocrx_word' id='word_1_396' title='bbox 2326 2658 2341 2691; x_wconf 91' lang='lat'><em>:</em></span> <span class='ocrx_word' id='word_1_397' title='bbox 2375 2638 2455 2691; x_wconf 90' lang='lat' dir='ltr'>sit</span> <span class='ocrx_word' id='word_1_398' title='bbox 2486 2654 2694 2693; x_wconf 85' lang='lat' dir='ltr'>nomen</span> <span class='ocrx_word' id='word_1_399' title='bbox 2725 2638 2963 2693; x_wconf 89' lang='lat' dir='ltr'>Domini</span> <span class='ocrx_word' id='word_1_400' title='bbox 2992 2638 3368 2694; x_wconf 81' lang='lat' dir='ltr'>benedictum</span> <span class='ocrx_word' id='word_1_401' title='bbox 3398 2640 3616 2709; x_wconf 85' lang='lat' dir='ltr'>(lbid.).</span> <span class='ocrx_word' id='word_1_402' title='bbox 3651 2639 3723 2693; x_wconf 88' lang='lat' dir='ltr'>Et</span> 
     </span>
    </p>
   </div>
   <div class='ocr_carea' id='block_1_55' title="bbox 2049 2726 3728 2800">
    <p class='ocr_par' dir='ltr' id='par_1_55' title="bbox 2049 2726 3728 2800">
     <span class='ocr_line' id='line_1_56' title="bbox 2049 2726 3728 2800; baseline 0.002 -20"><span class='ocrx_word' id='word_1_403' title='bbox 2049 2726 2200 2780; x_wconf 89' lang='lat' dir='ltr'>infra</span> <span class='ocrx_word' id='word_1_404' title='bbox 2237 2742 2248 2781; x_wconf 93' lang='lat'>:</span> <span class='ocrx_word' id='word_1_405' title='bbox 2285 2726 2453 2781; x_wconf 87' lang='lat' dir='ltr'>Sicut</span> <span class='ocrx_word' id='word_1_406' title='bbox 2488 2744 2597 2781; x_wconf 90' lang='lat' dir='ltr'>una</span> <span class='ocrx_word' id='word_1_407' title='bbox 2628 2729 3038 2800; x_wconf 87' lang='lat' dir='ltr'>insipientium</span> <span class='ocrx_word' id='word_1_408' title='bbox 3069 2728 3384 2785; x_wconf 84' lang='lat' dir='ltr'>mulierum</span> <span class='ocrx_word' id='word_1_409' title='bbox 3414 2728 3606 2784; x_wconf 84' lang='lat' dir='ltr'>locuta</span> <span class='ocrx_word' id='word_1_410' title='bbox 3639 2744 3728 2783; x_wconf 79' lang='lat' dir='ltr'>es-</span> 
     </span>
    </p>
   </div>
   <div class='ocr_carea' id='block_1_56' title="bbox 2051 2815 3724 2893">
    <p class='ocr_par' dir='ltr' id='par_1_56' title="bbox 2051 2815 3724 2893">
     <span class='ocr_line' id='line_1_57' title="bbox 2051 2815 3724 2893; baseline 0.002 -25"><span class='ocrx_word' id='word_1_411' title='bbox 2051 2815 2121 2869; x_wconf 92' lang='lat' dir='ltr'>Si</span> <span class='ocrx_word' id='word_1_412' title='bbox 2158 2815 2308 2869; x_wconf 88' lang='lat' dir='ltr'>bona</span> <span class='ocrx_word' id='word_1_413' title='bbox 2349 2817 2716 2887; x_wconf 87' lang='lat' dir='ltr'>suscepimus</span> <span class='ocrx_word' id='word_1_414' title='bbox 2758 2816 2831 2872; x_wconf 89' lang='lat' dir='ltr'>de</span> <span class='ocrx_word' id='word_1_415' title='bbox 2883 2835 3057 2872; x_wconf 89' lang='lat' dir='ltr'>manu</span> <span class='ocrx_word' id='word_1_416' title='bbox 3099 2819 3358 2886; x_wconf 86' lang='lat' dir='ltr'>Domini,</span> <span class='ocrx_word' id='word_1_417' title='bbox 3406 2834 3531 2893; x_wconf 66' lang='lat' dir='ltr'>quae</span> <span class='ocrx_word' id='word_1_418' title='bbox 3571 2815 3724 2873; x_wconf 85' lang='lat' dir='ltr'>mala</span> 
     </span>
    </p>
   </div>
   <div class='ocr_carea' id='block_1_57' title="bbox 2050 2903 3223 2977">
    <p class='ocr_par' dir='ltr' id='par_1_57' title="bbox 2050 2903 3223 2977">
     <span class='ocr_line' id='line_1_58' title="bbox 2050 2903 3223 2977; baseline 0.004 -20"><span class='ocrx_word' id='word_1_419' title='bbox 2050 2909 2187 2958; x_wconf 89' lang='lat' dir='ltr'>sunt</span> <span class='ocrx_word' id='word_1_420' title='bbox 2222 2919 2331 2958; x_wconf 89' lang='lat' dir='ltr'>non</span> <span class='ocrx_word' id='word_1_421' title='bbox 2363 2903 2792 2960; x_wconf 81' lang='lat' dir='ltr'>sustinebimus</span> <span class='ocrx_word' id='word_1_422' title='bbox 2820 2906 2954 2976; x_wconf 82' lang='lat' dir='ltr'>(Job</span> <span class='ocrx_word' id='word_1_423' title='bbox 2988 2925 3046 2976; x_wconf 77' lang='grc' dir='ltr'>ιι,</span> <span class='ocrx_word' id='word_1_424' title='bbox 3086 2907 3173 2977; x_wconf 85' lang='grc'>10)</span> <span class='ocrx_word' id='word_1_425' title='bbox 3196 2909 3223 2962; x_wconf 73' lang='lat' dir='ltr'>‘l</span> 
     </span>
    </p>
   </div>
   <div class='ocr_carea' id='block_1_58' title="bbox 2608 2995 3171 3051">
    <p class='ocr_par' dir='ltr' id='par_1_58' title="bbox 2608 2995 3171 3051">
     <span class='ocr_line' id='line_1_59' title="bbox 2608 2995 3171 3051; baseline 0.002 -1"><span class='ocrx_word' id='word_1_426' title='bbox 2608 2995 2860 3050; x_wconf 68' lang='lat' dir='ltr'><strong>CAPUT</strong></span> <span class='ocrx_word' id='word_1_427' title='bbox 2897 2996 3145 3051; x_wconf 79' lang='lat' dir='ltr'>XXXIX</span> <span class='ocrx_word' id='word_1_428' title='bbox 3158 3038 3171 3051; x_wconf 93' lang='lat'>.</span> 
     </span>
    </p>
   </div>
   <div class='ocr_carea' id='block_1_59' title="bbox 2051 3080 3730 3140">
    <p class='ocr_par' dir='ltr' id='par_1_59' title="bbox 2051 3080 3730 3140">
     <span class='ocr_line' id='line_1_60' title="bbox 2051 3080 3730 3140; baseline 0.002 -3"><span class='ocrx_word' id='word_1_429' title='bbox 2051 3080 2490 3138; x_wconf 83' lang='lat' dir='ltr'>Fortitudinem</span> <span class='ocrx_word' id='word_1_430' title='bbox 2513 3083 2810 3137; x_wconf 81' lang='lat' dir='ltr'>adversus</span> <span class='ocrx_word' id='word_1_431' title='bbox 2839 3086 3030 3138; x_wconf 81' lang='lat' dir='ltr'>omnia</span> <span class='ocrx_word' id='word_1_432' title='bbox 3068 3085 3212 3139; x_wconf 82' lang='lat' dir='ltr'>vitia</span> <span class='ocrx_word' id='word_1_433' title='bbox 3227 3084 3518 3140; x_wconf 85' lang='lat' dir='ltr'>dimicare</span> <span class='ocrx_word' id='word_1_434' title='bbox 3549 3084 3730 3140; x_wconf 83' lang='lat' dir='ltr'>debe-</span> 
     </span>
    </p>
   </div>
   <div class='ocr_carea' id='block_1_60' title="bbox 2124 3154 3735 3228">
    <p class='ocr_par' dir='ltr' id='par_1_60' title="bbox 2124 3154 3735 3228">
     <span class='ocr_line' id='line_1_61' title="bbox 2124 3154 3735 3228; baseline 0.002 -21"><span class='ocrx_word' id='word_1_435' title='bbox 2124 3168 2222 3228; x_wconf 89' lang='lat' dir='ltr'>r_e,_</span> <span class='ocrx_word' id='word_1_436' title='bbox 2243 3154 2540 3228; x_wconf 74' lang='lat' dir='ltr'>prmcipue</span> <span class='ocrx_word' id='word_1_437' title='bbox 2562 3154 2860 3228; x_wconf 79' lang='lat' dir='ltr'>adversus</span> <span class='ocrx_word' id='word_1_438' title='bbox 2881 3157 3199 3210; x_wconf 84' lang='lat' dir='ltr'>avaritiam</span> <span class='ocrx_word' id='word_1_439' title='bbox 3226 3172 3238 3211; x_wconf 92' lang='lat'><strong>:</strong></span> <span class='ocrx_word' id='word_1_440' title='bbox 3266 3156 3416 3228; x_wconf 86' lang='lat' dir='ltr'>quod</span> <span class='ocrx_word' id='word_1_441' title='bbox 3437 3157 3499 3210; x_wconf 90' lang='lat' dir='ltr'>in</span> <span class='ocrx_word' id='word_1_442' title='bbox 3531 3162 3735 3211; x_wconf 86' lang='lat' dir='ltr'>sancto</span> 
     </span>
    </p>
   </div>
   <div class='ocr_carea' id='block_1_61' title="bbox 286 3224 2781 3306">
    <p class='ocr_par' dir='ltr' id='par_1_61' title="bbox 286 3224 2781 3306">
     <span class='ocr_line' id='line_1_62' title="bbox 286 3224 2781 3306; baseline -0.004 -16"><span class='ocrx_word' id='word_1_443' title='bbox 286 3235 598 3304; x_wconf 68' lang='lat' dir='ltr'>praevidere</span> <span class='ocrx_word' id='word_1_444' title='bbox 631 3250 765 3306; x_wconf 80' lang='lat' dir='ltr'>quae</span> <span class='ocrx_word' id='word_1_445' title='bbox 789 3234 981 3288; x_wconf 81' lang='lat' dir='ltr'>futura</span> <span class='ocrx_word' id='word_1_446' title='bbox 1013 3236 1170 3300; x_wconf 92' lang='lat' dir='ltr'>sunt,</span> <span class='ocrx_word' id='word_1_447' title='bbox 1204 3235 1550 3303; x_wconf 90' lang='lat' dir='ltr'>ettanquam</span> <span class='ocrx_word' id='word_1_448' title='bbox 1573 3233 1706 3284; x_wconf 90' lang='lat' dir='ltr'>ante</span> <span class='ocrx_word' id='word_1_449' title='bbox 1728 3230 1935 3284; x_wconf 90' lang='lat' dir='ltr'>oculos</span> <span class='ocrx_word' id='word_1_450' title='bbox 1974 3233 2027 3297; x_wconf 75' lang='grc' dir='ltr'>ο</span> <span class='ocrx_word' id='word_1_451' title='bbox 2124 3224 2235 3278; x_wconf 84' lang='lat' dir='ltr'>Job</span> <span class='ocrx_word' id='word_1_452' title='bbox 2269 3224 2515 3279; x_wconf 87' lang='lat' dir='ltr'>docetur</span> <span class='ocrx_word' id='word_1_453' title='bbox 2542 3224 2781 3281; x_wconf 83' lang='lat' dir='ltr'>factum.</span> 
     </span>
    </p>
   </div>
   <div class='ocr_carea' id='block_1_62' title="bbox 286 3319 1932 3397">
    <p class='ocr_par' dir='ltr' id='par_1_62' title="bbox 286 3319 1932 3397">
     <span class='ocr_line' id='line_1_63' title="bbox 286 3319 1932 3397; baseline -0.004 -18"><span class='ocrx_word' id='word_1_454' title='bbox 286 3323 461 3380; x_wconf 89' lang='lat' dir='ltr'>locare</span> <span class='ocrx_word' id='word_1_455' title='bbox 490 3325 638 3397; x_wconf 89' lang='lat' dir='ltr'>quid</span> <span class='ocrx_word' id='word_1_456' title='bbox 668 3323 861 3394; x_wconf 90' lang='lat' dir='ltr'>possit</span> <span class='ocrx_word' id='word_1_457' title='bbox 889 3322 1190 3389; x_wconf 90' lang='lat' dir='ltr'>accidere,</span> <span class='ocrx_word' id='word_1_458' title='bbox 1224 3324 1280 3375; x_wconf 89' lang='lat' dir='ltr'>et</span> <span class='ocrx_word' id='word_1_459' title='bbox 1308 3321 1447 3391; x_wconf 91' lang='lat' dir='ltr'>quid</span> <span class='ocrx_word' id='word_1_460' title='bbox 1478 3335 1656 3391; x_wconf 89' lang='lat' dir='ltr'>agere</span> <span class='ocrx_word' id='word_1_461' title='bbox 1689 3319 1932 3387; x_wconf 89' lang='lat' dir='ltr'>debeat,</span> 
     </span>
    </p>
   </div>
   <div class='ocr_carea' id='block_1_63' title="bbox 287 3407 1938 3479">
    <p class='ocr_par' dir='ltr' id='par_1_63' title="bbox 287 3407 1938 3479">
     <span class='ocr_line' id='line_1_64' title="bbox 287 3407 1938 3479; baseline -0.003 -14"><span class='ocrx_word' id='word_1_462' title='bbox 287 3413 330 3465; x_wconf 88' lang='lat' dir='ltr'>si</span> <span class='ocrx_word' id='word_1_463' title='bbox 358 3414 427 3466; x_wconf 84' lang='lat' dir='ltr'>ita</span> <span class='ocrx_word' id='word_1_464' title='bbox 453 3413 769 3479; x_wconf 88' lang='lat' dir='ltr'>acciderit,</span> <span class='ocrx_word' id='word_1_465' title='bbox 805 3410 1081 3479; x_wconf 83' lang='lat' dir='ltr'>delinire;</span> <span class='ocrx_word' id='word_1_466' title='bbox 1114 3409 1405 3464; x_wconf 90' lang='lat' dir='ltr'>interdum</span> <span class='ocrx_word' id='word_1_467' title='bbox 1447 3411 1533 3471; x_wconf 85' lang='lat'>51</span> <span class='ocrx_word' id='word_1_468' title='bbox 1591 3408 1706 3463; x_wconf 88' lang='lat' dir='ltr'>duo</span> <span class='ocrx_word' id='word_1_469' title='bbox 1739 3411 1796 3462; x_wconf 91' lang='lat' dir='ltr'>et</span> <span class='ocrx_word' id='word_1_470' title='bbox 1826 3407 1938 3461; x_wconf 87' lang='lat' dir='ltr'>tria</span> 
     </span>
    </p>
   </div>
   <div class='ocr_carea' id='block_1_64' title="bbox 288 3496 1939 3571">
    <p class='ocr_par' dir='ltr' id='par_1_64' title="bbox 288 3496 1939 3571">
     <span class='ocr_line' id='line_1_65' title="bbox 288 3496 1939 3571; baseline -0.004 -16"><span class='ocrx_word' id='word_1_471' title='bbox 288 3502 443 3558; x_wconf 88' lang='lat' dir='ltr'>simul</span> <span class='ocrx_word' id='word_1_472' title='bbox 482 3504 730 3558; x_wconf 84' lang='lat' dir='ltr'>volvere</span> <span class='ocrx_word' id='word_1_473' title='bbox 780 3502 1010 3570; x_wconf 91' lang='lat' dir='ltr'>animo,</span> <span class='ocrx_word' id='word_1_474' title='bbox 1058 3516 1192 3571; x_wconf 66' lang='lat' dir='ltr'>quae</span> <span class='ocrx_word' id='word_1_475' title='bbox 1235 3498 1513 3570; x_wconf 80' lang='lat' dir='ltr'>conjiciat</span> <span class='ocrx_word' id='word_1_476' title='bbox 1560 3500 1658 3552; x_wconf 90' lang='lat' dir='ltr'>aut</span> <span class='ocrx_word' id='word_1_477' title='bbox 1700 3496 1939 3568; x_wconf 87' lang='lat' dir='ltr'>singula</span> 
     </span>
    </p>
   </div>
   <div class='ocr_carea' id='block_1_65' title="bbox 288 3586 1941 3664">
    <p class='ocr_par' dir='ltr' id='par_1_65' title="bbox 288 3586 1941 3664">
     <span class='ocr_line' id='line_1_66' title="bbox 288 3586 1941 3664; baseline -0.003 -20"><span class='ocrx_word' id='word_1_478' title='bbox 288 3596 373 3646; x_wconf 88' lang='lat' dir='ltr'>aut</span> <span class='ocrx_word' id='word_1_479' title='bbox 398 3592 717 3664; x_wconf 82' lang='lat' dir='ltr'>conjuncta</span> <span class='ocrx_word' id='word_1_480' title='bbox 761 3591 1032 3645; x_wconf 89' lang='lat' dir='ltr'>accidere</span> <span class='ocrx_word' id='word_1_481' title='bbox 1073 3605 1257 3661; x_wconf 89' lang='lat' dir='ltr'>posse</span> <span class='ocrx_word' id='word_1_482' title='bbox 1286 3592 1343 3643; x_wconf 92' lang='lat' dir='ltr'>et</span> <span class='ocrx_word' id='word_1_483' title='bbox 1387 3591 1486 3642; x_wconf 90' lang='lat' dir='ltr'>aut</span> <span class='ocrx_word' id='word_1_484' title='bbox 1535 3586 1793 3658; x_wconf 87' lang='lat' dir='ltr'>singulis</span> <span class='ocrx_word' id='word_1_485' title='bbox 1842 3586 1941 3639; x_wconf 86' lang='lat' dir='ltr'>aut</span> 
     </span>
    </p>
   </div>
   <div class='ocr_carea' id='block_1_66' title="bbox 290 3674 1940 3755">
    <p class='ocr_par' dir='ltr' id='par_1_66' title="bbox 290 3674 1940 3755">
     <span class='ocr_line' id='line_1_67' title="bbox 290 3674 1940 3755; baseline -0.004 -19"><span class='ocrx_word' id='word_1_486' title='bbox 290 3681 609 3755; x_wconf 84' lang='lat' dir='ltr'>conjunctis</span> <span class='ocrx_word' id='word_1_487' title='bbox 651 3681 968 3751; x_wconf 87' lang='lat' dir='ltr'>disponere</span> <span class='ocrx_word' id='word_1_488' title='bbox 998 3682 1165 3733; x_wconf 77' lang='lat' dir='ltr'>uetus</span> <span class='ocrx_word' id='word_1_489' title='bbox 1213 3692 1366 3749; x_wconf 90' lang='lat' dir='ltr'>quos</span> <span class='ocrx_word' id='word_1_490' title='bbox 1416 3675 1703 3748; x_wconf 86' lang='lat' dir='ltr'>intelligat</span> <span class='ocrx_word' id='word_1_491' title='bbox 1733 3674 1940 3746; x_wconf 90' lang='lat' dir='ltr'>profu-</span> 
     </span>
    </p>
   </div>
   <div class='ocr_carea' id='block_1_67' title="bbox 284 3772 451 3826">
    <p class='ocr_par' dir='ltr' id='par_1_67' title="bbox 284 3772 451 3826">
     <span class='ocr_line' id='line_1_68' title="bbox 284 3772 451 3826; baseline 0.03 -5"><span class='ocrx_word' id='word_1_492' title='bbox 284 3772 451 3826; x_wconf 86' lang='lat' dir='ltr'>turos.</span> 
     </span>
    </p>
   </div>
   <div class='ocr_carea' id='block_1_68' title="bbox 346 3852 1940 3929">
    <p class='ocr_par' dir='ltr' id='par_1_68' title="bbox 346 3852 1940 3929">
     <span class='ocr_line' id='line_1_69' title="bbox 346 3852 1940 3929; baseline -0.004 -18"><span class='ocrx_word' id='word_1_493' title='bbox 346 3858 461 3913; x_wconf 91' lang='lat'>189.</span> <span class='ocrx_word' id='word_1_494' title='bbox 496 3859 690 3914; x_wconf 85' lang='lat' dir='ltr'>Fortis</span> <span class='ocrx_word' id='word_1_495' title='bbox 735 3873 883 3929; x_wconf 91' lang='lat' dir='ltr'>ergo</span> <span class='ocrx_word' id='word_1_496' title='bbox 927 3860 1020 3912; x_wconf 90' lang='lat' dir='ltr'>est</span> <span class='ocrx_word' id='word_1_497' title='bbox 1065 3855 1178 3910; x_wconf 91' lang='lat' dir='ltr'>viri</span> <span class='ocrx_word' id='word_1_498' title='bbox 1226 3870 1345 3910; x_wconf 90' lang='lat' dir='ltr'>non</span> <span class='ocrx_word' id='word_1_499' title='bbox 1392 3852 1772 3909; x_wconf 89' lang='lat' dir='ltr'>dissimulare</span> <span class='ocrx_word' id='word_1_500' title='bbox 1806 3867 1940 3906; x_wconf 91' lang='lat' dir='ltr'>cum</span> 
     </span>
    </p>
   </div>
   <div class='ocr_carea' id='block_1_69' title="bbox 288 3944 1940 4018">
    <p class='ocr_par' dir='ltr' id='par_1_69' title="bbox 288 3944 1940 4018">
     <span class='ocr_line' id='line_1_70' title="bbox 288 3944 1940 4018; baseline -0.004 -19"><span class='ocrx_word' id='word_1_501' title='bbox 288 3946 488 4018; x_wconf 84' lang='lat' dir='ltr'>aliquid</span> <span class='ocrx_word' id='word_1_502' title='bbox 536 3948 872 4016; x_wconf 88' lang='lat' dir='ltr'>immineat,</span> <span class='ocrx_word' id='word_1_503' title='bbox 938 3947 1045 4001; x_wconf 88' lang='lat' dir='ltr'>sed</span> <span class='ocrx_word' id='word_1_504' title='bbox 1095 3944 1503 4015; x_wconf 62' lang='lat' dir='ltr'>praetendere,</span> <span class='ocrx_word' id='word_1_505' title='bbox 1556 3945 1612 3996; x_wconf 90' lang='lat' dir='ltr'>et</span> <span class='ocrx_word' id='word_1_506' title='bbox 1660 3944 1940 4012; x_wconf 88' lang='lat' dir='ltr'>tanquam</span> 
     </span>
    </p>
   </div>
   <div class='ocr_carea' id='block_1_70' title="bbox 289 4029 1939 4106">
    <p class='ocr_par' dir='ltr' id='par_1_70' title="bbox 289 4029 1939 4106">
     <span class='ocr_line' id='line_1_71' title="bbox 289 4029 1939 4106; baseline -0.003 -19"><span class='ocrx_word' id='word_1_507' title='bbox 289 4036 581 4105; x_wconf 83' lang='lat' dir='ltr'>explorare</span> <span class='ocrx_word' id='word_1_508' title='bbox 613 4037 684 4091; x_wconf 92' lang='lat' dir='ltr'>de</span> <span class='ocrx_word' id='word_1_509' title='bbox 714 4034 958 4106; x_wconf 90' lang='lat' dir='ltr'>specula</span> <span class='ocrx_word' id='word_1_510' title='bbox 1008 4035 1261 4105; x_wconf 86' lang='lat' dir='ltr'>quadam</span> <span class='ocrx_word' id='word_1_511' title='bbox 1308 4032 1542 4096; x_wconf 89' lang='lat' dir='ltr'>mentis,</span> <span class='ocrx_word' id='word_1_512' title='bbox 1595 4033 1653 4085; x_wconf 89' lang='lat' dir='ltr'>et</span> <span class='ocrx_word' id='word_1_513' title='bbox 1698 4029 1939 4084; x_wconf 89' lang='lat' dir='ltr'>obviare</span> 
     </span>
    </p>
   </div>
   <div class='ocr_carea' id='block_1_71' title="bbox 289 4118 1943 4196">
    <p class='ocr_par' dir='ltr' id='par_1_71' title="bbox 289 4118 1943 4196">
     <span class='ocr_line' id='line_1_72' title="bbox 289 4118 1943 4196; baseline -0.002 -20"><span class='ocrx_word' id='word_1_514' title='bbox 289 4125 628 4195; x_wconf 86' lang='lat' dir='ltr'>cogitatione</span> <span class='ocrx_word' id='word_1_515' title='bbox 658 4124 907 4196; x_wconf 88' lang='lat' dir='ltr'>provida</span> <span class='ocrx_word' id='word_1_516' title='bbox 950 4124 1134 4178; x_wconf 89' lang='lat' dir='ltr'>rebus</span> <span class='ocrx_word' id='word_1_517' title='bbox 1166 4121 1381 4176; x_wconf 87' lang='lat' dir='ltr'>futuris</span> <span class='ocrx_word' id='word_1_518' title='bbox 1406 4163 1420 4191; x_wconf 92' lang='lat'>,</span> <span class='ocrx_word' id='word_1_519' title='bbox 1473 4136 1546 4175; x_wconf 91' lang='lat' dir='ltr'>ne</span> <span class='ocrx_word' id='word_1_520' title='bbox 1593 4120 1742 4174; x_wconf 91' lang='lat' dir='ltr'>forte</span> <span class='ocrx_word' id='word_1_521' title='bbox 1787 4118 1943 4172; x_wconf 88' lang='lat' dir='ltr'>dicat</span> 
     </span>
    </p>
   </div>
   <div class='ocr_carea' id='block_1_72' title="bbox 287 4209 1941 4283">
    <p class='ocr_par' dir='ltr' id='par_1_72' title="bbox 287 4209 1941 4283">
     <span class='ocr_line' id='line_1_73' title="bbox 287 4209 1941 4283; baseline -0.002 -18"><span class='ocrx_word' id='word_1_522' title='bbox 287 4218 507 4281; x_wconf 88' lang='lat' dir='ltr'>postea:</span> <span class='ocrx_word' id='word_1_523' title='bbox 533 4214 676 4269; x_wconf 87' lang='lat' dir='ltr'>Ideo</span> <span class='ocrx_word' id='word_1_524' title='bbox 706 4215 819 4268; x_wconf 87' lang='lat' dir='ltr'>ista</span> <span class='ocrx_word' id='word_1_525' title='bbox 850 4213 1051 4274; x_wconf 83' lang='lat' dir='ltr'>incidi,</span> <span class='ocrx_word' id='word_1_526' title='bbox 1084 4212 1220 4283; x_wconf 87' lang='lat' dir='ltr'>quia</span> <span class='ocrx_word' id='word_1_527' title='bbox 1252 4226 1370 4265; x_wconf 91' lang='lat' dir='ltr'>non</span> <span class='ocrx_word' id='word_1_528' title='bbox 1401 4209 1731 4264; x_wconf 88' lang='lat' dir='ltr'>arbitrabar</span> <span class='ocrx_word' id='word_1_529' title='bbox 1759 4221 1941 4277; x_wconf 91' lang='lat' dir='ltr'>posse</span> 
     </span>
    </p>
   </div>
   <div class='ocr_carea' id='block_1_73' title="bbox 287 4296 1941 4373">
    <p class='ocr_par' dir='ltr' id='par_1_73' title="bbox 287 4296 1941 4373">
     <span class='ocr_line' id='line_1_74' title="bbox 287 4296 1941 4373; baseline -0.002 -20"><span class='ocrx_word' id='word_1_530' title='bbox 287 4302 690 4373; x_wconf 79' lang='lat' dir='ltr'>evenire(1-2).</span> <span class='ocrx_word' id='word_1_531' title='bbox 712 4302 977 4373; x_wconf 89' lang='lat' dir='ltr'>Denique</span> <span class='ocrx_word' id='word_1_532' title='bbox 1000 4301 1115 4355; x_wconf 90' lang='lat' dir='ltr'>nisi</span> <span class='ocrx_word' id='word_1_533' title='bbox 1133 4300 1516 4370; x_wconf 86' lang='lat' dir='ltr'>explorentur</span> <span class='ocrx_word' id='word_1_534' title='bbox 1532 4298 1804 4365; x_wconf 88' lang='lat' dir='ltr'>adversa,</span> <span class='ocrx_word' id='word_1_535' title='bbox 1826 4296 1941 4350; x_wconf 92' lang='lat' dir='ltr'>cito</span> 
     </span>
    </p>
   </div>
   <div class='ocr_carea' id='block_1_74' title="bbox 289 4385 1942 4461">
    <p class='ocr_par' dir='ltr' id='par_1_74' title="bbox 289 4385 1942 4461">
     <span class='ocr_line' id='line_1_75' title="bbox 289 4385 1942 4461; baseline -0.002 -18"><span class='ocrx_word' id='word_1_536' title='bbox 289 4396 579 4461; x_wconf 87' lang='lat' dir='ltr'>occupant.</span> <span class='ocrx_word' id='word_1_537' title='bbox 616 4391 693 4447; x_wconf 90' lang='lat' dir='ltr'>Ut</span> <span class='ocrx_word' id='word_1_538' title='bbox 713 4392 774 4446; x_wconf 93' lang='lat' dir='ltr'>in</span> <span class='ocrx_word' id='word_1_539' title='bbox 812 4390 970 4449; x_wconf 79' lang='lat' dir='ltr'>bello</span> <span class='ocrx_word' id='word_1_540' title='bbox 1003 4389 1366 4459; x_wconf 91' lang='lat' dir='ltr'>improvisus</span> <span class='ocrx_word' id='word_1_541' title='bbox 1403 4388 1595 4442; x_wconf 89' lang='lat' dir='ltr'>hostis</span> <span class='ocrx_word' id='word_1_542' title='bbox 1631 4386 1733 4440; x_wconf 79' lang='lat' dir='ltr'>vix</span> <span class='ocrx_word' id='word_1_543' title='bbox 1755 4385 1942 4441; x_wconf 91' lang='lat' dir='ltr'>susti-</span> 
     </span>
    </p>
   </div>
   <div class='ocr_carea' id='block_1_75' title="bbox 347 4529 1942 4603">
    <p class='ocr_par' dir='ltr' id='par_1_75' title="bbox 347 4529 1942 4603">
     <span class='ocr_line' id='line_1_76' title="bbox 347 4529 1942 4603; baseline -0.003 -17"><span class='ocrx_word' id='word_1_544' title='bbox 347 4531 451 4601; x_wconf 74' lang='lat'>(97)</span> <span class='ocrx_word' id='word_1_545' title='bbox 487 4534 599 4588; x_wconf 85' lang='lat' dir='ltr'>Hic</span> <span class='ocrx_word' id='word_1_546' title='bbox 626 4534 795 4588; x_wconf 80' lang='lat' dir='ltr'>Rom.</span> <span class='ocrx_word' id='word_1_547' title='bbox 829 4531 1365 4603; x_wconf 87' lang='lat' dir='ltr'>edit.jugulaverat</span> <span class='ocrx_word' id='word_1_548' title='bbox 1386 4529 1656 4603; x_wconf 85' lang='lat' dir='ltr'>voculam</span> <span class='ocrx_word' id='word_1_549' title='bbox 1680 4546 1840 4603; x_wconf 74' lang='lat' dir='ltr'>quia,</span> <span class='ocrx_word' id='word_1_550' title='bbox 1886 4531 1942 4582; x_wconf 89' lang='lat' dir='ltr'>et</span> 
     </span>
    </p>
   </div>
   <div class='ocr_carea' id='block_1_76' title="bbox 286 4600 1943 4675">
    <p class='ocr_par' dir='ltr' id='par_1_76' title="bbox 286 4600 1943 4675">
     <span class='ocr_line' id='line_1_77' title="bbox 286 4600 1943 4675; baseline -0.001 -20"><span class='ocrx_word' id='word_1_551' title='bbox 286 4616 378 4671; x_wconf 88' lang='lat' dir='ltr'>pro</span> <span class='ocrx_word' id='word_1_552' title='bbox 400 4600 733 4675; x_wconf 64' lang='lat' dir='ltr'>qumrimus,</span> <span class='ocrx_word' id='word_1_553' title='bbox 768 4600 1046 4675; x_wconf 76' lang='lat' dir='ltr'>posuerat</span> <span class='ocrx_word' id='word_1_554' title='bbox 1065 4600 1455 4675; x_wconf 37' lang='lat' dir='ltr'>&#39;quzeramusi</span> <span class='ocrx_word' id='word_1_555' title='bbox 1476 4602 1633 4672; x_wconf 87' lang='lat' dir='ltr'>quod</span> <span class='ocrx_word' id='word_1_556' title='bbox 1666 4600 1943 4675; x_wconf 81' lang='lat' dir='ltr'>videlicet</span> 
     </span>
    </p>
   </div>
   <div class='ocr_carea' id='block_1_77' title="bbox 288 4671 1942 4747">
    <p class='ocr_par' dir='ltr' id='par_1_77' title="bbox 288 4671 1942 4747">
     <span class='ocr_line' id='line_1_78' title="bbox 288 4671 1942 4747; baseline -0.001 -21"><span class='ocrx_word' id='word_1_557' title='bbox 288 4671 514 4747; x_wconf 72' lang='lat' dir='ltr'>sensum</span> <span class='ocrx_word' id='word_1_558' title='bbox 535 4671 969 4747; x_wconf 81' lang='lat' dir='ltr'>quodammodo</span> <span class='ocrx_word' id='word_1_559' title='bbox 984 4671 1587 4747; x_wconf 80' lang='lat' dir='ltr'>suspensumefﬁciat</span> <span class='ocrx_word' id='word_1_560' title='bbox 1608 4672 1845 4743; x_wconf 89' lang='lat' dir='ltr'>antiqua</span> <span class='ocrx_word' id='word_1_561' title='bbox 1864 4671 1942 4724; x_wconf 86' lang='lat' dir='ltr'>le-</span> 
     </span>
    </p>
   </div>
   <div class='ocr_carea' id='block_1_78' title="bbox 289 4744 1939 4801">
    <p class='ocr_par' dir='ltr' id='par_1_78' title="bbox 289 4744 1939 4801">
     <span class='ocr_line' id='line_1_79' title="bbox 289 4744 1939 4801; baseline -0.001 -5"><span class='ocrx_word' id='word_1_562' title='bbox 289 4745 388 4800; x_wconf 88' lang='lat' dir='ltr'>ctio</span> <span class='ocrx_word' id='word_1_563' title='bbox 409 4762 421 4800; x_wconf 92' lang='lat'>:</span> <span class='ocrx_word' id='word_1_564' title='bbox 441 4744 647 4801; x_wconf 79' lang='lat' dir='ltr'>verum</span> <span class='ocrx_word' id='word_1_565' title='bbox 671 4746 935 4800; x_wconf 87' lang='lat' dir='ltr'>eamdem</span> <span class='ocrx_word' id='word_1_566' title='bbox 959 4761 1090 4799; x_wconf 90' lang='lat' dir='ltr'>cum</span> <span class='ocrx_word' id='word_1_567' title='bbox 1124 4745 1255 4799; x_wconf 84' lang='lat' dir='ltr'>aliae</span> <span class='ocrx_word' id='word_1_568' title='bbox 1279 4744 1415 4799; x_wconf 89' lang='lat' dir='ltr'>edit.</span> <span class='ocrx_word' id='word_1_569' title='bbox 1451 4759 1520 4797; x_wconf 90' lang='lat' dir='ltr'>ac</span> <span class='ocrx_word' id='word_1_570' title='bbox 1545 4759 1691 4797; x_wconf 89' lang='lat' dir='ltr'>mss.</span> <span class='ocrx_word' id='word_1_571' title='bbox 1731 4757 1939 4797; x_wconf 92' lang='lat' dir='ltr'>omnes</span> 
     </span>
    </p>
   </div>
   <div class='ocr_carea' id='block_1_79' title="bbox 290 4813 1937 4887">
    <p class='ocr_par' dir='ltr' id='par_1_79' title="bbox 290 4813 1937 4887">
     <span class='ocr_line' id='line_1_80' title="bbox 290 4813 1937 4887; baseline -0.001 -19"><span class='ocrx_word' id='word_1_572' title='bbox 290 4816 607 4887; x_wconf 77' lang='lat' dir='ltr'>exhibeant,</span> <span class='ocrx_word' id='word_1_573' title='bbox 633 4818 809 4871; x_wconf 90' lang='lat' dir='ltr'>nobis</span> <span class='ocrx_word' id='word_1_574' title='bbox 849 4817 979 4870; x_wconf 88' lang='lat' dir='ltr'>visa</span> <span class='ocrx_word' id='word_1_575' title='bbox 1010 4821 1101 4871; x_wconf 89' lang='lat' dir='ltr'>est</span> <span class='ocrx_word' id='word_1_576' title='bbox 1134 4816 1193 4868; x_wconf 90' lang='lat' dir='ltr'>in</span> <span class='ocrx_word' id='word_1_577' title='bbox 1223 4816 1521 4887; x_wconf 87' lang='lat' dir='ltr'>integrum</span> <span class='ocrx_word' id='word_1_578' title='bbox 1550 4813 1937 4887; x_wconf 83' lang='lat' dir='ltr'>restituenda.</span> 
     </span>
    </p>
   </div>
   <div class='ocr_carea' id='block_1_80' title="bbox 286 4884 1941 4958">
    <p class='ocr_par' dir='ltr' id='par_1_80' title="bbox 286 4884 1941 4958">
     <span class='ocr_line' id='line_1_81' title="bbox 286 4884 1941 4958; baseline -0.002 -18"><span class='ocrx_word' id='word_1_579' title='bbox 286 4884 458 4949; x_wconf 88' lang='lat' dir='ltr'>Quare</span> <span class='ocrx_word' id='word_1_580' title='bbox 475 4884 784 4958; x_wconf 88' lang='lat' dir='ltr'>periodum</span> <span class='ocrx_word' id='word_1_581' title='bbox 807 4888 883 4941; x_wconf 89' lang='lat' dir='ltr'>ita</span> <span class='ocrx_word' id='word_1_582' title='bbox 902 4887 1327 4957; x_wconf 86' lang='lat' dir='ltr'>interpreteris,</span> <span class='ocrx_word' id='word_1_583' title='bbox 1355 4884 1415 4940; x_wconf 84' lang='lat' dir='ltr'>ut</span> <span class='ocrx_word' id='word_1_584' title='bbox 1437 4885 1572 4958; x_wconf 81' lang='lat' dir='ltr'>ejus</span> <span class='ocrx_word' id='word_1_585' title='bbox 1586 4901 1725 4955; x_wconf 89' lang='lat' dir='ltr'>pars</span> <span class='ocrx_word' id='word_1_586' title='bbox 1739 4884 1941 4958; x_wconf 76' lang='lat' dir='ltr'>ultima</span> 
     </span>
    </p>
   </div>
   <div class='ocr_carea' id='block_1_81' title="bbox 288 4955 1941 5031">
    <p class='ocr_par' dir='ltr' id='par_1_81' title="bbox 288 4955 1941 5031">
     <span class='ocr_line' id='line_1_82' title="bbox 288 4955 1941 5031; baseline 0.001 -24"><span class='ocrx_word' id='word_1_587' title='bbox 288 4958 450 5031; x_wconf 80' lang='lat' dir='ltr'>sit,ne</span> <span class='ocrx_word' id='word_1_588' title='bbox 461 4955 621 5014; x_wconf 68' lang='lat' dir='ltr'>forte</span> <span class='ocrx_word' id='word_1_589' title='bbox 633 4955 1219 5031; x_wconf 69' lang='lat' dir='ltr'>aggrediamur,etc.,</span> <span class='ocrx_word' id='word_1_590' title='bbox 1236 4972 1368 5028; x_wconf 83' lang='lat' dir='ltr'>quae</span> <span class='ocrx_word' id='word_1_591' title='bbox 1387 4956 1569 5011; x_wconf 90' lang='lat' dir='ltr'>verba</span> <span class='ocrx_word' id='word_1_592' title='bbox 1582 4955 1941 5031; x_wconf 77' lang='lat' dir='ltr'>tantumdem</span> 
     </span>
    </p>
   </div>
   <div class='ocr_carea' id='block_1_82' title="bbox 286 5027 1935 5099">
    <p class='ocr_par' dir='ltr' id='par_1_82' title="bbox 286 5027 1935 5099">
     <span class='ocr_line' id='line_1_83' title="bbox 286 5027 1935 5099; baseline 0.002 -22"><span class='ocrx_word' id='word_1_593' title='bbox 286 5028 481 5099; x_wconf 86' lang='lat' dir='ltr'>valent,</span> <span class='ocrx_word' id='word_1_594' title='bbox 507 5046 578 5085; x_wconf 90' lang='lat' dir='ltr'>ac</span> <span class='ocrx_word' id='word_1_595' title='bbox 592 5032 645 5085; x_wconf 88' lang='lat' dir='ltr'>si</span> <span class='ocrx_word' id='word_1_596' title='bbox 660 5027 1043 5098; x_wconf 75' lang='lat' dir='ltr'>scriberetur,</span> <span class='ocrx_word' id='word_1_597' title='bbox 1065 5045 1130 5082; x_wconf 89' lang='lat' dir='ltr'>ca</span> <span class='ocrx_word' id='word_1_598' title='bbox 1145 5027 1379 5082; x_wconf 83' lang='lat' dir='ltr'>veamus</span> <span class='ocrx_word' id='word_1_599' title='bbox 1398 5043 1472 5082; x_wconf 78' lang='lat' dir='ltr'>ne</span> <span class='ocrx_word' id='word_1_600' title='bbox 1489 5027 1935 5099; x_wconf 80' lang='lat' dir='ltr'>aggrediamur,</span> 
     </span>
    </p>
   </div>
   <div class='ocr_carea' id='block_1_83' title="bbox 291 5103 389 5154">
    <p class='ocr_par' dir='ltr' id='par_1_83' title="bbox 291 5103 389 5154">
     <span class='ocr_line' id='line_1_84' title="bbox 291 5103 389 5154; baseline 0.031 -3"><span class='ocrx_word' id='word_1_601' title='bbox 291 5103 389 5154; x_wconf 87' lang='lat' dir='ltr'>etc.</span> 
     </span>
    </p>
   </div>
   <div class='ocr_carea' id='block_1_84' title="bbox 347 5168 1940 5242">
    <p class='ocr_par' dir='ltr' id='par_1_84' title="bbox 347 5168 1940 5242">
     <span class='ocr_line' id='line_1_85' title="bbox 347 5168 1940 5242; baseline -0.003 -17"><span class='ocrx_word' id='word_1_602' title='bbox 347 5170 454 5241; x_wconf 85' lang='lat'>(98)</span> <span class='ocrx_word' id='word_1_603' title='bbox 485 5171 608 5227; x_wconf 85' lang='lat' dir='ltr'>Cie.</span> <span class='ocrx_word' id='word_1_604' title='bbox 646 5170 814 5226; x_wconf 77' lang='lat' dir='ltr'>Ofﬁc.</span> <span class='ocrx_word' id='word_1_605' title='bbox 848 5171 950 5226; x_wconf 91' lang='lat' dir='ltr'>lib.</span> <span class='ocrx_word' id='word_1_606' title='bbox 985 5174 1021 5240; x_wconf 91' lang='lat' dir='ltr'>i,</span> <span class='ocrx_word' id='word_1_607' title='bbox 1051 5187 1188 5242; x_wconf 87' lang='lat' dir='ltr'>pag.</span> <span class='ocrx_word' id='word_1_608' title='bbox 1222 5170 1346 5239; x_wconf 84' lang='lat'>361,</span> <span class='ocrx_word' id='word_1_609' title='bbox 1381 5170 1482 5224; x_wconf 90' lang='lat' dir='ltr'>lin.</span> <span class='ocrx_word' id='word_1_610' title='bbox 1516 5169 1550 5223; x_wconf 87' lang='lat'><strong>3</strong></span> <span class='ocrx_word' id='word_1_611' title='bbox 1585 5185 1597 5224; x_wconf 93' lang='lat'>:</span> <span class='ocrx_word' id='word_1_612' title='bbox 1634 5190 1657 5219; x_wconf 70' lang='grc' dir='ltr'>ι</span> <span class='ocrx_word' id='word_1_613' title='bbox 1679 5168 1783 5242; x_wconf 61' lang='lat' dir='ltr'>Ad</span> <span class='ocrx_word' id='word_1_614' title='bbox 1816 5183 1940 5242; x_wconf 78' lang='lat' dir='ltr'>rem</span> 
     </span>
    </p>
   </div>
   <div class='ocr_carea' id='block_1_85' title="bbox 287 5239 1939 5313">
    <p class='ocr_par' dir='ltr' id='par_1_85' title="bbox 287 5239 1939 5313">
     <span class='ocr_line' id='line_1_86' title="bbox 287 5239 1939 5313; baseline -0.001 -19"><span class='ocrx_word' id='word_1_615' title='bbox 287 5239 594 5309; x_wconf 82' lang='lat' dir='ltr'>gerendam</span> <span class='ocrx_word' id='word_1_616' title='bbox 639 5247 835 5298; x_wconf 88' lang='lat' dir='ltr'>autem</span> <span class='ocrx_word' id='word_1_617' title='bbox 876 5243 976 5313; x_wconf 90' lang='lat' dir='ltr'>qui</span> <span class='ocrx_word' id='word_1_618' title='bbox 1006 5239 1273 5312; x_wconf 76' lang='lat' dir='ltr'>accedit,</span> <span class='ocrx_word' id='word_1_619' title='bbox 1324 5243 1528 5296; x_wconf 88' lang='lat' dir='ltr'>caveat</span> <span class='ocrx_word' id='word_1_620' title='bbox 1559 5256 1633 5296; x_wconf 91' lang='lat' dir='ltr'>ne</span> <span class='ocrx_word' id='word_1_621' title='bbox 1673 5240 1733 5294; x_wconf 90' lang='lat' dir='ltr'>id</span> <span class='ocrx_word' id='word_1_622' title='bbox 1765 5239 1939 5293; x_wconf 90' lang='lat' dir='ltr'>modo</span> 
     </span>
    </p>
   </div>
   <div class='ocr_carea' id='block_1_86' title="bbox 289 5314 844 5379">
    <p class='ocr_par' dir='ltr' id='par_1_86' title="bbox 289 5314 844 5379">
     <span class='ocr_line' id='line_1_87' title="bbox 289 5314 844 5379; baseline 0.009 -16"><span class='ocrx_word' id='word_1_623' title='bbox 289 5314 629 5379; x_wconf 87' lang='lat' dir='ltr'>consideret,</span> <span class='ocrx_word' id='word_1_624' title='bbox 673 5339 694 5362; x_wconf 75' lang='grc' dir='ltr'><strong><em>η</em></strong></span> <span class='ocrx_word' id='word_1_625' title='bbox 730 5318 844 5369; x_wconf 88' lang='lat' dir='ltr'>etc.</span> 
     </span>
    </p>
   </div>
   <div class='ocr_carea' id='block_1_87' title="bbox 350 5381 1935 5455">
    <p class='ocr_par' dir='ltr' id='par_1_87' title="bbox 350 5381 1935 5455">
     <span class='ocr_line' id='line_1_88' title="bbox 350 5381 1935 5455; baseline -0.002 -17"><span class='ocrx_word' id='word_1_626' title='bbox 350 5383 456 5453; x_wconf 85' lang='lat'>(99)</span> <span class='ocrx_word' id='word_1_627' title='bbox 488 5385 657 5451; x_wconf 89' lang='lat' dir='ltr'>lbid.,</span> <span class='ocrx_word' id='word_1_628' title='bbox 690 5386 791 5441; x_wconf 92' lang='lat' dir='ltr'>lin.</span> <span class='ocrx_word' id='word_1_629' title='bbox 827 5385 858 5439; x_wconf 79' lang='grc'>4</span> <span class='ocrx_word' id='word_1_630' title='bbox 894 5401 906 5440; x_wconf 94' lang='lat'>:</span> <span class='ocrx_word' id='word_1_631' title='bbox 945 5406 967 5434; x_wconf 79' lang='grc' dir='ltr'>ι</span> <span class='ocrx_word' id='word_1_632' title='bbox 1003 5385 1067 5438; x_wconf 91' lang='lat' dir='ltr'><strong>In</strong></span> <span class='ocrx_word' id='word_1_633' title='bbox 1098 5400 1215 5455; x_wconf 89' lang='lat' dir='ltr'>quo</span> <span class='ocrx_word' id='word_1_634' title='bbox 1260 5384 1393 5454; x_wconf 90' lang='lat' dir='ltr'>ipso</span> <span class='ocrx_word' id='word_1_635' title='bbox 1434 5381 1935 5438; x_wconf 89' lang='lat' dir='ltr'>considerandum</span> 
     </span>
    </p>
   </div>
   <div class='ocr_carea' id='block_1_88' title="bbox 288 5455 1939 5523">
    <p class='ocr_par' dir='ltr' id='par_1_88' title="bbox 288 5455 1939 5523">
     <span class='ocr_line' id='line_1_89' title="bbox 288 5455 1939 5523; baseline 0.001 -17"><span class='ocrx_word' id='word_1_636' title='bbox 288 5458 389 5518; x_wconf 88' lang='lat' dir='ltr'>est,</span> <span class='ocrx_word' id='word_1_637' title='bbox 424 5478 445 5501; x_wconf 75' lang='grc' dir='ltr'>ι</span> <span class='ocrx_word' id='word_1_638' title='bbox 497 5461 609 5510; x_wconf 86' lang='lat' dir='ltr'>etc.</span> <span class='ocrx_word' id='word_1_639' title='bbox 652 5456 822 5523; x_wconf 89' lang='lat' dir='ltr'>lbid.,</span> <span class='ocrx_word' id='word_1_640' title='bbox 857 5457 957 5510; x_wconf 89' lang='lat' dir='ltr'>lin.</span> <span class='ocrx_word' id='word_1_641' title='bbox 992 5456 1026 5509; x_wconf 90' lang='lat'>6</span> <span class='ocrx_word' id='word_1_642' title='bbox 1058 5472 1070 5509; x_wconf 75' lang='grc' dir='ltr'>ε</span> <span class='ocrx_word' id='word_1_643' title='bbox 1109 5479 1130 5503; x_wconf 79' lang='grc' dir='ltr'>«ι</span> <span class='ocrx_word' id='word_1_644' title='bbox 1168 5455 1230 5508; x_wconf 91' lang='lat' dir='ltr'><strong>In</strong></span> <span class='ocrx_word' id='word_1_645' title='bbox 1264 5455 1540 5510; x_wconf 88' lang='lat' dir='ltr'>omnibus</span> <span class='ocrx_word' id='word_1_646' title='bbox 1588 5457 1782 5508; x_wconf 87' lang='lat' dir='ltr'>autem</span> <span class='ocrx_word' id='word_1_647' title='bbox 1830 5469 1939 5507; x_wconf 90' lang='lat' dir='ltr'>ne-</span> 
     </span>
    </p>
   </div>
   <div class='ocr_carea' id='block_1_89' title="bbox 291 5525 1942 5593">
    <p class='ocr_par' dir='ltr' id='par_1_89' title="bbox 291 5525 1942 5593">
     <span class='ocr_line' id='line_1_90' title="bbox 291 5525 1942 5593; baseline 0.001 -16"><span class='ocrx_word' id='word_1_648' title='bbox 291 5526 474 5593; x_wconf 83' lang='lat' dir='ltr'>gotiis,</span> <span class='ocrx_word' id='word_1_649' title='bbox 513 5550 536 5573; x_wconf 72' lang='grc'><strong>»</strong></span> <span class='ocrx_word' id='word_1_650' title='bbox 573 5532 680 5582; x_wconf 89' lang='lat' dir='ltr'>etc.</span> <span class='ocrx_word' id='word_1_651' title='bbox 717 5529 857 5581; x_wconf 89' lang='lat' dir='ltr'>Item</span> <span class='ocrx_word' id='word_1_652' title='bbox 890 5528 990 5581; x_wconf 90' lang='lat' dir='ltr'>lin.</span> <span class='ocrx_word' id='word_1_653' title='bbox 1024 5527 1090 5580; x_wconf 74' lang='lat'>47</span> <span class='ocrx_word' id='word_1_654' title='bbox 1124 5542 1138 5580; x_wconf 87' lang='lat'><strong>:</strong></span> <span class='ocrx_word' id='word_1_655' title='bbox 1177 5548 1197 5574; x_wconf 76' lang='grc' dir='ltr'>α</span> <span class='ocrx_word' id='word_1_656' title='bbox 1236 5526 1427 5581; x_wconf 87' lang='lat' dir='ltr'>Fortis</span> <span class='ocrx_word' id='word_1_657' title='bbox 1480 5541 1621 5581; x_wconf 90' lang='lat' dir='ltr'>vero</span> <span class='ocrx_word' id='word_1_658' title='bbox 1663 5525 1843 5580; x_wconf 87' lang='lat' dir='ltr'>animi</span> <span class='ocrx_word' id='word_1_659' title='bbox 1886 5527 1942 5579; x_wconf 91' lang='lat' dir='ltr'>et</span> 
     </span>
    </p>
   </div>
   <div class='ocr_carea' id='block_1_90' title="bbox 290 5598 1481 5668">
    <p class='ocr_par' dir='ltr' id='par_1_90' title="bbox 290 5598 1481 5668">
     <span class='ocr_line' id='line_1_91' title="bbox 290 5598 1481 5668; baseline 0.003 -20"><span class='ocrx_word' id='word_1_660' title='bbox 290 5598 604 5652; x_wconf 88' lang='lat' dir='ltr'>constantis</span> <span class='ocrx_word' id='word_1_661' title='bbox 634 5603 725 5653; x_wconf 92' lang='lat' dir='ltr'>est</span> <span class='ocrx_word' id='word_1_662' title='bbox 771 5615 888 5653; x_wconf 88' lang='lat' dir='ltr'>non</span> <span class='ocrx_word' id='word_1_663' title='bbox 917 5599 1270 5668; x_wconf 88' lang='lat' dir='ltr'>perturbari,</span> <span class='ocrx_word' id='word_1_664' title='bbox 1309 5621 1330 5645; x_wconf 79' lang='grc' dir='ltr'>ιι</span> <span class='ocrx_word' id='word_1_665' title='bbox 1368 5600 1481 5651; x_wconf 93' lang='lat' dir='ltr'>etc.</span> 
     </span>
    </p>
   </div>
   <div class='ocr_carea' id='block_1_91' title="bbox 350 5666 1938 5741">
    <p class='ocr_par' dir='ltr' id='par_1_91' title="bbox 350 5666 1938 5741">
     <span class='ocr_line' id='line_1_92' title="bbox 350 5666 1938 5741; baseline 0.001 -21"><span class='ocrx_word' id='word_1_666' title='bbox 350 5668 496 5741; x_wconf 56' lang='grc' dir='ltr'>(ιτξ)</span> <span class='ocrx_word' id='word_1_667' title='bbox 529 5668 695 5739; x_wconf 89' lang='lat' dir='ltr'>lbid.,</span> <span class='ocrx_word' id='word_1_668' title='bbox 729 5685 866 5741; x_wconf 89' lang='lat' dir='ltr'>pag.</span> <span class='ocrx_word' id='word_1_669' title='bbox 915 5666 1039 5725; x_wconf 75' lang='lat'>362.</span> <span class='ocrx_word' id='word_1_670' title='bbox 1090 5669 1190 5723; x_wconf 89' lang='lat' dir='ltr'>lin.</span> <span class='ocrx_word' id='word_1_671' title='bbox 1225 5669 1251 5723; x_wconf 91' lang='lat'>1</span> <span class='ocrx_word' id='word_1_672' title='bbox 1291 5684 1303 5723; x_wconf 93' lang='lat'>:</span> <span class='ocrx_word' id='word_1_673' title='bbox 1343 5690 1365 5718; x_wconf 73' lang='grc' dir='ltr'>ι</span> <span class='ocrx_word' id='word_1_674' title='bbox 1403 5668 1526 5723; x_wconf 89' lang='lat' dir='ltr'>Nec</span> <span class='ocrx_word' id='word_1_675' title='bbox 1571 5666 1938 5722; x_wconf 87' lang='lat' dir='ltr'>committere</span> 
     </span>
    </p>
   </div>
   <div class='ocr_carea' id='block_1_92' title="bbox 292 5739 1723 5811">
    <p class='ocr_par' dir='ltr' id='par_1_92' title="bbox 292 5739 1723 5811">
     <span class='ocr_line' id='line_1_93' title="bbox 292 5739 1723 5811; baseline 0.001 -19"><span class='ocrx_word' id='word_1_676' title='bbox 292 5739 347 5789; x_wconf 85' lang='lat' dir='ltr'>ut</span> <span class='ocrx_word' id='word_1_677' title='bbox 370 5739 678 5811; x_wconf 84' lang='lat' dir='ltr'>aliquando</span> <span class='ocrx_word' id='word_1_678' title='bbox 710 5739 1024 5801; x_wconf 80' lang='lat' dir='ltr'>dicendum</span> <span class='ocrx_word' id='word_1_679' title='bbox 1053 5741 1131 5795; x_wconf 88' lang='lat' dir='ltr'>sit</span> <span class='ocrx_word' id='word_1_680' title='bbox 1167 5757 1179 5796; x_wconf 90' lang='lat'>:</span> <span class='ocrx_word' id='word_1_681' title='bbox 1214 5740 1346 5798; x_wconf 89' lang='lat' dir='ltr'>Non</span> <span class='ocrx_word' id='word_1_682' title='bbox 1376 5743 1662 5811; x_wconf 87' lang='lat' dir='ltr'>putaram.</span> <span class='ocrx_word' id='word_1_683' title='bbox 1701 5761 1723 5786; x_wconf 85' lang='lat'><em>»</em></span> 
     </span>
    </p>
   </div>
   <div class='ocr_carea' id='block_1_93' title="bbox 2129 3310 3733 3385">
    <p class='ocr_par' dir='ltr' id='par_1_93' title="bbox 2129 3310 3733 3385">
     <span class='ocr_line' id='line_1_94' title="bbox 2129 3310 3733 3385; baseline 0.002 -18"><span class='ocrx_word' id='word_1_684' title='bbox 2129 3310 2252 3367; x_wconf 75' lang='lat'>192.</span> <span class='ocrx_word' id='word_1_685' title='bbox 2286 3312 2419 3368; x_wconf 92' lang='lat' dir='ltr'>Non</span> <span class='ocrx_word' id='word_1_686' title='bbox 2452 3316 2544 3368; x_wconf 90' lang='lat' dir='ltr'>est</span> <span class='ocrx_word' id='word_1_687' title='bbox 2573 3314 2757 3385; x_wconf 86' lang='lat' dir='ltr'>igitur</span> <span class='ocrx_word' id='word_1_688' title='bbox 2779 3315 3097 3369; x_wconf 85' lang='lat' dir='ltr'>mediocris</span> <span class='ocrx_word' id='word_1_689' title='bbox 3129 3331 3239 3369; x_wconf 90' lang='lat' dir='ltr'>nec</span> <span class='ocrx_word' id='word_1_690' title='bbox 3269 3315 3528 3371; x_wconf 89' lang='lat' dir='ltr'>discreta</span> <span class='ocrx_word' id='word_1_691' title='bbox 3556 3332 3588 3369; x_wconf 91' lang='lat' dir='ltr'>a</span> <span class='ocrx_word' id='word_1_692' title='bbox 3619 3332 3733 3371; x_wconf 73' lang='lat' dir='ltr'>eaa-</span> 
     </span>
    </p>
   </div>
   <div class='ocr_carea' id='block_1_94' title="bbox 2055 3401 3723 3473">
    <p class='ocr_par' dir='ltr' id='par_1_94' title="bbox 2055 3401 3723 3473">
     <span class='ocr_line' id='line_1_95' title="bbox 2055 3401 3723 3473; baseline 0.003 -19"><span class='ocrx_word' id='word_1_693' title='bbox 2055 3401 2198 3455; x_wconf 89' lang='lat' dir='ltr'>teris</span> <span class='ocrx_word' id='word_1_694' title='bbox 2230 3402 2410 3455; x_wconf 90' lang='lat' dir='ltr'>animi</span> <span class='ocrx_word' id='word_1_695' title='bbox 2458 3402 2759 3473; x_wconf 89' lang='lat' dir='ltr'>fortitudo,</span> <span class='ocrx_word' id='word_1_696' title='bbox 2810 3419 2943 3473; x_wconf 78' lang='lat' dir='ltr'>quae</span> <span class='ocrx_word' id='word_1_697' title='bbox 2974 3403 3197 3458; x_wconf 90' lang='lat' dir='ltr'>bellum</span> <span class='ocrx_word' id='word_1_698' title='bbox 3228 3419 3361 3458; x_wconf 91' lang='lat' dir='ltr'>cum</span> <span class='ocrx_word' id='word_1_699' title='bbox 3405 3405 3723 3459; x_wconf 91' lang='lat' dir='ltr'>virtutibus</span> 
     </span>
    </p>
   </div>
   <div class='ocr_carea' id='block_1_95' title="bbox 2056 3491 3735 3562">
    <p class='ocr_par' dir='ltr' id='par_1_95' title="bbox 2056 3491 3735 3562">
     <span class='ocr_line' id='line_1_96' title="bbox 2056 3491 3735 3562; baseline 0.002 -18"><span class='ocrx_word' id='word_1_700' title='bbox 2056 3493 2223 3562; x_wconf 83' lang='lat' dir='ltr'>gerat</span> <span class='ocrx_word' id='word_1_701' title='bbox 2257 3506 2269 3545; x_wconf 92' lang='lat'><strong>:</strong></span> <span class='ocrx_word' id='word_1_702' title='bbox 2302 3491 2408 3545; x_wconf 91' lang='lat' dir='ltr'>sed</span> <span class='ocrx_word' id='word_1_703' title='bbox 2442 3507 2575 3562; x_wconf 59' lang='lat' dir='ltr'>quae</span> <span class='ocrx_word' id='word_1_704' title='bbox 2605 3492 2733 3545; x_wconf 90' lang='lat' dir='ltr'>sola</span> <span class='ocrx_word' id='word_1_705' title='bbox 2765 3492 3039 3546; x_wconf 88' lang='lat' dir='ltr'>defendat</span> <span class='ocrx_word' id='word_1_706' title='bbox 3079 3495 3419 3548; x_wconf 90' lang='lat' dir='ltr'>ornamenta</span> <span class='ocrx_word' id='word_1_707' title='bbox 3452 3493 3735 3548; x_wconf 85' lang='lat' dir='ltr'>virtutum</span> 
     </span>
    </p>
   </div>
   <div class='ocr_carea' id='block_1_96' title="bbox 2058 3578 3733 3655">
    <p class='ocr_par' dir='ltr' id='par_1_96' title="bbox 2058 3578 3733 3655">
     <span class='ocr_line' id='line_1_97' title="bbox 2058 3578 3733 3655; baseline 0.002 -22"><span class='ocrx_word' id='word_1_708' title='bbox 2058 3579 2318 3634; x_wconf 90' lang='lat' dir='ltr'>omnium</span> <span class='ocrx_word' id='word_1_709' title='bbox 2343 3622 2357 3649; x_wconf 92' lang='lat'>,</span> <span class='ocrx_word' id='word_1_710' title='bbox 2407 3578 2713 3650; x_wconf 85' lang='lat' dir='ltr'>etjudicia</span> <span class='ocrx_word' id='word_1_711' title='bbox 2744 3581 3064 3649; x_wconf 83' lang='lat' dir='ltr'>custodiat;</span> <span class='ocrx_word' id='word_1_712' title='bbox 3098 3586 3153 3636; x_wconf 91' lang='lat' dir='ltr'>et</span> <span class='ocrx_word' id='word_1_713' title='bbox 3202 3599 3335 3655; x_wconf 65' lang='lat' dir='ltr'>quae</span> <span class='ocrx_word' id='word_1_714' title='bbox 3384 3583 3733 3655; x_wconf 85' lang='lat' dir='ltr'>inexpiabili</span> 
     </span>
    </p>
   </div>
   <div class='ocr_carea' id='block_1_97' title="bbox 2056 3668 3735 3742">
    <p class='ocr_par' dir='ltr' id='par_1_97' title="bbox 2056 3668 3735 3742">
     <span class='ocr_line' id='line_1_98' title="bbox 2056 3668 3735 3742; baseline 0.003 -20"><span class='ocrx_word' id='word_1_715' title='bbox 2056 3668 2265 3738; x_wconf 69' lang='lat' dir='ltr'>pra-alio</span> <span class='ocrx_word' id='word_1_716' title='bbox 2312 3668 2388 3738; x_wconf 87' lang='lat'>(6)</span> <span class='ocrx_word' id='word_1_717' title='bbox 2418 3669 2709 3723; x_wconf 88' lang='lat' dir='ltr'>adversus</span> <span class='ocrx_word' id='word_1_718' title='bbox 2741 3670 2934 3725; x_wconf 88' lang='lat' dir='ltr'>omnia</span> <span class='ocrx_word' id='word_1_719' title='bbox 2980 3672 3121 3726; x_wconf 89' lang='lat' dir='ltr'>vitia</span> <span class='ocrx_word' id='word_1_720' title='bbox 3154 3672 3469 3742; x_wconf 87' lang='lat' dir='ltr'>decernat,</span> <span class='ocrx_word' id='word_1_721' title='bbox 3514 3673 3735 3727; x_wconf 89' lang='lat' dir='ltr'>invicta</span> 
     </span>
    </p>
   </div>
   <div class='ocr_carea' id='block_1_98' title="bbox 2057 3756 3733 3833">
    <p class='ocr_par' dir='ltr' id='par_1_98' title="bbox 2057 3756 3733 3833">
     <span class='ocr_line' id='line_1_99' title="bbox 2057 3756 3733 3833; baseline 0.004 -23"><span class='ocrx_word' id='word_1_722' title='bbox 2057 3756 2130 3810; x_wconf 88' lang='lat' dir='ltr'>ad</span> <span class='ocrx_word' id='word_1_723' title='bbox 2174 3756 2412 3811; x_wconf 89' lang='lat' dir='ltr'>labores</span> <span class='ocrx_word' id='word_1_724' title='bbox 2437 3798 2451 3825; x_wconf 91' lang='lat'>,</span> <span class='ocrx_word' id='word_1_725' title='bbox 2486 3757 2657 3812; x_wconf 89' lang='lat' dir='ltr'>fortis</span> <span class='ocrx_word' id='word_1_726' title='bbox 2687 3758 2759 3812; x_wconf 91' lang='lat' dir='ltr'>ad</span> <span class='ocrx_word' id='word_1_727' title='bbox 2790 3760 3053 3829; x_wconf 90' lang='lat' dir='ltr'>pericula</span> <span class='ocrx_word' id='word_1_728' title='bbox 3080 3803 3093 3828; x_wconf 94' lang='lat'>,</span> <span class='ocrx_word' id='word_1_729' title='bbox 3137 3762 3389 3833; x_wconf 89' lang='lat' dir='ltr'>rigidior</span> <span class='ocrx_word' id='word_1_730' title='bbox 3437 3761 3733 3816; x_wconf 90' lang='lat' dir='ltr'>adversus</span> 
     </span>
    </p>
   </div>
   <div class='ocr_carea' id='block_1_99' title="bbox 2057 3846 3735 3922">
    <p class='ocr_par' dir='ltr' id='par_1_99' title="bbox 2057 3846 3735 3922">
     <span class='ocr_line' id='line_1_100' title="bbox 2057 3846 3735 3922; baseline 0.004 -23"><span class='ocrx_word' id='word_1_731' title='bbox 2057 3846 2411 3916; x_wconf 88' lang='lat' dir='ltr'>voluptates,</span> <span class='ocrx_word' id='word_1_732' title='bbox 2438 3846 2585 3901; x_wconf 89' lang='lat' dir='ltr'>dura</span> <span class='ocrx_word' id='word_1_733' title='bbox 2606 3847 2897 3902; x_wconf 87' lang='lat' dir='ltr'>adversus</span> <span class='ocrx_word' id='word_1_734' title='bbox 2922 3848 3258 3919; x_wconf 89' lang='lat' dir='ltr'>illecebras,</span> <span class='ocrx_word' id='word_1_735' title='bbox 3285 3850 3503 3922; x_wconf 87' lang='lat' dir='ltr'>quibus</span> <span class='ocrx_word' id='word_1_736' title='bbox 3529 3866 3735 3905; x_wconf 89' lang='lat' dir='ltr'>aurem</span> 
     </span>
    </p>
   </div>
   <div class='ocr_carea' id='block_1_100' title="bbox 2059 3934 3732 4011">
    <p class='ocr_par' dir='ltr' id='par_1_100' title="bbox 2059 3934 3732 4011">
     <span class='ocr_line' id='line_1_101' title="bbox 2059 3934 3732 4011; baseline 0.004 -23"><span class='ocrx_word' id='word_1_737' title='bbox 2059 3934 2293 3989; x_wconf 88' lang='lat' dir='ltr'>deferre</span> <span class='ocrx_word' id='word_1_738' title='bbox 2312 3935 2558 4005; x_wconf 90' lang='lat' dir='ltr'>nesciat,</span> <span class='ocrx_word' id='word_1_739' title='bbox 2581 3951 2689 3991; x_wconf 90' lang='lat' dir='ltr'>nec</span> <span class='ocrx_word' id='word_1_740' title='bbox 2713 3937 2797 4005; x_wconf 91' lang='lat' dir='ltr'>(ut</span> <span class='ocrx_word' id='word_1_741' title='bbox 2818 3937 3053 4009; x_wconf 90' lang='lat' dir='ltr'>dicitur)</span> <span class='ocrx_word' id='word_1_742' title='bbox 3081 3955 3188 3994; x_wconf 89' lang='lat' dir='ltr'>ave</span> <span class='ocrx_word' id='word_1_743' title='bbox 3221 3940 3395 4009; x_wconf 86' lang='lat' dir='ltr'>dicat;</span> <span class='ocrx_word' id='word_1_744' title='bbox 3420 3940 3732 4011; x_wconf 82' lang='lat' dir='ltr'>pecuniam</span> 
     </span>
    </p>
   </div>
   <div class='ocr_carea' id='block_1_101' title="bbox 2057 4020 3734 4101">
    <p class='ocr_par' dir='ltr' id='par_1_101' title="bbox 2057 4020 3734 4101">
     <span class='ocr_line' id='line_1_102' title="bbox 2057 4020 3734 4101; baseline 0.004 -24"><span class='ocrx_word' id='word_1_745' title='bbox 2057 4023 2355 4095; x_wconf 88' lang='lat' dir='ltr'>negligat,</span> <span class='ocrx_word' id='word_1_746' title='bbox 2388 4025 2694 4079; x_wconf 84' lang='lat' dir='ltr'>avaritiam</span> <span class='ocrx_word' id='word_1_747' title='bbox 2712 4025 2903 4098; x_wconf 87' lang='lat' dir='ltr'>fugiat</span> <span class='ocrx_word' id='word_1_748' title='bbox 2929 4020 3207 4099; x_wconf 85' lang='lat' dir='ltr'>tanquam</span> <span class='ocrx_word' id='word_1_749' title='bbox 3225 4029 3418 4084; x_wconf 86' lang='lat' dir='ltr'>labem</span> <span class='ocrx_word' id='word_1_750' title='bbox 3438 4030 3734 4101; x_wconf 84' lang='lat' dir='ltr'>quandam</span> 
     </span>
    </p>
   </div>
   <div class='ocr_carea' id='block_1_102' title="bbox 2058 4113 3733 4184">
    <p class='ocr_par' dir='ltr' id='par_1_102' title="bbox 2058 4113 3733 4184">
     <span class='ocr_line' id='line_1_103' title="bbox 2058 4113 3733 4184; baseline 0.004 -19"><span class='ocrx_word' id='word_1_751' title='bbox 2058 4113 2156 4184; x_wconf 76' lang='grc' dir='ltr'>(Ἰ),</span> <span class='ocrx_word' id='word_1_752' title='bbox 2209 4128 2343 4183; x_wconf 84' lang='lat' dir='ltr'>quae</span> <span class='ocrx_word' id='word_1_753' title='bbox 2374 4114 2471 4178; x_wconf 82' lang='lat'><strong>52</strong></span> <span class='ocrx_word' id='word_1_754' title='bbox 2510 4114 2784 4168; x_wconf 90' lang='lat' dir='ltr'>virtutem</span> <span class='ocrx_word' id='word_1_755' title='bbox 2834 4113 3149 4172; x_wconf 82' lang='lat' dir='ltr'>effeminet.</span> <span class='ocrx_word' id='word_1_756' title='bbox 3200 4118 3361 4173; x_wconf 86' lang='lat' dir='ltr'>Nihil</span> <span class='ocrx_word' id='word_1_757' title='bbox 3409 4119 3565 4172; x_wconf 91' lang='lat' dir='ltr'>enim</span> <span class='ocrx_word' id='word_1_758' title='bbox 3615 4120 3733 4171; x_wconf 88' lang='lat' dir='ltr'>tam</span> 
     </span>
    </p>
   </div>
   <div class='ocr_carea' id='block_1_103' title="bbox 2059 4201 3731 4278">
    <p class='ocr_par' dir='ltr' id='par_1_103' title="bbox 2059 4201 3731 4278">
     <span class='ocr_line' id='line_1_104' title="bbox 2059 4201 3731 4278; baseline 0.004 -24"><span class='ocrx_word' id='word_1_759' title='bbox 2059 4201 2416 4255; x_wconf 88' lang='lat' dir='ltr'>contrarium</span> <span class='ocrx_word' id='word_1_760' title='bbox 2450 4201 2797 4272; x_wconf 90' lang='lat' dir='ltr'>fortitudini,</span> <span class='ocrx_word' id='word_1_761' title='bbox 2822 4218 2996 4274; x_wconf 90' lang='lat' dir='ltr'>quam</span> <span class='ocrx_word' id='word_1_762' title='bbox 3027 4204 3192 4260; x_wconf 85' lang='lat' dir='ltr'>lucro</span> <span class='ocrx_word' id='word_1_763' title='bbox 3224 4207 3401 4260; x_wconf 91' lang='lat' dir='ltr'>vinci.</span> <span class='ocrx_word' id='word_1_764' title='bbox 3428 4206 3731 4278; x_wconf 86' lang='lat' dir='ltr'>Frequen-</span> 
     </span>
    </p>
   </div>
   <div class='ocr_carea' id='block_1_104' title="bbox 2055 4278 3730 4367">
    <p class='ocr_par' dir='ltr' id='par_1_104' title="bbox 2055 4278 3730 4367">
     <span class='ocr_line' id='line_1_105' title="bbox 2055 4278 3730 4367; baseline 0.003 -25"><span class='ocrx_word' id='word_1_765' title='bbox 2055 4291 2146 4343; x_wconf 89' lang='lat' dir='ltr'>ter</span> <span class='ocrx_word' id='word_1_766' title='bbox 2176 4289 2367 4359; x_wconf 90' lang='lat' dir='ltr'>pulsis</span> <span class='ocrx_word' id='word_1_767' title='bbox 2401 4289 2709 4360; x_wconf 89' lang='lat' dir='ltr'>hostibus,</span> <span class='ocrx_word' id='word_1_768' title='bbox 2745 4294 2802 4346; x_wconf 90' lang='lat' dir='ltr'>et</span> <span class='ocrx_word' id='word_1_769' title='bbox 2842 4278 3120 4348; x_wconf 85' lang='lat' dir='ltr'>inclinata</span> <span class='ocrx_word' id='word_1_770' title='bbox 3149 4293 3209 4348; x_wconf 91' lang='lat' dir='ltr'>in</span> <span class='ocrx_word' id='word_1_771' title='bbox 3247 4295 3448 4367; x_wconf 88' lang='lat' dir='ltr'>fugam</span> <span class='ocrx_word' id='word_1_772' title='bbox 3480 4296 3730 4349; x_wconf 90' lang='lat' dir='ltr'>adversa</span> 
     </span>
    </p>
   </div>
   <div class='ocr_carea' id='block_1_105' title="bbox 2055 4378 3733 4452">
    <p class='ocr_par' dir='ltr' id='par_1_105' title="bbox 2055 4378 3733 4452">
     <span class='ocr_line' id='line_1_106' title="bbox 2055 4378 3733 4452; baseline 0.003 -20"><span class='ocrx_word' id='word_1_773' title='bbox 2055 4378 2281 4435; x_wconf 87' lang='lat' dir='ltr'>riorum</span> <span class='ocrx_word' id='word_1_774' title='bbox 2324 4379 2450 4433; x_wconf 90' lang='lat' dir='ltr'>acie</span> <span class='ocrx_word' id='word_1_775' title='bbox 2499 4380 2597 4450; x_wconf 87' lang='lat'>(8),</span> <span class='ocrx_word' id='word_1_776' title='bbox 2663 4380 2803 4436; x_wconf 86' lang='lat' dir='ltr'>dum</span> <span class='ocrx_word' id='word_1_777' title='bbox 2850 4383 3083 4439; x_wconf 85' lang='lat' dir='ltr'>exuviis</span> <span class='ocrx_word' id='word_1_778' title='bbox 3144 4382 3439 4439; x_wconf 82' lang='lat' dir='ltr'>caesorum</span> <span class='ocrx_word' id='word_1_779' title='bbox 3505 4383 3733 4452; x_wconf 90' lang='lat' dir='ltr'>capitur</span> 
     </span>
    </p>
   </div>
   <div class='ocr_carea' id='block_1_106' title="bbox 1969 4521 3729 4616">
    <p class='ocr_par' dir='ltr' id='par_1_106' title="bbox 1969 4521 3729 4616">
     <span class='ocr_line' id='line_1_107' title="bbox 1969 4521 3729 4616; baseline 0.001 -39"><span class='ocrx_word' id='word_1_780' title='bbox 1969 4555 2023 4616; x_wconf 84' lang='lat' dir='ltr'>D</span> <span class='ocrx_word' id='word_1_781' title='bbox 2091 4592 2101 4603; x_wconf 40' lang='lat'><strong>.</strong></span> <span class='ocrx_word' id='word_1_782' title='bbox 2129 4521 2644 4616; x_wconf 37' lang='lat' dir='ltr'>(6Z3!)AInmedit.ABed.</span> <span class='ocrx_word' id='word_1_783' title='bbox 2680 4541 2988 4616; x_wconf 72' lang='lat' dir='ltr'>numerum</span> <span class='ocrx_word' id='word_1_784' title='bbox 3023 4526 3126 4616; x_wconf 72' lang='lat'>189</span> <span class='ocrx_word' id='word_1_785' title='bbox 3154 4527 3490 4616; x_wconf 55' lang='lat' dir='ltr'>sequuntur</span> <span class='ocrx_word' id='word_1_786' title='bbox 3519 4538 3729 4580; x_wconf 91' lang='lat' dir='ltr'>nume-</span> 
     </span>
    </p>
   </div>
   <div class='ocr_carea' id='block_1_107' title="bbox 2054 4592 3327 4663">
    <p class='ocr_par' dir='ltr' id='par_1_107' title="bbox 2054 4592 3327 4663">
     <span class='ocr_line' id='line_1_108' title="bbox 2054 4592 3327 4663; baseline 0.003 -17"><span class='ocrx_word' id='word_1_787' title='bbox 2054 4592 2105 4647; x_wconf 90' lang='lat' dir='ltr'>ri</span> <span class='ocrx_word' id='word_1_788' title='bbox 2137 4594 2261 4657; x_wconf 72' lang='lat'>200,</span> <span class='ocrx_word' id='word_1_789' title='bbox 2293 4594 2417 4661; x_wconf 67' lang='lat'>“301,</span> <span class='ocrx_word' id='word_1_790' title='bbox 2448 4597 2587 4663; x_wconf 86' lang='lat' dir='ltr'>etc.,</span> <span class='ocrx_word' id='word_1_791' title='bbox 2622 4596 2880 4650; x_wconf 90' lang='lat' dir='ltr'>evidenti</span> <span class='ocrx_word' id='word_1_792' title='bbox 2911 4596 3144 4650; x_wconf 88' lang='lat' dir='ltr'>mendo.</span> <span class='ocrx_word' id='word_1_793' title='bbox 3181 4592 3327 4650; x_wconf 70' lang='lat' dir='ltr'>Enn.</span> 
     </span>
    </p>
   </div>
   <div class='ocr_carea' id='block_1_108' title="bbox 2126 4664 3522 4738">
    <p class='ocr_par' dir='ltr' id='par_1_108' title="bbox 2126 4664 3522 4738">
     <span class='ocr_line' id='line_1_109' title="bbox 2126 4664 3522 4738; baseline 0.004 -22"><span class='ocrx_word' id='word_1_794' title='bbox 2126 4664 2205 4738; x_wconf 69' lang='lat'>(4)</span> <span class='ocrx_word' id='word_1_795' title='bbox 2235 4665 2383 4738; x_wconf 82' lang='lat' dir='ltr'>Tres</span> <span class='ocrx_word' id='word_1_796' title='bbox 2415 4679 2588 4738; x_wconf 60' lang='lat' dir='ltr'>mss,</span> <span class='ocrx_word' id='word_1_797' title='bbox 2617 4666 3013 4738; x_wconf 76' lang='lat' dir='ltr'>perturbatur</span> <span class='ocrx_word' id='word_1_798' title='bbox 3042 4666 3522 4738; x_wconf 87' lang='lat' dir='ltr'>cogitationibus.</span> 
     </span>
    </p>
   </div>
   <div class='ocr_carea' id='block_1_109' title="bbox 2126 4736 3732 4808">
    <p class='ocr_par' dir='ltr' id='par_1_109' title="bbox 2126 4736 3732 4808">
     <span class='ocr_line' id='line_1_110' title="bbox 2126 4736 3732 4808; baseline 0.004 -20"><span class='ocrx_word' id='word_1_799' title='bbox 2126 4736 2393 4808; x_wconf 13' lang='lat' dir='ltr'>(5)7(Jod.</span> <span class='ocrx_word' id='word_1_800' title='bbox 2444 4736 2637 4806; x_wconf 82' lang='lat' dir='ltr'>Fisc.,</span> <span class='ocrx_word' id='word_1_801' title='bbox 2682 4736 2895 4792; x_wconf 86' lang='lat' dir='ltr'>Nudus</span> <span class='ocrx_word' id='word_1_802' title='bbox 2943 4736 3228 4808; x_wconf 80' lang='lat' dir='ltr'>egressus</span> <span class='ocrx_word' id='word_1_803' title='bbox 3273 4754 3399 4792; x_wconf 88' lang='lat' dir='ltr'>sum</span> <span class='ocrx_word' id='word_1_804' title='bbox 3442 4739 3516 4794; x_wconf 89' lang='lat' dir='ltr'>de</span> <span class='ocrx_word' id='word_1_805' title='bbox 3562 4744 3732 4795; x_wconf 89' lang='lat' dir='ltr'>utero</span> 
     </span>
    </p>
   </div>
   <div class='ocr_carea' id='block_1_110' title="bbox 2053 4807 3402 4861">
    <p class='ocr_par' dir='ltr' id='par_1_110' title="bbox 2053 4807 3402 4861">
     <span class='ocr_line' id='line_1_111' title="bbox 2053 4807 3402 4861; baseline 0 -1"><span class='ocrx_word' id='word_1_806' title='bbox 2053 4807 2270 4861; x_wconf 87' lang='lat' dir='ltr'>matris</span> <span class='ocrx_word' id='word_1_807' title='bbox 2300 4821 2463 4860; x_wconf 79' lang='lat' dir='ltr'>mew.</span> <span class='ocrx_word' id='word_1_808' title='bbox 2985 4807 2995 4808; x_wconf 31' lang='grc' dir='ltr'>ί</span> <span class='ocrx_word' id='word_1_809' title='bbox 3396 4842 3402 4847; x_wconf 85' lang='lat'><strong>-</strong></span> 
     </span>
    </p>
   </div>
   <div class='ocr_carea' id='block_1_111' title="bbox 2126 4877 3726 4955">
    <p class='ocr_par' dir='ltr' id='par_1_111' title="bbox 2126 4877 3726 4955">
     <span class='ocr_line' id='line_1_112' title="bbox 2126 4877 3726 4955; baseline 0.004 -25"><span class='ocrx_word' id='word_1_810' title='bbox 2126 4877 2206 4946; x_wconf 88' lang='lat'>(6)</span> <span class='ocrx_word' id='word_1_811' title='bbox 2241 4877 2490 4955; x_wconf 79' lang='lat' dir='ltr'>Benign.</span> <span class='ocrx_word' id='word_1_812' title='bbox 2525 4880 2585 4955; x_wconf 80' lang='lat' dir='ltr'>et</span> <span class='ocrx_word' id='word_1_813' title='bbox 2608 4877 2707 4955; x_wconf 78' lang='lat' dir='ltr'>alii</span> <span class='ocrx_word' id='word_1_814' title='bbox 2737 4878 3025 4950; x_wconf 91' lang='lat' dir='ltr'>nonnulli,</span> <span class='ocrx_word' id='word_1_815' title='bbox 3076 4878 3432 4953; x_wconf 83' lang='lat' dir='ltr'>inexplebili</span> <span class='ocrx_word' id='word_1_816' title='bbox 3456 4880 3669 4955; x_wconf 64' lang='lat' dir='ltr'>praelia</span> <span class='ocrx_word' id='word_1_817' title='bbox 3709 4901 3726 4936; x_wconf 89' lang='lat'><strong><em>:</em></strong></span> 
     </span>
    </p>
   </div>
   <div class='ocr_carea' id='block_1_112' title="bbox 2058 4948 2690 5019">
    <p class='ocr_par' dir='ltr' id='par_1_112' title="bbox 2058 4948 2690 5019">
     <span class='ocr_line' id='line_1_113' title="bbox 2058 4948 2690 5019; baseline 0.003 -17"><span class='ocrx_word' id='word_1_818' title='bbox 2058 4948 2241 5019; x_wconf 89' lang='lat' dir='ltr'>Fisc.,</span> <span class='ocrx_word' id='word_1_819' title='bbox 2266 4948 2690 5019; x_wconf 81' lang='lat' dir='ltr'>insuperabili.</span> 
     </span>
    </p>
   </div>
   <div class='ocr_carea' id='block_1_113' title="bbox 2123 5018 3725 5093">
    <p class='ocr_par' dir='ltr' id='par_1_113' title="bbox 2123 5018 3725 5093">
     <span class='ocr_line' id='line_1_114' title="bbox 2123 5018 3725 5093; baseline 0.004 -21"><span class='ocrx_word' id='word_1_820' title='bbox 2123 5018 2202 5089; x_wconf 80' lang='grc' dir='ltr'>(Ἴ)</span> <span class='ocrx_word' id='word_1_821' title='bbox 2249 5018 2593 5093; x_wconf 39' lang='grc' dir='ltr'>(ῗιίίιςοίϊὶσἶ</span> <span class='ocrx_word' id='word_1_822' title='bbox 2637 5019 2740 5093; x_wconf 17' lang='lat' dir='ltr'>libi.</span> <span class='ocrx_word' id='word_1_823' title='bbox 2793 5038 2833 5091; x_wconf 80' lang='grc' dir='ltr'>ι,</span> <span class='ocrx_word' id='word_1_824' title='bbox 2865 5038 3000 5093; x_wconf 91' lang='lat' dir='ltr'>pag.</span> <span class='ocrx_word' id='word_1_825' title='bbox 3033 5024 3140 5078; x_wconf 84' lang='lat'>360</span> <span class='ocrx_word' id='word_1_826' title='bbox 3168 5024 3269 5080; x_wconf 90' lang='lat' dir='ltr'>lin.</span> <span class='ocrx_word' id='word_1_827' title='bbox 3306 5024 3372 5079; x_wconf 84' lang='lat'>15</span> <span class='ocrx_word' id='word_1_828' title='bbox 3407 5041 3418 5079; x_wconf 90' lang='lat'>:</span> <span class='ocrx_word' id='word_1_829' title='bbox 3460 5046 3482 5076; x_wconf 70' lang='grc' dir='ltr'><strong>α</strong></span> <span class='ocrx_word' id='word_1_830' title='bbox 3517 5024 3725 5091; x_wconf 87' lang='lat' dir='ltr'>Quam-</span> 
     </span>
    </p>
   </div>
   <div class='ocr_carea' id='block_1_114' title="bbox 2059 5089 3579 5166">
    <p class='ocr_par' dir='ltr' id='par_1_114' title="bbox 2059 5089 3579 5166">
     <span class='ocr_line' id='line_1_115' title="bbox 2059 5089 3579 5166; baseline 0.005 -23"><span class='ocrx_word' id='word_1_831' title='bbox 2059 5089 2357 5166; x_wconf 68' lang='lat' dir='ltr'>obrem_et_</span> <span class='ocrx_word' id='word_1_832' title='bbox 2381 5090 2509 5145; x_wconf 85' lang='lat' dir='ltr'>haec</span> <span class='ocrx_word' id='word_1_833' title='bbox 2540 5090 2790 5166; x_wconf 87' lang='lat' dir='ltr'>vilanda_</span> <span class='ocrx_word' id='word_1_834' title='bbox 2805 5089 2972 5166; x_wconf 58' lang='lat' dir='ltr'>sunt,</span> <span class='ocrx_word' id='word_1_835' title='bbox 2995 5099 3051 5150; x_wconf 92' lang='lat' dir='ltr'>et</span> <span class='ocrx_word' id='word_1_836' title='bbox 3079 5097 3368 5166; x_wconf 70' lang='lat' dir='ltr'>pecuniae.</span> <span class='ocrx_word' id='word_1_837' title='bbox 3422 5120 3431 5143; x_wconf 86' lang='grc'><strong>›</strong></span> <span class='ocrx_word' id='word_1_838' title='bbox 3466 5089 3579 5151; x_wconf 84' lang='lat' dir='ltr'>etc.</span> 
     </span>
    </p>
   </div>
   <div class='ocr_carea' id='block_1_115' title="bbox 2128 5161 3731 5235">
    <p class='ocr_par' dir='ltr' id='par_1_115' title="bbox 2128 5161 3731 5235">
     <span class='ocr_line' id='line_1_116' title="bbox 2128 5161 3731 5235; baseline 0.01 -22"><span class='ocrx_word' id='word_1_839' title='bbox 2128 5161 2205 5229; x_wconf 91' lang='lat'>(8)</span> <span class='ocrx_word' id='word_1_840' title='bbox 2238 5161 2458 5216; x_wconf 89' lang='lat' dir='ltr'>Eodem</span> <span class='ocrx_word' id='word_1_841' title='bbox 2508 5177 2695 5218; x_wconf 90' lang='lat' dir='ltr'>sensu</span> <span class='ocrx_word' id='word_1_842' title='bbox 2754 5163 3035 5235; x_wconf 77' lang='lat' dir='ltr'>Polybius</span> <span class='ocrx_word' id='word_1_843' title='bbox 3079 5161 3183 5221; x_wconf 85' lang='lat' dir='ltr'>lib.</span> <span class='ocrx_word' id='word_1_844' title='bbox 3228 5186 3264 5221; x_wconf 74' lang='grc' dir='ltr'>χ</span> <span class='ocrx_word' id='word_1_845' title='bbox 3309 5166 3539 5222; x_wconf 85' lang='lat' dir='ltr'>Hister.</span> <span class='ocrx_word' id='word_1_846' title='bbox 3572 5184 3588 5219; x_wconf 89' lang='lat'><strong><em>:</em></strong></span> <span class='ocrx_word' id='word_1_847' title='bbox 3623 5177 3731 5229; x_wconf 80' lang='grc' dir='ltr'>Καὶ</span> 
     </span>
    </p>
   </div>
   <div class='ocr_carea' id='block_1_116' title="bbox 2052 5244 3723 5329">
    <p class='ocr_par' dir='ltr' id='par_1_116' title="bbox 2052 5244 3723 5329">
     <span class='ocr_line' id='line_1_117' title="bbox 2052 5244 3723 5329; baseline 0.004 -28"><span class='ocrx_word' id='word_1_848' title='bbox 2052 5246 2226 5301; x_wconf 74' lang='grc' dir='ltr'><strong>πολλοὶ</strong></span> <span class='ocrx_word' id='word_1_849' title='bbox 2248 5244 2307 5305; x_wconf 76' lang='grc' dir='ltr'>δή</span> <span class='ocrx_word' id='word_1_850' title='bbox 2328 5268 2456 5311; x_wconf 78' lang='grc' dir='ltr'><strong><em>τινες</em></strong></span> <span class='ocrx_word' id='word_1_851' title='bbox 2478 5252 2883 5324; x_wconf 76' lang='grc' dir='ltr'>κατορθώσαντες</span> <span class='ocrx_word' id='word_1_852' title='bbox 2903 5255 2997 5314; x_wconf 69' lang='grc' dir='ltr'>τὰς</span> <span class='ocrx_word' id='word_1_853' title='bbox 3018 5252 3269 5316; x_wconf 66' lang='grc' dir='ltr'>ἐπιϐολὰς.</span> <span class='ocrx_word' id='word_1_854' title='bbox 3352 5256 3410 5308; x_wconf 73' lang='grc' dir='ltr'>οὐ</span> <span class='ocrx_word' id='word_1_855' title='bbox 3440 5252 3589 5329; x_wconf 67' lang='grc' dir='ltr'><strong><em>μόνον</em></strong></span> <span class='ocrx_word' id='word_1_856' title='bbox 3611 5255 3723 5329; x_wconf 54' lang='grc' dir='ltr'>ἐξέέ</span> 
     </span>
    </p>
   </div>
   <div class='ocr_carea' id='block_1_117' title="bbox 2052 5327 3729 5405">
    <p class='ocr_par' dir='ltr' id='par_1_117' title="bbox 2052 5327 3729 5405">
     <span class='ocr_line' id='line_1_118' title="bbox 2052 5327 3729 5405; baseline 0.001 -25"><span class='ocrx_word' id='word_1_857' title='bbox 2052 5347 2227 5405; x_wconf 56' lang='lat' dir='ltr'>grano»,</span> <span class='ocrx_word' id='word_1_858' title='bbox 2255 5327 2383 5381; x_wconf 77' lang='grc' dir='ltr'>ἀλλά</span> <span class='ocrx_word' id='word_1_859' title='bbox 2415 5334 2522 5391; x_wconf 81' lang='grc' dir='ltr'>τοῖς</span> <span class='ocrx_word' id='word_1_860' title='bbox 2564 5327 2695 5405; x_wconf 61' lang='grc' dir='ltr'>ὅλοφς</span> <span class='ocrx_word' id='word_1_861' title='bbox 2716 5331 3020 5405; x_wconf 56' lang='grc' dir='ltr'>ἐσφάλησαν,</span> <span class='ocrx_word' id='word_1_862' title='bbox 3067 5327 3415 5398; x_wconf 87' lang='lat' dir='ltr'>Exemplum</span> <span class='ocrx_word' id='word_1_863' title='bbox 3442 5327 3597 5399; x_wconf 81' lang='lat' dir='ltr'>ejus</span> <span class='ocrx_word' id='word_1_864' title='bbox 3642 5327 3729 5382; x_wconf 88' lang='lat' dir='ltr'>rei</span> 
     </span>
    </p>
   </div>
   <div class='ocr_carea' id='block_1_118' title="bbox 2056 5392 3825 5475">
    <p class='ocr_par' dir='ltr' id='par_1_118' title="bbox 2056 5392 3825 5475">
     <span class='ocr_line' id='line_1_119' title="bbox 2056 5392 3825 5475; baseline 0.003 -22"><span class='ocrx_word' id='word_1_865' title='bbox 2056 5401 2309 5475; x_wconf 83' lang='lat' dir='ltr'>ipsemet</span> <span class='ocrx_word' id='word_1_866' title='bbox 2334 5405 2622 5475; x_wconf 78' lang='lat' dir='ltr'>suggerit</span> <span class='ocrx_word' id='word_1_867' title='bbox 2653 5392 2753 5475; x_wconf 89' lang='lat' dir='ltr'>lib.</span> <span class='ocrx_word' id='word_1_868' title='bbox 2782 5392 2846 5459; x_wconf 64' lang='grc' dir='ltr'>’νς</span> <span class='ocrx_word' id='word_1_869' title='bbox 2880 5406 2943 5459; x_wconf 89' lang='lat' dir='ltr'><strong>In</strong></span> <span class='ocrx_word' id='word_1_870' title='bbox 2978 5404 3221 5461; x_wconf 68' lang='lat' dir='ltr'>Xemsta</span> <span class='ocrx_word' id='word_1_871' title='bbox 3255 5392 3528 5461; x_wconf 47' lang='lat' dir='ltr'>Antiochi</span> <span class='ocrx_word' id='word_1_872' title='bbox 3575 5422 3728 5475; x_wconf 82' lang='lat' dir='ltr'>prae-</span> <span class='ocrx_word' id='word_1_873' title='bbox 3806 5392 3825 5413; x_wconf 69' lang='grc'><strong>⁹</strong></span> 
     </span>
    </p>
   </div>
   <div class='ocr_carea' id='block_1_119' title="bbox 2057 5471 3727 5544">
    <p class='ocr_par' dir='ltr' id='par_1_119' title="bbox 2057 5471 3727 5544">
     <span class='ocr_line' id='line_1_120' title="bbox 2057 5471 3727 5544; baseline 0.001 -19"><span class='ocrx_word' id='word_1_874' title='bbox 2057 5471 2210 5544; x_wconf 79' lang='lat' dir='ltr'>festo</span> <span class='ocrx_word' id='word_1_875' title='bbox 2297 5471 2549 5527; x_wconf 75' lang='lat' dir='ltr'>Molonis</span> <span class='ocrx_word' id='word_1_876' title='bbox 2599 5474 2920 5544; x_wconf 81' lang='lat' dir='ltr'>perduellis</span> <span class='ocrx_word' id='word_1_877' title='bbox 2975 5480 3097 5531; x_wconf 88' lang='lat' dir='ltr'>arte</span> <span class='ocrx_word' id='word_1_878' title='bbox 3146 5477 3216 5531; x_wconf 88' lang='lat' dir='ltr'>ad</span> <span class='ocrx_word' id='word_1_879' title='bbox 3266 5471 3727 5531; x_wconf 76' lang='lat' dir='ltr'>internecionem</span> 
     </span>
    </p>
   </div>
   <div class='ocr_carea' id='block_1_120' title="bbox 2056 5543 3726 5615">
    <p class='ocr_par' dir='ltr' id='par_1_120' title="bbox 2056 5543 3726 5615">
     <span class='ocr_line' id='line_1_121' title="bbox 2056 5543 3726 5615; baseline 0 -18"><span class='ocrx_word' id='word_1_880' title='bbox 2056 5543 2415 5598; x_wconf 83' lang='lat' dir='ltr'>deleto.Alia</span> <span class='ocrx_word' id='word_1_881' title='bbox 2449 5543 2825 5614; x_wconf 83' lang='lat' dir='ltr'>suppeditant</span> <span class='ocrx_word' id='word_1_882' title='bbox 2855 5547 3127 5602; x_wconf 85' lang='lat' dir='ltr'>Justinus</span> <span class='ocrx_word' id='word_1_883' title='bbox 3161 5549 3302 5601; x_wconf 78' lang='lat' dir='ltr'>lib.t</span> <span class='ocrx_word' id='word_1_884' title='bbox 3334 5550 3392 5602; x_wconf 91' lang='lat' dir='ltr'>in</span> <span class='ocrx_word' id='word_1_885' title='bbox 3425 5548 3575 5615; x_wconf 75' lang='lat' dir='ltr'>Cyro</span> <span class='ocrx_word' id='word_1_886' title='bbox 3607 5546 3726 5615; x_wconf 76' lang='lat' dir='ltr'>To-</span> 
     </span>
    </p>
   </div>
   <div class='ocr_carea' id='block_1_121' title="bbox 2055 5614 3728 5689">
    <p class='ocr_par' dir='ltr' id='par_1_121' title="bbox 2055 5614 3728 5689">
     <span class='ocr_line' id='line_1_122' title="bbox 2055 5614 3728 5689; baseline -0.001 -21"><span class='ocrx_word' id='word_1_887' title='bbox 2055 5616 2485 5689; x_wconf 25' lang='lat' dir='ltr'>myris‘astutia</span> <span class='ocrx_word' id='word_1_888' title='bbox 2506 5617 2837 5689; x_wconf 82' lang='lat' dir='ltr'>profligato,</span> <span class='ocrx_word' id='word_1_889' title='bbox 2872 5621 3045 5689; x_wconf 89' lang='lat' dir='ltr'>atque</span> <span class='ocrx_word' id='word_1_890' title='bbox 3076 5622 3379 5683; x_wconf 83' lang='lat' dir='ltr'>truncato;</span> <span class='ocrx_word' id='word_1_891' title='bbox 3412 5614 3586 5669; x_wconf 79' lang='lat' dir='ltr'>Gorn.</span> <span class='ocrx_word' id='word_1_892' title='bbox 3622 5614 3728 5668; x_wconf 88' lang='lat' dir='ltr'>Ta-</span> 
     </span>
    </p>
   </div>
   <div class='ocr_carea' id='block_1_122' title="bbox 2056 5686 3725 5747">
    <p class='ocr_par' dir='ltr' id='par_1_122' title="bbox 2056 5686 3725 5747">
     <span class='ocr_line' id='line_1_123' title="bbox 2056 5686 3725 5747; baseline 0.003 -7"><span class='ocrx_word' id='word_1_893' title='bbox 2056 5686 2208 5741; x_wconf 88' lang='lat' dir='ltr'>citus</span> <span class='ocrx_word' id='word_1_894' title='bbox 2253 5686 2405 5745; x_wconf 89' lang='lat' dir='ltr'>libro</span> <span class='ocrx_word' id='word_1_895' title='bbox 2445 5703 2462 5739; x_wconf 87' lang='grc' dir='ltr'><strong><em>ι</em></strong></span> <span class='ocrx_word' id='word_1_896' title='bbox 2509 5686 2829 5745; x_wconf 79' lang='lat' dir='ltr'>Annalium</span> <span class='ocrx_word' id='word_1_897' title='bbox 2878 5686 3252 5747; x_wconf 50' lang='lat' dir='ltr'>in&#39;Arminio</span> <span class='ocrx_word' id='word_1_898' title='bbox 3297 5690 3725 5745; x_wconf 84' lang='lat' dir='ltr'>Germanorum</span> 
     </span>
    </p>
   </div>
  </div>
