4128 6132
295 266 382 359 87
1745 283 1810 349 s.
1859 287 2297 377 AMBROSII.
3666 304 3748 371 88

298 476 625 549 prmliator,
657 476 811 533 inter
837 477 1004 549 ipsos
1035 494 1188 552 quos
1220 481 1447 552 stravit,
1478 482 1854 543 miserandus
1873 503 1943 544 oc

2076 475 2293 546 populo
2326 480 2382 533 et
2412 479 2628 534 acerbo
2660 479 2832 537 hoste
2872 466 3099 539 revexit
3126 484 3488 557 triumphum
3519 490 3737 559 (Judic.

300 567 546 622 cubuit:
579 569 636 621 et
671 566 985 638 triumphis
1032 568 1161 623 suis
1209 564 1457 642 dejectae
1505 572 1774 645 legiones
1824 574 1963 633 dum
2078 580 2178 632 vn,
2211 563 2244 618 8
2274 571 2332 619 et
2363 570 2513 637 seq.)
2561 568 2845 625 Jonathas
2877 572 3231 629 adolescens
3281 576 3557 633 virtutem
3600 579 3741 635 fecit

297 654 508 726 spoliis
540 658 921 728 occupantur,
956 657 1188 713 hostem
1210 659 1268 713 in
1297 675 1365 714 se
1387 667 1835 735 revocaverunt,
1860 682 1939 738 qu

2074 650 2137 705 in
2166 669 2380 725 magno
2412 656 2615 724 prielio
2646 658 2757 727 (15)
2790 658 2838 727 (1
2863 659 3009 731 Reg.
3052 679 3171 732 XIV,
3207 663 3232 717 1
3270 669 3331 719 et
3371 666 3542 737 seq.).
3589 667 3740 733 Quid

295 743 548 815 fugerat.

366 830 488 887 193.
522 832 825 890 Fortitudo
869 833 1051 907 igitur
1092 838 1210 890 tam
1242 836 1557 894 immanem
1585 844 1814 911 pestem
1859 860 1958 899 re-

291 921 470 993 pellat
498 924 555 976 et
602 924 895 993 proterat,
946 939 1057 979 nec
1086 927 1342 981 tentetur
1373 928 1813 1002 cupiditatibus,
1848 949 1957 989 nec

290 1010 599 1083 frangatur
626 1015 815 1081 metu;
847 1012 985 1084 quia
1011 1014 1202 1069 virtus
1234 1016 1352 1070 sibi
1383 1021 1643 1088 constat,
1679 1024 1740 1075 ut
1787 1022 1957 1077 forti-

289 1102 381 1154 ter
408 1099 603 1155 omnia
629 1104 1025 1172 persequatur
1051 1103 1191 1158 vitia
1214 1146 1229 1174 ,
1260 1108 1538 1177 tanquam
1566 1109 1801 1165 virtutis
1850 1127 1956 1167 ve-

287 1203 440 1243 nena
454 1203 468 1244 :
484 1188 847 1245 iracundiam
867 1191 1026 1247 velut
1048 1193 1402 1264 quibusdam
1422 1198 1727 1267 prepulset
1748 1201 1953 1271 armis,

287 1292 423 1348 quae
467 1277 633 1332 tollat
662 1279 1007 1351 consilium,
1042 1286 1098 1336 et
1127 1285 1404 1355 tanquam
1437 1287 1831 1359 agritudinem
1863 1291 1955 1344 vi-

285 1367 398 1435 tet,
429 1366 649 1423 Gloriae
692 1384 930 1440 quoque
978 1374 1183 1426 caveat
1230 1375 1622 1444 appetentiam
1670 1377 1770 1449 (9),
1823 1395 1955 1449 qum

286 1454 628 1527 frequenter
656 1458 855 1513 nocuit
894 1458 1339 1518 immoderatius
1383 1464 1667 1535 expetita,
1719 1483 1958 1539 semper

284 1546 479 1599 autem
508 1549 811 1617 usurpata.

357 1633 479 1689 194.
510 1633 661 1700 Quid
692 1636 902 1692 horum
924 1641 1129 1694 sancto
1161 1639 1271 1695 Job
1295 1642 1385 1696 vel
1414 1641 1473 1695 in
1504 1643 1716 1698 virtute
1749 1646 1952 1715 defuit,

283 1723 381 1778 vel
410 1723 472 1778 in
504 1723 643 1780 vitio
674 1726 980 1798 obrepsit?
1009 1728 1313 1793 Quomodo
1351 1730 1613 1787 laborem
1645 1735 1954 1805 aegritudi-

281 1811 399 1882 nis,
433 1812 699 1886 frigoris,
734 1814 907 1870 famis
934 1818 1211 1888 pertulit?
1230 1818 1534 1884 Quomodo
1565 1822 1836 1893 despexit
1858 1840 1953 1879 sa-

284 1900 427 1957 lutis
458 1903 832 1973 periculum?
859 1904 1159 1978 Numquid
1189 1909 1414 1979 rapinis
1457 1911 1676 1966 divitiae
1708 1921 1977 1969 cancer'

277 1993 453 2063 ναίω,
476 1992 549 2048 de
575 1993 792 2066 quibus
812 1995 969 2050 tanta
990 1995 1268 2068 inopibus
1288 1998 1646 2055 afﬂuebant?
1673 2001 1953 2074 Nunquid

279 2081 586 2136 avaritiam
617 2098 858 2152 census,
907 2086 1005 2139 aut
1055 2087 1371 2157 voluptatis
1407 2088 1514 2157 (10)
1545 2091 1743 2146 studia
1784 2092 1952 2162 cupi-

277 2170 610 2242 ditatesque
640 2173 964 2229 excitavit?
1009 2175 1308 2248 Numquid
1338 2177 1516 2232 trium
1546 2195 1757 2251 regum
1787 2180 1950 2253 inju-

276 2258 438 2313 riosa
468 2261 786 2331 contentio,
835 2262 932 2318 vel
961 2278 1273 2320 servorum
1306 2267 1658 2323 contumelia
1689 2268 1749 2322 in
1796 2269 1945 2325 iram

276 2348 590 2403 excussit?
632 2349 916 2422 Nunquid
946 2351 1136 2425 gloria
1166 2354 1323 2409 sicut
1359 2354 1553 2411 levem
1583 2357 1812 2429 extulit,
1847 2360 1948 2430 qui

273 2436 712 2507 imprecabatur
739 2440 945 2512 gravia
976 2441 1113 2511 sibi,
1163 2444 1217 2497 si
1248 2460 1505 2516 unquam
1546 2445 1639 2500 vel
1670 2462 1789 2502 non
1839 2464 1949 2503 vo-

272 2523 588 2581 luntariam
627 2527 947 2584 celavisset
992 2530 1256 2602 culpam,
1304 2533 1398 2588 vel
1444 2535 1744 2591 reveritus
1785 2540 1949 2593 esset

273 2614 708 2671 multitudinem
735 2616 951 2689 plebis,
983 2621 1299 2690 quominus
1330 2623 1703 2679 annuntiaret
1733 2640 1861 2680 eam
1886 2626 1949 2680 in

274 2692 600 2776 conspectu
622 2706 930 2764 omnium?
961 2708 1167 2782 Neque
1199 2710 1353 2765 enim
1374 2715 1788 2769 consentaneae
1809 2718 1950 2770 sunt

272 2791 435 2848 vitiis
464 2794 734 2866 virtutes,
780 2796 887 2852 sed
934 2796 1050 2853 sibi
1101 2802 1374 2855 constant
1405 2801 1536 2871 (11).
1589 2800 1735 2867 Quis
1767 2802 1950 2875 igitur

271 2883 392 2936 tam
418 2882 592 2939 fortis
621 2900 799 2957 quam
828 2890 1073 2944 sanctus
1104 2887 1217 2944 Job
1253 2905 1266 2944 ε
1301 2889 1397 2944 cui
1427 2891 1731 2946 secundus
1771 2891 1947 2964 adju-

278 2970 462 3028 dicari
491 2975 707 3046 potest,
741 2976 841 3049 qui
872 2992 1074 3049 parem
1103 2978 1205 3032 vix
1236 2979 1500 3050 reperit?
1528 3046 1535 3049 ι

904 3082 1156 3140 CAPUT
1193 3086 1319 3142 XL.

283 3166 574 3227 Virtutem
608 3171 879 3247 bellicam
909 3175 1139 3247 nostris
1169 3176 1346 3230 etiam
1366 3191 1480 3232 non
1511 3176 1800 3247 defuisse,
1841 3192 1942 3231 ve-

346 3247 537 3320 terum
558 3244 888 3320 exemplis,
921 3246 1290 3319 maximeque
1324 3247 1621 3320 praeclaro
1657 3244 1945 3305 Eleazari

345 3312 505 3372 facta
532 3312 999 3372 demonstratur.

343 3402 467 3459 195.
498 3402 615 3460 Sed
645 3404 903 3461 fortasse
945 3405 1180 3479 aliquos
1226 3406 1441 3464 bellica
1479 3408 1712 3465 defixos
1752 3409 1943 3481 gloria

268 3491 429 3549 tenet
456 3491 588 3562 (12),
621 3495 686 3550 ut
711 3497 915 3567 putent
943 3495 1132 3551 solam
1160 3511 1300 3553 esse
1335 3497 1668 3581 prmliarem
1706 3497 1943 3554 fortitu-

270 3581 469 3639 dinem
504 3582 635 3655 (13),
672 3586 730 3640 et
750 3583 883 3641 ideo
902 3600 995 3641 me
1024 3585 1098 3640 ad
1129 3585 1260 3642 hec
1292 3586 1642 3657 deﬂexisse,
1678 3588 1816 3659 quia
1842 3588 1944 3643 illa

268 3671 495 3729 nostris
540 3672 789 3730 deferet.
837 3672 1023 3740 Quam
1054 3673 1225 3731 fortis
1272 3675 1455 3731 Jesus
1487 3675 1677 3747 Nave,
1718 3679 1782 3731 ut
1820 3693 1940 3732 uno

267 3761 476 3833 praelio
507 3761 768 3837 quinque
787 3778 966 3837 reges
986 3766 1191 3836 captos
1222 3767 1516 3821 sterneret
1543 3781 1678 3827 cum
1699 3766 1936 3837 populis

270 3849 402 3907 suis
429 3849 636 3921 (Josuo
676 3867 738 3923 x,
769 3852 805 3907 5
836 3857 896 3907 et
924 3851 1112 3926 seq.)l
1162 3853 1389 3910 Deinde
1436 3869 1572 3910 cum
1619 3854 1938 3911 adversum

266 3938 627 3997 Gabaonitas
656 3944 901 4015 urgeret
927 3942 1181 4013 prelium
1225 3944 1359 4013 (14),
1410 3946 1469 3999 et
1514 3946 1821 4000 vereretur
1864 3961 1938 4001 ne

270 4044 391 4087 nox
419 4029 731 4102 impediret
756 4030 1085 4101 victoriam,
1123 4032 1528 4106 magnitudine
1550 4033 1765 4089 mentis
1788 4036 1846 4088 et
1866 4034 1938 4089 tl-

270 4118 366 4175 dei
407 4119 682 4176 clamavit
709 4134 724 4177 :
756 4120 893 4177 Stet
939 4121 1060 4185 sol;
1109 4124 1168 4178 et
1211 4122 1401 4191 stetit,
1453 4122 1642 4178 donec
1690 4122 1937 4177 victoria

270 4210 1050 4269 consummaretur.Gedeon
1065 4210 1126 4267 in
1147 4211 1430 4269 trecentis
1448 4212 1597 4268 viris
1619 4211 1691 4268 de
1710 4212 1938 4285 ingenti

268 4317 421 4392 duce
448 4332 482 4372 a
507 4315 745 4392 Caecina
787 4317 1122 4392 Germanici
1150 4319 1366 4392 legato,
1422 4322 1479 4375 et
1505 4318 1626 4392 alii
1665 4319 1726 4392 in
1772 4319 1931 4392 aliis.

267 4387 411 4454 Quae
442 4388 681 4460 quidem
723 4389 879 4445 haud
910 4387 1350 4459 annotaremus,
1400 4390 1515 4445 nisi
1563 4390 1934 4446 Christiano-

270 4475 424 4532 rum,
464 4460 565 4532 qui
596 4463 827 4531 patrum
857 4461 1140 4517 memoria
1184 4462 1411 4516 Turcas
1440 4461 1596 4532 apud
1645 4461 1843 4516 Erlam
1876 4462 1935 4516 in

270 4530 578 4603 Hungaria
598 4530 793 4589 fusos
840 4549 908 4587 ac
960 4536 1177 4587 stratos
1209 4530 1494 4587 aviditate“
1526 4533 1745 4603 praedae
1778 4534 1836 4587 in
1869 4549 1935 4587 se

269 4605 646 4674 revocarunt,
698 4603 954 4674 lugenda
986 4604 1162 4660 simul
1194 4607 1251 4659 et
1278 4604 1689 4659 erubescenda
1737 4603 1936 4659 clades

269 4672 611 4729 admoneret
677 4672 1063 4743 imperatores
1128 4678 1368 4730 nostros
1446 4675 1637 4730 alieno
1724 4675 1937 4729 damno

270 4744 457 4818 nihilo
490 4744 618 4798 fieri
661 4746 980 4801 cautiores.
1033 4746 1364 4818 Prudenter
1393 4761 1538 4818 ergo
1587 4762 1693 4801 rex
1733 4746 1936 4818 Israel.

269 4815 348 4869 IV
397 4816 570 4888 ΗΘΒ..
621 4818 673 4872 c'.
726 4831 849 4884 Vl",
883 4833 957 4873 ne
1003 4817 1119 4873 sibi
1152 4818 1371 4888 praedae
1410 4815 1727 4872 occasione
1774 4816 1938 4873 fraus

270 4889 634 4959 strueretur,
685 4888 1069 4959 prospicibat.
1121 4888 1405 4944 Similiter
1460 4889 1634 4943 etiam
1688 4888 1936 4959 Romani

271 4958 877 5033 observationeillius
901 4960 1084 5015 moris
1106 4959 1177 5016 de
1200 4976 1317 5033 quo
1350 4959 1631 5030 Polybius
1663 4960 1704 5014 1.
1736 4977 1796 5031 x,
1817 4958 1941 5031 jam

268 5029 381 5085 alle
428 5032 543 5089 ato.
1217 5029 1236 5033 “
1466 5029 1475 5030 “
1784 5029 1789 5031 ’
1822 5029 1835 5031 ⁷

269 5172 307 5184 ῃ
341 5046 427 5172 (θξ
450 5100 573 5184 Cic.
628 5100 797 5184 Oliic.
829 5102 931 5184 lib:
968 5119 1006 5184 ι,
1052 5119 1187 5184 ρος.
1238 5103 1362 5184 359,
1396 5104 1498 5184 lin.
1531 5102 1600 5158 46
1632 5118 1644 5158 :
1685 5125 1706 5149 κ
1745 5102 1937 5184 Facil-

268 5172 735 5257 limela‘utemhad
766 5189 864 5257 res
912 5172 1192 5257 injustas,
1240 5178 1406 5257 n‘etc.
1442 5175 1764 5257 ltem‘pag.
1809 5175 1934 5257 360,

269 5244 384 5318 lin.
409 5244 474 5318 18
500 5259 521 5318 ξ
558 5267 581 5292 ν
616 5243 889 5318 Cavenda
912 5243 1003 5302 est
1020 5245 1192 5302 etiam
1222 5245 1430 5318 gloriae
1449 5243 1933 5318 cupiditasggetc.

234 5340 263 5361 ν
301 5315 304 5317 ⁷
340 5316 452 5385 (10)
499 5315 595 5388 Ita,
613 5332 761 5388 mss.
798 5316 922 5372 fere
952 5318 1026 5373 ad
1056 5315 1287 5388 annui:
1324 5316 1461 5388 edit.
1495 5332 1659 5384 vero,
1708 5340 1728 5365 α
1767 5316 1937 5372 Nun-

269 5386 987 5470 quidnavaritia,ucens_us,_
1012 5392 1111 5470 aut
1138 5386 1475 5470 voluptatis,
1514 5409 1536 5438 ι
1568 5390 1693 5470 βία,ζ
1779 5457 1790 5470 ,

340 5458 630 5539 (1_1)_h1_ss.
664 5458 906 5539 aliquot,
939 5461 1065 5539 Sed
1092 5460 1217 5515 sibi
1247 5458 1579 5539 ebpsistunt
1594 5479 1616 5539 ,-
1648 5458 1898 5539 Bening:
1918 5499 1937 5538 ,

269 5528 395 5602 Sed
422 5528 547 5585 sibi
590 5528 796 5585 contra
841 5532 1110 5602 sistunt:
1146 5546 1278 5602 quae
1310 5529 1503 5599 lectio,
1555 5529 1609 5585 si
1658 5545 1777 5583 vox
1816 5528 1934 5582 sibi

269 5600 750 5674 dispungeretur,
783 5617 903 5674 non
936 5600 1299 5674 displiceret.

340 5617 733 5727 spungeretur
783 5617 903 5682 11011
936 5617 1299 5674 displiceret.
1375 5671 1386 5682 .

340 5672 362 5740 (
397 5670 454 5743 2)
530 5686 604 5728 ιο.
632 5642 800 5730 οηέο.
833 5671 937 5730 ιιι).
968 5690 1006 5744 τ,
1040 5688 1179 5748 pag,
1201 5672 1327 5731 361.
1349 5671 1452 5728 ιω.
1482 5670 1553 5727 7:
1592 5689 1615 5722 α
1651 5668 1767 5726 Sed
1800 5685 1934 5725 cum

1966 4433 2020 4494 D

2070 740 2140 794 de
2174 741 2531 798 Machabaeis
2554 745 2763 816 loquar
2789 746 2839 815 (Ι
2862 748 3058 804 ΜδοΙι.
3092 768 3152 820 ιι,
3184 751 3254 806 35
3286 758 3344 807 et
3367 755 3544 827 seq)?

2141 828 2262 884 196.
2296 830 2410 885 Sed
2442 833 2608 902 prius
2632 834 2703 889 de
2735 837 2952 906 populo
2984 838 3175 893 dicam
3206 844 3456 912 patrum,
3481 844 3583 914 qui
3604 861 3739 900 cum

2067 922 2273 973 essent
2303 921 2489 989 parati
2511 922 2584 975 ad
2609 926 3061 996 repugnandum
3089 943 3197 998 pro
3227 931 3443 1000 templo
3474 933 3569 995 53
3609 934 3737 1004 Dei,

2065 1008 2122 1060 et
2151 1023 2257 1076 pro
2277 1008 2559 1080 legitimis
2583 1012 2732 1082 suis,
2760 1013 2895 1069 dolo
2919 1016 3177 1071 hostium
3201 1017 3294 1073 die
3319 1018 3585 1076 lacessiti
3608 1023 3743 1077 sab-

2064 1094 2183 1149 bati
2210 1138 2223 1163 ,
2260 1097 2591 1154 maluerunt
2621 1101 2970 1159 vulneribus
3014 1104 3227 1161 offerre
3258 1108 3413 1162 nuda
3446 1126 3697 1182 corpora
3723 1154 3737 1181 ,

2062 1198 2237 1253 quam
2290 1201 2648 1260 repugnare,
2697 1206 2770 1245 ne
2820 1192 3109 1249 violarent
3154 1196 3487 1253 sabbatum.
3538 1200 3738 1272 Itaque

2060 1287 2267 1328 omnes
2286 1274 2402 1329 lmti
2423 1291 2491 1331 se
2509 1277 2847 1334 obtulerunt
2865 1283 3055 1336 morti.
3080 1283 3196 1339 Sed
3220 1284 3566 1358 Machabaai,
3591 1304 3735 1344 con-

2063 1360 2399 1418 siderantes
2449 1366 2607 1437 quod
2640 1366 2752 1422 hoc
2784 1371 3055 1441 exemplo
3104 1388 3257 1444 gens
3290 1375 3483 1430 omnis
3522 1381 3733 1446 posset

2062 1450 2277 1521 perire,
2302 1452 2560 1509 Sabbato
2598 1457 2791 1525 etiam,
2823 1474 2956 1512 cum
2989 1460 3105 1529 ipsi
3127 1461 3186 1515 in
3208 1462 3428 1517 bellum
3450 1480 3737 1534 provoca-

2063 1542 2285 1608 rentur,
2325 1542 2430 1596 ulti
2470 1547 2608 1597 sunt
2630 1545 3034 1602 innocentium
3072 1566 3281 1604 necem
3320 1551 3566 1608 fratrum
3598 1570 3741 1611 suo-

2063 1644 2213 1683 rum.
2252 1629 2421 1685 Unde
2452 1636 2663 1702 postea
2695 1634 3031 1691 stimulatus
3064 1654 3172 1693 rex
3204 1640 3568 1711 Antiochus,
3604 1659 3741 1699 cum

2062 1714 2285 1771 bellum
2308 1721 2660 1776 accenderet
2682 1738 2788 1793 per
2810 1724 2994 1779 duces
3017 1742 3163 1781 suos
3188 1728 3448 1799 Lysiam,
3475 1730 3737 1789 Nicano-

2040 1814 2212 1874 ‘rem,
2238 1805 2537 1880 Gorgiam,
2559 1810 2638 1864 ita
2661 1827 2792 1866 cum
2815 1812 3211 1870 Orientalibus
3230 1819 3359 1871 suis
3388 1822 3443 1873 et
3466 1820 3735 1891 Assyriis

2067 1894 2298 1950 attritus
2321 1900 2413 1951 est
2448 1898 2658 1969 copiis,
2683 1903 2746 1955 ut
2780 1902 3169 1975 quadraginta
3204 1906 3257 1960 ei
3288 1908 3420 1961 octo
3456 1908 3639 1963 millia
3677 1910 3737 1965 in

2066 1983 2259 2039 medio
2292 1986 2482 2056 campi
2512 2003 2546 2041 a
2575 1988 2768 2044 tribus
2800 1991 3063 2047 millibus
3092 1998 3632 2063 prosternerentur.

2137 2070 2258 2127 197.
2284 2074 2573 2131 Virtutem
2599 2078 2769 2133 ducis
2792 2079 2962 2135 Judaa
2984 2081 3311 2138 Machabaei
3343 2084 3415 2139 de
3445 2100 3564 2141 uno
3598 2084 3731 2158 ejus

2062 2160 2245 2248 milite
2281 2164 2655 2221 considerate
2687 2166 2737 2237 (Ι
2760 2168 2956 2223 ΜθοΙι.
2981 2186 3061 2240 VI,
3099 2171 3168 2226 43
3192 2178 3250 2227 et
3278 2173 3430 2245 seq.)
3461 2174 3730 2248 Namque

2063 2247 2384 2307 Eleazarus
2432 2269 2565 2308 cum
2612 2258 3147 2327 supereminentem
3181 2262 3415 2317 caeteris
3445 2247 3729 2334 elephan-

2058 2339 2201 2409 tum,
2251 2340 2398 2396 loria
2439 2344 2719 2399 vestitum
2748 2347 2947 2418 regia,
3008 2347 3361 2420 adverteret,
3404 2352 3726 2408 arbitratus

2062 2427 2218 2496 quod
2249 2428 2309 2482 in
2339 2445 2410 2485 eo
2440 2435 2604 2487 esset
2635 2448 2775 2503 rex,
2838 2451 3020 2491 cursu
3061 2438 3333 2493 concitus
3374 2439 3434 2493 in
3474 2441 3732 2496 medium

2060 2513 2317 2588 legionis
2335 2533 2404 2573 se
2424 2521 2715 2592 proripuit
2744 2522 2878 2593 (16),
2895 2527 2952 2578 et
2972 2524 3207 2597 abjecto
3222 2528 3454 2599 clypeo,
3479 2533 3729 2602 utraque

2058 2619 2234 2660 manu
2265 2605 2675 2680 interficiebat,
2712 2611 2900 2667 donec
2931 2615 3205 2683 pervenit
3233 2616 3308 2670 ad
3334 2617 3608 2686 bestiam,
3641 2623 3734 2674 at-

2059 2708 2174 2763 que
2206 2694 2444 2750 intravit
2488 2697 2601 2752 sub
2631 2713 2781 2768 eam,
2833 2703 2891 2756 et
2938 2702 3213 2773 subjecto
3263 2704 3461 2776 gladio
3509 2707 3733 2763 intere-

2059 2781 2162 2835 mit
2182 2797 2331 2838 eam.
2365 2784 2564 2856 Itaque
2587 2786 2805 2842 cadens
2823 2789 3016 2845 bestia
3038 2793 3339 2862 Oppressit
3360 2793 3729 2866 Eleazarum,

2062 2873 2236 2941 atque
2266 2871 2344 2926 ita
2380 2878 2647 2930 mortuus
2682 2879 2794 2932 est.
2814 2875 3038 2942 Quanta
3069 2878 3253 2951 igitur
3290 2881 3482 2937 virtus
3504 2885 3680 2939 animi
3709 2884 3722 2941 1

2059 2957 2277 3028 Primo,
2301 2962 2363 3016 ut
2384 2966 2635 3018 mortem
2660 2980 2778 3020 non
2794 2966 3061 3022 timeret:
3101 2968 3333 3039 deinde,
3374 2974 3438 3025 ut
3471 2971 3730 3028 circum-

1981 3051 2030 3113 C
2059 3045 2233 3104 fusus
2253 3049 2594 3122 legionibus
2635 3054 3027 3124 inimicorum,
3051 3056 3111 3111 in
3153 3057 3455 3115 confertos
3484 3076 3729 3132 rapere-

2057 3138 2155 3190 tur
2184 3137 2413 3208 hostes,
2448 3141 2708 3196 medium
2737 3148 3071 3213 penetraret
3099 3162 3335 3218 agmen,
3369 3151 3426 3202 et
3455 3154 3723 3206 contem-

2055 3229 2153 3295 pta
2189 3231 2374 3284 morte
2405 3228 2682 3301 ferocior,
2715 3232 2949 3304 abjecto
2993 3234 3231 3305 clypeo,
3269 3239 3518 3311 utraque
3553 3255 3731 3297 manu

2055 3314 2379 3373 vulnerata
2425 3319 2641 3374 molem
2688 3320 2898 3377 bestiae
2941 3323 3170 3379 subiret
3219 3340 3290 3379 ac
3336 3328 3664 3384 sustineret
3710 3345 3723 3385 :

2053 3407 2192 3474 post
2220 3404 2373 3460 infra
2420 3407 2611 3478 ipsam
2643 3411 3025 3482 succederet,
3061 3429 3179 3484 quo
3225 3413 3479 3484 pleniori
3528 3415 3735 3474 feriret

2053 3492 2204 3564 ictu;
2238 3494 2414 3568 cujus
2445 3496 2615 3552 ruina
2646 3498 2915 3555 inclusus
2938 3501 3132 3573 magis
3165 3517 3341 3573 quam
3373 3518 3727 3577 oppressus,

2053 3597 2165 3637 suo
2197 3588 2289 3638 est
2316 3586 2588 3656 sepultus
2617 3588 2936 3659 triumpho.

2123 3672 2245 3728 198.
2278 3674 2403 3729 Nec
2453 3674 2663 3730 fefellit
2693 3677 2891 3747 opinio
2938 3678 3161 3748 virum,
3196 3681 3469 3751 quamvis
3520 3682 3728 3755 regius

2049 3759 2325 3818 fefellerit
2363 3762 2631 3835 habitus;
2682 3768 2842 3821 tanto
2890 3766 3046 3822 enim
3090 3767 3326 3824 virtutis
3378 3771 3723 3840 spectaculo

2047 3849 2223 3905 deﬁxi
2253 3851 2460 3909 hostes
2491 3853 2777 3909 inermem
2824 3853 2958 3926 (1’7),
3013 3860 3363 3927 occupatum
3407 3859 3720 3915 incursare

2047 3955 2166 3995 non
2188 3941 2340 4010 ausi,
2365 3945 2502 4012 post
2533 3959 2739 3999 casum
2767 3944 2996 4001 ruentis
3025 3945 3236 4001 bestiae
3269 3946 3359 4001 sic
3388 3949 3720 4019 trepidave-

2045 4032 2202 4099 rnnt,
2234 4032 2296 4085 ut
2313 4031 2569 4102 impares
2595 4048 2662 4088 se
2698 4048 2907 4089 omnes
2927 4033 3106 4089 unius
3137 4034 3339 4091 virtuti
3360 4037 3725 4092 arbitraren-

2044 4123 2156 4175 tur.
2193 4120 2457 4193 Denique
2489 4138 2595 4177 rex
2635 4123 2963 4178 Antiochus
2994 4123 3193 4195 Lysiae
3239 4125 3400 4180 filius
3432 4125 3565 4197 (18),
3616 4126 3718 4198 qui

2047 4224 2181 4264 cum
2239 4213 2474 4266 centum
2529 4212 2738 4285 viginti
2795 4212 3057 4267 millibus
3116 4212 3420 4269 hominum
3465 4217 3711 4272 armatis

2050 4315 2318 4390 plerique
2338 4318 2696 4390 arbitrantur
2716 4333 2815 4373 res
2836 4318 3083 4372 bellicas
3101 4318 3359 4390 majores
3377 4335 3573 4390 esse,»
3601 4324 3715 4377 etc.

2124 4388 2238 4460 (13)
2269 4389 2417 4460 Mss.
2448 4388 2689 4460 aliquot,
2715 4390 3123 4460 praeliatorum
3157 4388 3596 4446 fortitudinem.

2052 4458 2237 4584 1,(14)
2272 4459 2396 4514 Vet.
2430 4458 2567 4514 edit.
2600 4476 2669 4514 ac
2698 4458 2846 4515 mss.
2883 4476 3000 4515 non
3029 4461 3221 4532 pauci,
3256 4469 3542 4534 surgeret
3566 4480 3720 4536 prae-

2078 4546 2214 4584 tum.

2078 4546 2214 4584 111m.

2124 4601 2237 4676 (15)
2272 4601 2441 4656 Rom.
2477 4601 2613 4656 edit.
2649 4601 2798 4673 sola,
2837 4603 3118 4657 Virtutem
3165 4619 3433 4676 magnam
3474 4603 3620 4659 fecit
3662 4606 3724 4661 in

2092 4672 2280 4727 rae/io.

2046 4688 2416 4817 Przgﬁidit.
2468 4743 2601 4817 Gill.
2635 4760 2703 4817 ac
2753 4745 2923 4801 Rom.
2975 4761 3108 4800 cum
3154 4761 3301 4817 mss.
3354 4745 3596 4817 aliquot,
3652 4763 3721 4802 se

2047 4815 2361 4887 prorupit:
2390 4814 2601 4870 melius
2622 4816 2754 4871 aliae
2784 4833 2916 4872 cum
2951 4832 3097 4871 mss.
3130 4816 3401 4887 pluribus
3433 4814 3501 4871 ac
3532 4814 3721 4887 petio-

2052 4884 2247 4959 ribus,
2295 4901 2363 4941 se
2387 4888 2705 4959 proripuit.
2757 4889 2993 4944 Rursus
3023 4884 3167 4942 vero
3213 4888 3312 4959 ubi
3343 4891 3459 4942 ant.
3494 4884 3637 4959 edit.
3668 4893 3726 4944 et

2092 4957 2254 5012 lures
2285 4957 2455 5023 mss.,
2490 4957 2897 5015 interﬁciebat
2926 4959 3200 5026 bestiam,
3225 4958 3557 5029 elegantius
3577 4958 3714 5015 edit.

2094 4972 2254 5012 Iures
2285 4972 2455 5023 mss.,
2490 4972 2897 5015 mter-uetabat
2926 4972 3200 5026 bestiam,
3225 4972 3557 5029 elegantius
3577 4972 3714 5015 edit.

2051 4972 2225 5102 Eam.
2260 5032 2434 5102 atque
2465 5029 2741 5102 aliimss.
2774 5031 2909 5086 licet
2928 5030 3260 5102 pauciores,
3287 5030 3716 5102 inter/fciebat,

2051 5099 2529 5179 donecgervenit
2544 5101 2742 5179 (Rom.
2765 5099 3049 5179 edit.,pe_r
3062 5099 3316 5179 veniret)
3340 5099 3415 5153 ad
3433 5099 3715 5179 bestiam.

2123 5170 2564 5251 (17)’Quo_modo'
2583 5170 3030 5251 inermem,_qni
3046 5170 3241 5251 gladio
3263 5174 3524 5251 armatus
3554 5175 3718 5251 utra-

2053 5258 2168 5313 que
2191 5260 2365 5298 manu
2380 5244 2583 5298 hostes
2608 5242 3032 5298 interflciebat?
3052 5241 3169 5313 sed
3190 5241 3304 5313 hoc
3320 5241 3393 5295 ad
3415 5242 3717 5311 abjectum

2055 5311 2324 5384 clypeum
2345 5315 2723 5369 referendum
2738 5317 2848 5379 est,
2870 5313 3041 5384 juxta
3063 5311 3206 5367 illud
3236 5312 3543 5367 Ciceronis
3567 5319 3714 5369 orat.

2048 5383 2160 5455 pro
2192 5386 2428 5452 Cecina,
2459 5400 2595 5456 pag.
2628 5386 2737 5456 45:
2778 5407 2799 5432 κ
2838 5383 3015 5437 Arma
3045 5399 3184 5456 esse
3216 5383 3345 5438 suis
3378 5384 3719 5456 nominibus

2051 5454 2163 5529 alia
2193 5454 2634 5529 adlegandum,
2668 5454 2781 5510 alia
2809 5456 2879 5529 ad
2904 5455 3269 5529 nocendum:
3304 5469 3438 5526 quae
3469 5454 3568 5526 qui
3601 5470 3719 5511 non

2052 5525 2385 5595 habuerint,
2417 5543 2521 5581 eos
2554 5527 2811 5582 inermes
2843 5526 3053 5593 fuisse,
3094 5548 3115 5574 ι
3152 5529 3262 5581 etc.

2124 5599 2235 5665 (18)
2265 5598 2362 5653 Sic
2392 5598 2527 5652 edit.
2557 5598 2689 5653 Gill.
2732 5602 2790 5653 et
2816 5598 3054 5652 Amerh.
3088 5597 3146 5651 in
3177 5610 3363 5667 marg.
3398 5611 3534 5651 cum
3564 5612 3713 5654 mss.

2048 5668 2230 5743 longe
2278 5668 2547 5742 plurimis
2600 5684 2612 5725 :
2664 5669 2795 5726 aliae
2850 5684 2994 5726 vero
3040 5683 3173 5725 cum
3215 5666 3363 5725 mss.
3411 5666 3716 5726 nonnullis
