4128 6132
235 321 299 388 93
1106 320 1217 388 DE
1260 323 1635 390 OFFICIISA
1663 327 2275 396 MINISTRORUM
2320 330 2574 396 LIBER
2613 330 2663 396 Ῑ.
3554 328 3636 402 94

237 540 292 579 ac
316 521 577 577 modestia
604 525 849 578 vocatur
877 523 1019 594 (26):
1055 525 1115 579 in
1145 541 1260 597 qua
1288 529 1541 583 maxime
1573 531 1851 602 tranquil-
1880 513 1940 576 Α

236 614 341 666 litas
369 612 555 678 animi,
594 612 855 667 studium
893 615 1386 686 mansuetudinis,
1429 618 1852 674 moderationis

236 702 406 773 gratia,
438 701 665 755 honesti
682 716 845 770 cura,
878 702 1113 757 decoris
1137 704 1531 762 consideratio
1554 713 1856 778 spectatur

235 793 279 844 et
296 790 571 860 quaeritur.

288 877 392 932 210.
422 876 573 931 Ordo
601 878 786 949 igitur
814 879 1047 949 quidam
1069 880 1205 935 vitae
1228 881 1403 937 nobis
1424 886 1716 941 tenendus
1742 890 1854 958 est,

231 971 282 1020 ut
305 983 331 1019 a
357 967 702 1021 verecundia
732 968 918 1036 prima
941 969 1207 1038 quaedam
1229 970 1604 1028 fundamenta
1631 975 1859 1029 ducan-

230 1060 326 1110 tur:
340 1070 462 1125 quae
475 1054 635 1109 socia
648 1070 715 1108 ac
730 1054 1037 1111 familiaris
1056 1062 1147 1112 est
1164 1060 1379 1114 mentis
1402 1053 1498 1115 57
1512 1062 1854 1131 placiditati,

229 1144 501 1213 proterviae
514 1143 799 1215 fugitans,
819 1145 892 1199 ab
907 1147 1266 1201 omnialiena
1288 1148 1450 1219 luxu,
1479 1151 1861 1207 sobrietatem

231 1232 406 1303 diligit,
445 1232 813 1287 honestatem
854 1234 1032 1303 fovet,
1075 1236 1356 1291 decorum
1395 1237 1537 1292 illud
1588 1241 1858 1310 requirit.

282 1320 385 1375 211.
417 1319 711 1391 Sequatur
752 1324 1226 1377 conversationis
1267 1325 1498 1395 electio,
1541 1330 1603 1380 ut
1642 1327 1860 1399 adjun-

229 1425 405 1481 gamur
446 1410 891 1480 probatissimis
948 1412 1285 1483 quibusque
1338 1415 1678 1469 senioribus
1722 1417 1855 1487 (27).

233 1498 460 1569 Namque
489 1501 550 1552 ut
571 1499 890 1570 aequalium
909 1516 1059 1555 usus
1082 1501 1329 1572 dulcior,
1350 1504 1429 1556 ita
1451 1520 1661 1559 senum
1680 1506 1860 1561 tutior

231 1588 319 1655 est,
348 1587 435 1658 qui
466 1588 815 1658 magisterio
857 1589 1109 1658 quodam
1149 1592 1203 1644 et
1245 1590 1420 1646 ductu
1456 1593 1591 1647 vitae
1627 1594 1858 1652 colorat

232 1692 395 1731 mores
434 1676 921 1747 adolescentium,
975 1681 1029 1732 et
1075 1678 1236 1732 velut
1279 1680 1505 1734 murice
1542 1682 1854 1751 probitatis

2548 532 2798 588 CAPUT
2844 535 3046 591 XLIV.

1970 638 2180 713 Ofﬁcio
2201 640 2323 713 sibi
2344 656 2601 713 congruo
2618 657 2898 712 quemque
2921 642 3166 697 studere
3199 649 3477 713 oportere
3491 663 3508 699 :
3521 644 3634 700 sed

2026 711 2239 765 multos
2250 712 2533 783 impediri
2542 711 2923 782 paternorum
2939 711 3266 783 imitatione
3280 716 3627 782 studiorum,

2027 788 2231 836 contra
2265 798 2430 854 quam
2456 782 2858 837 ecclesiastici
2880 784 2999 836 viri
3026 782 3275 839 faciunt.

2029 888 2151 942 214.
2189 888 2617 959 Unusquisque
2651 888 2833 959 igitur
2863 904 3038 942 suum
3071 888 3374 960 ingenium
3403 892 3635 946 noverit

1959 976 2092 1046 (30),
2127 979 2183 1030 et
2204 977 2276 1030 ad
2309 977 2369 1030 id
2398 992 2465 1030 se
2499 977 2772 1046 applicet,
2808 977 2964 1047 quod
2994 977 3112 1031 sibi
3149 981 3346 1047 aptum
3364 972 3630 1048 elegerit.

1960 1065 2160 1136 Itaque
2208 1065 2347 1136 quid
2398 1068 2700 1135 sequatur,
2752 1066 2919 1135 prius
2980 1066 3335 1120 consideret.
3387 1066 3636 1122 Noverit

1960 1154 2070 1223 (31)
2112 1155 2267 1208 bona
2328 1170 2459 1221 sua,
2507 1154 2615 1208 sed
2664 1153 2837 1207 etiam
2867 1152 3006 1207 vitia
3039 1157 3395 1226 cognoscat:
3434 1171 3631 1226 aequa-

1958 1243 2191 1314 lemque
2222 1258 2288 1297 se
2315 1242 2580 1313 judicem
2610 1242 2703 1296 sui
2737 1242 3016 1312 praebeat,
3052 1246 3114 1296 ut
3143 1243 3318 1298 bonis
3344 1244 3630 1316 intendat,

1957 1333 2097 1385 vitia
2137 1332 2413 1385 declinet.

2028 1421 2151 1475 215.
2186 1421 2354 1475 Alius
2378 1420 2813 1491 distinguendae
2837 1420 3073 1475 lectioni
3098 1421 3288 1490 aptior
3309 1420 3442 1491 (32),
3468 1421 3631 1476 alius

1955 1510 2183 1580 psalmo
2216 1511 2459 1581 gratior,
2494 1509 2647 1563 alius
2698 1509 3107 1563 exorcizandis
3138 1510 3239 1579 qui
3268 1509 3420 1563 malo
3450 1509 3620 1564 labo-

1956 1601 2085 1652 rant
2116 1598 2347 1668 spiritu,
2383 1597 2710 1666 sollicitior,
2745 1597 2896 1651 alius
2939 1598 3202 1652 sacrario
3244 1598 3633 1668 opportunior

1957 1686 2225 1741 habetur.
2262 1687 2403 1741 Hmc
2435 1688 2628 1740 omnia
2661 1690 2887 1757 spectet
2917 1686 3223 1754 sacerdos,
3257 1688 3314 1741 et
3335 1686 3477 1757 quid
3508 1686 3627 1740 cui-

221 1765 387 1818 inﬁcit.
419 1765 687 1836 Namque
720 1766 775 1820 si
806 1766 866 1819 hi
900 1767 998 1836 qui
1031 1771 1171 1821 sunt
1189 1768 1384 1838 ignari
1407 1770 1692 1839 locorum,
1718 1788 1852 1827 cum
1881 1836 1925 1847 ἢ
1958 1792 2073 1846 que
2096 1778 2401 1847 congruat,
2432 1776 2487 1829 id
2520 1776 2701 1829 ofﬁcii
2725 1776 2979 1845 deputet.
3009 1773 3135 1840 Quo
3159 1775 3375 1829 etenim
3408 1790 3625 1829 unum-

224 1854 504 1908 solertibus
536 1855 769 1909 viarum
792 1855 903 1909 iter
931 1856 1148 1909 adoriri
1172 1858 1471 1928 gestiunt;
1497 1861 1714 1929 quanto
1738 1877 1851 1915 ma-
1880 1836 1930 1897 Β
1961 1880 2254 1936 quemque
2285 1880 2461 1919 suum
2490 1864 2649 1918 ducit
2685 1864 3009 1935 ingenium,
3042 1867 3139 1918 aut
3171 1864 3329 1935 quod
3360 1863 3626 1920 ofﬁcium

220 1943 296 2014 gis
321 1943 723 1998 adolescentes
763 1960 897 1998 cum
946 1944 1194 1999 senibus
1228 1945 1444 1999 debent
1483 1963 1702 2001 novum
1732 1950 1846 2003 sibi

220 2033 308 2086 iter
330 2034 453 2087 vitae
484 2033 760 2105 aggredi,
796 2049 913 2103 quo
962 2034 1159 2087 minus
1207 2049 1406 2088 errare
1436 2037 1690 2105 possint,
1731 2041 1787 2092 et
1816 2054 1849 2092 a

218 2136 333 2175 vero
360 2122 581 2176 tramite
631 2121 868 2175 virtutis
914 2121 1268 2176 deflectere!
1320 2123 1482 2177 Nihil
1523 2125 1679 2179 enim
1713 2127 1849 2196 pul-

220 2210 387 2265 chrius
433 2227 613 2282 quam
645 2211 888 2265 eosdem
936 2213 991 2265 et
1029 2211 1354 2282 magistros
1395 2213 1532 2268 vitae
1575 2217 1631 2269 et
1662 2218 1848 2271 testes

220 2306 421 2362 habere.
1702 2358 1711 2363 -

267 2397 378 2451 .212.
405 2397 810 2462 Quaerendum
842 2397 1015 2451 etiam
1046 2398 1105 2451 in
1138 2399 1298 2452 omni
1326 2401 1460 2453 actu
1490 2400 1630 2470 quid
1652 2416 1856 2470 perso-

219 2485 315 2551 nis,
360 2487 492 2556 quid
536 2486 915 2556 temporibus
962 2487 1280 2541 conveniat
1328 2490 1501 2559 atque
1553 2490 1850 2559 aetatibus,

219 2574 328 2643 quid
340 2578 499 2628 etiam
515 2575 899 2647 singulorum
913 2576 1172 2648 ingeniis
1188 2577 1264 2631 sit
1276 2578 1723 2633 accommodum
1737 2578 1853 2649 (28)

219 2662 355 2732 Smpe
382 2664 533 2717 enim
568 2663 729 2735 quod
760 2664 1007 2719 alterum
1036 2665 1223 2730 decet,
1247 2666 1495 2720 alterum
1516 2682 1634 2721 non
1660 2667 1848 2723 decet.

220 2751 359 2806 Aliud
382 2752 593 2823 juveni
621 2756 839 2824 aptum,
873 2754 1029 2808 aliud
1061 2754 1189 2809 seni
1218 2769 1230 2809 :
1263 2754 1421 2809 aliud
1452 2756 1513 2809 in
1543 2756 1848 2827 periculis,

218 2839 341 2894 aliud
367 2842 422 2895 in
450 2843 642 2896 rebus
683 2843 991 2897 secundis.

270 2929 373 2984 213.
404 2929 652 2984 Saltavit
685 2934 817 2984 ante
853 2946 1049 2984 arcam
1087 2931 1319 2985 Domini
1348 2931 1535 2987 David
1569 2933 1656 3000 (II
1696 2934 1845 3006 Reg.

218 3033 276 3083 γι,
303 3018 412 3087 14);
455 3035 580 3073 non
610 3019 847 3073 saltavit
887 3019 1122 3074 Samuel
1149 3036 1163 3087 ;
1198 3036 1309 3074 nec
1338 3021 1477 3075 ideo
1508 3021 1605 3075 ille
1637 3038 1847 3092 repre-

219 3104 422 3175 hensus,
456 3108 569 3162 sed
612 3108 804 3179 magis
848 3108 961 3162 iste
1007 3109 1300 3163 laudatus.
1334 3109 1581 3163 Mutavit
1620 3111 1848 3165 vultum

218 3199 381 3249 contra
414 3213 622 3268 regem
654 3196 788 3266 (29),
826 3197 918 3250 cui
963 3213 1179 3252 nomen
1221 3198 1408 3252 Achis
1443 3197 1493 3269 (Ι
1525 3198 1675 3270 Reg.
1721 3216 1843 3265 xxx,

220 3283 319 3352 t3):
348 3288 397 3338 at
441 3286 551 3340 hoc
584 3286 643 3340 si
675 3286 920 3341 fecisset
962 3289 1184 3340 remota
1220 3286 1535 3341 formidine
1572 3303 1689 3358 quo
1734 3289 1847 3342 mi-

219 3388 309 3426 nus
334 3377 812 3446 cognosceretur,
846 3391 1215 3446 nequaquam
1248 3375 1504 3429 levitatis
1535 3376 1850 3445 reprehen-

221 3460 355 3516 sione
384 3480 580 3519 carere
613 3463 926 3534 potuisset.
959 3464 1097 3518 Saul
1130 3479 1366 3535 quoque
1389 3464 1639 3520 vallatus
1664 3465 1847 3520 choro

220 3551 618 3620 prophetarum,
674 3552 847 3606 etiam
889 3552 1019 3622 ipse
1068 3552 1474 3623 prophetavit;
1517 3556 1574 3606 et
1612 3553 1684 3607 de
1715 3553 1846 3608 solo

220 3640 357 3707 quasi
382 3642 625 3714 indigno
658 3644 1042 3695 memoratum
1073 3644 1199 3696 est:
1235 3641 1317 3695 Et
1348 3640 1496 3695 Saul
1523 3643 1686 3695 inter
1708 3657 1847 3713 pro-

214 3728 389 3795 pbetas
419 3731 477 3799 (Ι
501 3730 654 3802 Reg.
687 3747 808 3799 xxx,
842 3730 952 3800 2t).

275 3871 513 3946 (ξωβὶο,
538 3872 711 3946 Οίῆο.
743 3874 843 3928 lib.
878 3890 915 3942 ι,
936 3889 1072 3946 pag.
1097 3873 1364 3946 368.1in.
1385 3873 1452 3927 44
1478 3888 1552 3946 :_x
1572 3871 1851 3946 Sequitur

220 3945 267 3992 ut
290 3942 349 3996 de
378 3944 471 3996 illa
501 3944 730 4014 reliqua
758 3948 919 4014 parte
940 3942 1279 3999 honestatis
1313 3943 1627 3998 dicendum
1659 3944 1754 4013 sit,
1790 3944 1849 3997 in

220 4026 311 4080 qua
337 4016 703 4069 verecundia.
743 4037 763 4061 ιι
808 4020 918 4069 etc.

271 4084 367 4162 (2‘1)
398 4086 630 4167 lbidnp.
664 4085 787 4167 368,
823 4087 923 4167 lin.
957 4087 1009 4140 5.
1049 4086 1211 4167 gnEst
1242 4085 1422 4157 igitur
1442 4085 1842 4167 adqlescenjis

220 4156 441 4238 majores
469 4161 630 4211 natu.
670 4180 691 4203 ιν
729 4162 837 4211 etc.
878 4158 1019 4211 Item
1051 4157 1153 4237 lib.
1198 4156 1423 4227 inpag.
1457 4156 1580 4225 380,
1616 4156 1717 4209 lin.
1750 4156 1839 4209 38.

223 4242 239 4269 ί
269 4224 540 4282 Facillime
569 4232 785 4295 autem,
822 4232 880 4282 et
916 4229 976 4282 in
1021 4231 1295 4299 Optimam
1327 4231 1550 4298 partem
1580 4242 1843 4298 cognos-

220 4302 396 4350 cuntur
421 4299 820 4365 adolescente,
861 4324 881 4347 »
918 4303 1029 4353 etc.

273 4366 537 4451 (228)-1bid.
570 4386 707 4451 pag.
739 4371 863 4451 365,
1041 4371 1146 4451 42:
1199 4392 1221 4416 ι(
1249 4369 1454 4451 ‘Altera
1486 4371 1679 4450 autem
1708 4384 1844 4449 quae

218 4439 419 4535 proprie
448 4439 707 4535 singulis
735 4444 828 4496 est
856 4442 1128 4496 attributa
1156 4457 1170 4510 ;
1204 4443 1267 4495 ut
1293 4442 1450 4494 enim
1481 4441 1541 4494 in
1572 4440 1843 4509 corpori—
1874 4473 1928 4535 D

220 4508 330 4572 bus,
364 4532 383 4555 η
418 4516 525 4565 etc.
551 4508 576 4513 ⁷
1162 4508 1167 4510 ”
1492 4569 1502 4575 .

274 4578 371 4648 (29)
402 4581 547 4636 Edit.
584 4586 640 4638 et
670 4600 816 4639 mss.
849 4600 965 4638 non
994 4583 1167 4652 pauci
1187 4598 1384 4637 coram
1400 4597 1584 4653 rege:
1619 4582 1717 4635 alii
1740 4597 1844 4637 ve-

219 4663 272 4701 ro
299 4666 402 4704 non
419 4656 748 4722 pauciores,
771 4656 877 4709 sed
907 4656 1081 4709 iidem
1105 4654 1490 4723 antiquiores,
1525 4660 1729 4707 contra
1747 4669 1846 4707 re-

220 4734 345 4797 gem,
376 4724 435 4797 id_
451 4729 673 4797 Aest,_ex
706 4726 958 4780 adverso
991 4726 1172 4796 regis.

276 4791 372 4859 (30)
403 4794 519 4849 Cic.
555 4791 723 4850 Ofﬁc.
757 4797 857 4851 lib.
894 4815 929 4861 ι,
966 4791 1101 4867 pag.
1135 4795 1265 4867 366,
1291 4794 1393 4848 lin.
1430 4795 1527 4849 16:
1568 4815 1590 4844 α
1628 4794 1845 4867 A_dmo-

224 4857 560 4935 dum-autem
591 4868 801 4921 tuenda
849 4857 987 4921 sunt
1027 4857 1136 4921 svua
1176 4857 1408 4935 cuique,
1452 4887 1473 4915 υ
1507 4868 1616 4919 etc.
1651 4865 1721 4919 Et
1752 4866 1845 4919 in-

223 4927 312 5008 fra.
341 4932 431 4988 lin.
466 4937 568 4990 40:
620 4960 641 4987 α
679 4940 877 4992 Suum
912 4940 1092 5009 igitur
1131 4927 1626 5009 quisque'npscat
1672 4937 1844 5009 inge-

225 5007 372 5080 pium.
410 5031 429 5052 ιι
456 5011 566 5061 etc.
590 5009 752 5080 item
784 5026 917 5080 pag.
948 5007 1084 5080 367,
1118 5009 1221 5061 lin.
1256 5008 1359 5061 30:
1398 5030 1419 5054 «ι
1457 5007 1519 5060 In
1550 5023 1665 5077 qua
1696 5007 1846 5080 deli-

223 5068 487 5149 beiatione
536 5079 608 5131 ad
656 5068 825 5133 suam
861 5068 1170 5149 chjusque
1210 5082 1496 5148 naturam,
1532 5068 1847 5133 censilium

225 5146 480 5219 est‘omne
511 5151 925 5219 revocandum,
954 5146 985 5198 “ι›
1000 5154 1007 5159 “
1024 5146 1134 5204 θῑύ.

254 5214 377 5333 ιἑ31)
409 5220 583 5273 Pauci
613 5238 759 5276 mss.
794 5225 851 5275 et
879 5214 992 5276 vet.
1029 5222 1189 5289 edit.,
1222 5220 1356 5276 Non
1380 5218 1565 5274 solum
1589 5220 1842 5287 noverit,

227 5296 315 5337 etc.

401 5358 676 5437 Quamvis
708 5363 803 5417 hic
834 5363 992 5437 nulla
1026 5364 1123 5417 ﬁat
1142 5363 1360 5437 mentio
1393 5361 1645 5433 acolytlii
1670 5364 1725 5437 et
1755 5378 1850 5416 os-

228 5424 365 5504 tiari},
396 5432 628 5504 minime
666 5437 858 5488 tamen
892 5435 1027 5488 hinc
1068 5435 1337 5504 sequitur
1368 5424 1573 5487 eorum
1603 5434 1844 5487 ordines

228 5496 272 5545 in
299 5496 546 5576 Ecclesia
577 5509 693 5576 tum
735 5507 1015 5576 temporis
1056 5496 1176 5559 non
1218 5505 1543 5569 exstitisse,
1581 5522 1713 5558 cum
1761 5504 1846 5556 illi

231 5573 443 5631 quatuor
489 5574 588 5643 qui
633 5573 1044 5645 recensentur,
1099 5580 1318 5631 tantum
1369 5575 1621 5645 exempli
1666 5591 1846 5628 causa

235 5648 607 5718 lueinorentur.
640 5646 802 5711 Quod
835 5653 1026 5702 autem
1058 5664 1188 5701 cum
1221 5648 1437 5702 lectore
1470 5651 1642 5718 atque
1675 5662 1846 5700 exor-

235 5714 351 5765 etsla
398 5721 771 5774 numerantur
822 5719 1131 5791 psalmista
1191 5723 1246 5775 et
1303 5714 1565 5789 sacrarii
1607 5721 1843 5789 custos,

1963 1953 2148 2022 decet,
2178 1953 2237 2007 id
2265 1952 2491 2024 majore
2523 1953 2796 2023 impletur
2817 1952 3005 2024 gratia
3036 1953 3171 2021 (33).

2030 2042 2153 2096 216.
2198 2041 2315 2096 Sed
2356 2042 2412 2095 id
2458 2057 2592 2096 cum
2630 2043 2691 2095 in
2737 2043 2895 2095 omni
2936 2042 3055 2095 vita
3094 2041 3354 2106 difﬁcile,
3399 2044 3524 2096 tum
3562 2041 3626 2097 in

1960 2121 2058 2185 58
2086 2133 2289 2184 noStro
2320 2131 2454 2184 actu
2483 2129 2894 2183 difﬁcillimum
2925 2132 3035 2184 est.
3068 2131 3241 2183 Amat
3261 2129 3417 2183 enim
3440 2145 3624 2184 unus-

1960 2219 2212 2289 quisque
2243 2218 2415 2289 sequi
2466 2218 2644 2271 vitam
2673 2220 2979 2287 parentum
3013 2218 3145 2287 (34).
3196 2218 3462 2288 Denique
3497 2217 3592 2287 ple
3622 2249 3631 2259 -

1956 2308 2126 2377 rique
2165 2307 2237 2360 ad
2276 2306 2540 2360 militiam
2586 2306 2874 2374 feruntur,
2925 2321 3178 2376 quorum
3224 2306 3626 2360 militaverunt

1958 2398 2254 2466 parentes,
2287 2395 2386 2448 alii
2417 2395 2490 2448 ad
2520 2396 2785 2449 actiones
2826 2394 3120 2449 diversas.

2028 2485 2151 2538 217.
2184 2484 2248 2537 In
2278 2484 2686 2539 ecclesiastico
2716 2499 2858 2537 vero
2889 2482 3088 2538 ofﬁcio
3120 2482 3267 2535 nihil
3311 2482 3506 2536 rarius
3539 2481 3628 2537 in-

1955 2575 2163 2628 venias
2195 2589 2371 2644 quam
2418 2588 2553 2628 eum
2592 2572 2691 2643 qui
2739 2574 3023 2642 sequatur
3063 2571 3392 2625 institutum
3435 2571 3623 2640 patris

1957 2663 2107 2732 (35):
2162 2663 2257 2716 vel
2305 2662 2439 2733 quia
2491 2662 2694 2733 gravis
2724 2661 2980 2715 deterret
3029 2662 3219 2729 actus,
3253 2658 3349 2713 vel
3397 2659 3533 2729 quia
3562 2659 3624 2713 in

1955 2751 2183 2805 lubrica
2213 2753 2380 2805 aetate
2410 2750 2709 2804 difﬁcilior
2736 2748 3113 2817 abstinentia,
3145 2747 3239 2802 vel
3271 2747 3408 2818 quia
3438 2747 3623 2802 alacri

1955 2839 2373 2894 adolescentiae
2406 2840 2638 2893 videtur
2666 2839 2785 2892 vita
2815 2836 3166 2905 obscurior;
3200 2839 3256 2890 et
3285 2836 3417 2890 ideo
3449 2836 3521 2889 ad
3553 2851 3622 2890 ea

1956 2930 2378 2982 convertuntur
2396 2928 2607 2995 studia,
2633 2943 2766 2997 quae
2788 2923 3195 2996 plausxbiliora
3234 2923 3617 2978 arbitrantur.

1956 3016 2280 3070 Praesentia
2329 3017 2545 3086 quippe
2588 3015 2791 3085 plures
2836 3030 3012 3085 quam
3051 3013 3246 3067 futura
3276 3011 3621 3082 praaferunt.

1954 3105 2044 3158 Illi
2074 3109 2267 3159 autem
2298 3103 2718 3174 praesentibus,
2752 3118 2864 3157 nos
2895 3102 3110 3157 futuris
3132 3101 3471 3155 militamus.
3505 3099 3625 3154 Un-

1956 3194 2027 3247 de
2056 3209 2172 3264 quo
2203 3192 2581 3263 praestantior
2629 3207 2831 3260 causa,
2886 3206 2956 3245 eo
2989 3190 3163 3244 debet
3193 3204 3331 3243 esse
3365 3204 3505 3243 cura
3534 3190 3624 3243 at-

1953 3283 2187 3337 tentior.

2549 3367 2803 3423 CAPUT
2846 3367 3025 3421 XLV.

1952 3460 2041 3515 De
2068 3460 2315 3542 pulchro
2332 3464 2390 3514 et
2418 3458 2700 3542 honesto;
2733 3456 2873 3528 quid
2892 3457 2973 3542 sit
3002 3455 3168 3509 inter
3196 3453 3300 3509 illa
3323 3453 3619 3542 discrimi-

2026 3528 2120 3586 nis
2155 3539 2269 3586 tam
2302 3530 2455 3601 apud
2475 3528 2761 3600 profanos
2789 3533 3083 3596 auctores,
3121 3542 3287 3598 quam
3320 3540 3546 3580 sacros.

2020 3638 2145 3693 218.
2216 3631 2549 3692 Teneamus
2614 3635 2797 3707 igitur
2852 3632 3307 3702 verecundiam,
3381 3634 3438 3687 et
3493 3646 3623 3686 eam

1954 3745 2085 3800 qua:
2131 3729 2311 3782 totius
2342 3727 2479 3781 vita:
2518 3728 2786 3781 ornatum
2827 3724 3034 3778 attollit
3072 3723 3439 3778 modestiam.
3488 3723 3622 3778 Non

1954 3886 2206 3942 quorum
2233 3869 2386 3942 apud
2418 3885 2529 3923 nos
2553 3868 2677 3942 jam
2707 3867 2851 3922 nulli
2880 3868 3018 3942 sunt
3036 3866 3277 3942 ordines
3302 3881 3317 3935 ;
3338 3865 3463 3942 hoc
3486 3865 3622 3942 inde

1952 3936 2226 4011 putamus
2259 3936 2476 3995 factum
2508 3936 2666 4010 quod
2716 3955 2849 3993 cum
2892 3938 3155 4011 minores
3185 3936 3271 3990 illi
3303 3936 3620 4011 clericatus

1956 4008 2382 4067 ecclesiasticae
2422 4008 2644 4083 tantum
2677 4009 3243 4083 institutionissint,
3294 4023 3400 4083 pro
3435 4008 3622 4083 variis
3693 4070 3707 4083 ,

1954 4084 2415 4138 necessitatibus
2448 4081 2621 4136 modo
2654 4081 2829 4145 aucti,
2862 4080 3039 4134 modo
3077 4079 3367 4133 imminuti
3400 4077 3472 4131 ab
3508 4078 3623 4132 Ec-

1956 4154 2137 4208 clesia
2170 4155 2563 4224 reperiuntur.
2598 4153 2679 4205 De
2711 4152 3018 4224 psalmista
3048 4150 3286 4224 quidem
3317 4150 3445 4224 sive
3478 4164 3622 4203 can-

1951 4229 2079 4280 tore
2119 4219 2378 4296 loquitur
2417 4219 3019 4296 conc.tjai-thag,__in,
3055 4219 3183 4296 ean.
3218 4220 3316 4296 21A;
3362 4219 3502 4296 item
3542 4236 3619 4288 iv,

1956 4312 2083 4350 can.
2122 4290 2223 4362 10';
2246 4296 2572 4366 Gregorius
2597 4290 2875 4365 Magnus,
2895 4292 2997 4366 lib.
3021 4292 3219 4366 x1,54;_
3264 4290 3423 4366 0_rdo
3451 4290 3616 4366 liam.

1955 4370 2012 4421 et
2039 4367 2165 4422 alii:
2201 4360 2272 4421 de
2304 4360 2549 4420 custode
2571 4360 2723 4419 vero
2746 4360 2993 4418 sacrarii
3014 4360 3397 4431 atqueipsius
3421 4360 3618 4414 ofﬁcio

1957 4439 2223 4493 dicemus
2260 4438 2333 4491 ad
2372 4441 2545 4506 caput
2583 4436 2766 4507 hujus
2806 4435 2941 4507 libri
2978 4451 3033 4507 μ.
3078 4431 3343 4507 Observa
3383 4431 3619 4507 interim

1956 4524 2075 4587 non
2105 4524 2311 4587 omnes
2345 4500 2640 4575 omnibus,
2666 4500 2774 4587 sed
2795 4505 3053 4587 singulis
3075 4502 3349 4587 singulos
3373 4500 3612 4587 ordines

1954 4581 2136 4635 tribui
2164 4580 2373 4635 solitos
2398 4595 2410 4633 :
2445 4594 2555 4633 nec
2585 4570 2702 4632 non
2740 4578 2800 4631 in
2829 4570 3093 4645 episcopi
3133 4570 3390 4643 positum
3420 4570 3610 4624 fuisse

1952 4651 2195 4705 arbitrio
2227 4666 2402 4722 quem
2430 4650 2525 4704 cui
2556 4649 2748 4723 ordini
2779 4648 3117 4723 destinaret.
3381 4716 3391 4723 _

2021 4723 2133 4790 (33)
2167 4712 2264 4775 lta‘
2283 4738 2428 4774 mss.
2472 4720 2735 4774 melioris
2774 4721 2964 4771 notae:
2999 4715 3096 4790 alii
3147 4728 3288 4790 vero
3341 4716 3421 4790 et“
3454 4712 3616 4784 cdit.,

1945 4784 2171 4865 majore
2219 4792 2419 4863 implet
2457 4792 2686 4863 gratia,
2755 4803 2961 4857 parum
3010 4784 3323 4839 admodum
3368 4784 3608 4839 diverso

1949 4880 2156 4919 sensu.

2019 4935 2132 5005 (34)
2164 4935 2284 5011 Cic.
2325 4931 2492 5011 Offic.
2525 4931 2628 5011 lib.
2664 4948 2702 4999 ι,
2734 4946 2852 5011 Ρθβ
2903 4928 3034 5011 367,
3060 4927 3161 5011 lin.
3188 4928 3252 4982 5:
3291 4948 3312 4971 ιι
3347 4925 3609 5011 Quorum

1948 5000 2089 5060 vero
2114 5000 2316 5075 patres
2348 5007 2447 5057 aut
2477 5000 2747 5073 majores
2766 5000 2961 5071 aliqua
2979 5000 3168 5075 gloria
3187 5000 3609 5068 praestiterunt,

1949 5073 2152 5131 eorum
2184 5076 2447 5145 plerique
2496 5075 2553 5127 in
2587 5075 2696 5127 hoc
2730 5088 3033 5145 genere”
3071 5073 3183 5145 etc.

2020 5148 2136 5216 (35)
2149 5140 2376 5208 Patris,
2395 5145 2679 5215 spiritalis
2703 5140 2950 5210 scilicet,
2976 5142 3031 5196 id
3048 5145 3157 5209 est,
3176 5140 3615 5216 institutorisac

1950 5210 2224 5301 magistri
2245 5233 2255 5271 :
2291 5220 2389 5271 aut
2417 5210 2480 5298 si
2502 5216 2877 5298 contenderis
2909 5216 3132 5283 patrem
3152 5210 3488 5301 naturalem
3525 5210 3610 5301 ip-

1947 5279 2352 5357 telligendum,
2406 5288 2645 5341 minime
2693 5301 2836 5341 sane
2885 5279 3379 5353 repugnabimus,
3434 5279 3608 5357 modo

1950 5306 2070 5343 tem
2119 5306 2352 5357 enuum,
2406 5306 2645 5341 minime
2693 5306 2836 5341 sane
2885 5306 3379 5353 repugutuumus,
3436 5306 3608 5334 uiuuu

1950 5306 2315 5415 inteﬁexeris
2347 5360 2418 5413 de
2448 5362 2611 5428 patre
2643 5359 2700 5411 in
2731 5356 3058 5428 minoribus
3080 5357 3299 5428 tantum
3323 5351 3610 5428 gradibus

1952 5432 2289 5497 constituto,
2324 5433 2380 5484 et
2410 5423 2654 5484 eatenus
2686 5429 2757 5482 de
2789 5427 3009 5479 initiati)
3042 5423 3613 5499 majon'ibus,_quate-

1950 5520 2063 5557 nus
2096 5519 2200 5557 eos
2230 5493 2452 5556 liberos
2485 5505 2616 5553 ante
2641 5499 3066 5554 ordinationem
3085 5511 3253 5549 suam
3280 5493 3604 5569 sustulerit.

1951 5574 2180 5627 Etenim
2204 5574 2275 5626 ab
2310 5574 2422 5626 hoc
2455 5573 2655 5625 ultimo
2688 5569 3027 5623 necessarie
3052 5564 3402 5621 servandam
3432 5562 3610 5614 conti-

1951 5646 2207 5698 nentiam
2240 5644 2621 5697 Ambrosium
2652 5644 2921 5695 nostrum
2948 5638 3227 5692 docuisse
3258 5635 3464 5703 postea
3497 5643 3606 5685 suo

1949 5716 2080 5774 loco
2113 5714 2557 5771 evidentissima
2598 5712 3005 5768 ostendemus.
