4128 6132
388 218 490 299 .99
1754 255 1761 261 -
1850 215 1916 278 S.
1963 205 2096 279 AM

2211 211 2409 278 .OSII.

3765 215 3888 284 100

413 423 641 491 similes
668 422 905 496 plurimi
957 421 1029 478 de
1073 436 1208 477 meo
1249 419 1457 476 ordine
1481 461 1495 488 ,
1542 417 1614 474 de
1663 431 1795 473 meo
1825 431 2094 472 numero.
2123 397 2182 459 Α
2213 414 2414 470 Habes
2439 413 2762 487 justitiam;
2797 415 2852 470 si
2881 417 3039 471 enim
3078 432 3112 471 ιι
3152 417 3376 472 nostris
3425 417 3703 490 graviora
3731 420 3884 489 pati-

421 517 572 572 Nam
601 513 744 568 mihi
775 512 1008 568 infirmo
1040 511 1092 565 si
1122 509 1258 582 quis
1298 507 1578 580 injuriam
1607 506 1801 576 faciat,
1847 505 2099 560 forsitan

411 604 551 659 licet
578 601 869 672 infirmus,
911 601 1124 656 donem
1140 597 1420 670 injuriam
1440 611 1647 652 meam.
1671 595 1734 650 Si
1751 595 1974 650 crimen
1996 594 2100 650 ob-

412 691 585 764 jiciat
611 689 746 760 (58),
782 691 878 754 62
923 705 1042 745 non
1091 704 1224 744 sum
1270 690 1487 753 tantus,
1520 688 1584 740 ut
1627 685 1742 740 sim
1787 687 2098 739 contentus

419 775 788 832 conscientia
816 788 978 844 mea,
1013 771 1245 828 etiamsi
1275 786 1368 826 me
1413 770 1550 842 ejus
1581 767 1800 840 objecti
1845 769 2102 822 alienum

417 863 689 920 noverim
712 877 725 918 :
748 861 856 918 sed
889 861 1062 932 cupio
1093 860 1334 915 abluere
1364 858 1606 932 ingenui
1625 859 1872 930 pudoris
1905 861 2102 912 notam

419 952 534 1023 (59)
552 955 830 1023 tanquam
843 939 1134 1006 infirmus.
1151 949 1311 1021 Ergo
1326 948 1562 1004 oculum
1577 963 1684 1018 pro
1704 946 1875 1002 oculo
1891 949 1948 1002 et
1959 946 2102 1001 den-

417 1043 536 1097 tem
556 1057 663 1112 pro
681 1041 855 1095 dente
874 1039 1073 1112 exigo,
1097 1041 1154 1094 et
1171 1037 1506 1093 convicium
1522 1035 1792 1092 convicio
1809 1035 2098 1106 rependo-

487 1129 612 1185 233.
654 1128 720 1184 Si
747 1143 893 1184 vero
924 1129 978 1184 is
1017 1143 1152 1183 sum
1177 1127 1282 1200 qui
1309 1125 1638 1197 proﬁciam,
1671 1128 1730 1181 et
1753 1124 1806 1180 si
1838 1124 2102 1180 nondum

419 1218 741 1292 perfectus,
765 1231 884 1272 non
913 1219 1232 1289 retorqueo
1261 1214 1712 1271 contumeliam:
1746 1213 1859 1269 etsi
1891 1213 2104 1268 inﬂuat

424 1307 525 1362 ille
565 1305 900 1363 convicium
939 1305 1075 1377 (60),
1114 1307 1172 1360 et
1200 1304 1443 1360 inundet
1471 1317 1650 1358 aures
1687 1317 1854 1358 meas
1897 1304 2102 1357 contu-

417 1394 634 1467 meliis,
667 1411 784 1468 ego
812 1397 1000 1465 taceo,
1024 1397 1082 1450 et
1120 1393 1266 1449 nihil
1297 1393 1651 1464 respondeo.

493 1483 618 1540 234.
651 1483 712 1540 Si
742 1499 886 1540 vero
927 1483 1227 1555 perfectus
1275 1483 1392 1537 sim
1431 1481 1622 1551 (verbi
1652 1481 1841 1554 gratia
1865 1479 2098 1552 loquor,

422 1589 558 1631 nam
587 1573 834 1628 veritate
874 1573 1146 1627 infirmus
1179 1561 1334 1640 sum)
1370 1571 1422 1626 si
1453 1587 1598 1642 ergo
1629 1569 1930 1640 perfectus
1963 1569 2098 1640 sim,

419 1663 709 1720 benedico
740 1661 1206 1730 maledicentem,
1243 1661 1398 1714 sicut
1433 1659 1825 1715 benedicebat
1853 1659 1912 1712 et
1942 1659 2100 1712 Pau-

417 1752 536 1824 lus;
555 1750 656 1824 qui
671 1751 778 1806 ait:
803 1749 1242 1819 Maledicimur,
1265 1754 1323 1802 et
1337 1747 1748 1803 benedicimus
1764 1747 1874 1817 (61)
1889 1745 1943 1816 (Ι
1958 1745 2094 1802 Cor.

419 1857 500 1913 1v,
532 1840 642 1910 12).
675 1837 961 1894 Audierat
991 1838 1148 1893 enim
1178 1837 1468 1892 dicentem
1503 1851 1514 1892 :
1549 1835 1804 1907 Diligite
1823 1835 2099 1891 inimicos

426 1935 682 1999 vestros,
699 1932 868 1984 orate
878 1943 992 1998 pro
1009 1925 1510 1982 calumniantibus
1527 1931 1586 1980 et
1594 1924 2101 1997 persequentibus

424 2034 528 2076 vos
547 2015 857 2088 (Matth.v,
887 2012 1000 2085 44).
1025 2013 1161 2070 Ideo
1191 2029 1336 2086 ergo
1367 2013 1588 2068 Paulus
1619 2013 2098 2084 persecutionem

417 2107 747 2181 patiebatur
765 2109 822 2161 et
850 2103 1202 2174 sustinebat,
1228 2103 1366 2175 quia
1395 2102 1674 2157 vincebat
1705 2105 1762 2158 et
1793 2103 2102 2174 mitigabat

419 2198 739 2253 humanum
765 2193 1038 2248 affectum
1076 2192 1398 2263 propositae
1426 2190 1724 2247 mercedis
1764 2192 1994 2263 gratia:
2033 2192 2098 2269 ut

391 2322 398 2325 -
427 2285 587 2342 illius
620 2283 728 2338 Dei
757 2283 943 2352 ﬁeret,
978 2281 1032 2336 si
1054 2281 1365 2335 dilexisset
1393 2279 1716 2335 inimicum.

494 2370 620 2430 235.
651 2372 873 2426 Tamen
900 2372 958 2426 et
988 2371 1258 2425 sanctum
1287 2367 1473 2422 David
1503 2369 1562 2423 in
1592 2369 1708 2424 hoc
1737 2383 1972 2441 quoque
1995 2383 2099 2441 ge-

427 2477 569 2521 nere
599 2460 836 2516 virtutis
893 2460 1177 2529 imparem
1231 2457 1412 2513 Paulo
1462 2473 1581 2514 non
1609 2457 1800 2513 fuisse
1849 2459 2102 2514 edocere

423 2565 772 2624 possumus.
803 2547 914 2612 Qui
953 2547 1144 2618 primo
1173 2546 1413 2618 quidem
1443 2561 1578 2601 cum
1625 2546 2003 2602 malediceret
2047 2547 2103 2602 ei

425 2639 584 2696 illius
615 2636 807 2693 Semei
842 2635 928 2705 (ll
951 2635 1100 2707 Reg.
1123 2651 1245 2705 xvi,
1277 2635 1310 2690 Ἷ
1333 2641 1392 2690 et
1419 2635 1592 2708 seq),
1625 2637 1682 2689 et
1712 2633 1959 2689 crimina
1989 2636 2102 2690 ob-

422 2725 660 2802 jiceret,
681 2723 914 2780 tacebat
950 2726 1007 2777 et
1041 2723 1478 2793 humiliabatur,
1507 2727 1566 2778 et
1595 2722 1807 2778 silebat
1852 2739 1886 2777 a
1922 2723 2100 2780 bonis

427 2815 557 2872 suis
588 2811 776 2884 (Psal.
820 2828 1069 2882 xxxvm,
1111 2811 1186 2880 3),
1222 2810 1336 2866 hoc
1381 2815 1474 2866 est
1516 2811 1808 2866 bonorum
1855 2827 2101 2882 operum

427 2904 792 2962 conscientia
823 2918 836 2958 :
882 2901 1095 2956 deinde
1125 2900 1437 2970 expetebat
1481 2898 1751 2954 maledici
1792 2900 1930 2971 sibi,
1961 2902 2100 2972 quia

2210 520 2360 570 mur,
2395 519 2502 558 cur
2531 504 2774 576 indigne
2813 503 3062 561 ferimus
3091 521 3225 578 quae
3261 506 3593 562 inferuntur
3624 508 3696 562 ab
3746 508 3888 563 alie-

2211 593 2306 648 nis
2327 594 2356 647 ?
2386 593 2584 648 Tertio
2613 593 2692 646 ait
2727 609 2740 648 :
2772 593 3022 649 Dimitte
3068 594 3230 649 illum
3265 600 3330 649 ut
3363 595 3712 660 maledicat;
3744 613 3885 667 quo-

2212 683 2370 738 niam
2403 682 2561 737 dixit
2596 682 2692 736 illi
2737 683 3042 754 Dominus,
3077 690 3136 739 ιιι
3174 685 3372 738 videat
3415 685 3884 740 humiliationem

2208 787 2414 836 meam,
2452 778 2511 826 et
2546 771 2850 826 retribuat
2881 773 3030 826 mihi
3086 773 3372 827 Dominus
3413 789 3526 844 pro
3571 773 3889 830 maledicto

2210 860 2318 916 hoc
2350 860 2466 929 (63)
2497 860 2676 931 (Ibid.
2709 861 2820 930 12).
2872 861 2998 915 Nec
3048 862 3242 917 solum
3285 863 3714 918 conviciantem
3743 879 3885 934 per-

2208 948 2358 1018 tulit,
2393 949 2502 1003 sed
2533 950 2707 1004 etiam
2755 949 3108 1020 lapidantem
3153 954 3211 1006 et
3240 954 3586 1022 sequentem
3631 951 3886 1007 illaesum

2208 1037 2446 1108 reliquit
2475 1037 2544 1109 (ll
2578 1038 2725 1108 Reg.
2752 1055 2875 1108 xix,
2899 1039 3011 1108 22),
3033 1041 3176 1110 quin
3209 1040 3384 1094 etiam
3412 1043 3549 1111 post
3577 1040 3888 1096 victoriam

2208 1127 2426 1197 petenti
2455 1126 2690 1181 veniam
2722 1127 2977 1181 libenter
3003 1129 3251 1200 ignovit.

2279 1213 2403 1270 237.
2444 1215 2611 1281 Quod
2656 1214 2790 1270 ideo
2849 1215 3098 1287 inserui,
3149 1219 3211 1271 ut
3267 1216 3630 1290 Evangelico
3673 1219 3888 1290 spiritu

2210 1307 2481 1360 sanctum
2526 1304 2713 1358 David
2755 1319 2874 1362 non
2920 1304 3112 1360 solum
3143 1304 3517 1374 inoffensum,
3554 1307 3662 1362 sed
3712 1307 3888 1362 etiam

2209 1395 2443 1465 gratum
2491 1391 2686 1448 fuisse
2715 1393 3072 1448 convicianti
3101 1393 3396 1465 docerem,
3447 1399 3505 1451 et
3534 1395 3888 1452 delectatum

2209 1481 2405 1553 potius
2436 1497 2612 1553 quam
2633 1486 3045 1553 exasperatum
3065 1482 3327 1554 injuriis,
3352 1500 3460 1554 pro
3489 1485 3707 1556 quibus
3739 1501 3892 1539 mer-

2211 1571 2414 1627 cedem
2475 1571 2592 1626 sibi
2649 1569 3009 1626 reddendam
3063 1572 3474 1628 arbitrabatur.
3536 1574 3652 1630 Sed
3692 1577 3892 1630 tamen

2210 1661 2482 1732 quamvis
2531 1659 2854 1731 perfectus,
2907 1660 3099 1714 adhuc
3155 1661 3509 1730 perfectiora
3558 1663 3882 1734 quaerebat.

2211 1749 2612 1804 Incalescebat
2639 1749 2876 1821 injuriae
2907 1749 3129 1820 dolore,
3155 1751 3328 1822 quasi
3358 1749 3534 1806 homo
3570 1767 3582 1806 :
3617 1751 3726 1806 sed
3755 1751 3888 1805 vin-

2211 1839 2382 1894 cebat
2427 1839 2599 1910 quasi
2669 1839 2782 1910 (64)
2838 1838 3034 1893 bonus
3079 1839 3250 1894 miles
3303 1855 3315 1896 :
3373 1839 3659 1896 tolerabat
3713 1839 3890 1912 quasi

2211 1927 2427 1982 athleta
2456 1927 2648 1983 fortis.
2691 1927 2996 1982 Patientia:
3035 1931 3232 1982 autem
3262 1927 3418 1996 finis,
3451 1929 3888 2000 promissorum

2211 2017 2597 2088 exspectatio,
2621 2019 2679 2072 et
2717 2016 2849 2072 ideo
2893 2015 3162 2071 dicebat:
3195 2017 3414 2073 Notum
3443 2019 3538 2074 fac
3564 2019 3731 2086 mihi,
3764 2018 3890 2074 Do-

2212 2107 2391 2176 mine,
2424 2104 2598 2161 iinem
2629 2121 2837 2176 meum,
2887 2110 2945 2160 et
2987 2121 3290 2160 numerum
3320 2107 3552 2162 dierum
3599 2123 3883 2172 meorum,

2215 2195 2347 2267 quis
2387 2199 2498 2265 est,
2537 2199 2596 2248 ut
2639 2197 2822 2250 sciam
2870 2193 3010 2266 quid
3049 2194 3208 2248 desit
3234 2180 3384 2250 mihi
3413 2195 3600 2266 (Psal.
3633 2212 3886 2267 xxxvm,

2213 2284 2290 2354 5).
2349 2283 2438 2346 63
2487 2283 2692 2338 Finem
2722 2282 2886 2337 illum
2931 2283 3145 2353 quaerit
3189 2285 3622 2354 promissorum
3670 2284 3886 2339 cmles-

2213 2365 2379 2433 tium,
2413 2363 2506 2418 vel
2538 2363 2724 2434 illum,
2757 2364 2991 2435 quando
3009 2367 3423 2440 unusquisque
3455 2368 3662 2437 surget
3683 2365 3742 2419 in
3771 2378 3886 2419 suo

2215 2453 2422 2508 ordine
2467 2467 2478 2507 :
2521 2451 2822 2508 Primitiae
2871 2454 3184 2527 Christus,
3237 2456 3455 2512 deinde
3498 2454 3565 2508 hi
3604 2454 3702 2526 qui
3747 2457 3888 2509 sunt

2219 2540 2472 2610 Christi,
2507 2541 2606 2612 qui
2633 2541 2697 2594 in
2727 2542 3043 2598 adventum
3067 2545 3196 2616 ejus
3225 2543 3635 2611 crediderunt,
3666 2541 3888 2597 deinde

2215 2629 2356 2684 linis
2385 2629 2440 2700 (1
2467 2629 2602 2684 Cor.
2637 2647 2737 2700 xv,
2781 2631 2893 2703 25).
2941 2633 3178 2689 Tradite
3227 2632 3384 2688 enim
3421 2646 3608 2703 regno
3657 2629 3780 2685 Deo
3830 2631 3892 2684 et

2220 2719 2393 2788 Patri,
2426 2721 2482 2772 et
2512 2719 2812 2774 evacuatis
2843 2721 3118 2776 omnibus
3148 2720 3562 2792 potestatibus,
3611 2723 3675 2772 ut
3720 2719 3888 2788 Apo-

2214 2808 2406 2864 stolus
2429 2807 2594 2877 dixit,
2627 2807 2912 2878 perfectio
2943 2811 3163 2881 incipit.
3187 2811 3296 2864 Hic
3327 2825 3471 2881 ergo
3503 2807 3889 2873 impedimen-

2213 2901 2356 2967 tum,
2391 2897 2487 2951 hic
2515 2897 2824 2952 infirmitas
2869 2899 3042 2954 etiam
3081 2900 3502 2970 perfectorum,
3553 2897 3674 2950 illic
3711 2895 3888 2966 plena

423 2993 734 3050 maledicto
776 2990 878 3046 illo
909 2987 1022 3061 (62)
1063 2989 1322 3043 divinam
1369 2988 1712 3060 acquirebat
1754 2989 2098 3047 misericor-
2137 2989 2187 3052 C
2214 2986 2519 3058 perfectio.
2553 2985 2690 3040 Ideo
2719 2989 2776 3042 et
2821 2987 2950 3042 dies
2995 2989 3131 3044 illos
3177 2988 3424 3060 requirit
3455 2987 3589 3042 vitae
3620 2988 3883 3054 internas,

426 3081 620 3227 (112:6.
655 3166 801 3225 Vide
829 3167 1024 3223 autem
1061 3165 1356 3240 quomodo
1378 3167 1436 3222 et
1464 3165 1850 3223 humilitatem
1879 3169 1936 3223 et
1958 3166 2099 3240 jus-

421 3259 606 3318 titiam
639 3261 698 3314 et
741 3256 1111 3330 prudentiam
1158 3257 1490 3311 emerendte
1535 3273 1569 3311 a
1611 3256 1860 3312 Domino
1891 3257 2098 3330 gratiae

422 3347 838 3406 reservaverit.
890 3345 1085 3402 Primo
1139 3342 1287 3399 dixit
1331 3361 1344 3399 :
1386 3343 1528 3400 Ideo
1571 3345 1876 3401 maledicit
1925 3346 2096 3416 mihi,

425 3439 558 3512 quia
588 3437 872 3492 Dominus
904 3435 1062 3490 dixit
1109 3434 1203 3488 illi
1249 3440 1309 3488 ut
1339 3433 1653 3489 maledicat
1683 3434 1770 3503 (II
1793 3435 1939 3508 Reg.
1971 3451 2093 3506 xvr,

419 3525 532 3598 10).
569 3525 768 3580 Habes
799 3523 1216 3593 humilitatem;
1249 3522 1384 3593 quia
1416 3537 1486 3576 ea
1514 3538 1650 3594 quae
1679 3523 1963 3578 divinitus
1982 3525 2095 3578 im-

419 3612 1144 3688 perantur,aaquanimiter
1173 3611 1344 3682 quasi
1368 3611 1648 3666 servulus
1678 3610 1919 3666 ferenda
1940 3613 2096 3668 arbi-

418 3704 700 3760 trabatur.
723 3701 940 3757 Iterum
960 3700 1105 3754 dixit
1139 3714 1150 3754 :
1184 3699 1344 3754 Ecce
1375 3698 1536 3754 [ilius
1565 3715 1733 3754 meus
1771 3701 1870 3772 qui
1900 3701 2096 3756 exivit

421 3793 496 3850 de
530 3797 742 3847 ventre
779 3805 926 3857 meo,
973 3788 1185 3861 quaerit
1232 3788 1484 3843 animam
1539 3803 1728 3844 meam
1767 3789 1944 3861 (Ibid.
1979 3790 2090 3860 11).

421 3933 675 4006 denique
705 3934 879 4006 atque
908 3931 1279 4006 εθςίίῑηξζοιιι.2
1321 3931 1723 4006 conviciatur,
1760 3932 2050 4003 inequitat
2079 3947 2092 3986 :

425 4002 598 4077 quod'
612 4004 861 4077 verbum
887 4018 923 4077 ξι
955 4002 1174 4056 scribis
1205 4002 1452 4077 minime
1473 4003 1843 4077 intellectum
1875 4002 2096 4077 tantam

423 4073 651 4149 peperit
679 4073 1080 4149 diversitatem
1106 4089 1120 4142 ;
1153 4089 1285 4149 cum
1303 4073 1400 4149 hic
1429 4073 1914 4149 inequitat,_nihil
1936 4073 2096 4128 aliud

425 4144 523 4214 sit,
557 4162 736 4217 quam
761 4145 942 4217 v_eluti
970 4144 1305 4217 calcaribus
1337 4144 1962 4217 incitatexagitatque.

497 4214 934 4288 (58)Cod.Big.,
953 4214 1169 4288 Sciens
1185 4231 1408 4288 menon
1439 4216 1638 4288 egisse
1667 4214 1797 4284 quae
1827 4214 2090 4288 objiciet,

424 4285 537 4345 non
551 4303 677 4340 sum
694 4285 1155 4357 tantus.etiamsi
1173 4285 1289 4339 mei
1299 4285 1522 4357 objecti
1533 4285 1786 4357 alienum
1803 4285 2091 4340 noverim.

493 4359 605 4427 (59)
639 4357 787 4411 Mss.
818 4355 1105 4425 nonnulli,
1139 4357 1352 4424 iniecti
1369 4355 1624 4427 pudoris
1655 4362 1867 4410 notam.

493 4373 605 4427 (ou)
641 4373 787 4411 mss.
818 4373 1105 4425 nonnum,
1139 4373 1624 4480 inlecuﬂpuaoris
1655 4373 1867 4410 natam.

493 4428 604 4499 (60)
639 4427 788 4482 Edit.
823 4431 878 4499 et
909 4427 1080 4499 pauci
1112 4441 1258 4479 mss.
1280 4427 1342 4499 in
1389 4433 1488 4499 ruat
1518 4426 1621 4480 ille
1652 4427 1972 4490 conviciis;
1994 4427 2094 4481 alii

425 4497 592 4556 mss.
616 4499 792 4570 longe
824 4497 1127 4570 plurimi..,
1164 4497 1511 4570 convicium.
1557 4499 1790 4570 Rursus
1823 4513 1964 4553 vero
1993 4499 2094 4552 ubi

425 4572 563 4627 edit.
597 4573 654 4624 et
683 4567 830 4623 mss.
864 4569 1151 4639 plerique,
1186 4568 1343 4639 nihil
1369 4567 1728 4639 respondeo;
1762 4583 1907 4623 mss.
1943 4585 2095 4625 non-

424 4641 566 4696 nulli
598 4641 834 4707 habent,
870 4639 1027 4692 nihil
1049 4638 1330 4710 rependo.

496 4711 608 4781 (61)
641 4711 766 4765 Duo
799 4726 969 4776 mss.,
1022 4715 1082 4764 et
1120 4709 1582 4774 ’benedicimus:
1618 4712 2096 4782 persecutionem

421 4783 700 4855 patimur,
735 4786 795 4836 et
817 4782 1196 4855 sustinemus.

497 4852 608 4924 (62)
640 4851 786 4924 Mss.
821 4867 998 4920 unus,
1020 4853 1173 4924 quia
1194 4851 1533 4924 maledictio
1560 4851 1682 4908 illa.

497 4923 609 4994 (63)
641 4923 767 4977 Duo
798 4937 970 4992 mss.,
1007 4922 1290 4977 Dominus
1328 4923 1801 4981 benedictionem
1829 4939 1939 4996 pro
1968 4939 2094 4978 ma-

427 4994 648 5051 ledicto
677 4993 803 5048 hoc.

453 4995 648 5051 'edicto
677 4995 803 5048 hoc.

497 5064 609 5136 (64)
642 5065 724 5136 Ita
755 5079 902 5136 mss.
935 5062 1138 5134 plures
1161 5079 1228 5136 ac
1251 5063 1652 5133 probatiores:
1685 5063 1782 5120 alii
1805 5065 2090 5135 nonnulli,

427 5140 600 5207 atque
632 5135 791 5203 edit.,
827 5135 951 5189 Sed
979 5135 1259 5207 vincebat
1291 5137 1509 5205 spiritu
1528 5139 1711 5207 quasi,
1747 5141 1858 5190 etc.

517 5205 610 5276 65)
641 5207 866 5278 Thuan,
889 5205 1018 5260 cod.
1039 5211 1248 5278 acti-es
1265 5207 1384 5278 alii,
1410 5207 1505 5259 hic
1528 5205 1732 5278 imago,
1777 5208 2003 5262 veritas
2031 5209 2092 5262 in

428 5277 792 5335 caelestibus.
817 5277 1031 5332 Verum
1043 5277 1154 5330 alia
1178 5277 1350 5331 lectio
1367 5293 1484 5330 non
1502 5277 1694 5332 solum
1717 5279 1895 5334 multo
1913 5279 2092 5348 pluri-

425 5349 542 5406 bus
570 5363 718 5404 mss.
735 5348 1129 5418 omnibusque
1151 5347 1288 5402 edit.
1309 5348 1528 5414 nititur,
1544 5365 1750 5403 verum
1763 5347 1936 5404 etiam
1953 5366 2092 5404 con-

424 5421 705 5476 sensione
733 5419 976 5474 alterius
1000 5419 1113 5474 loci
1140 5434 1216 5473 ex
1245 5418 1466 5489 Expos.
1487 5420 1615 5489 psal
1647 5437 1894 5488 xxxvm,
1927 5437 2088 5476 num.

425 5490 514 5561 25,
547 5491 648 5547 ubi
670 5489 807 5563 haec
837 5490 1244 5563 eademverba
1267 5491 1396 5563 sine
1427 5489 1544 5563 ulta
1573 5491 1913 5563 diversitate
1930 5491 2092 5563 lege-

416 5559 632 5632 πόθει.
667 5561 850 5628 Porro
901 5559 1068 5618 Edm.
1111 5560 1455 5618 Albertinus
1484 5561 1586 5618 lib.
1620 5578 1662 5618 ιι
1715 5576 1842 5632 cap.
1875 5561 1909 5616 2
1951 5559 2088 5636 pag.

425 5633 552 5694 505.
591 5631 688 5694 his
719 5622 1023 5694 Ambrosii
1047 5632 1274 5694 verbis.
1313 5635 1506 5694 imago
1539 5633 1604 5694 in
1645 5603 1996 5694 Evangelia.
2029 5639 2088 5694 et

425 5622 552 5728 δοῦ,
591 5631 690 5701 his
719 5622 1023 5697 Ambrosii
1047 5632 1274 5714 verbis,
1313 5635 1506 5712 imago
1539 5633 1604 5694 in
1645 5622 1996 5714 Evangelia,
2029 5622 2092 5702 Et

2215 3075 2316 3146 qui
2347 3078 2504 3145 sunt,
2538 3091 2654 3131 non
2687 3076 2786 3147 qui
2831 3080 3222 3147 praetereunt;
3267 3079 3330 3131 ut
3379 3077 3704 3148 cognoscat
3743 3073 3888 3146 quid

2215 3164 2331 3218 sibi
2361 3163 2532 3232 desit,
2575 3181 2707 3235 quae
2737 3167 2892 3220 terra
2923 3165 3000 3221 sit
3044 3166 3536 3236 repromissionis
3564 3167 3885 3235 perpetuos

2213 3253 2444 3307 fructus
2476 3252 2698 3323 ferens,
2757 3270 2890 3325 quae
2929 3255 3116 3325 prima
3172 3255 3328 3325 apud
3375 3256 3597 3325 patrem
3629 3251 3882 3322 mansio,

2214 3357 2347 3413 quis
2378 3342 2658 3411 secunda,
2710 3359 2843 3414 quae
2889 3344 3079 3414 tertia,
3131 3343 3192 3397 in
3238 3343 3458 3414 quibus
3502 3357 3610 3415 pro
3654 3341 3883 3396 ratione

2212 3431 2555 3486 meritorum
2575 3432 2989 3503 unusquisque
3021 3433 3384 3502 requiescet.

2284 3519 2408 3574 238.
2443 3519 2544 3573 Illa
2575 3520 2757 3592 igitur
2799 3520 2973 3575 nobis
3019 3521 3368 3591 expetenda,
3403 3521 3464 3574 in
3493 3519 3712 3592 quibus
3741 3532 3884 3590 per-

2213 3607 2408 3678 fectio,
2444 3609 2503 3662 in
2533 3608 2753 3680 quibus
2784 3608 3003 3663 veritas
3035 3612 3146 3664 est.
3169 3609 3279 3664 Hic
3301 3609 3528 3680 umbra,
3548 3608 3644 3663 hic
3661 3608 3882 3680 imago,

2211 3697 2332 3752 illic
2362 3697 2582 3752 verit-as
2602 3695 2734 3766 (65).
2759 3695 2978 3752 Umbra
3008 3698 3068 3752 in
3098 3699 3281 3770 Lege,
3307 3699 3502 3770 imago
3522 3699 3579 3751 in
3603 3693 3884 3768 Evange-

2209 3788 2310 3855 lio,
2344 3786 2564 3842 veritas
2593 3786 2653 3840 in
2677 3785 3024 3842 caelestibus
3063 3787 3256 3857 (Hebr
3282 3805 3342 3858 x,
3376 3786 3400 3840 1
3437 3792 3496 3842 et
3525 3788 3696 3859 seq.).
3730 3786 3884 3840 Ante

2211 3929 2764 4008 nuncin-imagine,
2800 3932 2942 4008 etc,
2970 3929 3126 4008 hunc
3150 3945 3395 4008 sensum
3425 3927 3674 4008 attingit,
3706 3929 3884 4008 quasi

2209 4005 2389 4074 neget
2418 4001 2522 4054 Vir
2542 3999 2786 4055 sanctus
2807 3999 3106 4074 Christum
3125 4002 3252 4074 jam
3280 4001 3380 4074 hic
3408 3999 3639 4074 oll'erri,
3675 3999 3796 4053 nisi
3816 4001 3882 4074 in

2209 4069 2488 4144 imagine,
2523 4088 2648 4144 cum
2680 4087 2718 4144 e_
2745 4079 2949 4125 contra
2981 4073 3040 4125 in
3077 4069 3246 4144 cria/is
3275 4069 3488 4144 offerat
3520 4087 3588 4125 se
3618 4072 3678 4124 in
3715 4071 3881 4126 veri-

2211 4142 2364 4208 tate;
2393 4147 2567 4214 atque
2599 4143 2675 4196 ita
2707 4142 2901 4214 imago
2945 4146 3002 4196 et
3045 4143 3266 4214 veritas
3297 4142 3550 4214 invicem
3579 4156 3881 4214 opponan-

2207 4217 2321 4284 tur,
2353 4217 2416 4268 ut
2463 4212 2642 4266 altera
2689 4212 2932 4267 alteram
2979 4212 3272 4268 excludat.
3315 4213 3532 4268 Verum
3581 4213 3699 4267 nisi
3739 4227 3881 4281 par-

2207 4285 2352 4339 tium
2405 4284 2600 4338 studio
2659 4285 2996 4338 obcaecatus
3039 4289 3222 4354 esset,
3275 4284 3634 4354 pervidisset
3677 4285 3880 4354 utique

2120 4359 2175 4420 D
2207 4355 2506 4410 Christum
2537 4370 2653 4408 non
2682 4355 2796 4427 alia
2825 4356 2896 4410 de
2929 4370 3108 4410 causa
3140 4353 3214 4410 in
3236 4353 3494 4427 imagine
3538 4353 3734 4410 offerri
3764 4353 3884 4410 dic-

2207 4431 2348 4496 tum,
2375 4427 2492 4480 nisi
2523 4427 2659 4498 quia
2686 4425 2940 4480 oll'ertur
2961 4427 3128 4498 quasi
3149 4428 3336 4494 homo,
3357 4425 3524 4498 quasi
3541 4427 3878 4498 passionem

2205 4499 2526 4568 recipiens.
2542 4497 2928 4566 Quapropter,
2944 4502 3006 4550 ut
3029 4497 3184 4552 clare
3209 4497 3690 4568 sanctiDoctoris
3708 4513 3878 4552 mens

2205 4567 2416 4639 pateat,
2441 4567 2864 4639 advertendum
2893 4572 2985 4622 est
3014 4569 3110 4622 his
3139 4569 3362 4638 verbis,
3383 4567 3499 4639 Hic
3533 4567 3759 4636 umbra,
3779 4569 3880 4623 hic

2205 4636 2418 4710 imago,
2472 4642 2564 4710 etc
2620 4636 2950 4710 Ecclesiam
3008 4639 3082 4694 ab
3131 4655 3202 4694 eo
3242 4636 3643 4708 sic'describi,
3691 4643 3752 4693 ut
3798 4639 3880 4694 sit

2204 4709 2393 4782 status
2415 4709 2652 4782 quidam
2683 4709 2914 4782 medius
2931 4711 3088 4782 inter
3117 4711 3494 4782 Synagogam
3526 4715 3583 4782 et
3622 4711 3836 4782 coelum
3863 4725 3877 4766 :

2203 4781 2360 4853 quod
2395 4780 2666 4853 videlicet
2703 4781 2764 4834 in
2792 4781 2892 4853 illa
2920 4781 3096 4853 fuerit
3118 4780 3244 4836 sola
3272 4780 3500 4850 umbra,
3533 4781 3594 4836 in
3622 4780 3742 4853 hoc
3767 4797 3878 4853 au:-

2202 4852 2316 4907 tem
2347 4852 2475 4907 sola
2505 4853 2726 4907 veritas
2758 4856 2852 4907 :at
2879 4852 2939 4905 in
2972 4852 3237 4917 Ecclesia
3269 4855 3516 4922 utraque
3547 4867 3646 4907 res
3695 4852 3877 4908 simul

2203 4923 2538 4994 conjuncta.
2593 4925 2664 4979 Et
2724 4928 2880 4978 certe
2933 4924 3080 4978 adeo
3132 4939 3339 4979 verum
3386 4926 3478 4977 est
3507 4923 3580 4978 ab
3621 4923 3874 4994 Ambro-

2203 4996 2295 5049 sio
2324 4993 2628 5050 veritatem
2679 5011 2812 5049 cum
2847 4995 3104 5066 imagine
3147 4996 3206 5048 in
3240 4995 3602 5066 evangelico
3649 4993 3874 5049 taedere

2204 5067 2529 5135 copulatam
2554 5067 2901 5138 significari,
2932 5065 2995 5121 ut
3025 5082 3126 5120 eas
3158 5065 3478 5138 sejungere
3512 5082 3630 5121 non
3662 5069 3874 5138 potue-

2201 5137 2295 5205 rit,
2347 5138 2488 5208 quin
2537 5136 2850 5207 ipsiusmet
2899 5138 3124 5191 cruenti
3170 5136 3468 5202 sacriﬁcii,
3502 5141 3674 5207 atque
3725 5136 3872 5192 adeo

2203 5207 2523 5262 Dominicm
2555 5207 2978 5262 incarnationis
3003 5209 3306 5262 veritatem
3336 5208 3600 5262 funditus
3638 5211 3874 5262 everte-

2200 5283 2324 5347 ret;
2371 5295 2504 5334 cum
2554 5280 2681 5332 haec
2729 5279 3010 5348 mysteria
3055 5295 3129 5332 ex
3173 5283 3367 5334 mente
3418 5279 3610 5349 ipsius
3641 5295 3756 5334 non
3797 5278 3874 5334 ad

2199 5351 2806 5422 Synagogummeque
2819 5349 2890 5404 ad
2910 5350 3123 5422 coelum
3143 5350 3364 5422 referri
3386 5354 3620 5420 queant,
3655 5349 3762 5422 sed
3793 5350 3871 5405 ad

2202 5420 2550 5476 ECcle'siam.
2577 5421 2692 5475 Sed
2723 5421 2850 5490 ipse
2874 5421 3230 5476 Ambrosius
3254 5425 3508 5475 mentem
3537 5437 3705 5476 suam
3736 5420 3869 5477 loco

2201 5492 2382 5564 citato
2425 5491 2830 5564 Expostpsal.
2873 5508 3122 5564 xxxvni,
3167 5497 3282 5548 tam
3326 5492 3505 5548 claris
3533 5492 3736 5548 verbis
3767 5506 3872 5564 9x-

2199 5563 2432 5638 promit,
2465 5567 2522 5618 et
2551 5562 3046 5638 nullamgcavillis
3092 5562 3386 5638 relinquat
3411 5579 3618 5638 ansam
3651 5579 3665 5622 :
3711 5585 3733 5614 ε
3769 5562 3871 5620 Vi-

2198 5634 2408 5698 demus
2436 5649 2613 5713 nunc,
2634 5634 2844 5716 inquit,
2857 5650 2966 5718 per
2979 5634 3298 5722 ixnaginexn
3316 5637 3493 5721 bona,
3518 5638 3577 5697 et
3595 5636 3869 5718 tenam?!
