4128 6132
293 213 386 281 101

1188 207 1302 280 DE
1346 207 1703 283 OFFICIIS
1747 211 2361 292 MINISTRORUM
2405 221 2662 292 LIBER
2701 221 2728 292 Ῑ

3575 232 3695 304 102

297 426 454 483 agnus
467 407 827 478 offerebatur,
848 408 1205 467 offerebatur
1219 415 1530 485 etvitulus,
1552 433 1709 472 nunc
1722 417 1920 474 Chris-
1945 403 2004 465 Α
2031 426 2123 478 est
2151 425 2298 480 satis
2318 427 2347 480 2
2376 425 2520 481 Cum
2551 429 2744 482 autem
2777 433 3262 504 congregaveris,
3295 434 3394 504 qui
3427 435 3586 492 scias
3616 453 3693 493 an

294 504 368 554 tus
382 497 624 552 offertur:
652 498 756 552 sed
775 498 1200 571 offerturquasi
1221 503 1416 574 homo,
1434 506 1605 576 quasi
1619 507 1915 578 recipiens

299 588 624 658 passionem:
657 591 712 640 et
742 586 913 642 offert
936 604 1001 642 se
1025 590 1152 659 ipse
1171 594 1341 661 quasi
1366 595 1672 665 sacerdos,
1697 600 1759 650 ut
1779 613 1916 667 pec-

296 681 396 731 cata
417 679 600 730 nostra
624 676 902 731 dimittat:
939 677 1033 731 hic
1076 679 1132 732 in
1165 680 1442 752 imagine,
1477 683 1559 738 ibi
1602 685 1662 738 in
1692 686 1913 740 verita-

290 770 350 832 te,
380 764 463 818 ubi
495 765 640 834 apud
674 764 905 818 Patrem
935 783 1042 836 pro
1075 767 1249 822 nobis
1283 772 1453 840 quasi
1486 773 1808 828 advocatus
1829 776 1916 828 in-

295 853 527 908 tervenit.
560 853 667 906 Hic
701 869 846 925 ergo
877 855 936 907 in
985 855 1240 928 imagine
1271 859 1640 915 ambulamus
1671 862 1804 932 (66),
1855 863 1916 917 in

290 942 512 1013 imagine
541 942 848 996 videmus:
898 943 1017 996 illic
1051 944 1199 999 facie
1246 947 1314 1000 ad
1350 947 1579 1018 faciem,
1613 951 1713 1004 ubi
1743 951 1916 1022 plena

287 1030 552 1102 perfectio,
584 1030 721 1102 quia
753 1030 1038 1101 perfectio
1071 1035 1265 1088 omnis
1295 1035 1356 1090 in
1385 1038 1626 1093 veritate
1657 1043 1767 1095 est.

831 1155 1083 1212 CAPUT
1112 1159 1316 1216 XLIX.

281 1277 370 1359 Hic
395 1279 742 1359 servandam
870 1281 1044 1336 nobis
1080 1283 1360 1359 virtutum
1403 1286 1741 1359 imaginem,
1777 1287 1908 1343 dia-

333 1350 440 1404 boli
469 1366 607 1430 vero
638 1357 698 1405 et
733 1352 1011 1430 vitiorum
1063 1356 1444 1430 credendam,
1470 1350 1552 1430 ac
1583 1359 1646 1430 in
1690 1350 1910 1430 primis

336 1422 621 1497 avaritiae:
657 1439 782 1494 qum
812 1423 1155 1497 libertatem
1189 1426 1364 1481 nobis
1406 1422 1634 1497 adimit,
1690 1422 1908 1484 variis-

333 1509 424 1563 que
455 1493 724 1548 turbatos
757 1495 1123 1550 vanitatibus
1149 1497 1409 1568 imagine
1438 1499 1552 1554 Dei
1580 1493 1813 1571 spoliat.

327 1615 430 1670 239.
465 1616 620 1688 Ergo
655 1618 794 1672 dum
827 1617 923 1672 hic
948 1635 1178 1686 sumus,
1209 1637 1521 1678 servemus
1561 1623 1900 1696 imaginem,

273 1707 323 1758 ut
340 1705 406 1759 ibi
425 1706 841 1774 perveniamus
865 1708 935 1760 ad
960 1709 1283 1764 veritatem.
1309 1711 1396 1766 Sit
1427 1713 1486 1766 in
1515 1713 1688 1767 nobis
1707 1714 1902 1787 imago
1936 1715 1987 1776 Β

267 1791 497 1864 viustitiae,
545 1796 626 1849 sit
658 1796 854 1868 imago
900 1798 1238 1867 sapientiae:
1287 1801 1424 1871 quia
1471 1801 1785 1856 venientur
1829 1803 1900 1856 ad

272 1881 403 1935 illum
432 1883 599 1954 diem,
639 1887 694 1938 et
725 1886 1055 1940 secundum
1093 1888 1410 1960 imaginem
1455 1891 1897 1946 aestimabimur.
1943 1915 1946 1917 λ

326 1971 429 2026 240.
464 1973 592 2027 Non
644 1975 905 2028 inveniat
933 1975 994 2030 in
1044 1979 1099 2030 te
1143 1977 1525 2033 adversarius
1584 1981 1900 2052 imaginem

269 2073 424 2129 suam,
446 2075 557 2116 non
577 2062 827 2131 rabiem,
859 2079 978 2117 non
1010 2063 1268 2119 furorem
1295 2108 1309 2134 ,
1355 2066 1414 2120 in
1447 2066 1541 2121 his
1573 2068 1728 2121 enim
1757 2069 1900 2122 ima-

267 2163 329 2220 go
354 2151 613 2222 nequitia;
649 2154 760 2205 est.
797 2152 1197 2207 Adversarius
1238 2155 1393 2208 enim
1427 2155 1698 2210 diabolus
1744 2157 1900 2211 sicut

267 2237 340 2292 leo
364 2239 595 2310 rugiens
630 2240 843 2311 quaerit
894 2257 1072 2311 quem
1102 2242 1350 2313 occidat,
1402 2259 1578 2314 quem
1628 2245 1893 2300 devoret.

267 2325 374 2381 Non
399 2328 653 2384 inveniat
684 2331 810 2384 auri
857 2331 1250 2401 cupiditatem,
1285 2348 1404 2387 non
1448 2335 1680 2405 argenti
1727 2350 1897 2389 acer-

266 2431 371 2483 vos,
402 2433 508 2472 non
536 2419 822 2472 vitiorum
871 2419 1224 2475 simulacra:
1259 2437 1332 2476 ne
1378 2420 1606 2476 auferat
1635 2423 1742 2477 tibi
1788 2439 1898 2478 vo-

268 2518 367 2559 cem
389 2507 696 2561 libertatis.
733 2507 864 2562 Vox
909 2509 1063 2563 enim
1096 2509 1383 2563 libertatis
1433 2509 1530 2563 illa
1559 2514 1670 2579 est,
1714 2515 1778 2566 ut.
1807 2513 1898 2566 di-

265 2609 368 2648 cas:
399 2595 602 2650 Veniet
621 2596 803 2667 liujns
823 2597 1026 2651 mundi
1034 2599 1336 2669 princeps,
1364 2605 1421 2652 et
1438 2600 1499 2652 in
1519 2615 1614 2654 me
1628 2600 1690 2654 in
1702 2602 1899 2656 veniet

268 2682 392 2736 nihil
428 2684 620 2753 (Joan.
669 2701 790 2751 xxv,
838 2682 949 2756 30).
997 2685 1195 2756 Itaque
1247 2687 1300 2739 si
1332 2702 1583 2742 securus
1621 2704 1687 2743 es
1740 2689 1899 2760 quod

263 2779 380 2834 nihil
410 2782 464 2835 in
513 2786 568 2836 te
623 2782 900 2851 inveniat,
951 2799 1080 2837 cum
1131 2786 1358 2838 venerit
1389 2775 1485 2840 64
1514 2787 1896 2858 perscrutari,

264 2868 399 2923 dices
438 2870 575 2925 illud
619 2871 774 2942 quod
799 2871 944 2925 dixit
981 2873 1050 2925 ad
1077 2873 1277 2927 Laban
1314 2873 1496 2929 Jacob
1526 2876 1895 2945 patriarcha:

261 2956 538 3030 Cognosce
570 2961 632 3014 si
665 2960 805 3031 quid
838 2964 1067 3015 tuorum
1091 2962 1244 3031 apud
1279 2978 1370 3016 me
1401 2965 1492 3018 est
1522 2963 1696 3033 (Gen.
1731 2981 1896 3036 χχχι,

257 3044 347 3113 ξιξ).
383 3048 580 3104 Merito
624 3049 833 3104 beatus
883 3050 1066 3104 Jacob
1099 3051 1250 3120 apud
1304 3067 1477 3122 quem
1507 3053 1652 3106 nihil
1698 3032 1900 3108 Laban
1935 3032 1986 3094 Ο

261 3150 405 3190 suum
434 3139 626 3208 potuit
670 3137 970 3208 reperire!
1020 3139 1430 3194 Absconderat
1473 3141 1630 3196 enim
1678 3142 1899 3196 Rachel

262 3224 544 3280 simulacra
577 3227 829 3281 deorum
863 3227 996 3298 ejus
1028 3243 1205 3282 aurea
1236 3233 1291 3282 et
1321 3237 1620 3302 argentea.

315 3313 421 3369 241.
454 3316 657 3388 Itaque
698 3315 751 3370 si
783 3317 1088 3387 sapientia,
1125 3317 1178 3372 si
1229 3318 1398 3387 ﬁdes,
1433 3319 1485 3372 si
1530 3323 1898 3392 contemptus

263 3404 458 3472 saeculi,
493 3407 545 3458 si
577 3406 774 3478 gratia
807 3409 903 3459 tua
933 3406 1260 3461 abscondat
1288 3423 1520 3462 omnem
1569 3409 1894 3480 perfidiam,

255 3487 433 3547 beatus
463 3495 583 3548 eris
611 3510 626 3564 ;
663 3495 800 3566 quia
824 3510 940 3549 non
971 3496 1224 3565 respicis
1255 3496 1315 3550 in
1346 3498 1631 3552 vanitates
1663 3501 1719 3552 et
1739 3499 1897 3553 insa-

256 3580 362 3633 nias
384 3582 559 3637 falsas
584 3581 781 3652 (Psal.
806 3600 1012 3654 χχχιχ,
1038 3583 1115 3653 5).
1141 3588 1230 3638 An
1260 3585 1559 3640 mediocre
1583 3589 1675 3640 est
1691 3587 1897 3642 tollere

256 3681 428 3725 vocem
451 3672 823 3741 adversario,
851 3675 911 3726 ut
933 3673 1221 3744 arguendi
1244 3677 1298 3728 te
1321 3690 1439 3728 non
1460 3675 1654 3745 possit
1678 3675 1896 3732 habere

255 3760 626 3815 auctoritatem
645 3763 675 3814 (Ξ
704 3761 901 3832 Itaque
933 3761 1032 3832 qui
1062 3777 1180 3816 non
1209 3764 1461 3833 respicit
1491 3763 1551 3817 in
1583 3764 1896 3836 vanitates,

254 3859 350 3900 non
377 3851 792 3904 conturbatur:
845 3851 944 3920 qui
978 3850 1133 3904 enim
1166 3853 1426 3922 respicit,
1481 3854 1884 3924 conturbatur,

258 3937 302 3986 et
327 3937 643 3992 vanissime
686 3938 942 4009 quidem.
992 3938 1142 4003 Quid
1190 3943 1281 3994 est
1327 3941 1481 3994 enim
1533 3957 1899 4014 congregare

256 4036 395 4093 epes,
429 4026 546 4080 nisi
595 4043 848 4082 vanam:
899 4028 1035 4098 quia
1085 4029 1307 4083 caduca
1357 4046 1626 4100 quaerere
1677 4047 1898 4086 vanum

261 4162 520 4241 imaginis
541 4168 721 4224 bona.
748 4168 1018 4224 Vidimus
1049 4171 1378 4241 principem
1425 4173 1798 4227 sacerdotum
1827 4173 1900 4227 ad

254 4249 345 4289 nos
397 4239 752 4309 venientem;
783 4239 1130 4296 vidimus’et
1177 4239 1511 4297 audivimus
1557 4243 1900 4298 offerentem

255 4319 344 4373 pro
373 4310 538 4391 nobis
583 4313 1179 4409 sa‘nguinemmsuur‘n.
1229 4314 1553 4409 Sequimur;
1573 4319 1634 4368 ut
1677 4331 1898 4409 p‘pssu-
1927 4349 1980 4409 D

257 4391 388 4458 nius,
421 4383 574 4458 quia,
613 4385 728 4458 etsi
757 4399 911 4458 nunc
933 4383 1207 4458 Christus
1248 4401 1367 4438 non
1397 4385 1641 4458 videtur
1663 4383 1895 4458 offerre,

250 4449 579 4526 tamenjpse
614 4454 859 4508 offertur
889 4455 947 4507 in
997 4456 1192 4524 terris,
1228 4456 1462 4526 quando
1508 4457 1728 4511 Christi
1761 4449 1897 4512 cor-'-

254 4532 348 4586 pus
375 4521 635 4586 oti'ertur,
678 4547 699 4573 »ι
736 4528 851 4578 etc.

314 4590 402 4668 ltiti)
434 4593 582 4668 Mss.
619 4595 870 4668 Thuan.,
904 4595 1018 4649 Hic
1039 4611 1184 4668 ergo
1222 4596 1284 4651 in
1318 4599 1577 4668 imagine
1605 4598 1894 4654 videmur.

313 4657 401 4715 €67}
434 4661 581 4744 Mss.
617 4657 866 4738 aliquot,
894 4683 1002 4739 quo
1041 4657 1373 4738 angrerare
1393 4689 1410 4733 ,ο
1435 4657 1700 4740 quidam,
1727 4687 1901 4742 auge-

254 4746 312 4783 re
372 4743 538 4788 assit.

440 4805 601 4892 ﬁdit.
633 4821 701 4860 ac
731 4807 901 4888 pauci
934 4820 1090 4889 mss.
1115 4825 1349 4892 merces
1379 4815 1681 4882 congerat.
1701 4883 1739 4892 Α,
1791 4883 1828 4892 Δ.

295 4873 409 4952 ,(69)
440 4877 590 4958 Mss.
625 4873 800 4947 unus,
835 4880 898 4933 in
928 4895 996 4933 se
1033 4881 1302 4936 vindices
1333 4873 1513 4936 amor"
1533 4883 1897 4954 negotiatio-

252 4959 332 4996 nis
357 4955 520 5000 excit
543 4955 598 5002 .t.

310 5016 401 5076 (70)
455 4965 606 5074 Mgs.
661 5019 948 5096 nonnulli,
1001 5021 1374 5094 naufragium
1410 5025 1652 5096 patiens
1692 5040 1895 5095 mare;

255 5099 408 5154 unus,
440 5097 689 5144 mortem
720 5092 966 5146 incidat.

291 5155 429 5237 .t't'i).
457 5159 704 5225 Quidam
734 5179 882 5217 mss.
916 5165 973 5217 et
1001 5163 1163 5234 edit.,
1199 5165 1488 5238 dilapidet
1517 5167 1716 5221 haeres
1738 5165 1900 5221 luxu-

250 5242 739 5380 nggtjonnulli
757 5321 932 5380 _mss.,
962 5307 1202 5380 partitae
1221 5308 1451 5380 acquiri
1458 5313 1477 5361 t
1496 5307 1728 5380 (iacredi
1733 5309 1894 5363 tatis.

255 5368 417 5498 “Si?
450 5373 622 5431 Rom.
673 5376 795 5432 edit
843 5368 990 5432 sola.
1045 5377 1198 5442 Quid
1244 5368 1389 5452 ergo
1438 5378 1611 5434 telam
1661 5395 1900 5434 araneae

441 5513 700 5592 Confert,
743 5519 799 5576 si
833 5517 1016 5592 lubet,
1059 5535 1191 5592 quae
1213 5519 1310 5577 hic
1353 5520 1636 5592 dicuntur
1660 5537 1792 5577 cum
1822 5517 1898 5578 iis

251 5593 365 5664 qua
384 5587 528 5648 tom.
553 5603 594 5664 ι,
615 5587 714 5652 lib.
738 5605 799 5651 xv
815 5591 889 5652 de
909 5587 1210 5674 Interpell.
1235 5608 1396 5655 num.
1414 5591 1505 5670 24,
1527 5597 1583 5652 et
1596 5591 1819 5671 Expos.
1837 5593 1901 5670 in

2030 514 2343 582 possidere
2375 515 2548 568 liceat
2576 515 2725 569 tibi?

2099 602 2223 657 342.
2274 603 2486 657 Nonne
2522 620 2739 658 vanum
2776 609 2958 661 estut
3003 613 3294 666 mercator
3321 613 3596 668 noctibus
3628 630 3698 670 ac

2029 687 2242 745 diebus
2304 693 2576 746 conficiat
2623 693 2752 763 iter,
2796 711 2912 765 quo
2961 712 3292 768 aggregare
3340 703 3532 770 possit
3578 701 3692 772 (67)

2025 778 2291 834 thesauri
2311 797 2581 849 acervos,
2603 797 2834 836 merces
2859 789 3183 856 congreget
3205 787 3337 858 (68),
3370 790 3691 845 conturbe-

2026 869 2123 921 tur
2142 869 2213 921 ad
2237 869 2508 939 pretium,
2529 886 2600 924 ne
2616 871 2764 925 forte
2783 873 3029 926 minoris
3044 875 3258 928 vendat
3273 892 3446 945 quam
3464 879 3691 950 emerit,

2029 961 2355 1025 aucupetur
2385 957 2648 1012 locorum
2679 960 2884 1028 pretia,
2920 962 2976 1014 et
2997 961 3194 1016 subito
3225 967 3324 1017 aut
3351 964 3611 1020 latrones
3633 968 3694 1021 in

2023 1059 2092 1098 se
2135 1044 2354 1099 invidia
2402 1046 2648 1102 famosae
2695 1049 3112 1120 negotiationis
3163 1053 3380 1107 excitet
3429 1052 3560 1124 (69),
3595 1059 3699 1110 aut

2022 1148 2141 1187 non
2171 1135 2531 1204 exspectatis
2565 1137 2971 1191 serenioribus
3003 1139 3258 1210 ﬂatibus,
3292 1142 3431 1196 dum
3460 1142 3690 1199 lucrum

2021 1222 2252 1291 quaerit,
2285 1223 2662 1295 naufragium
2703 1225 3014 1295 impatiens
3047 1244 3226 1283 morae
3256 1231 3367 1299 (70)
3415 1231 3689 1292 incidat?

2090 1310 2213 1365 243.
2239 1313 2453 1367 Annon
2476 1313 2861 1368 conturbatur
2881 1316 3054 1370 etiam
3081 1317 3178 1371 ille
3204 1334 3374 1390 vane,
3401 1323 3502 1392 qui
3525 1340 3694 1381 sum-

2019 1413 2114 1454 mo
2164 1399 2366 1454 labore
2427 1405 2758 1472 coacervat,
2819 1405 2976 1473 quod
3026 1407 3272 1476 nesciat,
3325 1408 3418 1463 cui
3466 1410 3692 1470 haeredi

2015 1488 2352 1559 relinquat?
2382 1488 2552 1560 Saepe
2584 1491 2740 1561 quod
2771 1507 2990 1547 avarus
3021 1509 3250 1549 summa
3301 1505 3678 1570 congesserit

2018 1577 2438 1647 sollicitudine,
2494 1580 2780 1649 praecipiti
2829 1580 3118 1636 effusione
3167 1584 3448 1641 dilacerat
3489 1589 3686 1647 haeres

2015 1664 2362 1721 luxuriosus
2395 1667 2505 1737 (71)
2533 1684 2544 1722 :
2579 1672 2636 1722 et
2653 1668 2750 1723 diu
2781 1671 3032 1740 quaesita
3063 1674 3251 1743 turpis
3283 1675 3501 1748 helluo,
3537 1696 3710 1749 [ιι-αξη

2017 1755 2272 1808 sentium
2302 1772 2520 1824 caecus,
2555 1756 2737 1811 futuri
2766 1758 3152 1831 improvidus,
3187 1763 3438 1833 quadam
3467 1767 3684 1823 absor-‘

2015 1842 2114 1898 bet
2145 1845 2449 1916 voragine.
2482 1844 2653 1915 Saepe
2698 1847 2872 1900 etiam
2903 1853 3178 1918 speratus
3234 1867 3558 1911 successor
3587 1859 3683 1912 in-

2012 1931 2230 1986 vidiam
2275 1936 2456 2003 partae
2505 1935 2756 2005 acquirit
2804 1935 3167 1993 haereditatis
3217 1940 3350 2010 (72),
3396 1947 3452 1997 et
3497 1947 3677 2002 celeri

2015 2020 2176 2075 obitu
2205 2023 2503 2077 extraneis
2525 2024 2697 2078 aditae
2720 2027 3132 2082 successionis
3155 2031 3497 2088 transcribit
3519 2050 3681 2090 com-

2013 2110 2246 2179 pendia.

2083 2199 2207 2253 244.
2239 2199 2417 2284 Quid»
2446 2216 2590 2272 ergo
2635 2217 2784 2256 vane
2838 2219 3114 2259 araneam
3153 2208 3309 2262 texis
3360 2211 3491 2281 (73),
3545 2229 3680 2284 qum

2013 2288 2207 2342 inanis
2239 2291 2296 2343 et
2323 2282 2454 2343 sine
2495 2290 2688 2345 fructu
2722 2293 2831 2360 est,
2868 2295 2925 2346 et
2970 2296 3245 2364 tanquam
3296 2314 3503 2354 casses
3535 2282 3678 2357 s—us-

2013 2377 2224 2447 pendis
2257 2377 2496 2434 inutiles
2528 2379 2864 2434 divitiarum
2893 2381 3130 2451 copias:
3165 2399 3296 2454 quae
3330 2387 3442 2440 etsi
3472 2388 3672 2456 ﬂuant,

2014 2467 2158 2520 nihil
2191 2470 2440 2537 prosunt
2467 2482 2481 2537 ;
2516 2467 2632 2522 imo
2663 2472 2886 2523 exuunt
2916 2472 2972 2524 te
3004 2470 3321 2543 imaginem
3354 2475 3479 2546 Dei,
3515 2480 3571 2532 et
3599 2480 3682 2534 in-

2015 2556 2199 2610 duunt
2243 2556 2464 2610 terreni
2505 2555 2874 2628 imaginem?
2913 2557 2976 2612 Si
3002 2562 3237 2629 tyranni
3283 2563 3500 2635 aliquis
3528 2566 3678 2622 ima-

2013 2646 2214 2718 ginem
2232 2644 2445 2698 habeat
2466 2644 2596 2713 (74).
2623 2661 2818 2700 nonne
2837 2646 3131 2702 obnoxius
3155 2654 3247 2704 est
3276 2652 3635 2710 damnationi
3654 2658 3683 2712 9

2014 2736 2101 2789 Tu
2133 2734 2381 2805 deponis
2413 2733 2729 2806 imaginem
2759 2737 2966 2790 teterni
2993 2736 3385 2811 imperatoris,
3411 2746 3466 2796 et
3492 2744 3678 2816 erigis

2014 2825 2075 2878 in
2120 2827 2175 2878 te
2219 2823 2538 2894 imaginem
2589 2825 2817 2878 mortis.
2870 2823 3035 2896 Ejice
3089 2829 3282 2899 magis
3325 2829 3396 2884 de
3441 2832 3674 2890 civitate

2014 2914 2226 2968 animae
2256 2915 2370 2965 tuae
2400 2912 2718 2984 imaginem
2747 2913 2996 2983 diaboli,
3031 2918 3086 2969 et
3115 2917 3312 2972 attolle
3353 2920 3673 2992 imaginem

2015 3001 2232 3057 Christi
2266 3002 2397 3071 (75).
2425 3001 2566 3055 Haec
2597 3002 2655 3054 in
2695 3005 2750 3056 te
2783 3001 3026 3074 fulgeat,
3053 3005 3113 3058 in
3145 3009 3243 3059 tua
3275 3008 3528 3079 civitate,
3563 3011 3678 3066 hoc

2017 3095 2108 3146 est
2127 3090 2338 3158 anima,
2364 3089 2758 3158 resplendeat,
2776 3107 2909 3160 qum
2926 3091 3217 3147 oblitterat
3231 3095 3507 3152 vitiorum
3523 3098 3672 3154 ima-

2016 3182 2210 3253 gines.
2229 3180 2310 3233 De
2333 3178 2551 3250 quibus
2574 3178 2653 3231 ait
2671 3178 2883 3233 David:
2910 3179 3176 3250 Domine,
3198 3183 3260 3236 in
3279 3185 3526 3239 civitate
3557 3193 3673 3258 tua,

2015 3271 2110 3333 65
2141 3279 2215 3334 ad
2230 3276 2474 3332 nihilum
2499 3276 3061 3349 deducesimagines
3076 3293 3274 3334 eorum
3288 3279 3477 3350 (Psal.
3495 3299 3675 3354 Lxxn,

2013 3369 2122 3437 20).
2159 3367 2303 3421 Cum
2333 3366 2490 3422 enim
2521 3364 2852 3435 depinxerit
2900 3365 3233 3422 Jerusalem
3277 3370 3564 3426 Dominus
3605 3375 3680 3430 ad

2012 3456 2331 3528 imaginem
2369 3470 2559 3525 suam,
2593 3457 2732 3509 tunc
2763 3453 3239 3513 adversariorum
3258 3460 3452 3515 omnis
3482 3461 3679 3535 imago

2013 3545 2261 3601 deletur.

2669 3633 2919 3690 CAPUT
2951 3635 3016 3690 L.

2013 3741 2264 3797 Levitas
2284 3756 2314 3794 a
2341 3741 2610 3813 terrenis
2633 3741 3060 3813 cupiditatibus
3075 3744 3330 3801 maxime
3352 3742 3576 3802 alienos
3590 3763 3680 3804 es-

2087 3825 2153 3868 se
2177 3812 2578 3890 debere..Qua2
2592 3812 2715 3890 sint
2741 3813 2975 3890 illorum
3006 3816 3355 3890 virtutesex
3370 3818 3671 3890 Apostolo,

2088 3883 2472 3957 quantavein
2505 3884 2657 3954 ipsis
2705 3886 3055 3957 castimonia
3104 3883 3483 3957 requiratur:
3533 3883 3674 3946 item

2087 3955 2210 4027 (iam
2227 3955 2498 4032 dignitas
2525 3961 2928 4032 eorumiatque
2959 3955 3336 4032 ofﬁc_ium,_ad
3368 3961 3517 4030 quod
3539 3964 3674 4032 pri-

2082 4026 2288 4080 marim
2316 4026 2571 4079 virtutes
2602 4031 2738 4080 sunt
2789 4028 3169 4082 necessariae.
3216 4026 3410 4085 Hasce
3440 4026 3676 4102 ignotas

2013 4169 2171 4223 Psal.
2192 4185 2436 4232 xxxvm,
2464 4167 2733 4238 num.27,
2771 4167 2888 4223 Sed
2926 4172 3142 4238 praeter
3177 4169 3288 4226 hos
3322 4171 3472 4227 duos
3504 4172 3671 4228 locos

2010 4241 2084 4294 ad
2107 4239 2379 4314 quoshic
2399 4240 2751 4310 rexpexisse
2781 4239 3324 4314 Ambrosiumipsa
3355 4260 3453 4314 res
3487 4245 3675 4314 loqui-

2009 4315 2123 4380 tur,
2148 4311 2287 4364 alibi
2314 4327 2548 4381 quoque
2573 4327 2689 4364 non
2720 4311 2905 4364 semel
2938 4316 3000 4365 ut
3021 4317 3155 4381 puta
3178 4312 3278 4366 lib.
3300 4329 3357 4366 νι
3386 4311 3669 4379 Hexaem,

2012 4399 2140 4453 cap.
2163 4381 2216 4450 9,
2247 4398 2404 4435 num.
2425 4382 2514 4449 57,
2540 4386 2596 4435 et
2618 4397 2796 4435 serm.
2842 4383 2927 4450 10,
2956 4383 3174 4452 Expos.
3198 4383 3255 4436 in
3295 4385 3442 4452 psal.
3471 4401 3668 4438 cxvm.

2010 4469 2170 4508 num.
2196 4454 2284 4520 25,
2305 4453 2566 4506 meminit
2584 4453 2904 4523 imaginum
2926 4455 3450 4522 imperatoriarum.
3466 4455 3672 4524 Neque

2009 4524 2222 4577 mirum
2248 4524 2304 4576 id
2329 4524 2601 4593 quidem;
2628 4527 2852 4577 certum
2873 4524 3027 4576 enim
3051 4529 3142 4577 est
3176 4539 3292 4576 non
3323 4524 3436 4577 alio
3479 4525 3671 4578 hono-

2009 4596 2094 4666 ris
2126 4610 2345 4666 genere
2380 4595 2676 4666 Romanes
2707 4595 3006 4666 principes
3037 4594 3408 4666 ambitiosius
3441 4595 3554 4648 coli
3576 4610 3673 4649 so-

2008 4663 2166 4720 litos.
2184 4666 2472 4735 Namque,
2493 4665 2901 4736 utomittamus
2915 4664 3327 4736 imagunculas
3343 4665 3494 4735 illas,
3521 4682 3671 4736 quas

2008 4737 2279 4806 privatim
2300 4735 2565 4807 nonnulli
2579 4751 2781 4807 secum
2797 4734 3674 4807 fe_re_bant,etquibus,depr_om-

2008 4805 2145 4878 ptis,
2167 4822 2272 4861 eos
2296 4807 2393 4876 qui
2414 4805 2530 4878 si_bi
2564 4805 2714 4878 mali
2733 4805 3029 4878 quidpiam
3053 4805 3497 4877 minitarentur,
3527 4809 3672 4862 abs-

2007 4873 2292 4945 terebant,
2313 4873 2403 4929 _ut
2450 4875 2624 4930 Corn.
2672 4873 2930 4942 Tacitus,
2967 4873 3066 4930 lib.
3114 4893 3174 4929 ιιι
3205 4877 3421 4932 Annal.
3467 4873 3673 4933 auctor

2009 4953 2130 5012 est;
2150 4948 2362 5002 iisdem
2381 4946 2836 5016 imperatoribus
2853 4948 3104 5000 maxime
3121 4953 3431 5018 postquam
3454 4965 3666 5004 recens

2009 5019 2351 5090 proclamati
2375 5018 2624 5086 fuerant,
2649 5020 2747 5070 aut
2774 5018 3071 5089 insignem
3085 5019 3338 5088 aliquam
3362 5021 3670 5074 victoriam

2009 5091 2222 5160 adepti,
2249 5092 2474 5142 statuas
2507 5103 2739 5156 aureas,
2775 5094 3110 5159 argenteas,
3144 5094 3240 5143 aut
3269 5106 3344 5143 ex
3391 5091 3502 5143 alia
3531 5105 3670 5160 pre-

2009 5162 2160 5215 tiosa
2184 5161 2445 5228 materia,
2471 5175 2589 5213 non
2613 5161 2784 5213 modo
2822 5161 2882 5212 in
2919 5175 3119 5214 earum
3153 5161 3384 5214 urbium
3407 5162 3506 5214 ubi
3547 5163 3673 5216 erat

2010 5232 2240 5302 imperii
2264 5231 2460 5303 sedes,
2488 5231 2734 5303 privatis
2753 5246 2822 5284 ac
2845 5231 3100 5300 publicis
3124 5232 3354 5303 aedibus
3370 5232 3540 5303 erigi,
3564 5247 3673 5286 ve-

2009 5320 2140 5358 rum
2155 5304 2328 5358 etiam
2346 5302 2417 5356 ad
2432 5317 2493 5356 re
2503 5302 2781 5356 motiores
2796 5303 3134 5372 provincias
3166 5302 3309 5355 mitti
3340 5302 3673 5358 consuesse

2010 5391 2086 5430 ex
2106 5375 2304 5429 multis
2326 5377 2594 5428 veterum
2613 5373 3010 5444 monumentis
3027 5373 3307 5444 colligere
3340 5379 3455 5444 est.
3487 5374 3668 5426 Vide-

2011 5443 3146 5514 sisZosimiHist.lib.1v,Libaniiepist.
3179 5443 3301 5508 841,
3332 5444 3404 5498 ad
3438 5443 3664 5511 Seven,

2011 5522 2068 5576 et
2125 5534 2215 5573 uae
2230 5532 2339 5572 nos
2355 5515 2647 5587 superiori
2658 5518 2814 5570 tomo
2828 5530 2963 5586 pag.
2982 5513 3116 5571 1095
3133 5514 3560 5592 adnotavimus.

2081 5534 2185 5648 διδ)
2216 5588 2341 5648 Cod
2369 5588 2525 5648 Βία..
2560 5590 2619 5648 et
2650 5585 2927 5648 attollere
2958 5585 3022 5647 in
3065 5586 3380 5648 imaginem
3413 5583 3560 5646 σιω

2137 5589 2185 5658 5)
2216 5588 2341 5649 Cod
2369 5577 2525 5670 Βῖε..
2560 5590 2619 5648 et
2650 5577 2938 5651 attolléré'
2958 5585 3022 5647 in
3065 5586 3380 5667 imaginem
3413 5577 3668 5667 Christi,
