4002 6150
391 235 513 305 103

1784 172 1803 231 ³
1825 224 1890 292 s.
1922 217 2359 293 AMBROSII.

3710 220 3843 289 Δ104

396 455 510 495 non
547 435 742 497 fuisse
771 432 1159 507 philosophis,
1202 432 1312 488 sed
1340 432 1406 485 in
1435 431 1646 507 ordine
1679 429 1817 507 illos
1838 445 2054 502 pecca-
2081 411 2141 473 Α
2171 432 2304 485 tur:
2348 412 2411 484 ut
2452 426 2762 484 abstinens
2795 427 2873 483 sit
2920 443 2953 481 a
2981 427 3120 482 vino
3167 425 3442 481 minister
3472 423 3722 496 Domini,
3771 426 3837 479 ut

401 510 600 584 visser
616 500 892 584 nonnulla
912 500 1047 560 esse
1061 508 1270 558 natura
1287 503 1607 584 secundum
1638 500 1913 584 oll‘iciuiy.
1933 518 2058 584 ᾳςιίε

397 580 469 635 ob
500 579 775 650 adjuncta
804 576 951 631 {iant
991 582 1195 650 contra
1224 573 1497 650 cilicium
1520 592 1541 650 ί
1575 573 1727 650 unde
1758 572 2062 645 colligitur

397 644 644 721 quantas
684 648 854 721 dotes
889 644 1149 721 postulet
1200 644 1852 721 dignitasbevitarum
1938 659 2062 721 quae

394 713 666 792 sequitur
692 713 1007 792 verborum
1040 713 1284 789 Moysis
1308 714 1497 769 tribui
1526 713 1791 769 leviticae
1815 713 2064 769 benedi-

396 789 592 845 centis
613 789 926 860 expositio.

464 878 589 933 245.
629 876 797 941 Quod
845 876 897 930 si
945 874 1270 947 Evangelio
1312 873 1544 929 Domini
1585 873 1760 928 etiam
1803 873 2064 944 populus

402 966 534 1038 ipse
564 966 637 1021 ad
656 964 1102 1036 despicientiam
1133 979 1310 1034 opum
1330 962 1680 1018 infamatus
1702 965 1875 1034 atque
1904 962 2071 1016 insti-

399 1058 563 1111 tutus
583 1057 715 1125 est;
749 1056 966 1125 quanto
998 1053 1192 1124 magis
1220 1068 1332 1107 vos
1364 1051 1604 1106 Levitas
1636 1054 1865 1122 oportet
1880 1053 2069 1105 terre-

400 1143 498 1199 nis
526 1156 647 1199 non
674 1143 864 1198 teneri
903 1140 1349 1212 cupiditatibus,
1391 1156 1642 1211 quorum
1680 1140 1841 1194 Deus
1879 1139 2070 1210 portio

400 1235 494 1287 est
506 1233 538 1301 f?
566 1231 718 1287 Nam
749 1247 884 1287 cum
913 1230 1278 1285 divideretur
1308 1245 1339 1283 a
1368 1228 1575 1300 Moyse
1605 1228 1918 1299 possessio
1948 1230 2071 1282 ter-

400 1306 546 1377 rena
574 1320 792 1391 populo
823 1335 1058 1391 parum,
1090 1318 1323 1388 excepit
1338 1317 1577 1373 Levites
1598 1318 1885 1373 Dominus
1906 1332 1940 1371 a
1957 1319 2072 1372 ter-

396 1423 559 1465 renae
590 1408 1008 1480 possessionis
1031 1406 1332 1462 consortio
1356 1404 1492 1476 ('76),
1516 1406 1675 1476 quod
1697 1405 1826 1475 ipse
1849 1404 1967 1460 illis
1982 1420 2072 1459 es-

397 1500 489 1553 set
518 1497 824 1552 funiculus
855 1495 1220 1551 haereditatis
1252 1494 1451 1563 (Num.
1473 1511 1638 1564 xvm,
1663 1494 1775 1565 23).
1801 1493 1970 1549 Unde
1990 1494 2071 1549 ait

395 1586 621 1640 David:
655 1585 950 1640 Dominus
990 1600 1140 1656 pars
1181 1583 1562 1638 haereditatis
1589 1598 1735 1638 mea}
1772 1587 1829 1637 et
1860 1582 2069 1637 calicis

394 1674 514 1730 mei
530 1673 722 1745 (Psal.
748 1690 847 1744 xv,
871 1673 946 1743 5).
966 1673 1232 1744 Denique
1257 1673 1345 1726 sic
1373 1671 1698 1741 appellatur
1718 1671 2063 1742 Levitaipse

398 1778 591 1830 meus,
624 1761 717 1818 vel
752 1763 883 1832 ipse
923 1778 1029 1832 pro
1069 1778 1162 1816 me
1201 1761 1324 1825 ('77).
1358 1760 1637 1832 Magnum
1668 1770 1813 1831 ergo
1844 1775 2060 1813 munus

401 1851 558 1924 ejus,
592 1854 655 1906 ut
685 1851 757 1906 de
787 1866 857 1905 eo
882 1850 1169 1905 Dominus
1193 1849 1381 1904 dicat:
1418 1849 1552 1918 Ipse
1574 1864 1780 1917 meus;
1811 1848 1905 1902 vel
1927 1863 2065 1918 que-

398 1940 776 1995 madmodum
805 1940 981 1993 Petro
1013 1938 1161 1992 dixit
1191 1938 1262 1992 de
1293 1939 1508 1992 statere
1539 1937 1597 1990 in
1630 1951 1730 1991 me
1759 1936 1945 2006 piscis
1974 1951 2068 1991 re-

393 2032 589 2101 perto:
623 2027 812 2082 Dabis
833 2029 924 2082 eis
947 2043 1059 2098 pro
1078 2041 1171 2081 me
1213 2032 1271 2080 et
1294 2041 1406 2097 pro
1432 2030 1489 2079 te
1519 2025 1757 2094 (Matth.
1780 2042 1922 2095 xvu,
1957 2025 2066 2091 26).

403 2118 573 2173 Unde
604 2118 662 2171 et
690 2115 1014 2186 Apostolus
1051 2130 1184 2169 cum
1206 2114 1553 2185 episcopum
1573 2113 1828 2167 dixisset
1851 2112 2070 2168 debere

399 2218 539 2261 esse
574 2204 868 2274 sobrium,
903 2202 1204 2273 pudicum,
1238 2205 1527 2271 ornatum,
1562 2202 1937 2272 hospitalem,
1972 2202 2074 2263 do-

395 2293 654 2363 cibilem,
688 2308 807 2348 non
850 2307 1114 2361 avarum,
1161 2307 1281 2346 non
1319 2292 1668 2363 litigiosum,
1718 2291 1916 2346 domui
1947 2305 2073 2346 sum

391 2382 545 2439 bene
575 2381 981 2453 praepositum,
1005 2381 1258 2435 addidit:
1293 2380 1584 2435 Diaconos
1604 2379 1886 2434 similiter
1916 2395 2076 2451 opai-

399 2476 483 2527 tet
516 2485 653 2527 esse
682 2486 924 2542 graves,
956 2486 1069 2524 non
1100 2469 1421 2541 bilingues,
1446 2484 1560 2523 non
1589 2467 1771 2522 multo
1799 2469 1935 2523 vino
1966 2469 2074 2523 de-

400 2559 579 2629 ditos,
604 2574 718 2613 non
743 2565 915 2630 turpe
934 2558 1161 2612 lucrum
1184 2563 1510 2627 sectantes,
1535 2556 1828 2612 habentes
1844 2562 2073 2630 myste-

399 2647 558 2702 rium
587 2646 733 2702 lidei
763 2647 825 2700 in
850 2646 1215 2701 conscientia
1242 2662 1391 2717 pura
1421 2646 1479 2715 (1
1510 2645 1654 2699 Tim.
1689 2663 1771 2715 III,
1805 2645 1880 2716 8).
1914 2646 1984 2699 Et
2012 2645 2073 2701 hi

401 2738 597 2791 autem
626 2734 952 2805 probentur
971 2734 1243 2805 primum,
1265 2737 1322 2789 et
1351 2734 1441 2789 sic
1463 2734 1817 2806 ministrent,
1842 2734 2070 2789 nullum

416 2825 639 2880 crimen
669 2823 978 2878 habentes.

482 2904 576 2968 66
618 2910 744 2968 246.
797 2911 1178 2967 Advertimus
1211 2913 1427 2983 quanta
1457 2911 1516 2965 in
1545 2910 1719 2967 nobis
1762 2912 2069 2984 requiran-

2174 518 2510 573 testimonio
2541 518 2699 573 bono
2721 516 2999 571 fulciatur
3026 533 3144 571 non
3175 517 3371 571 solum
3398 514 3683 583 ﬁdelium,
3735 514 3841 569 sed

2175 607 2348 662 etiam
2368 606 2441 661 ab
2464 606 2559 660 his
2583 606 2685 677 qui
2707 605 2853 660 foris
2876 608 3015 660 sunt
3035 605 3168 675 (78).
3213 605 3395 659 Decet
3412 604 3567 657 enim
3606 606 3845 657 actuum

2173 711 2535 767 Operumque
2568 697 2908 749 nostrorum
2939 697 3152 749 testem
3202 709 3341 748 esse
3371 691 3668 763 publicam
3715 691 3848 746 exi-

2173 784 2567 839 stimationem
2591 799 2664 838 ne
2695 783 3017 855 derogetur
3043 781 3304 851 muneri;
3336 784 3400 835 ut
3429 781 3531 852 qui
3558 780 3719 834 videt
3739 780 3843 834 mi-

2171 873 2422 927 nistrum
2453 872 2656 926 altaris
2709 871 2995 944 congruis
3041 873 3313 925 ornatum
3350 869 3690 938 virtutibus,
3743 884 3851 923 au-

2173 964 2394 1016 ctorem
2425 960 2726 1030 praedicet,
2759 962 2815 1014 et
2845 959 3159 1013 Dominum
3187 961 3524 1027 veneretur,
3556 959 3656 1029 qui
3680 957 3835 1011 tales

2173 1050 2449 1104 servulos
2500 1048 2732 1103 habeat.
2781 1049 2941 1103 Laus
2972 1048 3128 1103 enim
3176 1047 3432 1116 Domini,
3468 1046 3570 1102 ubi
3611 1046 3834 1101 munda

2170 1139 2504 1209 possessio,
2540 1139 2829 1193 innocens
2858 1137 3097 1191 familiae
3128 1136 3461 1206 disciplina.

2242 1226 2366 1282 247.
2419 1227 2503 1281 De
2544 1225 2892 1281 castimonia
2934 1225 3271 1281 testimonia
3319 1227 3515 1279 autem
3563 1224 3705 1295 quid
3752 1223 3842 1279 lo-

2172 1331 2339 1387 quer,
2364 1316 2598 1387 quando
2646 1331 2763 1370 una
2812 1318 3036 1369 tantum
3070 1313 3250 1384 (Dist.
3291 1314 3380 1383 26,
3412 1313 3537 1367 Una
3571 1314 3845 1383 tantum),

2173 1421 2282 1459 nec
2328 1405 2574 1475 repetita
2622 1404 2978 1475 permittitur
3028 1403 3240 1472 copula
3286 1402 3448 1472 ('79)?
3495 1401 3567 1456 Et
3597 1402 3657 1456 in
3705 1401 3844 1472 ipso

2172 1508 2317 1565 ergo
2337 1494 2621 1565 conjugio
2654 1494 2754 1548 lex
2787 1496 2879 1548 est
2915 1507 3033 1547 non
3063 1492 3277 1546 iterare
3327 1490 3693 1563 conjugium,
3724 1506 3841 1545 nec

2174 1582 2455 1637 secundae
2479 1581 2760 1654 conjugis
2778 1581 2980 1635 sortiri
3006 1579 3507 1651 conjunctionem.
3530 1577 3696 1643 Quod
3713 1578 3848 1649 ple-

2172 1670 2378 1742 risque
2421 1669 2637 1724 mirum
2683 1669 2936 1739 videtur,
2981 1685 3088 1723 cur
3117 1668 3292 1722 etiam
3322 1671 3456 1722 ante
3485 1668 3851 1738 baptismum

2174 1760 2376 1814 iterari
2398 1758 2665 1831 conjugii
2713 1744 2787 1812 ad
2815 1758 3165 1812 electionem
3210 1756 3474 1811 muneris
3506 1759 3562 1811 et
3603 1754 3851 1810 ordina-

2173 1847 2353 1903 tionis
2383 1847 2839 1920 praarogativam
2860 1846 3274 1917 impedimenta
3295 1847 3684 1917 generentur;
3709 1861 3852 1899 cum

2175 1938 2348 1991 etiam
2366 1936 2576 1991 delicta
2601 1936 2819 1990 obesse
2842 1952 2960 1991 non
3004 1934 3252 2003 soleant,
3293 1935 3345 1988 si
3376 1934 3596 1988 lavacri
3623 1934 3832 1988 remis-

2175 2041 2243 2079 sa
2300 2025 2517 2079 fuerint
2565 2027 2964 2079 sacramento.
3006 2023 3123 2079 Sed
3167 2023 3499 2095 intelligere
3555 2022 3852 2077 debemus

2175 2115 2311 2185 quia
2348 2114 2644 2184 baptismo
2669 2114 2838 2184 culpa
2857 2113 3065 2167 dimitti
3100 2115 3316 2183 potest,
3356 2112 3452 2166 lex
3474 2110 3697 2166 aboleri
3725 2128 3855 2166 non

2173 2206 2388 2273 potest.
2422 2203 2489 2257 In
2521 2201 2805 2274 conjugio
2836 2218 2953 2256 non
3003 2202 3194 2271 culpa,
3241 2201 3350 2256 sed
3381 2201 3479 2256 lex
3524 2203 3633 2255 est.
3677 2199 3855 2265 Quod

2176 2291 2366 2362 culpae
2397 2295 2490 2346 est
2520 2291 2701 2363 igitur
2730 2291 2791 2345 in
2818 2290 3170 2361 baptismate
3202 2289 3500 2344 relaxatur
3525 2305 3537 2344 :
3569 2289 3727 2360 quod
3756 2290 3853 2344 le-

2175 2380 2271 2451 gis
2303 2383 2394 2434 est
2425 2380 2485 2433 in
2517 2378 2802 2452 conjugio
2843 2395 2963 2434 non
2994 2378 3265 2433 solvitur.
3317 2378 3620 2443 Quomodo
3651 2380 3853 2432 autem

2173 2471 2369 2539 potest
2400 2468 2664 2522 hortator
2711 2483 2848 2523 esse
2896 2466 3202 2522 viduitatis
3250 2467 3348 2538 qui
3379 2467 3510 2537 ipse
3561 2466 3855 2539 conjugia

2173 2556 2638 2635 frequentaverit
2657 2558 2686 2610 ‘?

2244 2644 2751 2700 248.1noffensum
2781 2647 2977 2700 autem
3025 2644 3425 2700 exhibendum
3455 2648 3511 2699 et
3553 2645 3854 2700 immacu-

2172 2732 2355 2789 latum
2386 2734 2800 2803 ministerium,
2824 2750 2935 2789 nec
2955 2733 3076 2788 ullo
3102 2733 3406 2807 conjugali
3424 2735 3580 2789 coitu
3618 2734 3858 2789 violan-

2171 2823 2310 2879 dum
2342 2823 2711 2895 cognoscitis
2743 2824 2875 2893 (80),
2910 2824 3010 2895 qui
3041 2822 3257 2895 integri
3285 2824 3858 2893 corpore,incorru-

2170 2916 2269 2984 pto
2298 2913 2543 2983 pudore,
2575 2912 2753 2967 alieni
2783 2915 2955 2966 etiam
2986 2912 3059 2967 ab
3110 2912 3242 2982 ipso
3275 2913 3574 2967 consortio
3625 2912 3855 2985 conju-

529 3052 772 3136 6)'Mss.
826 3053 963 3123 duo,
1003 3059 1248 3136 aeternae
1286 3054 1694 3125 possessionis
1724 3056 2062 3123 consortio;
2094 3052 2145 3114 C
2175 3057 2247 3111 ad
2277 3057 2461 3126 episc.
2495 3055 2801 3136 litetmpio‘l.
2843 3071 2951 3124 per
2978 3055 3160 3136 ‘Illnyrr
3174 3054 3328 3136 Quae
3360 3054 3597 3136 quidem
3628 3055 3855 3136 horurn

468 3056 772 3180 876)'Mss.
826 3056 963 3123 duo,
1003 3059 1102 3109 aeu

396 3139 464 3182 se
537 3141 733 3179 minus
775 3124 1102 3179 commode.

468 3195 581 3322 S77)
607 3196 772 3250 Hanc
795 3195 1058 3250 eamdem
1073 3196 1612 3277 interpretationem
1632 3196 1820 3252 habes
1834 3200 1992 3252 tomo
2015 3197 2057 3268 Ι,

499 3266 658 3322 .210.
682 3282 841 3321 num.
868 3265 955 3322 11.
977 3270 1033 3320 et
1052 3266 1247 3321 fusnus
1270 3267 1381 3322 col.
1416 3268 1573 3322 1056.
1601 3285 1758 3322 num.
1793 3268 1845 3322 4.

398 3265 510 3323 col.
531 3266 658 3335 210,
682 3282 841 3321 num.
868 3265 955 3335 11,
977 3270 1033 3320 et
1052 3266 1247 3321 fusius
1270 3267 1381 3322 col.
1416 3268 1573 3335 1056,
1601 3285 1758 3323 num.
1793 3268 1845 3323 4.

402 3404 407 3408 π
467 3339 574 3407 (Ἶ8)
606 3339 752 3411 Mss.
785 3337 1026 3411 aliquot,
1073 3338 1183 3393 sed
1217 3339 1393 3393 etiam
1433 3338 1780 3410 infidelium,
1833 3339 1897 3395 id
1944 3345 2061 3411 est,

400 3424 600 3464 eorum
632 3410 729 3464 aui
768 3408 923 3462 foris
952 3414 1108 3463 sunt.

469 3478 578 3549 (79)
609 3478 730 3533 Cic.
782 3478 951 3533 Ofﬁc.
984 3479 1086 3533 lib.
1122 3495 1160 3538 ι.

399 3556 592 3605 autem
620 3551 748 3603 haec
774 3555 924 3604 aetas
955 3565 985 3603 a
1017 3549 1394 3619 libidinibus,
1421 3555 1532 3605 etc.
1552 3552 1638 3605 Ob
1657 3552 1839 3606 verba
1867 3555 2063 3605 autem

398 3619 790 3702 ambrosiana
814 3620 1367 3702 Magdeburgenses
1386 3621 1559 3702 Cent._
1569 3639 1647 3691 1v,
1664 3638 1793 3692 cap.
1810 3623 1897 3702 10,
1920 3623 2064 3676 Doc-

398 3695 587 3764 torem
618 3692 1360 3764 nostrum_insimularunt,
1390 3694 1565 3764 quod
1609 3695 2060 3764 secundasinu-

398 3763 552 3834 ptias
583 3763 853 3834 videatur
882 3762 1180 3816 damnare.
1206 3764 1323 3816 Sed
1343 3762 1443 3817 illa
1470 3765 1564 3818 vel
1595 3764 1666 3817 de
1697 3763 2063 3834 quibuslibet

399 3833 743 3888 christianis
788 3833 942 3887 dicto
974 3836 1344 3903 putaverunt,
1380 3837 1437 3888 et
1474 3835 1563 3888 sic
1602 3833 1862 3889 auctoris
1895 3850 2061 3888 men-

400 3908 517 3958 tem
540 3918 659 3958 non
676 3903 986 3975 pervidcre
1013 3919 1027 3971 ;
1052 3904 1146 3957 vel
1170 3904 1240 3957 de
1262 3906 1411 3958 solis
1434 3905 1668 3959 clericis
1686 3908 2059 3975 acceperunt,

396 3978 462 4029 ut
490 3989 554 4046 re
585 3990 726 4028 vera
757 3974 1100 4046 accipienda
1134 3978 1292 4046 sunt,
1325 3977 1502 4046 atque
1532 3975 1611 4030 ita
1641 3991 1759 4029 non
1793 3974 1850 4029 in
1880 3974 2064 4029 unum

400 4044 807 4113 Ambrosium,
833 4045 939 4098 sed
969 4045 1028 4097 in
1050 4044 1378 4098 Ecclesiam
1399 4044 1737 4100 universam
1758 4047 1967 4100 recidit
1995 4062 2065 4100 ea

401 4115 764 4196 criminatio...
803 4115 1424 4196 Siquidem.digamiae
1464 4116 1943 4196 impedimentum
1990 4118 2064 4196 ad

401 4201 610 4241 sacros
641 4186 880 4240 ordines
912 4186 1391 4256 antiquissimum
1422 4190 1514 4241 est
1531 4187 1810 4256 omnium,
1836 4192 1899 4241 ut
1929 4191 2063 4257 pote

398 4257 460 4311 in
492 4257 641 4327 ipsis
674 4257 1047 4328 Apostoliad
1094 4256 1463 4311 Timotheum
1498 4273 1566 4311 ac
1611 4257 1802 4312 Titum
1833 4256 2063 4328 praece-

398 4329 517 4398 ptis
551 4328 892 4382 stabilitum.
940 4327 1015 4381 At
1055 4327 1208 4380 enim
1257 4329 1468 4381 mirum
1499 4327 1763 4398 profecto
1795 4329 2064 4384 videatur

399 4399 542 4470 illud
574 4400 650 4470 ita
682 4398 931 4470 intelligi
959 4400 1347 4470 non_ta_ntum
1393 4399 1465 4453 ab
1517 4399 1918 4470 heterodoxis,
1955 4401 2063 4455 sed

401 4469 757 4541 quibusdam
789 4468 964 4541 etiam
1002 4468 1330 4541 catholicis,
1364 4468 1536 4540 quasi
1584 4470 1729 4523 nihil
1774 4471 1929 4525 aliud
1960 4488 2061 4525 sa-

402 4540 523 4594 eris
554 4541 843 4595 ministris
874 4540 1275 4609 interdicatur,
1297 4541 1414 4593 nisi
1442 4540 1823 4610 plurimarum
1855 4542 2062 4596 eodem

400 4613 662 4679 tempore
694 4627 945 4665 uxorum
975 4626 1143 4664 usus.
1178 4610 1359 4675 Quasi
1391 4627 1533 4665 vero
1572 4612 1630 4664 in
1661 4611 1932 4667 Ecclesia
1960 4630 2063 4667 un-

403 4696 578 4753 quam
604 4682 698 4753 vel
730 4682 878 4752 ipsis
898 4682 1065 4735 laicis
1088 4682 1381 4751 permissa
1406 4681 1581 4736 fuerit
1599 4682 1943 4753 hujusmodi
1961 4700 2064 4753 po-

399 4749 655 4820 lygamia
677 4753 705 4805 ?
736 4749 852 4806 Sed
881 4768 1000 4807 non
1045 4749 1137 4805 est
1185 4753 1615 4807 immorandum
1662 4749 1721 4806 in
1761 4769 1830 4808 eo
1862 4749 2063 4809 errore

402 4821 732 4892 refutando,
767 4823 867 4892 qui
898 4826 1014 4875 tota
1053 4823 1485 4878 ecclesiastica)
1529 4824 1875 4878 traditiomis
1906 4826 2063 4879 serie

402 4891 800 4966 invictissime
827 4894 1191 4966 proﬂigatur.
1225 4893 1330 4947 Est
1359 4898 1552 4949 autem
1586 4895 1741 4950 aliud
1774 4896 1932 4966 quod
1955 4896 2063 4950 do-

404 4965 601 5016 ctores
633 4962 908 5035 antiquos
940 4962 1338 5035 in‘opiniones
1371 4966 1640 5020 diversas
1673 4962 1865 5035 scidit,
1901 4966 2066 5020 nimi-

401 5049 533 5107 rum
563 5037 759 5107 utrum
793 5033 899 5107 qui,
934 5034 1105 5087 aliam
1142 5035 1462 5107 conjugem
1506 5041 1638 5091 ante
1681 5033 2059 5107 baptismum,

402 5103 572 5180 aliam
589 5103 720 5180 jam
744 5103 1073 5180 baptizatus
1104 5103 1456 5180 accepisset,
1476 5103 1778 5180 digamiae‘
1804 5109 1937 5180 lege
1970 5103 2061 5162 te?-

402 5178 661 5229 neretur.
695 5175 967 5229 Afﬁrmat
998 5176 1094 5229 hic
1124 5181 1179 5230 ct
1211 5178 1384 5233 epist.
1417 5179 1488 5231 ad
1528 5175 1777 5233 Vercell.
1815 5175 2063 5233 Ambro-

403 5245 553 5320 sius:
590 5245 988 5320 Hieronymus
1032 5263 1174 5301 vero
1204 5245 1368 5320 lib._i
1406 5249 1466 5300 in
1501 5247 1717 5318 Jovin.,
1755 5251 1926 5319 epist.
1972 5249 2062 5320 83,

402 5316 478 5371 ad
512 5315 748 5390 Ocean.,
780 5315 839 5390 et
883 5318 945 5390 in
982 5334 1110 5388 cap.
1143 5336 1160 5372 ι
1192 5319 1267 5390 ad
1321 5317 1506 5390 Titum
1557 5315 1752 5390 negat.
1790 5315 2063 5376 'Primum

401 5387 592 5462 secuti
611 5392 748 5462 su_nt
768 5387 1158 5462 fidelissimus
1181 5388 1315 5459 ejus
1334 5387 1666 5462 discipulus
1685 5392 2062 5462 Augustinus

398 5456 502 5531 lib.
540 5458 615 5513 de
661 5459 826 5531 Bono
867 5460 1098 5531 conjug.
1145 5456 1272 5530 cap.
1324 5460 1409 5527 18,
1444 5456 1603 5514 num.
1636 5460 1738 5515 21:
1783 5456 1982 5517 lnnoc.
2017 5464 2060 5519 Ι.

398 5530 574 5603 epist.
599 5544 668 5603 ac
688 5529 942 5603 Maced.,
969 5529 1102 5602 quae
1125 5529 1415 5603 in_codice
1434 5545 1724 5603 canonum
1740 5531 2065 5603 Quesnellii

396 5600 544 5659 cura
570 5600 728 5657 edito
760 5600 1077 5658 exhibetur
1105 5603 1162 5657 et
1192 5601 1312 5657 Leo
1343 5602 1517 5658 etiam
1546 5601 1590 5664 Ι.
1621 5602 1854 5659 duabus
1886 5606 2060 5664 epist.

399 5642 1089 5762 ξὶὶῆιῖῖιιὲἷὲἵὲϊῐὶι
1106 5642 1323 5737 Ἄηῐέῐ.
1339 5642 1854 5759 ’ἷτῐὲὶιὶὲἰῖἓρἷἆῖ
1878 5642 2060 5740 ἔῆὁῖπέ

1193 3496 1329 3549 pag.
1375 3480 1500 3549 368,
1545 3480 1646 3534 lin.
1683 3480 1751 3535 8:
1798 3481 2062 3535 Maxime

2178 3125 2542 3183 summorum
2571 3125 2915 3197 pontiﬁcum
2962 3126 3226 3181 definitio
3258 3127 3317 3180 in
3366 3125 3638 3180 Ecclesia
3682 3127 3857 3182 occi-

2177 3199 2394 3252 dentali
2425 3198 2577 3267 apud
2612 3211 2819 3268 omnes
2848 3197 2925 3267 (si
2954 3213 3134 3250 unum
3164 3200 3261 3251 aut
3278 3197 3525 3251 alterum
3547 3198 3852 3268 excipias)

2174 3270 2456 3339 deinceps
2479 3268 2750 3325 obtinuit.
2772 3267 2920 3323 Sunt
2956 3271 3149 3322 autem
3171 3268 3280 3321 viri
3306 3268 3519 3339 eruditi
3555 3269 3651 3339 qui
3684 3267 3855 3338 apud

2170 3338 2498 3395 Orientales
2558 3339 2902 3410 Hieronymi
2959 3340 3223 3393 valuisse
3273 3338 3623 3393 sententiam
3671 3346 3855 3394 autu-

2170 3416 2352 3479 ment,
2385 3410 2543 3464 ducti
2574 3412 2951 3479 potissimum
2982 3410 3461 3464 adnotationibus
3492 3410 3750 3479 Zonarae_
3769 3427 3855 3466 ac

2167 3482 2540 3536 Balsamonis
2572 3483 2631 3535 in
2663 3497 2790 3535 can.
2828 3481 2889 3535 17
2941 3480 3365 3551 apostolorum,
3416 3497 3591 3552 quem
3641 3481 3859 3551 ipsum

2165 3556 2367 3622 aperte
2401 3553 2760 3622 Hieronymo
2794 3552 2993 3606 favere
3023 3553 3382 3606 existimant.
3419 3552 3858 3609 Verumtamen

2162 3623 2318 3695 idem
2349 3624 2446 3676 ille
2474 3638 2683 3695 canon
2723 3623 2943 3695 nullam
2988 3623 3258 3695 conjugii
3305 3626 3437 3695 ante
3490 3626 3857 3693 susceptum

2160 3694 2451 3763 baptisma
2468 3694 2594 3747 initi
2608 3693 2746 3747 facit
2774 3693 3147 3749 mentionem.
3189 3693 3263 3747 Et
3280 3697 3341 3747 ut
3367 3694 3575 3748 demus
3598 3710 3861 3749 eorum-

2162 3765 2295 3819 dem
2322 3768 2649 3833 auctorum,
2680 3765 2777 3835 qui
2811 3766 2986 3819 ctiam
3014 3781 3132 3819 non
3162 3765 3235 3819 de
3281 3763 3587 3836 conjugio,
3622 3766 3732 3819 sed
3765 3767 3855 3822 de

2161 3836 2422 3906 peccatis
2473 3836 2945 3906 regenerationis
2994 3838 3429 3890 sacramentum
3475 3836 3856 3891 anteceden-

2165 3907 2327 3961 tibus
2368 3906 2708 3976 loquuntur,
2744 3922 2872 3960 eam
2902 3922 3034 3977 quae
3067 3907 3216 3976 ipsis
3247 3907 3544 3976 tribuitur,
3578 3911 3853 3963 mentem

2166 3993 2305 4031 esse
2336 3993 2351 4045 ς
2380 3980 2575 4031 tamen
2599 3978 2739 4047 quid
2771 3977 2889 4048 ipsi
2920 3976 3201 4046 sentiant,
3237 3992 3354 4030 non
3386 3976 3525 4047 quid
3556 3977 3858 4035 universa

2166 4048 2423 4102 Orientis
2470 4048 2757 4115 Ecclesia,
2807 4064 2913 4103 eos
2957 4049 3162 4103 testari
3207 4048 3652 4102 contendemus.
3686 4048 3857 4113 Quis

2169 4120 2325 4173 enim
2356 4119 2555 4172 credat
2599 4123 2985 4173 memoratum
3034 4120 3345 4173 Doctorem
3377 4118 3431 4172 si
3472 4121 3556 4172 tot
3583 4120 3857 4173 auxilia-

2169 4191 2337 4244 ribus
2395 4190 2582 4259 copiis
2640 4190 2857 4244 fuisset
2914 4190 3278 4259 succinctus,
3331 4189 3477 4243 adeo
3517 4188 3718 4245 timide
3779 4191 3859 4247 in

2170 4261 2367 4330 priore
2394 4260 2685 4333 adversus
2719 4260 2996 4333 Rufinum
3040 4261 3331 4332 Apologia
3375 4275 3848 4333 responsurum,

2089 4362 2143 4423 D
2174 4334 2240 4423 υἱ
2249 4330 2479 4423 9133‘}
2488 4330 3852 4423 QPFaffumfi‘i‘ief‘FPF.‘-iﬁnt‘inflf‘ﬂgui‘iif‘“

2176 4419 2306 4456 rum
2320 4402 2538 4457 haeresi
2549 4405 2770 4457 tantum
2784 4418 2901 4456 non
2914 4405 3279 4471 accenseret,
3296 4402 3355 4473 in
3381 4402 3634 4473 allegato
3655 4418 3857 4473 opere

2174 4473 3218 4545 animostemittensitascriberet:
3268 4496 3289 4519 ει
3324 4472 3439 4526 Sed
3485 4472 3855 4545 interrogati

2173 4560 2205 4597 a
2255 4543 2744 4616 fratribusﬂquid
2794 4544 3344 4616 nobisvideretur,
3390 4543 3850 4616 respondimus,

2170 4614 2316 4668 nulli
2342 4614 2801 4685 przejudicantes
2832 4615 3005 4685 sequi
3034 4615 3191 4685 quod
3234 4614 3393 4668 velit.
3426 4630 3536 4669 nec
3583 4614 3853 4671 alterius

2169 4685 2469 4739 decretum
2501 4689 2703 4739 nostra
2736 4686 3025 4739 sententia
3076 4685 3510 4757 subvertentes.
3550 4706 3589 4757 n_
3623 4686 3857 4757 Neque

2165 4771 2312 4827 vero
2335 4771 2468 4827 cum
2492 4771 2724 4827 omnem
2748 4757 3031 4810 mundum
3050 4756 3289 4826 plenum
3312 4771 3449 4809 esse
3487 4755 3857 4827 hujusmodi

2166 4826 2636 4880 ordinationibus
2660 4827 2827 4896 prius
2851 4829 3284 4896 asseverasset,
3306 4827 3401 4880 hic
3414 4826 3601 4881 verba
3624 4843 3736 4882 sua
3761 4830 3857 4885 ad.

2165 4897 2506 4972 sacerdotes
2531 4898 2849 4972 nonnullos
2870 4899 3274 4972 restringeret.
3300 4896 3461 4972 Nihil
3495 4900 3688 4972 autem
3712 4901 3860 4972 agit

2165 4968 2523 5041 Eranciscus
2554 4985 2593 5041 ξι,
2639 4969 2931 5041 Messana,
2965 4968 3115 5041 dum'
3155 4969 3269 5041 hoc
3302 4969 3603 5041 Ambrosii
3652 4968 3851 5041 atque

2164 5039 2510 5109 Hieronymi
2541 5038 2853 5093 dissidium
2885 5038 3307 5110 metaphysicis
3331 5039 3687 5110 quibusdam
3711 5038 3857 5097 dis-

2163 5110 2550 5183 tinctionibus
2581 5110 2784 5183 nititur
2832 5109 3186 5183 conciliare;
3222 5109 3367 5183 non;
3389 5112 3545 5164 enim
3573 5115 3853 5183 argutiis

2162 5183 2278 5234 tam
2310 5181 2620 5235 manifesta
2646 5181 2867 5235 tollitur
2895 5182 3310 5250 discrepantia.
3333 5180 3625 5236 Caeterum
3653 5180 3859 5241 ‘haud

2165 5251 2337 5326 facile
2356 5252 2533 5326 alium
2557 5252 2615 5326 in
2650 5252 2939 5326 Patribus
2972 5253 3288 5326 Ambrosio
3311 5254 3859 5326 vetustioremqui

2166 5322 2235 5396 de
2260 5323 2368 5396 hac
2390 5323 2643 5396 digamia
2658 5323 2986 5392 scripserit,
3008 5323 3364 5396 invenimus.
3387 5323 3532 5396 Nam
3557 5340 3672 5395 quo
3692 5322 3855 5396 jure

2165 5393 2236 5466 ad
2259 5393 2679 5448 Tertullianum
2701 5395 3071 5448 revocaverit
3091 5393 3403 5464 Spincaeus
3440 5393 3593 5449 hanc
3621 5393 3853 5466 quies-

2165 5465 2403 5538 tionem,
2426 5481 2543 5519 non
2559 5466 2705 5538 satis
2729 5468 2977 5538 constat,
2996 5481 3128 5519 cum
3148 5482 3178 5519 e
3195 5466 3489 5538 contrario
3512 5465 3859 5538 diga’miarn

2166 5536 2460 5607 eximarito
2484 5538 2615 5591 ante
2635 5536 2992 5607 baptismum
3015 5539 3372 5591 contractam
3389 5536 3855 5600 viduis—obesse

2163 5606 2419 5681 noluerit
2441 5607 2597 5681 idem
2620 5606 2716 5681 ille
2740 5606 3034 5681 Pater‘lib.
3074 5607 3148 5664 de
3169 5608 3543 5681 Monogainia
3566 5624 3700 5681 cap.
3739 5609 3815 5667 11
3830 5656 3856 5674 .

2240 5676 2352 5764 (80)
2384 5678 2837 5740 Ambrosiamus
2866 5678 2963 5741 hic
2993 5678 3164 5743 locus
3202 5694 3312 5765 pro
3344 5676 3605 5743 clericali
3636 5676 3860 5749 conti-
