4128 6132
264 219 464 319 ’105

1287 251 1395 317 DE
1437 249 1793 314 OFFICIIS
1838 248 2448 315 MINISTRORUM
2498 249 2753 313 LIBER
2794 250 2844 313 Ι.

3644 250 3790 317 ,ΙαΞ

361 454 481 527 gali,
510 451 656 507 sacri
689 452 1004 509 ministerii
1052 451 1303 524 gratiam
1328 451 1643 521 recepistis
1671 452 1699 505 ‘2
1731 448 1897 515 Quod
1927 465 1998 505 eo
2027 452 2089 527 Α
2126 454 2185 506 et
2204 465 2385 522 super
2414 465 2766 522 qumcunque
2798 455 2934 505 sunt
2956 451 3017 505 in
3038 449 3183 522 ipso.
3211 449 3335 523 Ipsi
3355 448 3563 507 tollant
3586 450 3787 508 taber-

357 558 459 597 non
486 541 757 612 praeterii,
792 542 929 612 quia
972 542 1029 595 in
1060 540 1364 611 plerisque
1410 540 1802 595 abditioribus
1848 538 1998 593 locis

358 647 472 685 cum
501 630 893 684 ministerium
922 632 1226 702 gererent,
1259 629 1353 684 vel
1383 629 1556 683 etiam
1578 628 1998 696 sacerdotium,

354 720 491 774 ﬁlios
521 721 912 788 susceperunt
945 733 957 772 :
992 722 1047 772 et
1076 718 1137 772 id
1160 721 1437 789 tanquam
1458 734 1571 772 usu
1590 717 1775 771 veteri
1798 716 2004 771 defen-

354 809 497 876 dunt,
527 807 758 878 quando
788 822 895 877 per
911 806 1215 861 intervalla
1247 807 1476 860 dierum
1499 805 1861 859 sacrificium
1892 805 1999 859 de-

352 896 664 965 ferebatur;
714 899 772 949 et
802 899 995 949 tamen
1046 895 1485 949 castificabatur
1528 894 1703 949 etiam
1740 893 1998 964 pepulus

349 1002 442 1056 per
467 985 705 1038 biduum
734 987 832 1038 aut
852 984 1111 1038 triduum
1138 1025 1152 1053 ,
1201 986 1265 1037 ut
1293 982 1367 1037 ad
1405 983 1764 1037 sacrificium
1812 998 1997 1052 purus

355 1072 665 1140 accederet,
708 1075 770 1127 ut
803 1073 862 1127 in
894 1072 1091 1127 Veteri
1115 1072 1490 1128 Testamento
1512 1071 1767 1142 legimus
1780 1070 1997 1140 (Exod.

347 1178 455 1230 XIX,
489 1161 609 1230 £0);
641 1165 697 1215 et
729 1160 1002 1215 lavabant
1050 1160 1400 1215 vestimenta
1448 1175 1576 1214 sua.
1623 1159 1685 1214 Si
1718 1159 1777 1214 in
1810 1160 1999 1231 figura

345 1252 483 1305 tanta
518 1250 917 1317 observantia,
963 1252 1179 1320 quanta
1219 1250 1314 1312 67
1349 1249 1407 1303 in
1441 1249 1735 1303 veritate?
1779 1248 1955 1303 Disce
1981 1290 1994 1317 ,

346 1338 610 1393 sacerdos
633 1342 808 1410 atque
840 1338 1063 1407 Leviia,
1114 1337 1255 1408 quid
1295 1337 1373 1392 sit
1419 1337 1615 1391 lavare
1647 1336 1997 1391 vestimenta

342 1429 425 1481 tua
442 1427 794 1482 utmundum
825 1443 1044 1497 corpus
1075 1425 1458 1481 celebrandis
1487 1424 1776 1481 exhibeas
1797 1441 1996 1480 sacra-

342 1516 555 1570 mentis.
604 1516 669 1570 Si
700 1515 955 1586 populus
990 1515 1121 1570 sine
1161 1514 1459 1569 ablutionc
1508 1515 1995 1569 vestimentorum

343 1621 567 1659 suorum
614 1605 1043 1675 prohibebatur
1088 1604 1372 1659 accedere
1408 1604 1481 1657 ad
1522 1603 1776 1657 hostiam
1805 1619 1994 1673 suam,

339 1696 391 1748 tu
420 1693 619 1748 illotus
651 1697 845 1749 mente
876 1693 1098 1764 pariter
1129 1698 1186 1748 et
1215 1708 1466 1763 corpore
1512 1692 1696 1746 audes
1726 1708 1833 1763 pro
1865 1692 1997 1746 aliis

340 1783 683 1853 supplicare,
726 1782 913 1836 audes
953 1782 1085 1835 aliis
1136 1782 1473 1836 ministrare
1504 1781 1621 1851 (81)
1659 1782 1688 1835 ει

406 1871 524 1925 243.
549 1872 687 1926 Non
707 1871 1005 1925 mediocre
1027 1870 1287 1925 officium
1306 1870 1665 1940 Levitarum,
1686 1869 1757 1924 de
1780 1869 1996 1940 quibus

340 1960 465 2014 dicit
481 1961 771 2015 Dominus
789 1976 801 2015 :
819 1959 1153 2031 Ecce-eligo
1183 1961 1267 2015 Le
1281 1960 1430 2014 vitas
1441 1960 1516 2015 de
1529 1959 1722 2015 medio
1745 1959 1996 2013 filiorum

345 2048 523 2105 Israel
542 2065 661 2121 pro
673 2050 832 2103 omni
842 2050 947 2121 pri
952 2049 1246 2120 mogenito
1276 2049 1586 2120 aperiente
1612 2047 1838 2102 vulvam
1851 2048 1997 2102 [iliis

349 2136 560 2193 Israel:
580 2138 1030 2209 redemptioues
1043 2153 1243 2192 eorum
1257 2144 1433 2192 erunt
1449 2138 1640 2206 isti,ct
1654 2143 1829 2191 erunt
1850 2137 1999 2191 mihi

341 2227 415 2282 Le
426 2229 575 2282 vitae.
587 2227 745 2282 Milli
758 2227 913 2281 enim
931 2225 1238 2281 sancti/ica
1250 2227 1307 2279 vi
1311 2226 1651 2298 primogeni
1656 2232 1772 2279 tum
1785 2226 1846 2280 in
1866 2231 1993 2281 ter-

338 2333 397 2369 ra
431 2316 693 2389 Egypti
714 2316 893 2385 (Num
908 2332 987 2369 ιιι.
1015 2314 1082 2369 12
1102 2315 1283 2385 ett3).
1299 2314 1702 2386 Cognovimus
1723 2315 1858 2386 quia
1876 2330 1993 2370 non

337 2404 478 2459 inter
491 2408 750 2459 caeteros
766 2404 988 2458 Levitae
1007 2403 1548 2473 computantur,sed
1565 2403 1839 2458 omnibus
1853 2420 1996 2474 prae-

339 2492 621 2561 feruntur,
657 2492 757 2564 qui
800 2492 1101 2563 eliguntur
1126 2509 1200 2547 ex
1221 2492 1517 2561 omnibus,
1538 2496 1596 2547 et
1621 2492 1993 2547 sanctifican-

336 2585 461 2636 tur:
489 2587 549 2636 ut
569 2582 970 2653 primogenita
1010 2582 1306 2637 fructuum
1344 2584 1518 2653 atque
1548 2581 1820 2651 primitiae
1859 2597 1992 2653 quae

336 2670 569 2725 Domino
600 2671 974 2740 deputantur,
989 2672 1047 2724 in
1068 2670 1288 2742 quibus
1303 2673 1394 2725 est
1409 2673 1681 2725 votorum
1704 2670 1918 2725 solutio
1937 2673 1994 2725 et

330 2759 644 2830 redemptio
667 2763 1067 2830 peccatorum.
1090 2759 1225 2814 Non
1243 2760 1521 2830 accipies,
1548 2759 1756 2831 inquit,
1777 2775 1879 2815 eos
1894 2759 1991 2813 in-

330 2852 415 2902 ter
427 2848 588 2903 filios
610 2847 837 2906 Israel:
856 2848 966 2903 sed
978 2847 1307 2903 constitues
1328 2848 1410 2903 Le
1423 2849 1575 2903 vitas
1594 2863 1776 2920 super
1798 2847 1993 2903 taber-

330 2936 581 2992 naculum
606 2937 952 3007 testimonii,
969 2942 1026 2993 et
1039 2952 1220 3009 super
1232 2936 1424 2991 omnia
1453 2952 1590 2991 vasa
1604 2936 1736 3009 ejus
1757 2941 1982 3009 astare,

327 3081 507 3134 nentia
532 3083 655 3133 tam
678 3079 877 3133 clarus
909 3081 1144 3149 tamque
1180 3080 1419 3149 apertus
1455 3080 1565 3148 est,
1599 3082 1661 3133 ut
1689 3076 1989 3134 Centutia-

327 3156 473 3206 tores
495 3151 715 3206 iisdem
735 3151 901 3204 Cent.
920 3154 986 3220 et
1018 3166 1144 3219 cap.
1179 3166 1358 3220 supra
1391 3151 1485 3205 cit.
1504 3150 1574 3203 ad
1599 3150 1806 3205 solitas
1828 3156 1986 3205 artes

328 3222 643 3294 confugere
677 3223 867 3294 coacti
904 3219 1149 3294 fuerint,
1192 3219 1270 3274 id’
1300 3224 1410 3290 est,
1460 3225 1759 3294 auctorem
1791 3224 1987 3294 ipsum

326 3293 380 3346 in
412 3292 541 3347 falsi
573 3293 876 3365 dogmatis
913 3293 1136 3365 crimen
1182 3307 1419 3346 vocare.
1474 3293 1649 3365 Atqui
1695 3292 1809 3365 hoc
1856 3293 1987 3348 loco

330 3380 434 3418 non
465 3362 874 3436 legislatorem
905 3363 1027 3436 agit
1068 3366 1311 3436 sanctus
1351 3362 1602 3432 praesul,
1641 3364 1742 3436 qui
1769 3379 1988 3418 novum

333 3433 678 3491 clericorum
710 3434 1046 3489 cervicibus
1061 3433 1546 3505 jugumimponat
1571 3449 1583 3488 :
1611 3435 1716 3488 sed
1733 3439 1986 3505 receptae

331 3509 489 3577 atque
550 3506 776 3561 inolitae
820 3505 1234 3577 consuetudini
1287 3505 1513 3577 praebet
1562 3506 1983 3577 testimonium.

333 3575 645 3648 Enimvero
688 3593 863 3648 quam
899 3576 1262 3648 universalis
1315 3576 1415 3648 illa
1468 3576 1648 3648 fuerit
1692 3592 1986 3648 quamque

330 3646 481 3702 ﬁrma
511 3648 607 3704 vel
633 3646 748 3702 hoc
780 3648 927 3701 satis
960 3647 1195 3715 indicat,
1235 3647 1393 3718 quod
1422 3662 1539 3701 non
1570 3647 1687 3701 nisi
1725 3649 1786 3701 in
1817 3646 1985 3703 alfdi-

332 3719 573 3791 tioribus
603 3719 772 3788 locis,
808 3718 1135 3791 quosolent
1155 3718 1592 3791 vitiagquaarere
1620 3719 1978 3791 perfugium,

326 3789 743 3859 invenirentur,
778 3788 877 3860 qni
917 3789 1245 3842 institutum
1277 3788 1419 3842 illud
1466 3790 1690 3843 violare
1732 3788 1982 3845 attenta?-

328 3866 460 3930 rent.
515 3861 762 3916 Accedit
809 3864 1094 3930 praeterea
1134 3860 1292 3930 quod
1342 3860 1440 3914 isti
1470 3875 1588 3914 non
1634 3860 1813 3914 ullam
1845 3862 1985 3916 novi

328 3928 559 3987 foederis
592 3928 1020 4000 auctoritatem,
1063 3928 1179 3985 non
1217 3930 1571 4002 cujusquam
1614 3932 1845 3986 concilii
1882 3947 1983 3987 ca-

330 4018 555 4072 nonem,
587 4019 711 4058 non
745 4018 917 4057 usum
949 4001 1334 4072 quarumdam
1361 4001 1762 4057 Eaclesiarum
1785 4004 1844 4056 in
1875 4004 1982 4057 de-

331 4071 655 4128 fensionem
696 4071 1018 4128 efferebant
1053 4089 1221 4127 suam
1268 4088 1280 4128 :
1325 4074 1431 4127 sed
1478 4076 1699 4127 tantum
1750 4074 1981 4129 Veteris

326 4142 680 4200 Testamenti
711 4160 954 4199 morem.
994 4143 1119 4199 Hoc
1148 4146 1341 4199 autem
1358 4144 1846 4199 incontinentium
1865 4149 1981 4200 cle-

328 4215 576 4271 ricorum
596 4218 1065 4288 integumentum
1087 4215 1331 4287 egregie
1353 4215 1593 4288 discutit
1612 4220 1855 4288 sanctus
1875 4216 1983 4271 Do-

328 4290 460 4341 ctor.
496 4287 719 4360 Confer
736 4286 920 4360 etiam
950 4286 1267 4360 quaeidein
1290 4302 1474 4360 super
1500 4286 1612 4342 hoc
1641 4287 1772 4358 ipso
1805 4303 1981 4360 argu-

324 4362 507 4413 mento
540 4359 803 4428 disputat
834 4359 1006 4428 epist.
1033 4359 1108 4411 ad
1149 4357 1584 4412 Vercellenses.

391 4429 499 4499 (81)
527 4429 688 4483 Edit.
722 4444 855 4482 cum
886 4445 1033 4482 mss.
1058 4429 1299 4500 aliquot,
1333 4428 1542 4500 laudes
1557 4445 1669 4500 pro
1698 4428 1838 4483 aliis
1866 4430 1981 4484 mi-

328 4498 610 4572 nistrare.
665 4500 895 4572 Melius,
925 4501 987 4572 in
1028 4498 1175 4572 aliis
1210 4499 1482 4570 pluribus
1532 4498 1980 4572 potioribusque

2024 1833 2079 1900 Β

331 4570 603 4625 omittitur
642 4571 1006 4641 praepositio.
1045 4570 1113 4624 Et
1143 4566 1277 4640 po—st
1309 4572 1460 4625 duos
1480 4566 1697 4625 versus
1729 4573 1832 4625 ubi
1861 4566 1974 4627 v'et.
1997 4566 2056 4632 D

331 4641 457 4695 edit.
491 4658 627 4696 cum
660 4657 805 4696 mss.
840 4641 1135 4708 omnibus,
1168 4641 1330 4696 Ecce
1353 4642 1509 4713 eligo
1540 4642 1803 4710 Levitas,
1842 4647 1977 4712 etc.,

328 4716 447 4765 eota
464 4713 637 4785 Rom.
661 4713 822 4785 edit.,
846 4713 1007 4785 Ecce
1029 4713 1139 4766 tuli
1167 4728 1274 4785 ego
1287 4713 1534 4767 Levites
1555 4713 1616 4766 in
1629 4714 1822 4769 medio
1833 4715 1981 4769 lilio-

327 4798 446 4855 rum
484 4783 717 4849 Israel;
750 4783 1437 4855 redemptiones‘eorum
1480 4792 1674 4853 erunt,
1721 4790 1780 4839 et
1810 4790 1983 4840 erunt

327 4854 466 4907 milii
479 4855 729 4909 Levitze.
763 4855 919 4909 Mihi
926 4854 1105 4927 enim
1121 4870 1198 4908 ex
1214 4870 1322 4927 quo
1345 4855 1445 4927 die
1467 4857 1747 4926 percussi
1755 4858 1980 4927 primo-

325 4927 583 4998 genitum
597 4927 659 4989 in
691 4932 857 4980 terra
882 4926 1158 4998 (Egypti,
1177 4926 1492 4998 sanctiﬁca
1504 4928 1561 4979 vi
1583 4926 1982 4998 omneprimo-

326 4997 583 5064 genitum
615 4998 677 5050 in
700 4998 856 5051 omni
875 4996 1080 5051 Israel.
1107 4996 1435 5050 Nobiscum
1458 5000 1652 5051 autem
1682 4996 1828 5051 satis
1849 5014 1984 5052 con-

328 5069 578 5121 sentiunt
610 5068 842 5139 paginae
886 5083 1096 5135 sacrae,
1130 5067 1242 5121 nisi
1277 5067 1434 5138 quod
1466 5068 1723 5121 ultimam
1757 5073 1981 5139 partem

328 5152 491 5206 quam
517 5142 876 5193 contractam
921 5139 1161 5193 exhibet
1179 5139 1553 5208 Ambrosius,
1579 5139 1692 5194 illae
1713 5141 1885 5209 paulo
1901 5141 1984 5194 fu-

326 5209 443 5263 sius
476 5209 809 5283 dilatantin
850 5210 1189 5283 liaecgverba
1225 5225 1238 5264 :
1281 5210 1437 5283 Mihi
1468 5211 1623 5283 enim
1655 5226 1823 5266 omne
1846 5212 1981 5283 pri-

324 5282 696 5353 mogenitum.
721 5280 782 5334 In
806 5296 911 5353 qua
931 5280 1029 5335 die
1047 5282 1324 5353 percussi
1345 5297 1433 5353 om
1444 5296 1513 5353 ne
1521 5280 1981 5353 primogenitum

326 5365 386 5428 in
406 5358 571 5428 terra
593 5350 866 5428 zEgypti,
900 5351 1214 5407 sanctifica
1228 5353 1284 5407 vi
1308 5352 1458 5406 mihi
1489 5350 1658 5409 omne
1677 5350 1982 5428 primoge-

328 5422 506 5475 nitum
531 5424 589 5476 in
621 5422 827 5478 Israel.

390 5492 772 5567 (82)A_Erasm.
809 5495 865 5549 in
894 5510 1087 5567 marg.
1122 5498 1177 5550 et
1207 5493 1338 5550 Gill.
1372 5494 1434 5550 in
1469 5511 1630 5567 corp.
1666 5509 1803 5553 cum
1832 5512 1979 5552 mss.

328 5563 644 5642 nonnullis,
676 5582 811 5621 vasa
842 5566 989 5639 ejus,
1025 5563 1236 5639 altare,
1263 5573 1321 5623 et
1350 5563 1771 5641 superfiiom.
1816 5569 1977 5642 edit.,

680 5644 736 5693 et
752 5652 953 5713 super.

333 5648 463 5691 vasa
496 5651 530 5692 e
562 5651 648 5706 us,
680 5648 736 5693 et
752 5652 953 5713 super.

311 5785 318 5794 ο
390 5705 502 5791 (88)
520 5653 663 5770 Duo
675 5722 846 5785 mss.,
873 5713 934 5768 ut
954 5707 1108 5769 bono
1133 5709 1732 5777 Leviteservaretur
1748 5716 1978 5797 mystea

608 5802 860 5879 Paxaea.
898 5806 1056 5879 XVI.

2125 538 2389 594 naculum
2421 545 2479 594 et
2500 540 2692 594 omnia
2729 555 2864 593 vasa
2889 539 3019 611 ejus
3045 537 3184 611 (82),
3221 545 3280 595 et
3300 540 3420 613 ipsi
3437 541 3787 596 ministrent

2125 628 2187 682 in
2219 644 2303 692 co,
2332 633 2390 683 et
2424 627 2485 682 in
2508 628 2762 682 circuitu
2787 627 3160 683 tabernacuii
3182 634 3381 683 castra
3403 629 3522 702 ipsi
3562 630 3787 685 consti-

2126 720 2307 781 tuant,
2346 722 2403 771 et
2429 716 2847 791 promovendo,
2878 716 3318 773 tabernaculum
3349 718 3468 790 ipsi
3495 717 3789 791 deponant

2121 805 2351 860 Levitze
2377 826 2393 860 :
2417 812 2476 859 et
2509 805 2921 860 constituendo
2947 812 3167 874 castra,
3204 822 3441 861 rursum
3473 807 3662 879 ipsum
3696 813 3788 862 ta-

2121 894 2503 949 bernaculum
2556 895 2671 965 ipsi
2719 899 3003 948 statuant.
3054 893 3413 966 Alienigena
3463 896 3788 970 quicunque

2122 984 2472 1053 accesserit,
2496 988 2687 1038 morte
2720 983 3013 1038 moriatur
3041 982 3241 1052 (Num.
3278 982 3329 1052 l,
3361 982 3430 1038 49
3452 990 3511 1038 et
3542 987 3712 1057 seq.).

2192 1071 2315 1125 250.
2349 1071 2437 1126 Tu
2476 1086 2621 1142 ergo
2644 1070 2871 1125 electus
2904 1087 2971 1125 es
2994 1086 3067 1125 ex
3087 1071 3244 1126 omni
3268 1086 3512 1127 numero
3533 1072 3786 1130 ﬁliorum

2123 1159 2323 1227 lsrael,
2359 1159 2510 1214 inter
2538 1174 2745 1213 sacros
2768 1159 2997 1213 fruetus
3020 1159 3189 1231 quasi
3210 1159 3639 1232 primogenitus
3675 1179 3789 1217 ωδε

2119 1249 2377 1318 timatus,
2395 1248 2751 1318 praepositus
2765 1247 3233 1318 tabernaculo,ut
3244 1249 3579 1319 praetendas
3593 1251 3652 1306 in
3665 1267 3791 1306 cas-

2120 1337 2229 1391 tris
2259 1338 2588 1391 sanctitatis
2621 1340 2675 1391 et
2701 1336 2855 1405 fidei,
2880 1337 2951 1392 ad
2975 1353 3107 1408 qua:
3130 1337 3183 1391 si
3205 1337 3538 1411 alienigena
3574 1356 3785 1395 acces-

2121 1427 2298 1495 serit,
2344 1430 2529 1481 morte
2576 1426 2888 1496 morietur,
2934 1426 3166 1497 positus
3219 1430 3279 1482 ut
3326 1428 3562 1499 operias
3590 1445 3787 1485 arcam

2121 1514 2500 1569 'l‘estamcnli.
2538 1514 2671 1569 Non
2710 1514 2865 1568 enim
2884 1530 3091 1569 omnes
3123 1514 3325 1570 vident
3345 1514 3460 1571 alta
3479 1518 3788 1589 mysterio-

2117 1620 2283 1672 rum,
2334 1603 2469 1675 quia
2519 1603 2865 1673 Oper-iuntur
2907 1618 2940 1657 a
2977 1603 3245 1675 Levitis;
3287 1620 3361 1659 ne
3405 1605 3643 1663 videant
3685 1608 3789 1680 qui

2118 1692 2323 1747 videre
2354 1708 2473 1746 non
2504 1692 2739 1761 debent,
2774 1695 2829 1746 et
2861 1696 3091 1747 sumant
3112 1694 3213 1765 qui
3235 1710 3479 1750 servare
3507 1711 3625 1751 non
3656 1713 3792 1769 pos-

2121 1783 2277 1834 sunt.
2312 1779 2552 1850 Moyses
2582 1779 2836 1851 denique
2874 1780 3391 1838 circumcisionem
3439 1783 3583 1840 vidit
3611 1785 3789 1857 spiri-

2120 1869 2371 1924 tualem:
2406 1869 2512 1923 sed
2545 1872 2776 1939 aperuit
2803 1885 2952 1939 eam,
2988 1874 3050 1924 ut
3078 1870 3139 1925 in
3167 1871 3343 1944 signo
3375 1871 3787 1930 circumcisio-

2122 1973 2255 2012 nem
2285 1957 2725 2029 praescriberet.
2759 1958 2916 2013 Vidit
2954 1975 3154 2031 azyma
3194 1960 3458 2017 veritatis
3488 1965 3547 2018 et
3593 1962 3789 2020 since-

2118 2047 2339 2117 ritatis,
2392 2046 2538 2100 vidit
2584 2047 2931 2117 passionem
2979 2048 3259 2106 Domini:
3302 2051 3534 2123 operuit
3566 2053 3787 2125 azymis

2119 2135 2531 2205 corporalibus
2569 2151 2771 2207 azyma
2813 2136 3114 2206 veritatis,
3174 2139 3405 2210 operuit
3441 2142 3788 2212 passionem

2120 2223 2372 2294 Domini,
2407 2224 2547 2296 agni
2568 2224 2659 2278 vel
2677 2224 2842 2279 vituli
2867 2225 3286 2282 immolatione.
3312 2227 3383 2282 Et
3402 2228 3542 2284 boni
3563 2229 3785 2286 Levita)

2120 2315 2511 2367 servaverunt
2533 2313 2879 2383 mysterium
2909 2312 3044 2385 (83),
3079 2314 3215 2370 ﬁdei
3237 2331 3366 2372 sua)
3388 2317 3647 2390 tegmine
3673 2334 3687 2389 ;
3729 2323 3787 2374 et

2117 2405 2180 2456 tu
2198 2401 2494 2456 mediocre
2523 2404 2695 2472 putas
2727 2401 2889 2472 quod
2926 2403 3313 2459 commissum
3355 2408 3447 2460 est
3476 2405 3631 2461 tibi?
3660 2407 3789 2462 Pri-

2117 2506 2277 2545 mum
2307 2492 2368 2544 ut
2388 2490 2503 2543 alta
2534 2489 2639 2544 Dei
2670 2490 2896 2561 videas,
2930 2491 3193 2562 quodest
3214 2492 3550 2564 sapientiae:
3571 2494 3784 2552 deinde

2117 2582 2181 2633 ut
2212 2578 2497 2634 excubias
2536 2594 2642 2649 pro
2674 2578 2891 2649 populo
2921 2579 3156 2635 deferas
3174 2581 3313 2653 (81),
3338 2583 3495 2654 quod
3528 2586 3622 2639 est
3644 2583 3785 2656 jus-

2119 2667 2291 2738 titiae;
2326 2672 2519 2723 castra
2549 2667 2865 2737 defendas,
2887 2667 3450 2745 tabernaculumque
3481 2672 3580 2737 68
3615 2676 3784 2729 tuea-

2118 2757 2224 2827 ris,
2251 2755 2408 2827 quod
2437 2759 2530 2811 est
2562 2755 2922 2811 fortitudinis
2957 2772 2969 2811 :
3011 2756 3267 2828 teipsum
3298 2760 3695 2818 continentem
3715 2778 3784 2819 ac

2117 2844 2386 2900 sobrium
2411 2848 2686 2916 praestes,
2721 2845 2879 2916 quod
2908 2848 3000 2900 est
3039 2849 3460 2918 temperantiae.

2186 2934 2310 2990 251.
2333 2933 2475 2988 limo
2490 2933 2771 2988 virtutum
2793 2949 3013 3004 genera
3032 2936 3378 3008 principalia
3410 2938 3523 3010 (85)
3554 2940 3785 2997 consti-

2114 3076 2269 3131 rium
2301 3076 2446 3131 ﬁdei
2478 3093 2600 3131 suae
2645 3083 2945 3148 tegmine;
2978 3093 3154 3144 unus,
3189 3084 3247 3134 et
3294 3079 3439 3136 boni
3480 3082 3778 3142 Levites...

2116 3164 2297 3203 serva
2308 3155 2520 3226 verunt
2540 3154 2598 3226 et
2621 3150 2880 3226 tegmina
2906 3164 2918 3203 :
2945 3150 3156 3226 reliqui
3170 3149 3520 3208 nosbiscum
3537 3153 3778 3226 faciunt,

2116 3220 2383 3295 exceptis
2415 3220 2622 3295 paucis
2652 3219 2889 3295 illisque
2935 3220 3195 3290 junioris
3234 3237 3473 3295 manus,
3515 3226 3616 3295 qui
3646 3219 3782 3281 cum

2116 3290 2269 3366 edit.
2282 3291 2511 3366 legunt,
2544 3291 2625 3344 Et
2654 3290 3124 3366 Ιιοηί-[ιθιτιεειρηἶ
3155 3292 3274 3366 sub
3292 3290 3705 3366 hoctegmi‘ne.

2186 3361 2615 3446 emes-51.0"
2634 3362 2839 3446 ,ραξςέν
2876 3361 3742 3446 ιιιθετουέιέξρρρυιρέοίθςςε·

2185 3431 2299 3503 (85)
2328 3433 2449 3487 Cie.
2481 3433 2581 3504 lib.
2626 3433 2650 3487 1
2708 3431 2877 3487 0flic.
2899 3473 2914 3501 ,
2946 3449 3082 3504 pag.
3117 3431 3386 3503 372,'1fn.
3423 3435 3492 3489 22
3527 3450 3539 3491 :
3580 3457 3601 3485 α
3629 3437 3779 3494 Nam

2115 3518 2248 3558 cum
2280 3504 2475 3558 omnis
2518 3503 2878 3577 honestas...
2929 3503 3127 3558 Placet
3168 3506 3351 3576 igitur
3383 3506 3609 3577 aptiora
3636 3523 3777 3564 esse

2113 3578 2337 3629 natura)
2370 3590 2437 3629 ea
2469 3574 2662 3647 officia
2697 3590 2832 3647 quae
2862 3589 2933 3628 ex
2968 3574 3403 3647 communitate,
3419 3574 3454 3625 ἶι
3489 3582 3602 3634 etc.
3634 3579 3776 3635 Cul-

2111 3649 2209 3722 pat
2240 3648 2432 3699 autem
2454 3645 2846 3722 philosophos
2867 3645 3225 3722 Ambrosius
3246 3645 3470 3718 noster,
3485 3650 3642 3722 quod
3649 3650 3675 3722 j
3685 3667 3779 3706 us-

2110 3717 2295 3770 titiam
2325 3732 2458 3792 quae
2480 3717 2554 3770 ad
2587 3716 3060 3792 communitatem
3092 3716 3552 3792 societatemque
3582 3716 3776 3777 hoini-

2112 3803 2251 3864 num
2274 3787 2548 3864 refertur,
2581 3787 3363 3864 anteposuerint‘sapientiaa
3388 3806 3400 3845 :
3436 3787 3568 3846 cum
3592 3791 3776 3864 hujus

2112 3858 2340 3913 initium
2373 3858 2501 3933 sive
2523 3874 2661 3933 pars
2700 3859 2884 3928 prima
2915 3858 2987 3912 ad
3020 3858 3195 3933 fidem
3225 3859 3606 3933 divinumque
3646 3858 3776 3919 c'ul-

2110 3932 2231 3983 tum
2265 3931 2570 3999 pertineat.
2600 3930 3013 3983 Verumtamen
3036 3931 3148 3984 hoc
3171 3931 3301 3986 loco
3330 3931 3392 3987 S.
3417 3930 3774 3991 Ambrosius

2111 4016 2482 4071 nequaquam
2511 4000 2746 4055 videtur
2775 4000 3081 4055 Ciceronis
3123 4002 3448 4057 doctrinam
3479 4005 3627 4060 satis
3665 4020 3775 4060 ex-

2109 4072 2548 4147 pendisse_._Hic
2580 4071 2851 4147 enimilli
2881 4073 2995 4126 soli
3015 4074 3363 4147 prudentiae,
3389 4091 3556 4147 quam
3577 4076 3778 4132 Graeci

2106 4147 2339 4224 φρόνησιν
2360 4143 2582 4224 dicunt,
2598 4142 2903 4224 justitiam
2924 4144 3183 4214 praefert,
3207 4160 3326 4200 non
3347 4142 3490 4201 vero
3510 4146 3593 4202 illi
3614 4148 3774 4218 prin-

2076 4282 2085 4287 _
2112 4223 2229 4293 cipi
2269 4223 2528 4277 omnium
2550 4223 2852 4291 virtutum,
2887 4239 3054 4296 quam
3074 4233 3256 4305 σοφίαν
3290 4225 3489 4281 Graeci
3515 4232 3730 4283 vocant
3756 4245 3769 4284 :

2111 4318 2243 4376 quae
2263 4319 2471 4376 rerum
2493 4309 2585 4358 est
2604 4303 2943 4376 divinarum
2964 4303 3540 4376 atque‘liumanarum
3576 4308 3771 4361 scien-

2110 4375 2214 4443 tia,
2249 4374 2310 4427 in
2334 4391 2441 4446 qua
2472 4375 2811 4429 continetur
2841 4374 3082 4429 deorum
3111 4382 3169 4430 et
3202 4376 3495 4431 hominum
3516 4391 3770 4431 commu-

2112 4447 2289 4512 nitas,
2325 4453 2383 4500 et
2414 4448 2672 4500 societas
2692 4448 2853 4500 inter
2881 4447 3059 4516 ipsos.
3088 4446 3201 4500 Ubi
3230 4447 3400 4501 vides
3436 4447 3770 4503 Divinitatis

2110 4517 2509 4587 cognitionem
2544 4532 2613 4570 ac
2637 4516 2944 4587 religionis
2976 4517 3171 4571 officia
3192 4517 3498 4587 sapientiai
3528 4517 3602 4571 ab
3630 4533 3769 4573 ora-

2107 4592 2231 4642 tore
2254 4588 2581 4667 accenseri.
2605 4587 2772 4652 Quod
2804 4603 2949 4657 poro
2968 4587 3138 4667 illam
3159 4592 3393 4667 φρόνησιν
3407 4587 3580 4658 jubet
3600 4593 3769 4661 post-

2106 4665 2534 4741 ponijustitiae,
2557 4682 2674 4721 non
2698 4667 2908 4741 mirum
2927 4666 2984 4720 id
3016 4665 3288 4741 cuiquam
3308 4667 3613 4741 videatur;
3637 4678 3771 4726 cum

2105 4739 2177 4812 ad
2244 4737 2396 4812 hanc
2461 4739 2635 4792 etiam
2683 4737 2941 4812 referat
2996 4737 3216 4791 cultum
3291 4737 3610 4812 divinum,'
3654 4745 3766 4799 etc.

2110 4808 2179 4883 Et
2210 4825 2367 4883 sane
2378 4809 2627 4883 ipsemet
2666 4808 3031 4883 Ambrosius
3053 4824 3406 4883 supracap.
3458 4808 3769 4883 impieta-

2108 4881 2223 4966 tem
2338 4880 2521 4966 Deum
2539 4879 2786 4950 justitiae
2814 4878 3079 4966 subjicit.
3102 4880 3267 4943 Quod
3298 4878 3769 4966 auten‘rpr'uden:

2107 4949 2777 5027 _tiae_dignitatem‘supra
2801 4949 3092 5020 justitiam
3113 4967 3196 5027 ex
3227 4968 3298 5027 eo
3328 4949 3574 5024 extollit,
3609 4957 3768 5027 quod

2106 5020 2309 5091 hujus
2329 5021 2425 5075 illa
2472 5022 2550 5075 sit
2580 5020 3048 5085 fundamentum,
3094 5023 3536 5080 fundamentum
3560 5020 3769 5082 autem

2110 5092 2536 5164 Cliristus,ipie
2570 5097 2625 5146 et
2657 5091 2977 5164 christiana
2999 5093 3053 5147 id
3078 5094 3337 5164 quidem;
3360 5112 3477 5151 non
3507 5097 3767 5154 absurde

2106 5166 2300 5238 tamen
2330 5163 2592 5238 Tullius,
2614 5179 2750 5235 pag.
2769 5163 2898 5238 3'72,
2927 5164 3132 5238 lin.g30
3161 5170 3216 5220 et
3246 5181 3398 5238 seq.,
3424 5168 3768 5224 societatem

2108 5234 2383 5312 omnibus
2416 5234 2633 5312 ofﬁciis
2655 5234 3116 5312 antecellereita
3148 5234 3428 5312 colligit},
3452 5262 3475 5287 «
3514 5239 3766 5312 Etenim,

2104 5305 2314 5388 inquit,
2343 5307 3243 5388 cognitionemprudentiamque
3262 5305 3534 5388 séquitur
3564 5305 3768 5366 censi;

2105 5376 2303 5431 derata
2337 5376 2490 5453 actio
2518 5393 2530 5431 :
2555 5378 2630 5431 ita
2663 5376 2806 5453 titut
2833 5376 3202 5453 considerate
3247 5376 3426 5453 agere
3456 5382 3642 5453 pluris
3667 5384 3762 5451 sit,

2146 5449 2575 5521 namcogitare
2591 5448 2929 5521 prudenter.
2961 5467 2983 5498 ι
3018 5450 3132 5505 Sed
3157 5448 3327 5505 facile
3357 5448 3768 5509 conciliabitur

2102 5518 2247 5594 illud
2276 5518 2626 5594 dissidium',
2651 5520 2713 5594 _si
2745 5519 3069 5594 dixerimus
3102 5521 3461 5594 originisque
3489 5524 3764 5594 necessi-

2101 5590 2245 5671 tatis
2283 5590 2344 5671 in
2390 5590 2733 5671 prudentia,
2779 5590 3103 5671 in_justitia
3147 5590 3290 5655 véro
3338 5592 3639 5671 dignitatis
3695 5610 3768 5663 ao

2100 5661 2365 5724 utilitatis
2390 5661 2535 5727 'esse
2555 5661 2978 5745 praestantiam.
3402 5661 3431 5671 ⁷
3586 5662 3622 5735 4
