  <div class='ocr_page' id='page_1' title='image "/cluster/home/n/w/nwhite01/storage/ocr_20150623/16/hvd.32044096580444/059.png"; bbox 0 0 4128 6132; ppageno 0'>
   <div class='ocr_carea' id='block_1_1' title="bbox 340 204 458 268">
    <p class='ocr_par' dir='ltr' id='par_1_1' title="bbox 340 204 458 268">
     <span class='ocr_line' id='line_1_1' title="bbox 340 204 458 268; baseline 0 -1"><span class='ocrx_word' id='word_1_1' title='bbox 340 204 458 268; x_wconf 87' lang='lat'><strong>107</strong></span> 
     </span>
    </p>
   </div>
   <div class='ocr_carea' id='block_1_2' title="bbox 1776 193 2312 265">
    <p class='ocr_par' dir='ltr' id='par_1_2' title="bbox 1776 193 2312 265">
     <span class='ocr_line' id='line_1_2' title="bbox 1776 193 2312 265; baseline 0.004 -3"><span class='ocrx_word' id='word_1_2' title='bbox 1776 193 1841 262; x_wconf 87' lang='lat' dir='ltr'><strong>S.</strong></span> <span class='ocrx_word' id='word_1_3' title='bbox 1873 193 2312 265; x_wconf 83' lang='lat' dir='ltr'><strong>AMBROSII.</strong></span> 
     </span>
    </p>
   </div>
   <div class='ocr_carea' id='block_1_3' title="bbox 3661 206 3782 270">
    <p class='ocr_par' dir='ltr' id='par_1_3' title="bbox 3661 206 3782 270">
     <span class='ocr_line' id='line_1_3' title="bbox 3661 206 3782 270; baseline 0.017 -2"><span class='ocrx_word' id='word_1_4' title='bbox 3661 206 3782 270; x_wconf 89' lang='grc'><strong>108</strong></span> 
     </span>
    </p>
   </div>
   <div class='ocr_carea' id='block_1_4' title="bbox 339 399 3780 504">
    <p class='ocr_par' dir='ltr' id='par_1_4' title="bbox 339 399 3780 504">
     <span class='ocr_line' id='line_1_4' title="bbox 339 399 3780 504; baseline 0 -45"><span class='ocrx_word' id='word_1_5' title='bbox 339 407 585 460; x_wconf 88' lang='lat' dir='ltr'><strong>tuerunt</strong></span> <span class='ocrx_word' id='word_1_6' title='bbox 606 404 779 460; x_wconf 91' lang='lat' dir='ltr'><strong>etiam</strong></span> <span class='ocrx_word' id='word_1_7' title='bbox 801 403 864 458; x_wconf 92' lang='lat' dir='ltr'><strong>hi</strong></span> <span class='ocrx_word' id='word_1_8' title='bbox 898 402 998 475; x_wconf 88' lang='lat' dir='ltr'><strong>qui</strong></span> <span class='ocrx_word' id='word_1_9' title='bbox 1031 401 1179 458; x_wconf 86' lang='lat' dir='ltr'><strong>foris</strong></span> <span class='ocrx_word' id='word_1_10' title='bbox 1209 405 1348 457; x_wconf 92' lang='lat' dir='ltr'><strong>sunt</strong></span> <span class='ocrx_word' id='word_1_11' title='bbox 1385 417 1400 458; x_wconf 90' lang='lat'>:</span> <span class='ocrx_word' id='word_1_12' title='bbox 1433 401 1540 458; x_wconf 90' lang='lat' dir='ltr'><strong>sed</strong></span> <span class='ocrx_word' id='word_1_13' title='bbox 1574 401 2008 458; x_wconf 77' lang='lat' dir='ltr'><strong>communitatis</strong></span> <span class='ocrx_word' id='word_1_14' title='bbox 2030 399 2104 504; x_wconf 47' lang='grc' dir='ltr'>ε,</span> <span class='ocrx_word' id='word_1_15' title='bbox 2119 402 2433 473; x_wconf 88' lang='lat' dir='ltr'><strong>interimat,</strong></span> <span class='ocrx_word' id='word_1_16' title='bbox 2478 417 2674 461; x_wconf 88' lang='lat' dir='ltr'><strong>nonne</strong></span> <span class='ocrx_word' id='word_1_17' title='bbox 2707 403 2967 460; x_wconf 82' lang='lat' dir='ltr'><strong>solvisse</strong></span> <span class='ocrx_word' id='word_1_18' title='bbox 3007 406 3209 460; x_wconf 87' lang='lat' dir='ltr'><strong>contra</strong></span> <span class='ocrx_word' id='word_1_19' title='bbox 3249 403 3512 461; x_wconf 90' lang='lat' dir='ltr'><strong>ofﬁcium</strong></span> <span class='ocrx_word' id='word_1_20' title='bbox 3552 405 3688 460; x_wconf 86' lang='lat' dir='ltr'><strong>est?</strong></span> <span class='ocrx_word' id='word_1_21' title='bbox 3716 404 3780 462; x_wconf 87' lang='lat' dir='ltr'>Si</span> 
     </span>
    </p>
   </div>
   <div class='ocr_carea' id='block_1_5' title="bbox 343 491 2008 564">
    <p class='ocr_par' dir='ltr' id='par_1_5' title="bbox 343 491 2008 564">
     <span class='ocr_line' id='line_1_5' title="bbox 343 491 2008 564; baseline -0.001 -16"><span class='ocrx_word' id='word_1_22' title='bbox 343 495 712 564; x_wconf 80' lang='lat' dir='ltr'><strong>superiorem</strong></span> <span class='ocrx_word' id='word_1_23' title='bbox 744 493 1011 547; x_wconf 79' lang='lat' dir='ltr'><strong>ordinem</strong></span> <span class='ocrx_word' id='word_1_24' title='bbox 1041 507 1216 563; x_wconf 87' lang='lat' dir='ltr'><strong>quam</strong></span> <span class='ocrx_word' id='word_1_25' title='bbox 1240 491 1351 561; x_wconf 88' lang='lat'><strong>(86)</strong></span> <span class='ocrx_word' id='word_1_26' title='bbox 1375 491 1680 563; x_wconf 66' lang='lat' dir='ltr'><strong>sapientia:</strong></span> <span class='ocrx_word' id='word_1_27' title='bbox 1701 491 2008 563; x_wconf 83' lang='lat' dir='ltr'><strong>judicave-</strong></span> 
     </span>
    </p>
   </div>
   <div class='ocr_carea' id='block_1_6' title="bbox 335 581 2007 653">
    <p class='ocr_par' dir='ltr' id='par_1_6' title="bbox 335 581 2007 653">
     <span class='ocr_line' id='line_1_6' title="bbox 335 581 2007 653; baseline 0 -17"><span class='ocrx_word' id='word_1_28' title='bbox 335 585 470 636; x_wconf 89' lang='lat' dir='ltr'><strong>runt</strong></span> <span class='ocrx_word' id='word_1_29' title='bbox 501 598 514 653; x_wconf 85' lang='lat'><strong>;</strong></span> <span class='ocrx_word' id='word_1_30' title='bbox 541 599 671 636; x_wconf 92' lang='lat' dir='ltr'><strong>cum</strong></span> <span class='ocrx_word' id='word_1_31' title='bbox 706 581 993 652; x_wconf 73' lang='lat' dir='ltr'><strong>sapientia</strong></span> <span class='ocrx_word' id='word_1_32' title='bbox 1011 581 1453 635; x_wconf 80' lang='lat' dir='ltr'><strong>fundamentum</strong></span> <span class='ocrx_word' id='word_1_33' title='bbox 1477 581 1573 651; x_wconf 90' lang='lat' dir='ltr'><strong>sit,</strong></span> <span class='ocrx_word' id='word_1_34' title='bbox 1603 581 1832 651; x_wconf 81' lang='lat' dir='ltr'><strong>justitia</strong></span> <span class='ocrx_word' id='word_1_35' title='bbox 1855 595 2007 651; x_wconf 85' lang='lat' dir='ltr'><strong>opus</strong></span> 
     </span>
    </p>
   </div>
   <div class='ocr_carea' id='block_1_7' title="bbox 339 657 2006 740">
    <p class='ocr_par' dir='ltr' id='par_1_7' title="bbox 339 657 2006 740">
     <span class='ocr_line' id='line_1_7' title="bbox 339 657 2006 740; baseline 0 -16"><span class='ocrx_word' id='word_1_36' title='bbox 339 669 436 740; x_wconf 91' lang='lat' dir='ltr'><strong>sit,</strong></span> <span class='ocrx_word' id='word_1_37' title='bbox 491 669 647 740; x_wconf 92' lang='lat' dir='ltr'><strong>quod</strong></span> <span class='ocrx_word' id='word_1_38' title='bbox 672 657 926 725; x_wconf 72' lang='lat' dir='ltr'><strong>&#39;manere</strong></span> <span class='ocrx_word' id='word_1_39' title='bbox 975 685 1093 725; x_wconf 91' lang='lat' dir='ltr'><strong>non</strong></span> <span class='ocrx_word' id='word_1_40' title='bbox 1137 671 1365 740; x_wconf 79' lang='lat' dir='ltr'><strong>potest,</strong></span> <span class='ocrx_word' id='word_1_41' title='bbox 1407 670 1522 724; x_wconf 79' lang='lat' dir='ltr'><strong>nisi</strong></span> <span class='ocrx_word' id='word_1_42' title='bbox 1563 669 2006 724; x_wconf 80' lang='lat' dir='ltr'><strong>fundamentum</strong></span> 
     </span>
    </p>
   </div>
   <div class='ocr_carea' id='block_1_8' title="bbox 336 757 2002 827">
    <p class='ocr_par' dir='ltr' id='par_1_8' title="bbox 336 757 2002 827">
     <span class='ocr_line' id='line_1_8' title="bbox 336 757 2002 827; baseline 0.001 -16"><span class='ocrx_word' id='word_1_43' title='bbox 336 757 572 813; x_wconf 80' lang='lat' dir='ltr'><strong>habeat.</strong></span> <span class='ocrx_word' id='word_1_44' title='bbox 606 759 1074 814; x_wconf 87' lang='lat' dir='ltr'><strong>Fundamentum</strong></span> <span class='ocrx_word' id='word_1_45' title='bbox 1115 763 1308 813; x_wconf 88' lang='lat' dir='ltr'><strong>autem</strong></span> <span class='ocrx_word' id='word_1_46' title='bbox 1345 757 1621 812; x_wconf 80' lang='lat' dir='ltr'><strong>Christus</strong></span> <span class='ocrx_word' id='word_1_47' title='bbox 1661 761 1753 813; x_wconf 92' lang='lat' dir='ltr'><strong>est</strong></span> <span class='ocrx_word' id='word_1_48' title='bbox 1791 757 1838 827; x_wconf 92' lang='lat'><strong>(1</strong></span> <span class='ocrx_word' id='word_1_49' title='bbox 1867 757 2002 814; x_wconf 87' lang='lat' dir='ltr'><strong>Cor.</strong></span> 
     </span>
    </p>
   </div>
   <div class='ocr_carea' id='block_1_9' title="bbox 331 847 559 918">
    <p class='ocr_par' dir='ltr' id='par_1_9' title="bbox 331 847 559 918">
     <span class='ocr_line' id='line_1_9' title="bbox 331 847 559 918; baseline 0.018 -19"><span class='ocrx_word' id='word_1_50' title='bbox 331 864 414 912; x_wconf 77' lang='grc' dir='ltr'><strong>ιιι,</strong></span> <span class='ocrx_word' id='word_1_51' title='bbox 455 847 559 918; x_wconf 75' lang='lat' dir='ltr'><strong>ll).</strong></span> 
     </span>
    </p>
   </div>
   <div class='ocr_carea' id='block_1_10' title="bbox 404 923 2009 1009">
    <p class='ocr_par' dir='ltr' id='par_1_10' title="bbox 404 923 2009 1009">
     <span class='ocr_line' id='line_1_10' title="bbox 404 923 2009 1009; baseline 0.001 -19"><span class='ocrx_word' id='word_1_52' title='bbox 404 937 528 992; x_wconf 80' lang='lat'><strong>252.</strong></span> <span class='ocrx_word' id='word_1_53' title='bbox 559 937 751 990; x_wconf 79' lang='lat' dir='ltr'><strong>Prima</strong></span> <span class='ocrx_word' id='word_1_54' title='bbox 783 951 928 1009; x_wconf 84' lang='lat' dir='ltr'><strong>ergo</strong></span> <span class='ocrx_word' id='word_1_55' title='bbox 961 934 1132 1006; x_wconf 88' lang='lat' dir='ltr'><strong>ﬁdes,</strong></span> <span class='ocrx_word' id='word_1_56' title='bbox 1167 951 1300 1007; x_wconf 83' lang='lat' dir='ltr'><strong>quae</strong></span> <span class='ocrx_word' id='word_1_57' title='bbox 1323 937 1416 991; x_wconf 90' lang='lat' dir='ltr'><strong>est</strong></span> <span class='ocrx_word' id='word_1_58' title='bbox 1435 934 1741 1008; x_wconf 86' lang='lat' dir='ltr'><strong>sapientiae</strong></span> <span class='ocrx_word' id='word_1_59' title='bbox 1771 935 1910 1006; x_wconf 81' lang='lat'><strong>(8&#39;7),</strong></span> <span class='ocrx_word' id='word_1_60' title='bbox 1941 923 2009 991; x_wconf 73' lang='lat' dir='ltr'><strong>ut</strong></span> 
     </span>
    </p>
   </div>
   <div class='ocr_carea' id='block_1_11' title="bbox 330 1024 2006 1096">
    <p class='ocr_par' dir='ltr' id='par_1_11' title="bbox 330 1024 2006 1096">
     <span class='ocr_line' id='line_1_11' title="bbox 330 1024 2006 1096; baseline 0 -16"><span class='ocrx_word' id='word_1_61' title='bbox 330 1024 608 1080; x_wconf 90' lang='lat' dir='ltr'><strong>Salomon</strong></span> <span class='ocrx_word' id='word_1_62' title='bbox 639 1025 800 1096; x_wconf 87' lang='lat' dir='ltr'><strong>dicit,</strong></span> <span class='ocrx_word' id='word_1_63' title='bbox 833 1029 1078 1080; x_wconf 89' lang='lat' dir='ltr'><strong>secutus</strong></span> <span class='ocrx_word' id='word_1_64' title='bbox 1111 1029 1373 1096; x_wconf 85' lang='lat' dir='ltr'><strong>patrem:</strong></span> <span class='ocrx_word' id='word_1_65' title='bbox 1404 1025 1646 1080; x_wconf 81' lang='lat' dir='ltr'><strong>Initium</strong></span> <span class='ocrx_word' id='word_1_66' title='bbox 1693 1024 2006 1096; x_wconf 79' lang='lat' dir='ltr'><strong>sapientiae</strong></span> 
     </span>
    </p>
   </div>
   <div class='ocr_carea' id='block_1_12' title="bbox 332 1113 2006 1186">
    <p class='ocr_par' dir='ltr' id='par_1_12' title="bbox 332 1113 2006 1186">
     <span class='ocr_line' id='line_1_12' title="bbox 332 1113 2006 1186; baseline 0.001 -18"><span class='ocrx_word' id='word_1_67' title='bbox 332 1115 507 1170; x_wconf 81' lang='lat' dir='ltr'><strong>timor</strong></span> <span class='ocrx_word' id='word_1_68' title='bbox 537 1113 776 1168; x_wconf 86' lang='lat' dir='ltr'><strong>Domini</strong></span> <span class='ocrx_word' id='word_1_69' title='bbox 795 1113 1004 1184; x_wconf 83' lang='lat' dir='ltr'><strong>(Prov.</strong></span> <span class='ocrx_word' id='word_1_70' title='bbox 1036 1131 1118 1185; x_wconf 85' lang='lat' dir='ltr'><strong>1x,</strong></span> <span class='ocrx_word' id='word_1_71' title='bbox 1163 1113 1272 1184; x_wconf 86' lang='grc'>10).</span> <span class='ocrx_word' id='word_1_72' title='bbox 1310 1114 1382 1168; x_wconf 86' lang='lat' dir='ltr'><strong>Et</strong></span> <span class='ocrx_word' id='word_1_73' title='bbox 1427 1113 1525 1169; x_wconf 79' lang='lat' dir='ltr'><strong>lex</strong></span> <span class='ocrx_word' id='word_1_74' title='bbox 1554 1113 1732 1168; x_wconf 87' lang='lat' dir='ltr'><strong>dicit:</strong></span> <span class='ocrx_word' id='word_1_75' title='bbox 1766 1113 2006 1186; x_wconf 83' lang='lat' dir='ltr'><strong>Diliges</strong></span> 
     </span>
    </p>
   </div>
   <div class='ocr_carea' id='block_1_13' title="bbox 327 1202 2004 1275">
    <p class='ocr_par' dir='ltr' id='par_1_13' title="bbox 327 1202 2004 1275">
     <span class='ocr_line' id='line_1_13' title="bbox 327 1202 2004 1275; baseline -0.001 -17"><span class='ocrx_word' id='word_1_76' title='bbox 327 1203 642 1258; x_wconf 86' lang='lat' dir='ltr'><strong>Dominum</strong></span> <span class='ocrx_word' id='word_1_77' title='bbox 705 1203 891 1257; x_wconf 87' lang='lat' dir='ltr'><strong>Deum</strong></span> <span class='ocrx_word' id='word_1_78' title='bbox 929 1207 1126 1272; x_wconf 87' lang='lat' dir='ltr'><strong>tuum,</strong></span> <span class='ocrx_word' id='word_1_79' title='bbox 1175 1202 1398 1275; x_wconf 76' lang='lat' dir='ltr'><strong>diliges</strong></span> <span class='ocrx_word' id='word_1_80' title='bbox 1442 1203 1777 1275; x_wconf 76' lang='lat' dir='ltr'><strong>proximum</strong></span> <span class='ocrx_word' id='word_1_81' title='bbox 1849 1208 2004 1257; x_wconf 87' lang='lat' dir='ltr'><strong>tuum</strong></span> 
     </span>
    </p>
   </div>
   <div class='ocr_carea' id='block_1_14' title="bbox 326 1291 2003 1364">
    <p class='ocr_par' dir='ltr' id='par_1_14' title="bbox 326 1291 2003 1364">
     <span class='ocr_line' id='line_1_14' title="bbox 326 1291 2003 1364; baseline -0.001 -18"><span class='ocrx_word' id='word_1_82' title='bbox 326 1292 524 1363; x_wconf 86' lang='lat' dir='ltr'><strong>(Deut.</strong></span> <span class='ocrx_word' id='word_1_83' title='bbox 549 1309 629 1362; x_wconf 80' lang='lat' dir='ltr'><strong>VI,</strong></span> <span class='ocrx_word' id='word_1_84' title='bbox 663 1293 740 1363; x_wconf 88' lang='lat'><strong>5).</strong></span> <span class='ocrx_word' id='word_1_85' title='bbox 778 1292 1097 1346; x_wconf 86' lang='lat' dir='ltr'><strong>Pulchrum</strong></span> <span class='ocrx_word' id='word_1_86' title='bbox 1131 1295 1222 1346; x_wconf 92' lang='lat' dir='ltr'><strong>est</strong></span> <span class='ocrx_word' id='word_1_87' title='bbox 1251 1293 1407 1346; x_wconf 89' lang='lat' dir='ltr'><strong>enim</strong></span> <span class='ocrx_word' id='word_1_88' title='bbox 1448 1294 1509 1347; x_wconf 87' lang='lat' dir='ltr'><strong>ut</strong></span> <span class='ocrx_word' id='word_1_89' title='bbox 1547 1291 1797 1364; x_wconf 78' lang='lat' dir='ltr'><strong>gratiam</strong></span> <span class='ocrx_word' id='word_1_90' title='bbox 1845 1295 2003 1346; x_wconf 90' lang='lat' dir='ltr'><strong>tuam</strong></span> 
     </span>
    </p>
   </div>
   <div class='ocr_carea' id='block_1_15' title="bbox 325 1379 2001 1453">
    <p class='ocr_par' dir='ltr' id='par_1_15' title="bbox 325 1379 2001 1453">
     <span class='ocr_line' id='line_1_15' title="bbox 325 1379 2001 1453; baseline -0.001 -16"><span class='ocrx_word' id='word_1_91' title='bbox 325 1385 500 1453; x_wconf 89' lang='lat' dir='ltr'><strong>atque</strong></span> <span class='ocrx_word' id='word_1_92' title='bbox 531 1381 724 1436; x_wconf 69' lang='lat' dir='ltr'><strong>officia</strong></span> <span class='ocrx_word' id='word_1_93' title='bbox 757 1382 816 1434; x_wconf 88' lang='lat' dir='ltr'><strong>in</strong></span> <span class='ocrx_word' id='word_1_94' title='bbox 849 1381 1191 1438; x_wconf 83' lang='lat' dir='ltr'><strong>societatem</strong></span> <span class='ocrx_word' id='word_1_95' title='bbox 1233 1381 1472 1435; x_wconf 83' lang='lat' dir='ltr'><strong>humani</strong></span> <span class='ocrx_word' id='word_1_96' title='bbox 1518 1381 1760 1453; x_wconf 83' lang='lat' dir='ltr'><strong>generis</strong></span> <span class='ocrx_word' id='word_1_97' title='bbox 1803 1379 2001 1436; x_wconf 83' lang='lat' dir='ltr'><strong>confe-</strong></span> 
     </span>
    </p>
   </div>
   <div class='ocr_carea' id='block_1_16' title="bbox 325 1467 1998 1541">
    <p class='ocr_par' dir='ltr' id='par_1_16' title="bbox 325 1467 1998 1541">
     <span class='ocr_line' id='line_1_16' title="bbox 325 1467 1998 1541; baseline -0.001 -15"><span class='ocrx_word' id='word_1_98' title='bbox 325 1488 444 1526; x_wconf 88' lang='lat' dir='ltr'><strong>ras.</strong></span> <span class='ocrx_word' id='word_1_99' title='bbox 474 1471 590 1525; x_wconf 90' lang='lat' dir='ltr'><strong>Sed</strong></span> <span class='ocrx_word' id='word_1_100' title='bbox 613 1471 866 1541; x_wconf 87' lang='lat' dir='ltr'><strong>primum</strong></span> <span class='ocrx_word' id='word_1_101' title='bbox 907 1470 1050 1524; x_wconf 91' lang='lat' dir='ltr'><strong>illud</strong></span> <span class='ocrx_word' id='word_1_102' title='bbox 1081 1471 1362 1524; x_wconf 89' lang='lat' dir='ltr'><strong>decorum</strong></span> <span class='ocrx_word' id='word_1_103' title='bbox 1395 1473 1507 1540; x_wconf 91' lang='lat' dir='ltr'><strong>est,</strong></span> <span class='ocrx_word' id='word_1_104' title='bbox 1540 1472 1605 1524; x_wconf 91' lang='lat' dir='ltr'><strong>ut</strong></span> <span class='ocrx_word' id='word_1_105' title='bbox 1625 1469 1782 1541; x_wconf 89' lang='lat' dir='ltr'><strong>quod</strong></span> <span class='ocrx_word' id='word_1_106' title='bbox 1812 1467 1998 1525; x_wconf 85' lang='lat' dir='ltr'><strong>habes</strong></span> 
     </span>
    </p>
   </div>
   <div class='ocr_carea' id='block_1_17' title="bbox 322 1558 2000 1632">
    <p class='ocr_par' dir='ltr' id='par_1_17' title="bbox 322 1558 2000 1632">
     <span class='ocr_line' id='line_1_17' title="bbox 322 1558 2000 1632; baseline -0.001 -18"><span class='ocrx_word' id='word_1_107' title='bbox 322 1560 842 1632; x_wconf 87' lang='lat' dir='ltr'><strong>pretiosissimum,</strong></span> <span class='ocrx_word' id='word_1_108' title='bbox 877 1559 991 1614; x_wconf 87' lang='lat' dir='ltr'><strong>hoc</strong></span> <span class='ocrx_word' id='word_1_109' title='bbox 1033 1561 1144 1625; x_wconf 85' lang='lat' dir='ltr'><strong>est,</strong></span> <span class='ocrx_word' id='word_1_110' title='bbox 1179 1561 1434 1614; x_wconf 88' lang='lat' dir='ltr'><strong>mentem</strong></span> <span class='ocrx_word' id='word_1_111' title='bbox 1478 1561 1657 1628; x_wconf 90' lang='lat' dir='ltr'><strong>tuam,</strong></span> <span class='ocrx_word' id='word_1_112' title='bbox 1691 1575 1806 1630; x_wconf 91' lang='lat' dir='ltr'><strong>qua</strong></span> <span class='ocrx_word' id='word_1_113' title='bbox 1855 1558 2000 1613; x_wconf 86' lang='lat' dir='ltr'><strong>nihil</strong></span> 
     </span>
    </p>
   </div>
   <div class='ocr_carea' id='block_1_18' title="bbox 323 1646 1996 1720">
    <p class='ocr_par' dir='ltr' id='par_1_18' title="bbox 323 1646 1996 1720">
     <span class='ocr_line' id='line_1_18' title="bbox 323 1646 1996 1720; baseline -0.001 -16"><span class='ocrx_word' id='word_1_114' title='bbox 323 1650 511 1704; x_wconf 89' lang='lat' dir='ltr'><strong>habes</strong></span> <span class='ocrx_word' id='word_1_115' title='bbox 543 1649 944 1720; x_wconf 60' lang='lat' dir='ltr'><strong>prsestantius,</strong></span> <span class='ocrx_word' id='word_1_116' title='bbox 972 1649 1093 1703; x_wconf 92' lang='lat' dir='ltr'><strong>Deo</strong></span> <span class='ocrx_word' id='word_1_117' title='bbox 1118 1648 1368 1718; x_wconf 88' lang='lat' dir='ltr'><strong>deputes</strong></span> <span class='ocrx_word' id='word_1_118' title='bbox 1398 1646 1536 1719; x_wconf 87' lang='lat'><strong>(88).</strong></span> <span class='ocrx_word' id='word_1_119' title='bbox 1573 1647 1717 1702; x_wconf 85' lang='lat' dir='ltr'><strong>Cum</strong></span> <span class='ocrx_word' id='word_1_120' title='bbox 1740 1647 1996 1702; x_wconf 91' lang='lat' dir='ltr'><strong>solveris</strong></span> 
     </span>
    </p>
   </div>
   <div class='ocr_carea' id='block_1_19' title="bbox 323 1731 1996 1808">
    <p class='ocr_par' dir='ltr' id='par_1_19' title="bbox 323 1731 1996 1808">
     <span class='ocr_line' id='line_1_19' title="bbox 323 1731 1996 1808; baseline -0.001 -14"><span class='ocrx_word' id='word_1_121' title='bbox 323 1739 547 1794; x_wconf 89' lang='lat' dir='ltr'><strong>auctori</strong></span> <span class='ocrx_word' id='word_1_122' title='bbox 579 1738 861 1807; x_wconf 89' lang='lat' dir='ltr'><strong>debitum,</strong></span> <span class='ocrx_word' id='word_1_123' title='bbox 885 1736 1022 1792; x_wconf 89' lang='lat' dir='ltr'><strong>licet</strong></span> <span class='ocrx_word' id='word_1_124' title='bbox 1044 1740 1104 1791; x_wconf 86' lang='lat' dir='ltr'><strong>ut</strong></span> <span class='ocrx_word' id='word_1_125' title='bbox 1125 1731 1313 1808; x_wconf 80' lang='lat' dir='ltr'><strong>&#39;opera</strong></span> <span class='ocrx_word' id='word_1_126' title='bbox 1336 1740 1430 1792; x_wconf 90' lang='lat' dir='ltr'><strong>tua</strong></span> <span class='ocrx_word' id='word_1_127' title='bbox 1455 1737 1513 1791; x_wconf 90' lang='lat' dir='ltr'><strong>in</strong></span> <span class='ocrx_word' id='word_1_128' title='bbox 1544 1737 1996 1792; x_wconf 86' lang='lat' dir='ltr'><strong>beneﬁcentiam</strong></span> 
     </span>
    </p>
   </div>
   <div class='ocr_carea' id='block_1_20' title="bbox 2118 489 3778 568">
    <p class='ocr_par' dir='ltr' id='par_1_20' title="bbox 2118 489 3778 568">
     <span class='ocr_line' id='line_1_20' title="bbox 2118 489 3778 568; baseline 0.002 -23"><span class='ocrx_word' id='word_1_129' title='bbox 2118 489 2275 547; x_wconf 85' lang='lat' dir='ltr'><strong>furto</strong></span> <span class='ocrx_word' id='word_1_130' title='bbox 2321 491 2573 564; x_wconf 71' lang='lat' dir='ltr'><strong>quaesita</strong></span> <span class='ocrx_word' id='word_1_131' title='bbox 2609 491 2812 548; x_wconf 88' lang='lat' dir='ltr'><strong>sciens</strong></span> <span class='ocrx_word' id='word_1_132' title='bbox 2857 494 3190 565; x_wconf 86' lang='lat' dir='ltr'><strong>suscipias,</strong></span> <span class='ocrx_word' id='word_1_133' title='bbox 3225 496 3290 550; x_wconf 91' lang='lat' dir='ltr'><strong>ut</strong></span> <span class='ocrx_word' id='word_1_134' title='bbox 3335 493 3639 550; x_wconf 85' lang='lat' dir='ltr'><strong>fraudetur</strong></span> <span class='ocrx_word' id='word_1_135' title='bbox 3675 495 3778 568; x_wconf 87' lang='lat' dir='ltr'><strong>qui</strong></span> 
     </span>
    </p>
   </div>
   <div class='ocr_carea' id='block_1_21' title="bbox 2117 581 3356 649">
    <p class='ocr_par' dir='ltr' id='par_1_21' title="bbox 2117 581 3356 649">
     <span class='ocr_line' id='line_1_21' title="bbox 2117 581 3356 649; baseline 0.004 -16"><span class='ocrx_word' id='word_1_136' title='bbox 2117 581 2416 649; x_wconf 88' lang='lat' dir='ltr'><strong>amiserat,</strong></span> <span class='ocrx_word' id='word_1_137' title='bbox 2449 595 2646 637; x_wconf 86' lang='lat' dir='ltr'><strong>nonne</strong></span> <span class='ocrx_word' id='word_1_138' title='bbox 2677 586 2882 637; x_wconf 90' lang='lat' dir='ltr'><strong>contra</strong></span> <span class='ocrx_word' id='word_1_139' title='bbox 2912 583 3172 638; x_wconf 91' lang='lat' dir='ltr'><strong>ofﬁcium</strong></span> <span class='ocrx_word' id='word_1_140' title='bbox 3204 586 3298 638; x_wconf 89' lang='lat' dir='ltr'><strong>est</strong></span> <span class='ocrx_word' id='word_1_141' title='bbox 3326 584 3356 638; x_wconf 84' lang='lat'><strong>?</strong></span> 
     </span>
    </p>
   </div>
   <div class='ocr_carea' id='block_1_22' title="bbox 2187 669 3780 744">
    <p class='ocr_par' dir='ltr' id='par_1_22' title="bbox 2187 669 3780 744">
     <span class='ocr_line' id='line_1_22' title="bbox 2187 669 3780 744; baseline 0.001 -20"><span class='ocrx_word' id='word_1_142' title='bbox 2187 669 2312 725; x_wconf 72' lang='lat'><strong>254.</strong></span> <span class='ocrx_word' id='word_1_143' title='bbox 2333 669 2439 724; x_wconf 89' lang='lat' dir='ltr'><strong>Est</strong></span> <span class='ocrx_word' id='word_1_144' title='bbox 2451 670 2626 724; x_wconf 90' lang='lat' dir='ltr'><strong>etiam</strong></span> <span class='ocrx_word' id='word_1_145' title='bbox 2648 674 2850 726; x_wconf 89' lang='lat' dir='ltr'><strong>contra</strong></span> <span class='ocrx_word' id='word_1_146' title='bbox 2875 670 3134 727; x_wconf 89' lang='lat' dir='ltr'><strong>ofﬁcium</strong></span> <span class='ocrx_word' id='word_1_147' title='bbox 3155 669 3260 742; x_wconf 87' lang='lat'><strong>(22,</strong></span> <span class='ocrx_word' id='word_1_148' title='bbox 3287 677 3490 744; x_wconf 63' lang='lat' dir='ltr'><strong>quiest.</strong></span> <span class='ocrx_word' id='word_1_149' title='bbox 3516 673 3568 742; x_wconf 76' lang='grc'>4,</span> <span class='ocrx_word' id='word_1_150' title='bbox 3594 688 3643 727; x_wconf 90' lang='lat' dir='ltr'><strong>c.</strong></span> <span class='ocrx_word' id='word_1_151' title='bbox 3665 672 3780 726; x_wconf 84' lang='lat' dir='ltr'><strong>Est</strong></span> 
     </span>
    </p>
   </div>
   <div class='ocr_carea' id='block_1_23' title="bbox 2117 758 3780 832">
    <p class='ocr_par' dir='ltr' id='par_1_23' title="bbox 2117 758 3780 832">
     <span class='ocr_line' id='line_1_23' title="bbox 2117 758 3780 832; baseline 0 -18"><span class='ocrx_word' id='word_1_152' title='bbox 2117 758 2318 830; x_wconf 83' lang='lat' dir='ltr'><strong>etiam)</strong></span> <span class='ocrx_word' id='word_1_153' title='bbox 2339 773 2758 831; x_wconf 87' lang='lat' dir='ltr'><strong>nonnunquam</strong></span> <span class='ocrx_word' id='word_1_154' title='bbox 2777 760 3013 816; x_wconf 90' lang='lat' dir='ltr'><strong>solvere</strong></span> <span class='ocrx_word' id='word_1_155' title='bbox 3035 760 3396 832; x_wconf 89' lang='lat' dir='ltr'><strong>promissum</strong></span> <span class='ocrx_word' id='word_1_156' title='bbox 3414 760 3556 830; x_wconf 88' lang='lat'><strong>(90);</strong></span> <span class='ocrx_word' id='word_1_157' title='bbox 3587 776 3780 816; x_wconf 90' lang='lat' dir='ltr'><strong>sacra-</strong></span> 
     </span>
    </p>
   </div>
   <div class='ocr_carea' id='block_1_24' title="bbox 2114 848 3778 922">
    <p class='ocr_par' dir='ltr' id='par_1_24' title="bbox 2114 848 3778 922">
     <span class='ocr_line' id='line_1_24' title="bbox 2114 848 3778 922; baseline 0.002 -20"><span class='ocrx_word' id='word_1_158' title='bbox 2114 849 2376 902; x_wconf 88' lang='lat' dir='ltr'><strong>mentum</strong></span> <span class='ocrx_word' id='word_1_159' title='bbox 2421 848 2720 904; x_wconf 89' lang='lat' dir='ltr'><strong>custodire</strong></span> <span class='ocrx_word' id='word_1_160' title='bbox 2755 865 2767 904; x_wconf 95' lang='lat'><strong>:</strong></span> <span class='ocrx_word' id='word_1_161' title='bbox 2801 851 2864 904; x_wconf 91' lang='lat' dir='ltr'><strong>ut</strong></span> <span class='ocrx_word' id='word_1_162' title='bbox 2898 849 3170 905; x_wconf 87' lang='lat' dir='ltr'><strong>Herodes</strong></span> <span class='ocrx_word' id='word_1_163' title='bbox 3219 849 3319 922; x_wconf 89' lang='lat' dir='ltr'><strong>qui</strong></span> <span class='ocrx_word' id='word_1_164' title='bbox 3357 849 3584 920; x_wconf 79' lang='lat' dir='ltr'><strong>juravit</strong></span> <span class='ocrx_word' id='word_1_165' title='bbox 3633 866 3778 921; x_wconf 88' lang='lat' dir='ltr'><strong>quo-</strong></span> 
     </span>
    </p>
   </div>
   <div class='ocr_carea' id='block_1_25' title="bbox 2114 935 3780 1009">
    <p class='ocr_par' dir='ltr' id='par_1_25' title="bbox 2114 935 3780 1009">
     <span class='ocr_line' id='line_1_25' title="bbox 2114 935 3780 1009; baseline 0.002 -18"><span class='ocrx_word' id='word_1_166' title='bbox 2114 935 2270 991; x_wconf 89' lang='lat' dir='ltr'><strong>niam</strong></span> <span class='ocrx_word' id='word_1_167' title='bbox 2301 936 2588 1009; x_wconf 88' lang='lat' dir='ltr'><strong>quidquid</strong></span> <span class='ocrx_word' id='word_1_168' title='bbox 2615 937 2834 1008; x_wconf 90' lang='lat' dir='ltr'><strong>petitus</strong></span> <span class='ocrx_word' id='word_1_169' title='bbox 2865 941 3030 994; x_wconf 88' lang='lat' dir='ltr'><strong>esset</strong></span> <span class='ocrx_word' id='word_1_170' title='bbox 3060 938 3182 1005; x_wconf 88' lang='grc'>(91),</span> <span class='ocrx_word' id='word_1_171' title='bbox 3217 939 3383 994; x_wconf 90' lang='lat' dir='ltr'><strong>daret</strong></span> <span class='ocrx_word' id='word_1_172' title='bbox 3420 937 3555 994; x_wconf 83' lang='lat' dir='ltr'><strong>ﬁliae</strong></span> <span class='ocrx_word' id='word_1_173' title='bbox 3586 938 3780 994; x_wconf 90' lang='lat' dir='ltr'><strong>Hero-</strong></span> 
     </span>
    </p>
   </div>
   <div class='ocr_carea' id='block_1_26' title="bbox 2115 1024 3776 1098">
    <p class='ocr_par' dir='ltr' id='par_1_26' title="bbox 2115 1024 3776 1098">
     <span class='ocr_line' id='line_1_26' title="bbox 2115 1024 3776 1098; baseline 0.001 -19"><span class='ocrx_word' id='word_1_174' title='bbox 2115 1024 2328 1095; x_wconf 90' lang='lat' dir='ltr'><strong>diadis,</strong></span> <span class='ocrx_word' id='word_1_175' title='bbox 2380 1028 2437 1080; x_wconf 90' lang='lat' dir='ltr'><strong>et</strong></span> <span class='ocrx_word' id='word_1_176' title='bbox 2468 1040 2674 1082; x_wconf 87' lang='lat' dir='ltr'><strong>necem</strong></span> <span class='ocrx_word' id='word_1_177' title='bbox 2706 1026 2954 1082; x_wconf 81' lang='lat' dir='ltr'><strong>Joannis</strong></span> <span class='ocrx_word' id='word_1_178' title='bbox 2984 1026 3276 1098; x_wconf 80' lang='lat' dir='ltr'><strong>praestitit,</strong></span> <span class='ocrx_word' id='word_1_179' title='bbox 3311 1043 3383 1083; x_wconf 90' lang='lat' dir='ltr'><strong>ne</strong></span> <span class='ocrx_word' id='word_1_180' title='bbox 3414 1027 3776 1098; x_wconf 89' lang='lat' dir='ltr'><strong>promissum</strong></span> 
     </span>
    </p>
   </div>
   <div class='ocr_carea' id='block_1_27' title="bbox 2113 1113 3776 1188">
    <p class='ocr_par' dir='ltr' id='par_1_27' title="bbox 2113 1113 3776 1188">
     <span class='ocr_line' id='line_1_27' title="bbox 2113 1113 3776 1188; baseline 0.002 -20"><span class='ocrx_word' id='word_1_181' title='bbox 2113 1116 2360 1186; x_wconf 75' lang='lat' dir='ltr'><strong>negaret</strong></span> <span class='ocrx_word' id='word_1_182' title='bbox 2388 1113 2634 1180; x_wconf 80' lang='lat' dir='ltr'><strong>(Matth.</strong></span> <span class='ocrx_word' id='word_1_183' title='bbox 2658 1131 2780 1184; x_wconf 77' lang='lat' dir='ltr'><strong>xxv,</strong></span> <span class='ocrx_word' id='word_1_184' title='bbox 2803 1115 2835 1170; x_wconf 91' lang='lat'><strong>7</strong></span> <span class='ocrx_word' id='word_1_185' title='bbox 2859 1122 2918 1170; x_wconf 93' lang='lat' dir='ltr'><strong>et</strong></span> <span class='ocrx_word' id='word_1_186' title='bbox 2935 1116 3083 1188; x_wconf 86' lang='lat' dir='ltr'><strong>seq).</strong></span> <span class='ocrx_word' id='word_1_187' title='bbox 3116 1115 3266 1170; x_wconf 85' lang='lat' dir='ltr'><strong>Nam</strong></span> <span class='ocrx_word' id='word_1_188' title='bbox 3289 1115 3362 1170; x_wconf 91' lang='lat' dir='ltr'><strong>de</strong></span> <span class='ocrx_word' id='word_1_189' title='bbox 3376 1115 3591 1187; x_wconf 78' lang='lat' dir='ltr'><strong>Jephte</strong></span> <span class='ocrx_word' id='word_1_190' title='bbox 3625 1117 3776 1188; x_wconf 91' lang='lat' dir='ltr'><strong>quid</strong></span> 
     </span>
    </p>
   </div>
   <div class='ocr_carea' id='block_1_28' title="bbox 2113 1202 3776 1276">
    <p class='ocr_par' dir='ltr' id='par_1_28' title="bbox 2113 1202 3776 1276">
     <span class='ocr_line' id='line_1_28' title="bbox 2113 1202 3776 1276; baseline 0.001 -18"><span class='ocrx_word' id='word_1_191' title='bbox 2113 1203 2324 1272; x_wconf 90' lang='lat' dir='ltr'><strong>dicam,</strong></span> <span class='ocrx_word' id='word_1_192' title='bbox 2357 1203 2458 1274; x_wconf 90' lang='lat' dir='ltr'><strong>qui</strong></span> <span class='ocrx_word' id='word_1_193' title='bbox 2492 1202 2814 1259; x_wconf 88' lang='lat' dir='ltr'><strong>immolavit</strong></span> <span class='ocrx_word' id='word_1_194' title='bbox 2833 1203 3032 1274; x_wconf 89' lang='lat' dir='ltr'><strong>ﬁliam,</strong></span> <span class='ocrx_word' id='word_1_195' title='bbox 3055 1219 3189 1276; x_wconf 80' lang='lat' dir='ltr'><strong>quae</strong></span> <span class='ocrx_word' id='word_1_196' title='bbox 3212 1204 3329 1260; x_wconf 89' lang='lat' dir='ltr'><strong>sibi</strong></span> <span class='ocrx_word' id='word_1_197' title='bbox 3358 1205 3564 1260; x_wconf 88' lang='lat' dir='ltr'><strong>victori</strong></span> <span class='ocrx_word' id='word_1_198' title='bbox 3587 1205 3776 1275; x_wconf 90' lang='lat' dir='ltr'><strong>prima</strong></span> 
     </span>
    </p>
   </div>
   <div class='ocr_carea' id='block_1_29' title="bbox 2114 1293 3779 1366">
    <p class='ocr_par' dir='ltr' id='par_1_29' title="bbox 2114 1293 3779 1366">
     <span class='ocr_line' id='line_1_29' title="bbox 2114 1293 3779 1366; baseline 0.001 -20"><span class='ocrx_word' id='word_1_199' title='bbox 2114 1295 2473 1361; x_wconf 89' lang='lat' dir='ltr'><strong>occurrerat,</strong></span> <span class='ocrx_word' id='word_1_200' title='bbox 2507 1309 2624 1364; x_wconf 91' lang='lat' dir='ltr'><strong>quo</strong></span> <span class='ocrx_word' id='word_1_201' title='bbox 2663 1295 2864 1348; x_wconf 87' lang='lat' dir='ltr'><strong>votum</strong></span> <span class='ocrx_word' id='word_1_202' title='bbox 2894 1293 3192 1365; x_wconf 89' lang='lat' dir='ltr'><strong>impleret,</strong></span> <span class='ocrx_word' id='word_1_203' title='bbox 3243 1293 3400 1366; x_wconf 91' lang='lat' dir='ltr'><strong>quod</strong></span> <span class='ocrx_word' id='word_1_204' title='bbox 3445 1294 3779 1365; x_wconf 77' lang='lat' dir='ltr'><strong>spoponde-</strong></span> 
     </span>
    </p>
   </div>
   <div class='ocr_carea' id='block_1_30' title="bbox 2113 1381 3780 1453">
    <p class='ocr_par' dir='ltr' id='par_1_30' title="bbox 2113 1381 3780 1453">
     <span class='ocr_line' id='line_1_30' title="bbox 2113 1381 3780 1453; baseline 0.002 -19"><span class='ocrx_word' id='word_1_205' title='bbox 2113 1386 2220 1449; x_wconf 86' lang='lat' dir='ltr'><strong>rat,</strong></span> <span class='ocrx_word' id='word_1_206' title='bbox 2254 1383 2317 1436; x_wconf 91' lang='lat' dir='ltr'><strong>ut</strong></span> <span class='ocrx_word' id='word_1_207' title='bbox 2346 1381 2629 1453; x_wconf 86' lang='lat' dir='ltr'><strong>quidquid</strong></span> <span class='ocrx_word' id='word_1_208' title='bbox 2661 1381 2779 1436; x_wconf 83' lang='lat' dir='ltr'><strong>sibi</strong></span> <span class='ocrx_word' id='word_1_209' title='bbox 2808 1383 3060 1453; x_wconf 90' lang='lat' dir='ltr'><strong>primum</strong></span> <span class='ocrx_word' id='word_1_210' title='bbox 3096 1383 3480 1452; x_wconf 90' lang='lat' dir='ltr'><strong>occurrisset,</strong></span> <span class='ocrx_word' id='word_1_211' title='bbox 3542 1381 3780 1438; x_wconf 86' lang='lat' dir='ltr'><strong>offerret</strong></span> 
     </span>
    </p>
   </div>
   <div class='ocr_carea' id='block_1_31' title="bbox 2114 1469 3776 1540">
    <p class='ocr_par' dir='ltr' id='par_1_31' title="bbox 2114 1469 3776 1540">
     <span class='ocr_line' id='line_1_31' title="bbox 2114 1469 3776 1540; baseline 0.002 -17"><span class='ocrx_word' id='word_1_212' title='bbox 2114 1469 2236 1524; x_wconf 90' lang='lat' dir='ltr'><strong>Deo</strong></span> <span class='ocrx_word' id='word_1_213' title='bbox 2269 1469 2479 1534; x_wconf 85' lang='lat' dir='ltr'><strong>(Judie.</strong></span> <span class='ocrx_word' id='word_1_214' title='bbox 2511 1487 2593 1540; x_wconf 69' lang='grc' dir='ltr'><strong>χι,</strong></span> <span class='ocrx_word' id='word_1_215' title='bbox 2633 1469 2726 1540; x_wconf 83' lang='grc'><strong>89)</strong></span> <span class='ocrx_word' id='word_1_216' title='bbox 2752 1471 2782 1525; x_wconf 86' lang='lat'><strong>?</strong></span> <span class='ocrx_word' id='word_1_217' title='bbox 2831 1470 3043 1526; x_wconf 83' lang='lat' dir='ltr'><strong>Melius</strong></span> <span class='ocrx_word' id='word_1_218' title='bbox 3093 1471 3285 1526; x_wconf 80' lang='lat' dir='ltr'><strong>fuerat</strong></span> <span class='ocrx_word' id='word_1_219' title='bbox 3331 1471 3425 1536; x_wconf 83' lang='lat'><strong>69</strong></span> <span class='ocrx_word' id='word_1_220' title='bbox 3469 1471 3614 1526; x_wconf 84' lang='lat' dir='ltr'><strong>nihil</strong></span> <span class='ocrx_word' id='word_1_221' title='bbox 3661 1471 3776 1527; x_wconf 85' lang='lat' dir='ltr'><strong>tale</strong></span> 
     </span>
    </p>
   </div>
   <div class='ocr_carea' id='block_1_32' title="bbox 2111 1558 3702 1630">
    <p class='ocr_par' dir='ltr' id='par_1_32' title="bbox 2111 1558 3702 1630">
     <span class='ocr_line' id='line_1_32' title="bbox 2111 1558 3702 1630; baseline 0.002 -18"><span class='ocrx_word' id='word_1_222' title='bbox 2111 1559 2470 1628; x_wconf 86' lang='lat' dir='ltr'><strong>promittere,</strong></span> <span class='ocrx_word' id='word_1_223' title='bbox 2504 1573 2679 1630; x_wconf 89' lang='lat' dir='ltr'><strong>quam</strong></span> <span class='ocrx_word' id='word_1_224' title='bbox 2699 1560 3063 1629; x_wconf 90' lang='lat' dir='ltr'><strong>promissum</strong></span> <span class='ocrx_word' id='word_1_225' title='bbox 3096 1558 3333 1615; x_wconf 88' lang='lat' dir='ltr'><strong>solvere</strong></span> <span class='ocrx_word' id='word_1_226' title='bbox 3363 1559 3702 1630; x_wconf 90' lang='lat' dir='ltr'><strong>parricidio.</strong></span> 
     </span>
    </p>
   </div>
   <div class='ocr_carea' id='block_1_33' title="bbox 2181 1645 3774 1722">
    <p class='ocr_par' dir='ltr' id='par_1_33' title="bbox 2181 1645 3774 1722">
     <span class='ocr_line' id='line_1_33' title="bbox 2181 1645 3774 1722; baseline 0.003 -21"><span class='ocrx_word' id='word_1_227' title='bbox 2181 1645 2305 1702; x_wconf 86' lang='lat'><strong>255.</strong></span> <span class='ocrx_word' id='word_1_228' title='bbox 2340 1647 2484 1702; x_wconf 82' lang='lat' dir='ltr'><strong>Haec</strong></span> <span class='ocrx_word' id='word_1_229' title='bbox 2505 1647 2706 1719; x_wconf 89' lang='lat' dir='ltr'><strong>quanti</strong></span> <span class='ocrx_word' id='word_1_230' title='bbox 2727 1648 2959 1702; x_wconf 90' lang='lat' dir='ltr'><strong>consilii</strong></span> <span class='ocrx_word' id='word_1_231' title='bbox 2985 1649 3062 1702; x_wconf 92' lang='lat' dir='ltr'><strong>sit</strong></span> <span class='ocrx_word' id='word_1_232' title='bbox 3082 1649 3448 1720; x_wconf 86' lang='lat' dir='ltr'><strong>prospicere,</strong></span> <span class='ocrx_word' id='word_1_233' title='bbox 3471 1664 3592 1704; x_wconf 88' lang='lat' dir='ltr'><strong>non</strong></span> <span class='ocrx_word' id='word_1_234' title='bbox 3612 1648 3774 1722; x_wconf 85' lang='lat' dir='ltr'><strong>igno-</strong></span> 
     </span>
    </p>
   </div>
   <div class='ocr_carea' id='block_1_34' title="bbox 2107 1735 3773 1808">
    <p class='ocr_par' dir='ltr' id='par_1_34' title="bbox 2107 1735 3773 1808">
     <span class='ocr_line' id='line_1_34' title="bbox 2107 1735 3773 1808; baseline 0.002 -19"><span class='ocrx_word' id='word_1_235' title='bbox 2107 1737 2275 1790; x_wconf 88' lang='lat' dir='ltr'><strong>ratis.</strong></span> <span class='ocrx_word' id='word_1_236' title='bbox 2320 1735 2391 1790; x_wconf 89' lang='lat' dir='ltr'><strong>Et</strong></span> <span class='ocrx_word' id='word_1_237' title='bbox 2421 1735 2552 1790; x_wconf 92' lang='lat' dir='ltr'><strong>ideo</strong></span> <span class='ocrx_word' id='word_1_238' title='bbox 2575 1735 2816 1808; x_wconf 82' lang='lat' dir='ltr'><strong>eligitur</strong></span> <span class='ocrx_word' id='word_1_239' title='bbox 2831 1737 3054 1806; x_wconf 88' lang='lat' dir='ltr'><strong>Levita,</strong></span> <span class='ocrx_word' id='word_1_240' title='bbox 3080 1737 3180 1808; x_wconf 89' lang='lat' dir='ltr'><strong>qui</strong></span> <span class='ocrx_word' id='word_1_241' title='bbox 3213 1738 3540 1792; x_wconf 87' lang='lat' dir='ltr'><strong>sacrarium</strong></span> <span class='ocrx_word' id='word_1_242' title='bbox 3572 1740 3773 1793; x_wconf 85' lang='lat' dir='ltr'><strong>custo-</strong></span> 
     </span>
    </p>
   </div>
   <div class='ocr_carea' id='block_1_35' title="bbox 323 1817 3772 1900">
    <p class='ocr_par' dir='ltr' id='par_1_35' title="bbox 323 1817 3772 1900">
     <span class='ocr_line' id='line_1_35' title="bbox 323 1817 3772 1900; baseline -0.001 -16"><span class='ocrx_word' id='word_1_243' title='bbox 323 1831 380 1884; x_wconf 92' lang='lat' dir='ltr'><strong>ct</strong></span> <span class='ocrx_word' id='word_1_244' title='bbox 408 1827 748 1900; x_wconf 87' lang='lat' dir='ltr'><strong>adjumenta</strong></span> <span class='ocrx_word' id='word_1_245' title='bbox 775 1827 1079 1882; x_wconf 87' lang='lat' dir='ltr'><strong>hominum</strong></span> <span class='ocrx_word' id='word_1_246' title='bbox 1103 1825 1398 1896; x_wconf 89' lang='lat' dir='ltr'><strong>conferas,</strong></span> <span class='ocrx_word' id='word_1_247' title='bbox 1426 1828 1600 1897; x_wconf 89' lang='lat' dir='ltr'><strong>atque</strong></span> <span class='ocrx_word' id='word_1_248' title='bbox 1625 1841 1804 1896; x_wconf 83' lang='lat' dir='ltr'><strong>opem</strong></span> <span class='ocrx_word' id='word_1_249' title='bbox 1834 1825 1994 1881; x_wconf 85' lang='lat' dir='ltr'><strong>feras</strong></span> <span class='ocrx_word' id='word_1_250' title='bbox 2030 1817 2080 1880; x_wconf 92' lang='grc' dir='ltr'>Β</span> <span class='ocrx_word' id='word_1_251' title='bbox 2109 1823 2227 1878; x_wconf 90' lang='lat' dir='ltr'><strong>diat</strong></span> <span class='ocrx_word' id='word_1_252' title='bbox 2246 1823 2380 1896; x_wconf 89' lang='lat'><strong>(92),</strong></span> <span class='ocrx_word' id='word_1_253' title='bbox 2415 1840 2488 1880; x_wconf 93' lang='lat' dir='ltr'><strong>ne</strong></span> <span class='ocrx_word' id='word_1_254' title='bbox 2512 1823 2746 1880; x_wconf 86' lang='lat' dir='ltr'><strong>fallatur</strong></span> <span class='ocrx_word' id='word_1_255' title='bbox 2775 1825 3056 1896; x_wconf 90' lang='lat' dir='ltr'><strong>consilio,</strong></span> <span class='ocrx_word' id='word_1_256' title='bbox 3089 1841 3161 1880; x_wconf 91' lang='lat' dir='ltr'><strong>ne</strong></span> <span class='ocrx_word' id='word_1_257' title='bbox 3212 1825 3386 1881; x_wconf 90' lang='lat' dir='ltr'><strong>ﬁdem</strong></span> <span class='ocrx_word' id='word_1_258' title='bbox 3417 1825 3671 1893; x_wconf 82' lang='lat' dir='ltr'><strong>deserat,</strong></span> <span class='ocrx_word' id='word_1_259' title='bbox 3698 1841 3772 1882; x_wconf 93' lang='lat' dir='ltr'><strong>ne</strong></span> 
     </span>
    </p>
   </div>
   <div class='ocr_carea' id='block_1_36' title="bbox 326 1913 1995 1986">
    <p class='ocr_par' dir='ltr' id='par_1_36' title="bbox 326 1913 1995 1986">
     <span class='ocr_line' id='line_1_36' title="bbox 326 1913 1995 1986; baseline -0.002 -13"><span class='ocrx_word' id='word_1_260' title='bbox 326 1915 810 1983; x_wconf 85' lang='lat' dir='ltr'><strong>necessitatibus,</strong></span> <span class='ocrx_word' id='word_1_261' title='bbox 837 1919 935 1970; x_wconf 90' lang='lat' dir='ltr'><strong>aut</strong></span> <span class='ocrx_word' id='word_1_262' title='bbox 962 1916 1242 1986; x_wconf 89' lang='lat' dir='ltr'><strong>pecunia,</strong></span> <span class='ocrx_word' id='word_1_263' title='bbox 1285 1917 1383 1969; x_wconf 91' lang='lat' dir='ltr'><strong>aut</strong></span> <span class='ocrx_word' id='word_1_264' title='bbox 1429 1913 1652 1985; x_wconf 90' lang='lat' dir='ltr'><strong>ofﬁcio,</strong></span> <span class='ocrx_word' id='word_1_265' title='bbox 1693 1917 1791 1968; x_wconf 89' lang='lat' dir='ltr'><strong>aut</strong></span> <span class='ocrx_word' id='word_1_266' title='bbox 1821 1915 1995 1970; x_wconf 90' lang='lat' dir='ltr'><strong>etiam</strong></span> 
     </span>
    </p>
   </div>
   <div class='ocr_carea' id='block_1_37' title="bbox 323 2003 1994 2078">
    <p class='ocr_par' dir='ltr' id='par_1_37' title="bbox 323 2003 1994 2078">
     <span class='ocr_line' id='line_1_37' title="bbox 323 2003 1994 2078; baseline -0.002 -17"><span class='ocrx_word' id='word_1_267' title='bbox 323 2021 680 2078; x_wconf 85' lang='lat' dir='ltr'><strong>quocunque</strong></span> <span class='ocrx_word' id='word_1_268' title='bbox 705 2020 947 2060; x_wconf 89' lang='lat' dir='ltr'><strong>munere</strong></span> <span class='ocrx_word' id='word_1_269' title='bbox 973 2019 986 2074; x_wconf 85' lang='lat'><strong>;</strong></span> <span class='ocrx_word' id='word_1_270' title='bbox 1023 2004 1180 2076; x_wconf 92' lang='lat' dir='ltr'><strong>quod</strong></span> <span class='ocrx_word' id='word_1_271' title='bbox 1227 2003 1342 2059; x_wconf 86' lang='lat' dir='ltr'><strong>late</strong></span> <span class='ocrx_word' id='word_1_272' title='bbox 1371 2006 1529 2074; x_wconf 89' lang='lat' dir='ltr'><strong>patet</strong></span> <span class='ocrx_word' id='word_1_273' title='bbox 1560 2003 1620 2058; x_wconf 90' lang='lat' dir='ltr'><strong>in</strong></span> <span class='ocrx_word' id='word_1_274' title='bbox 1651 2007 1852 2059; x_wconf 90' lang='lat' dir='ltr'><strong>vestro</strong></span> <span class='ocrx_word' id='word_1_275' title='bbox 1883 2005 1994 2058; x_wconf 90' lang='lat' dir='ltr'><strong>mi-</strong></span> 
     </span>
    </p>
   </div>
   <div class='ocr_carea' id='block_1_38' title="bbox 325 2092 1996 2165">
    <p class='ocr_par' dir='ltr' id='par_1_38' title="bbox 325 2092 1996 2165">
     <span class='ocr_line' id='line_1_38' title="bbox 325 2092 1996 2165; baseline -0.001 -15"><span class='ocrx_word' id='word_1_276' title='bbox 325 2095 574 2150; x_wconf 90' lang='lat' dir='ltr'><strong>nisterio</strong></span> <span class='ocrx_word' id='word_1_277' title='bbox 608 2113 624 2149; x_wconf 87' lang='lat'><strong><em>:</em></strong></span> <span class='ocrx_word' id='word_1_278' title='bbox 673 2095 942 2165; x_wconf 86' lang='lat' dir='ltr'><strong>pecunia,</strong></span> <span class='ocrx_word' id='word_1_279' title='bbox 979 2096 1041 2148; x_wconf 91' lang='lat' dir='ltr'><strong>ut</strong></span> <span class='ocrx_word' id='word_1_280' title='bbox 1071 2093 1396 2148; x_wconf 78' lang='lat' dir='ltr'><strong>subvenias</strong></span> <span class='ocrx_word' id='word_1_281' title='bbox 1432 2107 1444 2147; x_wconf 90' lang='lat'><strong>:</strong></span> <span class='ocrx_word' id='word_1_282' title='bbox 1489 2092 1706 2163; x_wconf 92' lang='lat' dir='ltr'><strong>debito,</strong></span> <span class='ocrx_word' id='word_1_283' title='bbox 1756 2096 1817 2147; x_wconf 89' lang='lat' dir='ltr'><strong>ut</strong></span> <span class='ocrx_word' id='word_1_284' title='bbox 1849 2093 1996 2148; x_wconf 86' lang='lat' dir='ltr'><strong>obli-</strong></span> 
     </span>
    </p>
   </div>
   <div class='ocr_carea' id='block_1_39' title="bbox 323 2180 1992 2256">
    <p class='ocr_par' dir='ltr' id='par_1_39' title="bbox 323 2180 1992 2256">
     <span class='ocr_line' id='line_1_39' title="bbox 323 2180 1992 2256; baseline -0.001 -18"><span class='ocrx_word' id='word_1_285' title='bbox 323 2187 526 2256; x_wconf 79' lang='lat' dir='ltr'><strong>gatum</strong></span> <span class='ocrx_word' id='word_1_286' title='bbox 557 2182 780 2236; x_wconf 84' lang='lat' dir='ltr'><strong>liberes</strong></span> <span class='ocrx_word' id='word_1_287' title='bbox 807 2197 820 2252; x_wconf 85' lang='lat'><strong>;</strong></span> <span class='ocrx_word' id='word_1_288' title='bbox 857 2180 1076 2252; x_wconf 88' lang='lat' dir='ltr'><strong>ofﬁcio,</strong></span> <span class='ocrx_word' id='word_1_289' title='bbox 1113 2185 1175 2236; x_wconf 93' lang='lat' dir='ltr'><strong>ut</strong></span> <span class='ocrx_word' id='word_1_290' title='bbox 1206 2182 1497 2236; x_wconf 90' lang='lat' dir='ltr'><strong>servanda</strong></span> <span class='ocrx_word' id='word_1_291' title='bbox 1521 2183 1840 2252; x_wconf 83' lang='lat' dir='ltr'><strong>suscipias,</strong></span> <span class='ocrx_word' id='word_1_292' title='bbox 1860 2197 1992 2254; x_wconf 86' lang='lat' dir='ltr'><strong>quae</strong></span> 
     </span>
    </p>
   </div>
   <div class='ocr_carea' id='block_1_40' title="bbox 323 2269 1671 2342">
    <p class='ocr_par' dir='ltr' id='par_1_40' title="bbox 323 2269 1671 2342">
     <span class='ocr_line' id='line_1_40' title="bbox 323 2269 1671 2342; baseline -0.002 -14"><span class='ocrx_word' id='word_1_293' title='bbox 323 2275 544 2328; x_wconf 87' lang='lat' dir='ltr'><strong>metuat</strong></span> <span class='ocrx_word' id='word_1_294' title='bbox 572 2271 858 2339; x_wconf 89' lang='lat' dir='ltr'><strong>amittere,</strong></span> <span class='ocrx_word' id='word_1_295' title='bbox 895 2271 992 2342; x_wconf 91' lang='lat' dir='ltr'><strong>qui</strong></span> <span class='ocrx_word' id='word_1_296' title='bbox 1027 2269 1373 2340; x_wconf 89' lang='lat' dir='ltr'><strong>deponenda</strong></span> <span class='ocrx_word' id='word_1_297' title='bbox 1406 2270 1671 2325; x_wconf 87' lang='lat' dir='ltr'><strong>credidit.</strong></span> 
     </span>
    </p>
   </div>
   <div class='ocr_carea' id='block_1_41' title="bbox 391 2359 1994 2432">
    <p class='ocr_par' dir='ltr' id='par_1_41' title="bbox 391 2359 1994 2432">
     <span class='ocr_line' id='line_1_41' title="bbox 391 2359 1994 2432; baseline 0 -16"><span class='ocrx_word' id='word_1_298' title='bbox 391 2362 516 2416; x_wconf 82' lang='lat'><strong>253.</strong></span> <span class='ocrx_word' id='word_1_299' title='bbox 544 2361 818 2415; x_wconf 90' lang='lat' dir='ltr'><strong>Ofﬁcium</strong></span> <span class='ocrx_word' id='word_1_300' title='bbox 841 2363 934 2414; x_wconf 88' lang='lat' dir='ltr'><strong>est</strong></span> <span class='ocrx_word' id='word_1_301' title='bbox 956 2359 1138 2432; x_wconf 80' lang='lat' dir='ltr'><strong>igitur</strong></span> <span class='ocrx_word' id='word_1_302' title='bbox 1159 2359 1493 2430; x_wconf 89' lang='lat' dir='ltr'><strong>depositum</strong></span> <span class='ocrx_word' id='word_1_303' title='bbox 1515 2374 1756 2416; x_wconf 90' lang='lat' dir='ltr'><strong>servare</strong></span> <span class='ocrx_word' id='word_1_304' title='bbox 1779 2375 1846 2416; x_wconf 87' lang='lat' dir='ltr'><strong>ac</strong></span> <span class='ocrx_word' id='word_1_305' title='bbox 1865 2360 1994 2416; x_wconf 85' lang='lat' dir='ltr'><strong>red-</strong></span> 
     </span>
    </p>
   </div>
   <div class='ocr_carea' id='block_1_42' title="bbox 327 2447 1986 2520">
    <p class='ocr_par' dir='ltr' id='par_1_42' title="bbox 327 2447 1986 2520">
     <span class='ocr_line' id='line_1_42' title="bbox 327 2447 1986 2520; baseline -0.001 -14"><span class='ocrx_word' id='word_1_306' title='bbox 327 2451 488 2508; x_wconf 88' lang='lat' dir='ltr'><strong>dere.</strong></span> <span class='ocrx_word' id='word_1_307' title='bbox 524 2449 640 2505; x_wconf 89' lang='lat' dir='ltr'><strong>Sed</strong></span> <span class='ocrx_word' id='word_1_308' title='bbox 684 2449 976 2504; x_wconf 87' lang='lat' dir='ltr'><strong>interdum</strong></span> <span class='ocrx_word' id='word_1_309' title='bbox 1024 2448 1398 2502; x_wconf 90' lang='lat' dir='ltr'><strong>commutatio</strong></span> <span class='ocrx_word' id='word_1_310' title='bbox 1447 2447 1528 2518; x_wconf 84' lang='lat' dir='ltr'><strong>ﬁt,</strong></span> <span class='ocrx_word' id='word_1_311' title='bbox 1579 2452 1677 2502; x_wconf 88' lang='lat' dir='ltr'><strong>aut</strong></span> <span class='ocrx_word' id='word_1_312' title='bbox 1705 2451 1986 2520; x_wconf 88' lang='lat' dir='ltr'><strong>tempore,</strong></span> 
     </span>
    </p>
   </div>
   <div class='ocr_carea' id='block_1_43' title="bbox 325 2535 1991 2609">
    <p class='ocr_par' dir='ltr' id='par_1_43' title="bbox 325 2535 1991 2609">
     <span class='ocr_line' id='line_1_43' title="bbox 325 2535 1991 2609; baseline -0.002 -14"><span class='ocrx_word' id='word_1_313' title='bbox 325 2542 426 2595; x_wconf 90' lang='lat' dir='ltr'><strong>aut</strong></span> <span class='ocrx_word' id='word_1_314' title='bbox 465 2539 842 2605; x_wconf 85' lang='lat' dir='ltr'><strong>necessitate,</strong></span> <span class='ocrx_word' id='word_1_315' title='bbox 894 2539 956 2591; x_wconf 91' lang='lat' dir='ltr'><strong>ut</strong></span> <span class='ocrx_word' id='word_1_316' title='bbox 999 2552 1118 2590; x_wconf 91' lang='lat' dir='ltr'><strong>non</strong></span> <span class='ocrx_word' id='word_1_317' title='bbox 1157 2538 1234 2589; x_wconf 91' lang='lat' dir='ltr'><strong>sit</strong></span> <span class='ocrx_word' id='word_1_318' title='bbox 1265 2535 1526 2590; x_wconf 87' lang='lat' dir='ltr'><strong>ofticium</strong></span> <span class='ocrx_word' id='word_1_319' title='bbox 1555 2537 1801 2592; x_wconf 89' lang='lat' dir='ltr'><strong>reddere</strong></span> <span class='ocrx_word' id='word_1_320' title='bbox 1833 2538 1991 2609; x_wconf 91' lang='lat' dir='ltr'><strong>quod</strong></span> 
     </span>
    </p>
   </div>
   <div class='ocr_carea' id='block_1_44' title="bbox 328 2625 1988 2698">
    <p class='ocr_par' dir='ltr' id='par_1_44' title="bbox 328 2625 1988 2698">
     <span class='ocr_line' id='line_1_44' title="bbox 328 2625 1988 2698; baseline 0 -16"><span class='ocrx_word' id='word_1_321' title='bbox 328 2628 637 2698; x_wconf 84' lang='lat' dir='ltr'><strong>acceperis</strong></span> <span class='ocrx_word' id='word_1_322' title='bbox 687 2625 836 2695; x_wconf 82' lang='lat'><strong>(89);</strong></span> <span class='ocrx_word' id='word_1_323' title='bbox 886 2627 948 2680; x_wconf 90' lang='lat' dir='ltr'><strong>ut</strong></span> <span class='ocrx_word' id='word_1_324' title='bbox 979 2626 1032 2679; x_wconf 89' lang='lat' dir='ltr'><strong>si</strong></span> <span class='ocrx_word' id='word_1_325' title='bbox 1079 2625 1215 2697; x_wconf 88' lang='lat' dir='ltr'><strong>quis</strong></span> <span class='ocrx_word' id='word_1_326' title='bbox 1250 2627 1452 2680; x_wconf 90' lang='lat' dir='ltr'><strong>contra</strong></span> <span class='ocrx_word' id='word_1_327' title='bbox 1500 2627 1766 2696; x_wconf 89' lang='lat' dir='ltr'><strong>patriam,</strong></span> <span class='ocrx_word' id='word_1_328' title='bbox 1819 2642 1988 2696; x_wconf 91' lang='lat' dir='ltr'><strong>opem</strong></span> 
     </span>
    </p>
   </div>
   <div class='ocr_carea' id='block_1_45' title="bbox 323 2713 1984 2786">
    <p class='ocr_par' dir='ltr' id='par_1_45' title="bbox 323 2713 1984 2786">
     <span class='ocr_line' id='line_1_45' title="bbox 323 2713 1984 2786; baseline 0 -14"><span class='ocrx_word' id='word_1_329' title='bbox 323 2716 606 2772; x_wconf 78' lang='lat' dir='ltr'><strong>Barbarie</strong></span> <span class='ocrx_word' id='word_1_330' title='bbox 633 2715 854 2783; x_wconf 88' lang='lat' dir='ltr'><strong>ferens,</strong></span> <span class='ocrx_word' id='word_1_331' title='bbox 877 2715 1188 2785; x_wconf 89' lang='lat' dir='ltr'><strong>pecuniam</strong></span> <span class='ocrx_word' id='word_1_332' title='bbox 1207 2717 1449 2784; x_wconf 89' lang='lat' dir='ltr'><strong>apertus</strong></span> <span class='ocrx_word' id='word_1_333' title='bbox 1470 2713 1662 2769; x_wconf 91' lang='lat' dir='ltr'><strong>hostis</strong></span> <span class='ocrx_word' id='word_1_334' title='bbox 1686 2719 1984 2786; x_wconf 88' lang='lat' dir='ltr'><strong>reposcat:</strong></span> 
     </span>
    </p>
   </div>
   <div class='ocr_carea' id='block_1_46' title="bbox 321 2803 1991 2874">
    <p class='ocr_par' dir='ltr' id='par_1_46' title="bbox 321 2803 1991 2874">
     <span class='ocr_line' id='line_1_46' title="bbox 321 2803 1991 2874; baseline -0.001 -13"><span class='ocrx_word' id='word_1_335' title='bbox 321 2809 420 2862; x_wconf 91' lang='lat' dir='ltr'><strong>aut</strong></span> <span class='ocrx_word' id='word_1_336' title='bbox 453 2806 507 2860; x_wconf 90' lang='lat' dir='ltr'><strong>si</strong></span> <span class='ocrx_word' id='word_1_337' title='bbox 543 2805 638 2859; x_wconf 93' lang='lat' dir='ltr'><strong>cui</strong></span> <span class='ocrx_word' id='word_1_338' title='bbox 660 2803 897 2872; x_wconf 89' lang='lat' dir='ltr'><strong>reddas,</strong></span> <span class='ocrx_word' id='word_1_339' title='bbox 933 2820 1066 2857; x_wconf 93' lang='lat' dir='ltr'><strong>cum</strong></span> <span class='ocrx_word' id='word_1_340' title='bbox 1087 2803 1243 2857; x_wconf 89' lang='lat' dir='ltr'><strong>adsit</strong></span> <span class='ocrx_word' id='word_1_341' title='bbox 1271 2803 1372 2874; x_wconf 88' lang='lat' dir='ltr'><strong>qui</strong></span> <span class='ocrx_word' id='word_1_342' title='bbox 1400 2806 1746 2874; x_wconf 83' lang='lat' dir='ltr'><strong>extorqueat</strong></span> <span class='ocrx_word' id='word_1_343' title='bbox 1778 2820 1790 2860; x_wconf 93' lang='lat'>:</span> <span class='ocrx_word' id='word_1_344' title='bbox 1823 2805 1875 2860; x_wconf 88' lang='lat' dir='ltr'><strong>si</strong></span> <span class='ocrx_word' id='word_1_345' title='bbox 1905 2805 1991 2860; x_wconf 84' lang='lat' dir='ltr'><strong>fu-</strong></span> 
     </span>
    </p>
   </div>
   <div class='ocr_carea' id='block_1_47' title="bbox 321 2893 1986 2964">
    <p class='ocr_par' dir='ltr' id='par_1_47' title="bbox 321 2893 1986 2964">
     <span class='ocr_line' id='line_1_47' title="bbox 321 2893 1986 2964; baseline -0.001 -13"><span class='ocrx_word' id='word_1_346' title='bbox 321 2895 493 2951; x_wconf 89' lang='lat' dir='ltr'><strong>rienti</strong></span> <span class='ocrx_word' id='word_1_347' title='bbox 529 2893 833 2961; x_wconf 87' lang='lat' dir='ltr'><strong>restituas,</strong></span> <span class='ocrx_word' id='word_1_348' title='bbox 886 2907 1019 2946; x_wconf 92' lang='lat' dir='ltr'><strong>cum</strong></span> <span class='ocrx_word' id='word_1_349' title='bbox 1054 2906 1294 2948; x_wconf 90' lang='lat' dir='ltr'><strong>servare</strong></span> <span class='ocrx_word' id='word_1_350' title='bbox 1327 2907 1444 2946; x_wconf 89' lang='lat' dir='ltr'><strong>non</strong></span> <span class='ocrx_word' id='word_1_351' title='bbox 1475 2896 1683 2964; x_wconf 80' lang='lat' dir='ltr'><strong>queat;</strong></span> <span class='ocrx_word' id='word_1_352' title='bbox 1731 2893 1784 2948; x_wconf 90' lang='lat' dir='ltr'><strong>si</strong></span> <span class='ocrx_word' id='word_1_353' title='bbox 1820 2894 1986 2950; x_wconf 89' lang='lat' dir='ltr'><strong>insa-</strong></span> 
     </span>
    </p>
   </div>
   <div class='ocr_carea' id='block_1_48' title="bbox 285 2981 1986 3056">
    <p class='ocr_par' dir='ltr' id='par_1_48' title="bbox 285 2981 1986 3056">
     <span class='ocr_line' id='line_1_48' title="bbox 285 2981 1986 3056; baseline -0.001 -16"><span class='ocrx_word' id='word_1_354' title='bbox 285 2985 504 3046; x_wconf 70' lang='lat' dir='ltr'><strong>nienti</strong></span> <span class='ocrx_word' id='word_1_355' title='bbox 534 2982 798 3056; x_wconf 83' lang='lat' dir='ltr'><strong>gladium</strong></span> <span class='ocrx_word' id='word_1_356' title='bbox 839 2981 1173 3051; x_wconf 89' lang='lat' dir='ltr'><strong>depositum</strong></span> <span class='ocrx_word' id='word_1_357' title='bbox 1210 2997 1327 3036; x_wconf 88' lang='lat' dir='ltr'><strong>non</strong></span> <span class='ocrx_word' id='word_1_358' title='bbox 1367 2997 1576 3054; x_wconf 90' lang='lat' dir='ltr'><strong>neges,</strong></span> <span class='ocrx_word' id='word_1_359' title='bbox 1625 2997 1742 3054; x_wconf 88' lang='lat' dir='ltr'><strong>quo</strong></span> <span class='ocrx_word' id='word_1_360' title='bbox 1790 2999 1858 3039; x_wconf 89' lang='lat' dir='ltr'><strong>se</strong></span> <span class='ocrx_word' id='word_1_361' title='bbox 1887 2984 1986 3038; x_wconf 91' lang='lat' dir='ltr'><strong>ille</strong></span> 
     </span>
    </p>
   </div>
   <div class='ocr_carea' id='block_1_49' title="bbox 392 3122 1986 3197">
    <p class='ocr_par' dir='ltr' id='par_1_49' title="bbox 392 3122 1986 3197">
     <span class='ocr_line' id='line_1_49' title="bbox 392 3122 1986 3197; baseline 0 -15"><span class='ocrx_word' id='word_1_362' title='bbox 392 3126 503 3197; x_wconf 73' lang='lat'><strong>(86&#39;,</strong></span> <span class='ocrx_word' id='word_1_363' title='bbox 534 3127 683 3181; x_wconf 87' lang='lat' dir='ltr'><strong>Mss.</strong></span> <span class='ocrx_word' id='word_1_364' title='bbox 709 3124 950 3196; x_wconf 84' lang='lat' dir='ltr'><strong>aliquot,</strong></span> <span class='ocrx_word' id='word_1_365' title='bbox 977 3122 1089 3179; x_wconf 81' lang='lat' dir='ltr'><strong>sed</strong></span> <span class='ocrx_word' id='word_1_366' title='bbox 1107 3124 1592 3197; x_wconf 81' lang='lat' dir='ltr'><strong>commutavimus</strong></span> <span class='ocrx_word' id='word_1_367' title='bbox 1611 3127 1986 3197; x_wconf 82' lang='lat' dir='ltr'><strong>superiorem</strong></span> 
     </span>
    </p>
   </div>
   <div class='ocr_carea' id='block_1_50' title="bbox 321 3196 1985 3269">
    <p class='ocr_par' dir='ltr' id='par_1_50' title="bbox 321 3196 1985 3269">
     <span class='ocr_line' id='line_1_50' title="bbox 321 3196 1985 3269; baseline -0.002 -13"><span class='ocrx_word' id='word_1_368' title='bbox 321 3196 613 3266; x_wconf 79' lang='lat' dir='ltr'><strong>ordinem,</strong></span> <span class='ocrx_word' id='word_1_369' title='bbox 657 3200 963 3269; x_wconf 84' lang='lat' dir='ltr'><strong>quem,etc.</strong></span> <span class='ocrx_word' id='word_1_370' title='bbox 1014 3197 1207 3269; x_wconf 84' lang='lat' dir='ltr'><strong>Minus</strong></span> <span class='ocrx_word' id='word_1_371' title='bbox 1242 3196 1566 3269; x_wconf 72' lang='lat' dir='ltr'><strong>commode.</strong></span> <span class='ocrx_word' id='word_1_372' title='bbox 1601 3196 1985 3254; x_wconf 30' lang='lat' dir='ltr'><strong>At’continuo</strong></span> 
     </span>
    </p>
   </div>
   <div class='ocr_carea' id='block_1_51' title="bbox 320 3267 1980 3342">
    <p class='ocr_par' dir='ltr' id='par_1_51' title="bbox 320 3267 1980 3342">
     <span class='ocr_line' id='line_1_51' title="bbox 320 3267 1980 3342; baseline -0.002 -17"><span class='ocrx_word' id='word_1_373' title='bbox 320 3275 476 3342; x_wconf 89' lang='lat' dir='ltr'><strong>post,</strong></span> <span class='ocrx_word' id='word_1_374' title='bbox 511 3269 612 3324; x_wconf 87' lang='lat' dir='ltr'><strong>ubi</strong></span> <span class='ocrx_word' id='word_1_375' title='bbox 645 3267 934 3342; x_wconf 77' lang='lat' dir='ltr'><strong>edit.cum</strong></span> <span class='ocrx_word' id='word_1_376' title='bbox 965 3267 1172 3342; x_wconf 78' lang='lat' dir='ltr'><strong>paucis</strong></span> <span class='ocrx_word' id='word_1_377' title='bbox 1203 3283 1374 3342; x_wconf 61' lang='lat' dir='ltr'><strong>mss,</strong></span> <span class='ocrx_word' id='word_1_378' title='bbox 1419 3267 1858 3342; x_wconf 62' lang='lat' dir='ltr'><strong>fundamentum</strong></span> <span class='ocrx_word' id='word_1_379' title='bbox 1880 3271 1980 3334; x_wconf 85' lang='lat' dir='ltr'><strong>sit,</strong></span> 
     </span>
    </p>
   </div>
   <div class='ocr_carea' id='block_1_52' title="bbox 310 3339 1986 3414">
    <p class='ocr_par' dir='ltr' id='par_1_52' title="bbox 310 3339 1986 3414">
     <span class='ocr_line' id='line_1_52' title="bbox 310 3339 1986 3414; baseline -0.001 -18"><span class='ocrx_word' id='word_1_380' title='bbox 310 3339 553 3414; x_wconf 74' lang='lat' dir='ltr'><strong>justitia</strong></span> <span class='ocrx_word' id='word_1_381' title='bbox 576 3356 716 3414; x_wconf 76' lang='lat' dir='ltr'><strong>opus</strong></span> <span class='ocrx_word' id='word_1_382' title='bbox 737 3341 836 3401; x_wconf 85' lang='lat' dir='ltr'><strong>sit,</strong></span> <span class='ocrx_word' id='word_1_383' title='bbox 863 3339 1030 3414; x_wconf 81' lang='lat' dir='ltr'><strong>quod.</strong></span> <span class='ocrx_word' id='word_1_384' title='bbox 1055 3342 1166 3392; x_wconf 88' lang='lat' dir='ltr'><strong>etc.</strong></span> <span class='ocrx_word' id='word_1_385' title='bbox 1188 3339 1282 3414; x_wconf 84' lang='lat' dir='ltr'><strong>alii</strong></span> <span class='ocrx_word' id='word_1_386' title='bbox 1308 3339 1986 3414; x_wconf 58' lang='lat' dir='ltr'><strong>partimfungiamentum</strong></span> 
     </span>
    </p>
   </div>
   <div class='ocr_carea' id='block_1_53' title="bbox 323 3409 1984 3482">
    <p class='ocr_par' dir='ltr' id='par_1_53' title="bbox 323 3409 1984 3482">
     <span class='ocr_line' id='line_1_53' title="bbox 323 3409 1984 3482; baseline -0.001 -15"><span class='ocrx_word' id='word_1_387' title='bbox 323 3409 426 3481; x_wconf 86' lang='lat' dir='ltr'><strong>sit,</strong></span> <span class='ocrx_word' id='word_1_388' title='bbox 437 3409 697 3480; x_wconf 65' lang='lat' dir='ltr'><strong>Justitiac</strong></span> <span class='ocrx_word' id='word_1_389' title='bbox 729 3409 1016 3481; x_wconf 32' lang='lat' dir='ltr'><strong>epus’sit;</strong></span> <span class='ocrx_word' id='word_1_390' title='bbox 1052 3409 1202 3482; x_wconf 80' lang='lat' dir='ltr'><strong>quod</strong></span> <span class='ocrx_word' id='word_1_391' title='bbox 1236 3413 1348 3482; x_wconf 88' lang='lat' dir='ltr'><strong>etc.</strong></span> <span class='ocrx_word' id='word_1_392' title='bbox 1391 3409 1601 3479; x_wconf 87' lang='lat' dir='ltr'><strong>partim</strong></span> <span class='ocrx_word' id='word_1_393' title='bbox 1634 3409 1984 3482; x_wconf 69' lang='lat' dir='ltr'><strong>fundamen-</strong></span> 
     </span>
    </p>
   </div>
   <div class='ocr_carea' id='block_1_54' title="bbox 327 3481 1982 3554">
    <p class='ocr_par' dir='ltr' id='par_1_54' title="bbox 327 3481 1982 3554">
     <span class='ocr_line' id='line_1_54' title="bbox 327 3481 1982 3554; baseline -0.001 -16"><span class='ocrx_word' id='word_1_394' title='bbox 327 3489 443 3538; x_wconf 87' lang='lat' dir='ltr'><strong>tum</strong></span> <span class='ocrx_word' id='word_1_395' title='bbox 458 3482 832 3554; x_wconf 68' lang='lat' dir='ltr'><strong>sitJ&#39;ustitize,</strong></span> <span class='ocrx_word' id='word_1_396' title='bbox 865 3497 1006 3554; x_wconf 82' lang='lat' dir='ltr'><strong>opus</strong></span> <span class='ocrx_word' id='word_1_397' title='bbox 1023 3481 1117 3554; x_wconf 68' lang='lat' dir='ltr'><strong>sn</strong></span> <span class='ocrx_word' id='word_1_398' title='bbox 1141 3500 1158 3544; x_wconf 82' lang='lat'><strong>,-</strong></span> <span class='ocrx_word' id='word_1_399' title='bbox 1189 3481 1319 3550; x_wconf 92' lang='lat' dir='ltr'><strong>tria,</strong></span> <span class='ocrx_word' id='word_1_400' title='bbox 1355 3487 1412 3534; x_wconf 87' lang='lat' dir='ltr'><strong>et</strong></span> <span class='ocrx_word' id='word_1_401' title='bbox 1439 3495 1585 3554; x_wconf 83' lang='lat' dir='ltr'><strong>opus</strong></span> <span class='ocrx_word' id='word_1_402' title='bbox 1601 3481 1681 3535; x_wconf 89' lang='lat' dir='ltr'><strong>sit</strong></span> <span class='ocrx_word' id='word_1_403' title='bbox 1701 3482 1852 3554; x_wconf 86' lang='lat' dir='ltr'><strong>quod</strong></span> <span class='ocrx_word' id='word_1_404' title='bbox 1869 3486 1982 3537; x_wconf 89' lang='lat' dir='ltr'><strong>etc.</strong></span> 
     </span>
    </p>
   </div>
   <div class='ocr_carea' id='block_1_55' title="bbox 393 3552 1985 3625">
    <p class='ocr_par' dir='ltr' id='par_1_55' title="bbox 393 3552 1985 3625">
     <span class='ocr_line' id='line_1_55' title="bbox 393 3552 1985 3625; baseline 0 -17"><span class='ocrx_word' id='word_1_405' title='bbox 393 3553 497 3622; x_wconf 75' lang='lat'><strong>(87)</strong></span> <span class='ocrx_word' id='word_1_406' title='bbox 529 3553 662 3608; x_wconf 85' lang='lat' dir='ltr'><strong>Era.</strong></span> <span class='ocrx_word' id='word_1_407' title='bbox 695 3555 753 3608; x_wconf 89' lang='lat' dir='ltr'><strong>et</strong></span> <span class='ocrx_word' id='word_1_408' title='bbox 782 3567 909 3622; x_wconf 89' lang='lat' dir='ltr'><strong>seq.</strong></span> <span class='ocrx_word' id='word_1_409' title='bbox 942 3552 1079 3606; x_wconf 88' lang='lat' dir='ltr'><strong>edit.</strong></span> <span class='ocrx_word' id='word_1_410' title='bbox 1115 3567 1248 3606; x_wconf 92' lang='lat' dir='ltr'><strong>cum</strong></span> <span class='ocrx_word' id='word_1_411' title='bbox 1279 3553 1486 3622; x_wconf 88' lang='lat' dir='ltr'><strong>paucis</strong></span> <span class='ocrx_word' id='word_1_412' title='bbox 1517 3567 1690 3622; x_wconf 88' lang='lat' dir='ltr'><strong>mss.,</strong></span> <span class='ocrx_word' id='word_1_413' title='bbox 1710 3552 1852 3625; x_wconf 61' lang='lat' dir='ltr'><strong>&#39;quw</strong></span> <span class='ocrx_word' id='word_1_414' title='bbox 1892 3559 1985 3608; x_wconf 86' lang='lat' dir='ltr'><strong>est</strong></span> 
     </span>
    </p>
   </div>
   <div class='ocr_carea' id='block_1_56' title="bbox 321 3625 638 3682">
    <p class='ocr_par' dir='ltr' id='par_1_56' title="bbox 321 3625 638 3682">
     <span class='ocr_line' id='line_1_56' title="bbox 321 3625 638 3682; baseline -0.016 0"><span class='ocrx_word' id='word_1_415' title='bbox 321 3625 638 3682; x_wconf 80' lang='lat' dir='ltr'><strong>sapientia.</strong></span> 
     </span>
    </p>
   </div>
   <div class='ocr_carea' id='block_1_57' title="bbox 387 3643 1985 3765">
    <p class='ocr_par' dir='ltr' id='par_1_57' title="bbox 387 3643 1985 3765">
     <span class='ocr_line' id='line_1_57' title="bbox 387 3643 1985 3765; baseline -0.001 -13"><span class='ocrx_word' id='word_1_416' title='bbox 686 3692 857 3749; x_wconf 78' lang='lat' dir='ltr'><strong>Offic.</strong></span> <span class='ocrx_word' id='word_1_417' title='bbox 891 3693 994 3750; x_wconf 85' lang='lat' dir='ltr'><strong>lib.</strong></span> <span class='ocrx_word' id='word_1_418' title='bbox 1031 3709 1069 3760; x_wconf 83' lang='grc' dir='ltr'>ι,</span> <span class='ocrx_word' id='word_1_419' title='bbox 1104 3709 1240 3765; x_wconf 80' lang='lat' dir='ltr'><strong>pag.</strong></span> <span class='ocrx_word' id='word_1_420' title='bbox 1271 3692 1412 3748; x_wconf 77' lang='lat'><strong>3&#39;73:</strong></span> <span class='ocrx_word' id='word_1_421' title='bbox 1460 3714 1483 3744; x_wconf 84' lang='grc'><strong>«</strong></span> <span class='ocrx_word' id='word_1_422' title='bbox 1519 3693 1584 3748; x_wconf 88' lang='lat' dir='ltr'><strong>In</strong></span> <span class='ocrx_word' id='word_1_423' title='bbox 1614 3693 1744 3765; x_wconf 91' lang='lat' dir='ltr'><strong>ipsa</strong></span> <span class='ocrx_word' id='word_1_424' title='bbox 1789 3697 1985 3750; x_wconf 89' lang='lat' dir='ltr'><strong>autem</strong></span> 
     </span>
    </p>
   </div>
   <div class='ocr_carea' id='block_1_58' title="bbox 324 3765 1984 3836">
    <p class='ocr_par' dir='ltr' id='par_1_58' title="bbox 324 3765 1984 3836">
     <span class='ocr_line' id='line_1_58' title="bbox 324 3765 1984 3836; baseline 0 -14"><span class='ocrx_word' id='word_1_425' title='bbox 324 3767 735 3823; x_wconf 87' lang='lat' dir='ltr'><strong>communitate</strong></span> <span class='ocrx_word' id='word_1_426' title='bbox 758 3765 1132 3836; x_wconf 83' lang='lat' dir='ltr'><strong>suntgradus</strong></span> <span class='ocrx_word' id='word_1_427' title='bbox 1155 3765 1554 3820; x_wconf 89' lang='lat' dir='ltr'><strong>ofﬁciorum...</strong></span> <span class='ocrx_word' id='word_1_428' title='bbox 1579 3769 1640 3819; x_wconf 91' lang='lat' dir='ltr'><strong>ut</strong></span> <span class='ocrx_word' id='word_1_429' title='bbox 1660 3767 1849 3836; x_wconf 91' lang='lat' dir='ltr'><strong>prima</strong></span> <span class='ocrx_word' id='word_1_430' title='bbox 1869 3767 1984 3822; x_wconf 92' lang='lat' dir='ltr'><strong>diis</strong></span> 
     </span>
    </p>
   </div>
   <div class='ocr_carea' id='block_1_59' title="bbox 321 3837 980 3904">
    <p class='ocr_par' dir='ltr' id='par_1_59' title="bbox 321 3837 980 3904">
     <span class='ocr_line' id='line_1_59' title="bbox 321 3837 980 3904; baseline -0.006 -12"><span class='ocrx_word' id='word_1_431' title='bbox 321 3837 772 3904; x_wconf 88' lang='lat' dir='ltr'><strong>immortalibus,</strong></span> <span class='ocrx_word' id='word_1_432' title='bbox 811 3857 832 3883; x_wconf 67' lang='grc' dir='ltr'><strong><em>υ</em></strong></span> <span class='ocrx_word' id='word_1_433' title='bbox 868 3842 980 3889; x_wconf 88' lang='lat' dir='ltr'><strong>etc.</strong></span> 
     </span>
    </p>
   </div>
   <div class='ocr_carea' id='block_1_60' title="bbox 394 3905 1982 3979">
    <p class='ocr_par' dir='ltr' id='par_1_60' title="bbox 394 3905 1982 3979">
     <span class='ocr_line' id='line_1_60' title="bbox 394 3905 1982 3979; baseline 0 -16"><span class='ocrx_word' id='word_1_434' title='bbox 394 3909 508 3979; x_wconf 87' lang='lat'><strong>(89)</strong></span> <span class='ocrx_word' id='word_1_435' title='bbox 538 3907 710 3962; x_wconf 87' lang='lat' dir='ltr'><strong>lbid..</strong></span> <span class='ocrx_word' id='word_1_436' title='bbox 743 3923 879 3977; x_wconf 88' lang='lat' dir='ltr'><strong>pag.</strong></span> <span class='ocrx_word' id='word_1_437' title='bbox 912 3907 1036 3960; x_wconf 83' lang='lat'><strong>352.</strong></span> <span class='ocrx_word' id='word_1_438' title='bbox 1070 3905 1171 3961; x_wconf 90' lang='lat' dir='ltr'><strong>lin.</strong></span> <span class='ocrx_word' id='word_1_439' title='bbox 1205 3906 1267 3961; x_wconf 76' lang='grc'><strong>41</strong></span> <span class='ocrx_word' id='word_1_440' title='bbox 1307 3922 1322 3963; x_wconf 85' lang='lat'><strong>:</strong></span> <span class='ocrx_word' id='word_1_441' title='bbox 1351 3928 1373 3957; x_wconf 74' lang='grc' dir='ltr'><strong>α</strong></span> <span class='ocrx_word' id='word_1_442' title='bbox 1396 3906 1512 3962; x_wconf 90' lang='lat' dir='ltr'><strong>Sed</strong></span> <span class='ocrx_word' id='word_1_443' title='bbox 1536 3906 1799 3963; x_wconf 86' lang='lat' dir='ltr'><strong>incidunt</strong></span> <span class='ocrx_word' id='word_1_444' title='bbox 1821 3923 1982 3978; x_wconf 69' lang='lat' dir='ltr'><strong>saepe</strong></span> 
     </span>
    </p>
   </div>
   <div class='ocr_carea' id='block_1_61' title="bbox 321 3979 1544 4049">
    <p class='ocr_par' dir='ltr' id='par_1_61' title="bbox 321 3979 1544 4049">
     <span class='ocr_line' id='line_1_61' title="bbox 321 3979 1544 4049; baseline -0.001 -15"><span class='ocrx_word' id='word_1_445' title='bbox 321 3983 605 4049; x_wconf 89' lang='lat' dir='ltr'><strong>tempora,</strong></span> <span class='ocrx_word' id='word_1_446' title='bbox 642 3995 772 4031; x_wconf 82' lang='lat' dir='ltr'><strong>cum</strong></span> <span class='ocrx_word' id='word_1_447' title='bbox 805 3993 872 4032; x_wconf 89' lang='lat' dir='ltr'><strong>ea</strong></span> <span class='ocrx_word' id='word_1_448' title='bbox 905 3994 1038 4049; x_wconf 80' lang='lat' dir='ltr'><strong>quae</strong></span> <span class='ocrx_word' id='word_1_449' title='bbox 1069 3979 1344 4044; x_wconf 85' lang='lat' dir='ltr'><strong>maxime,</strong></span> <span class='ocrx_word' id='word_1_450' title='bbox 1375 4000 1396 4026; x_wconf 74' lang='grc' dir='ltr'><strong>υ</strong></span> <span class='ocrx_word' id='word_1_451' title='bbox 1433 3983 1544 4032; x_wconf 90' lang='lat' dir='ltr'><strong>etc.</strong></span> 
     </span>
    </p>
   </div>
   <div class='ocr_carea' id='block_1_62' title="bbox 392 4048 1984 4122">
    <p class='ocr_par' dir='ltr' id='par_1_62' title="bbox 392 4048 1984 4122">
     <span class='ocr_line' id='line_1_62' title="bbox 392 4048 1984 4122; baseline 0 -16"><span class='ocrx_word' id='word_1_452' title='bbox 392 4048 506 4122; x_wconf 86' lang='grc'>(90)</span> <span class='ocrx_word' id='word_1_453' title='bbox 543 4049 711 4122; x_wconf 87' lang='lat' dir='ltr'><strong>lbid.,</strong></span> <span class='ocrx_word' id='word_1_454' title='bbox 745 4049 846 4122; x_wconf 87' lang='lat' dir='ltr'><strong>lin.</strong></span> <span class='ocrx_word' id='word_1_455' title='bbox 881 4048 989 4105; x_wconf 78' lang='lat'><strong>4&#39;7:</strong></span> <span class='ocrx_word' id='word_1_456' title='bbox 1025 4070 1046 4098; x_wconf 78' lang='grc' dir='ltr'><strong>α</strong></span> <span class='ocrx_word' id='word_1_457' title='bbox 1088 4050 1288 4104; x_wconf 82' lang='lat' dir='ltr'><strong>l’otest</strong></span> <span class='ocrx_word' id='word_1_458' title='bbox 1318 4049 1493 4104; x_wconf 89' lang='lat' dir='ltr'><strong>etiam</strong></span> <span class='ocrx_word' id='word_1_459' title='bbox 1523 4048 1794 4106; x_wconf 86' lang='lat' dir='ltr'><strong>accidere</strong></span> <span class='ocrx_word' id='word_1_460' title='bbox 1849 4064 1984 4122; x_wconf 90' lang='lat' dir='ltr'><strong>pro-</strong></span> 
     </span>
    </p>
   </div>
   <div class='ocr_carea' id='block_1_63' title="bbox 321 4121 1066 4191">
    <p class='ocr_par' dir='ltr' id='par_1_63' title="bbox 321 4121 1066 4191">
     <span class='ocr_line' id='line_1_63' title="bbox 321 4121 1066 4191; baseline -0.005 -14"><span class='ocrx_word' id='word_1_461' title='bbox 321 4123 572 4177; x_wconf 90' lang='lat' dir='ltr'><strong>missum</strong></span> <span class='ocrx_word' id='word_1_462' title='bbox 605 4121 862 4191; x_wconf 85' lang='lat' dir='ltr'><strong>aliquod,</strong></span> <span class='ocrx_word' id='word_1_463' title='bbox 889 4147 924 4191; x_wconf 15' lang='grc' dir='ltr'><strong>ν»</strong></span> <span class='ocrx_word' id='word_1_464' title='bbox 955 4125 1066 4174; x_wconf 87' lang='lat' dir='ltr'><strong>etc.</strong></span> 
     </span>
    </p>
   </div>
   <div class='ocr_carea' id='block_1_64' title="bbox 393 4190 1980 4263">
    <p class='ocr_par' dir='ltr' id='par_1_64' title="bbox 393 4190 1980 4263">
     <span class='ocr_line' id='line_1_64' title="bbox 393 4190 1980 4263; baseline -0.001 -15"><span class='ocrx_word' id='word_1_465' title='bbox 393 4194 508 4262; x_wconf 84' lang='lat' dir='ltr'><strong>(9i)</strong></span> <span class='ocrx_word' id='word_1_466' title='bbox 542 4190 772 4263; x_wconf 83' lang='lat' dir='ltr'><strong>Ultimae</strong></span> <span class='ocrx_word' id='word_1_467' title='bbox 805 4190 942 4244; x_wconf 86' lang='lat' dir='ltr'><strong>edit.</strong></span> <span class='ocrx_word' id='word_1_468' title='bbox 977 4191 1190 4259; x_wconf 44' lang='lat' dir='ltr'><strong>Paris”</strong></span> <span class='ocrx_word' id='word_1_469' title='bbox 1213 4190 1774 4263; x_wconf 77' lang='lat' dir='ltr'><strong>quidquidpetitura</strong></span> <span class='ocrx_word' id='word_1_470' title='bbox 1797 4197 1980 4247; x_wconf 83' lang='lat' dir='ltr'><strong>esset.</strong></span> 
     </span>
    </p>
   </div>
   <div class='ocr_carea' id='block_1_65' title="bbox 395 4261 1984 4337">
    <p class='ocr_par' dir='ltr' id='par_1_65' title="bbox 395 4261 1984 4337">
     <span class='ocr_line' id='line_1_65' title="bbox 395 4261 1984 4337; baseline -0.003 -17"><span class='ocrx_word' id='word_1_471' title='bbox 395 4261 496 4337; x_wconf 70' lang='lat'><strong>(92)</strong></span> <span class='ocrx_word' id='word_1_472' title='bbox 527 4263 657 4337; x_wconf 86' lang='lat' dir='ltr'><strong>J_am</strong></span> <span class='ocrx_word' id='word_1_473' title='bbox 679 4262 908 4337; x_wconf 83' lang='lat' dir='ltr'><strong>dixerat</strong></span> <span class='ocrx_word' id='word_1_474' title='bbox 937 4277 1138 4333; x_wconf 89' lang='lat' dir='ltr'><strong>supra,</strong></span> <span class='ocrx_word' id='word_1_475' title='bbox 1165 4261 1290 4337; x_wconf 83' lang='lat' dir='ltr'><strong>cap.</strong></span> <span class='ocrx_word' id='word_1_476' title='bbox 1330 4261 1416 4324; x_wconf 76' lang='lat'><strong>44,</strong></span> <span class='ocrx_word' id='word_1_477' title='bbox 1451 4261 1696 4337; x_wconf 81' lang='lat' dir='ltr'><strong>sanctus</strong></span> <span class='ocrx_word' id='word_1_478' title='bbox 1726 4263 1984 4337; x_wconf 83' lang='lat' dir='ltr'><strong>Ambro-</strong></span> 
     </span>
    </p>
   </div>
   <div class='ocr_carea' id='block_1_66' title="bbox 323 4334 1982 4406">
    <p class='ocr_par' dir='ltr' id='par_1_66' title="bbox 323 4334 1982 4406">
     <span class='ocr_line' id='line_1_66' title="bbox 323 4334 1982 4406; baseline -0.002 -14"><span class='ocrx_word' id='word_1_479' title='bbox 323 4334 488 4406; x_wconf 77' lang='lat' dir='ltr'><strong>sius,</strong></span> <span class='ocrx_word' id='word_1_480' title='bbox 503 4334 656 4389; x_wconf 85' lang='lat' dir='ltr'><strong>alius</strong></span> <span class='ocrx_word' id='word_1_481' title='bbox 673 4334 944 4406; x_wconf 78' lang='lat' dir='ltr'><strong>sacrario</strong></span> <span class='ocrx_word' id='word_1_482' title='bbox 960 4335 1344 4406; x_wconf 11' lang='lat' dir='ltr'><strong>apporlgunior</strong></span> <span class='ocrx_word' id='word_1_483' title='bbox 1365 4348 1378 4388; x_wconf 90' lang='lat'><strong>:</strong></span> <span class='ocrx_word' id='word_1_484' title='bbox 1405 4349 1537 4404; x_wconf 74' lang='lat' dir='ltr'><strong>qua:</strong></span> <span class='ocrx_word' id='word_1_485' title='bbox 1551 4334 1732 4406; x_wconf 80' lang='lat' dir='ltr'><strong>verba</strong></span> <span class='ocrx_word' id='word_1_486' title='bbox 1752 4334 1982 4406; x_wconf 77' lang='lat' dir='ltr'><strong>magnis</strong></span> 
     </span>
    </p>
   </div>
   <div class='ocr_carea' id='block_1_67' title="bbox 320 4403 1981 4486">
    <p class='ocr_par' dir='ltr' id='par_1_67' title="bbox 320 4403 1981 4486">
     <span class='ocr_line' id='line_1_67' title="bbox 320 4403 1981 4486; baseline -0.001 -26"><span class='ocrx_word' id='word_1_487' title='bbox 320 4403 470 4462; x_wconf 84' lang='lat' dir='ltr'><strong>viris</strong></span> <span class='ocrx_word' id='word_1_488' title='bbox 498 4407 594 4477; x_wconf 86' lang='lat' dir='ltr'><strong>qui</strong></span> <span class='ocrx_word' id='word_1_489' title='bbox 615 4405 706 4486; x_wconf 76' lang='lat' dir='ltr'><strong>vel</strong></span> <span class='ocrx_word' id='word_1_490' title='bbox 732 4420 848 4486; x_wconf 80' lang='lat' dir='ltr'><strong>non</strong></span> <span class='ocrx_word' id='word_1_491' title='bbox 869 4403 1136 4486; x_wconf 76' lang='lat' dir='ltr'><strong>legerant</strong></span> <span class='ocrx_word' id='word_1_492' title='bbox 1159 4403 1314 4458; x_wconf 88' lang='lat' dir='ltr'><strong>hunc</strong></span> <span class='ocrx_word' id='word_1_493' title='bbox 1333 4403 1656 4486; x_wconf 36' lang='lat' dir='ltr'><strong>loc’um,v.el</strong></span> <span class='ocrx_word' id='word_1_494' title='bbox 1676 4405 1981 4486; x_wconf 82' lang='lat' dir='ltr'><strong>selegisse</strong></span> 
     </span>
    </p>
   </div>
   <div class='ocr_carea' id='block_1_68' title="bbox 2107 1913 3776 1988">
    <p class='ocr_par' dir='ltr' id='par_1_68' title="bbox 2107 1913 3776 1988">
     <span class='ocr_line' id='line_1_68' title="bbox 2107 1913 3776 1988; baseline 0.002 -21"><span class='ocrx_word' id='word_1_495' title='bbox 2107 1915 2352 1968; x_wconf 89' lang='lat' dir='ltr'><strong>mortem</strong></span> <span class='ocrx_word' id='word_1_496' title='bbox 2375 1913 2593 1984; x_wconf 88' lang='lat' dir='ltr'><strong>timeat,</strong></span> <span class='ocrx_word' id='word_1_497' title='bbox 2635 1929 2708 1969; x_wconf 92' lang='lat' dir='ltr'><strong>ne</strong></span> <span class='ocrx_word' id='word_1_498' title='bbox 2757 1914 2896 1986; x_wconf 90' lang='lat' dir='ltr'><strong>quid</strong></span> <span class='ocrx_word' id='word_1_499' title='bbox 2944 1915 3431 1985; x_wconf 88' lang='lat' dir='ltr'><strong>intemperantius</strong></span> <span class='ocrx_word' id='word_1_500' title='bbox 3470 1917 3658 1988; x_wconf 88' lang='lat' dir='ltr'><strong>gerat,</strong></span> <span class='ocrx_word' id='word_1_501' title='bbox 3710 1918 3776 1972; x_wconf 89' lang='lat' dir='ltr'><strong>ut</strong></span> 
     </span>
    </p>
   </div>
   <div class='ocr_carea' id='block_1_69' title="bbox 2107 2001 3773 2075">
    <p class='ocr_par' dir='ltr' id='par_1_69' title="bbox 2107 2001 3773 2075">
     <span class='ocr_line' id='line_1_69' title="bbox 2107 2001 3773 2075; baseline 0.002 -19"><span class='ocrx_word' id='word_1_502' title='bbox 2107 2003 2309 2072; x_wconf 90' lang='lat' dir='ltr'><strong>specie</strong></span> <span class='ocrx_word' id='word_1_503' title='bbox 2333 2001 2462 2074; x_wconf 90' lang='lat' dir='ltr'><strong>ipsa</strong></span> <span class='ocrx_word' id='word_1_504' title='bbox 2481 2003 2826 2075; x_wconf 84' lang='lat' dir='ltr'><strong>gravitatem</strong></span> <span class='ocrx_word' id='word_1_505' title='bbox 2847 2002 3124 2074; x_wconf 66' lang='lat' dir='ltr'><strong>prmferat</strong></span> <span class='ocrx_word' id='word_1_506' title='bbox 3143 2002 3288 2074; x_wconf 84' lang='lat'><strong>(93);</strong></span> <span class='ocrx_word' id='word_1_507' title='bbox 3307 2019 3418 2058; x_wconf 90' lang='lat' dir='ltr'><strong>nec</strong></span> <span class='ocrx_word' id='word_1_508' title='bbox 3434 2003 3628 2060; x_wconf 90' lang='lat' dir='ltr'><strong>solum</strong></span> <span class='ocrx_word' id='word_1_509' title='bbox 3649 2005 3773 2060; x_wconf 89' lang='lat' dir='ltr'><strong>ani-</strong></span> 
     </span>
    </p>
   </div>
   <div class='ocr_carea' id='block_1_70' title="bbox 2107 2091 3774 2164">
    <p class='ocr_par' dir='ltr' id='par_1_70' title="bbox 2107 2091 3774 2164">
     <span class='ocr_line' id='line_1_70' title="bbox 2107 2091 3774 2164; baseline 0.002 -19"><span class='ocrx_word' id='word_1_510' title='bbox 2107 2106 2286 2164; x_wconf 92' lang='lat' dir='ltr'><strong>mum,</strong></span> <span class='ocrx_word' id='word_1_511' title='bbox 2319 2091 2426 2146; x_wconf 91' lang='lat' dir='ltr'><strong>sed</strong></span> <span class='ocrx_word' id='word_1_512' title='bbox 2458 2091 2633 2146; x_wconf 90' lang='lat' dir='ltr'><strong>etiam</strong></span> <span class='ocrx_word' id='word_1_513' title='bbox 2687 2091 2896 2147; x_wconf 88' lang='lat' dir='ltr'><strong>oculos</strong></span> <span class='ocrx_word' id='word_1_514' title='bbox 2929 2092 3301 2148; x_wconf 88' lang='lat' dir='ltr'><strong>continentes</strong></span> <span class='ocrx_word' id='word_1_515' title='bbox 3349 2092 3570 2149; x_wconf 88' lang='lat' dir='ltr'><strong>habere</strong></span> <span class='ocrx_word' id='word_1_516' title='bbox 3597 2108 3774 2164; x_wconf 88' lang='lat' dir='ltr'><strong>quem</strong></span> 
     </span>
    </p>
   </div>
   <div class='ocr_carea' id='block_1_71' title="bbox 2111 2179 3771 2252">
    <p class='ocr_par' dir='ltr' id='par_1_71' title="bbox 2111 2179 3771 2252">
     <span class='ocr_line' id='line_1_71' title="bbox 2111 2179 3771 2252; baseline 0.002 -19"><span class='ocrx_word' id='word_1_517' title='bbox 2111 2179 2346 2249; x_wconf 87' lang='lat' dir='ltr'><strong>deceat;</strong></span> <span class='ocrx_word' id='word_1_518' title='bbox 2378 2195 2453 2234; x_wconf 92' lang='lat' dir='ltr'><strong>ne</strong></span> <span class='ocrx_word' id='word_1_519' title='bbox 2496 2180 2591 2235; x_wconf 91' lang='lat' dir='ltr'><strong>vel</strong></span> <span class='ocrx_word' id='word_1_520' title='bbox 2634 2180 2764 2252; x_wconf 90' lang='lat' dir='ltr'><strong>ipse</strong></span> <span class='ocrx_word' id='word_1_521' title='bbox 2803 2179 3056 2236; x_wconf 89' lang='lat' dir='ltr'><strong>frontem</strong></span> <span class='ocrx_word' id='word_1_522' title='bbox 3107 2181 3448 2236; x_wconf 88' lang='lat' dir='ltr'><strong>sobrietatis</strong></span> <span class='ocrx_word' id='word_1_523' title='bbox 3495 2179 3771 2237; x_wconf 87' lang='lat' dir='ltr'><strong>fortuitus</strong></span> 
     </span>
    </p>
   </div>
   <div class='ocr_carea' id='block_1_72' title="bbox 2105 2267 3774 2342">
    <p class='ocr_par' dir='ltr' id='par_1_72' title="bbox 2105 2267 3774 2342">
     <span class='ocr_line' id='line_1_72' title="bbox 2105 2267 3774 2342; baseline 0.003 -20"><span class='ocrx_word' id='word_1_524' title='bbox 2105 2268 2286 2322; x_wconf 86' lang='lat' dir='ltr'><strong>violet</strong></span> <span class='ocrx_word' id='word_1_525' title='bbox 2307 2284 2600 2324; x_wconf 86' lang='lat' dir='ltr'><strong>occursus</strong></span> <span class='ocrx_word' id='word_1_526' title='bbox 2621 2285 2636 2338; x_wconf 83' lang='lat'><strong>;</strong></span> <span class='ocrx_word' id='word_1_527' title='bbox 2662 2269 2939 2342; x_wconf 89' lang='lat' dir='ltr'><strong>quoniam</strong></span> <span class='ocrx_word' id='word_1_528' title='bbox 2960 2285 2975 2326; x_wconf 89' lang='lat'><strong>:</strong></span> <span class='ocrx_word' id='word_1_529' title='bbox 3002 2267 3116 2334; x_wconf 86' lang='lat' dir='ltr'><strong>Qui</strong></span> <span class='ocrx_word' id='word_1_530' title='bbox 3139 2270 3363 2326; x_wconf 84' lang='lat' dir='ltr'><strong>viderit</strong></span> <span class='ocrx_word' id='word_1_531' title='bbox 3376 2269 3685 2326; x_wconf 87' lang='lat' dir='ltr'><strong>mulierem</strong></span> <span class='ocrx_word' id='word_1_532' title='bbox 3697 2269 3774 2327; x_wconf 83' lang='lat' dir='ltr'><strong>ad</strong></span> 
     </span>
    </p>
   </div>
   <div class='ocr_carea' id='block_1_73' title="bbox 2103 2357 3774 2430">
    <p class='ocr_par' dir='ltr' id='par_1_73' title="bbox 2103 2357 3774 2430">
     <span class='ocr_line' id='line_1_73' title="bbox 2103 2357 3774 2430; baseline 0.002 -18"><span class='ocrx_word' id='word_1_533' title='bbox 2103 2358 2631 2430; x_wconf 85' lang='lat' dir='ltr'><strong>concupiscendum</strong></span> <span class='ocrx_word' id='word_1_534' title='bbox 2649 2373 2798 2428; x_wconf 87' lang='lat' dir='ltr'><strong>eam,</strong></span> <span class='ocrx_word' id='word_1_535' title='bbox 2825 2357 3097 2413; x_wconf 85' lang='lat' dir='ltr'><strong>adultera</strong></span> <span class='ocrx_word' id='word_1_536' title='bbox 3109 2357 3193 2412; x_wconf 88' lang='lat' dir='ltr'><strong>vit</strong></span> <span class='ocrx_word' id='word_1_537' title='bbox 3224 2374 3352 2414; x_wconf 84' lang='lat' dir='ltr'><strong>eam</strong></span> <span class='ocrx_word' id='word_1_538' title='bbox 3369 2359 3432 2412; x_wconf 89' lang='lat' dir='ltr'><strong>in</strong></span> <span class='ocrx_word' id='word_1_539' title='bbox 3453 2359 3635 2414; x_wconf 86' lang='lat' dir='ltr'><strong>corde</strong></span> <span class='ocrx_word' id='word_1_540' title='bbox 3668 2374 3774 2415; x_wconf 84' lang='lat' dir='ltr'><strong>suo</strong></span> 
     </span>
    </p>
   </div>
   <div class='ocr_carea' id='block_1_74' title="bbox 2103 2446 3772 2516">
    <p class='ocr_par' dir='ltr' id='par_1_74' title="bbox 2103 2446 3772 2516">
     <span class='ocr_line' id='line_1_74' title="bbox 2103 2446 3772 2516; baseline 0.002 -16"><span class='ocrx_word' id='word_1_541' title='bbox 2103 2446 2343 2511; x_wconf 78' lang='lat' dir='ltr'><strong>(Matth.</strong></span> <span class='ocrx_word' id='word_1_542' title='bbox 2377 2463 2436 2516; x_wconf 89' lang='lat' dir='ltr'><strong>v,</strong></span> <span class='ocrx_word' id='word_1_543' title='bbox 2469 2446 2578 2515; x_wconf 89' lang='lat'><strong>28).</strong></span> <span class='ocrx_word' id='word_1_544' title='bbox 2613 2447 2694 2500; x_wconf 92' lang='lat' dir='ltr'><strong>Ita</strong></span> <span class='ocrx_word' id='word_1_545' title='bbox 2723 2447 3076 2502; x_wconf 88' lang='lat' dir='ltr'><strong>adulterium</strong></span> <span class='ocrx_word' id='word_1_546' title='bbox 3108 2462 3229 2502; x_wconf 89' lang='lat' dir='ltr'><strong>non</strong></span> <span class='ocrx_word' id='word_1_547' title='bbox 3258 2447 3450 2502; x_wconf 90' lang='lat' dir='ltr'><strong>solum</strong></span> <span class='ocrx_word' id='word_1_548' title='bbox 3483 2447 3624 2502; x_wconf 87' lang='lat' dir='ltr'><strong>facti</strong></span> <span class='ocrx_word' id='word_1_549' title='bbox 3646 2447 3772 2504; x_wconf 93' lang='lat' dir='ltr'><strong>col-</strong></span> 
     </span>
    </p>
   </div>
   <div class='ocr_carea' id='block_1_75' title="bbox 2102 2534 3768 2607">
    <p class='ocr_par' dir='ltr' id='par_1_75' title="bbox 2102 2534 3768 2607">
     <span class='ocr_line' id='line_1_75' title="bbox 2102 2534 3768 2607; baseline 0.004 -19"><span class='ocrx_word' id='word_1_550' title='bbox 2102 2534 2360 2604; x_wconf 89' lang='lat' dir='ltr'><strong>luvione,</strong></span> <span class='ocrx_word' id='word_1_551' title='bbox 2395 2536 2504 2591; x_wconf 88' lang='lat' dir='ltr'><strong>sed</strong></span> <span class='ocrx_word' id='word_1_552' title='bbox 2524 2536 2696 2591; x_wconf 90' lang='lat' dir='ltr'><strong>etiam</strong></span> <span class='ocrx_word' id='word_1_553' title='bbox 2715 2538 2998 2607; x_wconf 88' lang='lat' dir='ltr'><strong>aspectus</strong></span> <span class='ocrx_word' id='word_1_554' title='bbox 3028 2535 3350 2592; x_wconf 88' lang='lat' dir='ltr'><strong>intentione</strong></span> <span class='ocrx_word' id='word_1_555' title='bbox 3370 2535 3768 2594; x_wconf 90' lang='lat' dir='ltr'><strong>committitur.</strong></span> 
     </span>
    </p>
   </div>
   <div class='ocr_carea' id='block_1_76' title="bbox 2171 2623 3769 2696">
    <p class='ocr_par' dir='ltr' id='par_1_76' title="bbox 2171 2623 3769 2696">
     <span class='ocr_line' id='line_1_76' title="bbox 2171 2623 3769 2696; baseline 0.003 -18"><span class='ocrx_word' id='word_1_556' title='bbox 2171 2623 2296 2679; x_wconf 90' lang='lat'><strong>256.</strong></span> <span class='ocrx_word' id='word_1_557' title='bbox 2317 2625 2531 2696; x_wconf 85' lang='lat' dir='ltr'><strong>Magna</strong></span> <span class='ocrx_word' id='word_1_558' title='bbox 2553 2625 2682 2680; x_wconf 86' lang='lat' dir='ltr'><strong>haec</strong></span> <span class='ocrx_word' id='word_1_559' title='bbox 2701 2624 2994 2695; x_wconf 88' lang='lat' dir='ltr'><strong>videntur,</strong></span> <span class='ocrx_word' id='word_1_560' title='bbox 3019 2641 3088 2679; x_wconf 89' lang='lat' dir='ltr'><strong>ac</strong></span> <span class='ocrx_word' id='word_1_561' title='bbox 3109 2625 3288 2680; x_wconf 90' lang='lat' dir='ltr'><strong>nimis</strong></span> <span class='ocrx_word' id='word_1_562' title='bbox 3319 2641 3550 2695; x_wconf 86' lang='lat' dir='ltr'><strong>severa,</strong></span> <span class='ocrx_word' id='word_1_563' title='bbox 3587 2625 3695 2681; x_wconf 90' lang='lat' dir='ltr'><strong>sed</strong></span> <span class='ocrx_word' id='word_1_564' title='bbox 3710 2627 3769 2682; x_wconf 86' lang='lat' dir='ltr'><strong>in</strong></span> 
     </span>
    </p>
   </div>
   <div class='ocr_carea' id='block_1_77' title="bbox 2101 2713 3770 2786">
    <p class='ocr_par' dir='ltr' id='par_1_77' title="bbox 2101 2713 3770 2786">
     <span class='ocr_line' id='line_1_77' title="bbox 2101 2713 3770 2786; baseline 0.001 -18"><span class='ocrx_word' id='word_1_565' title='bbox 2101 2728 2322 2784; x_wconf 86' lang='lat' dir='ltr'><strong>magno</strong></span> <span class='ocrx_word' id='word_1_566' title='bbox 2347 2727 2590 2769; x_wconf 88' lang='lat' dir='ltr'><strong>munere</strong></span> <span class='ocrx_word' id='word_1_567' title='bbox 2613 2729 2730 2769; x_wconf 90' lang='lat' dir='ltr'><strong>non</strong></span> <span class='ocrx_word' id='word_1_568' title='bbox 2753 2713 3082 2785; x_wconf 83' lang='lat' dir='ltr'><strong>superflua;</strong></span> <span class='ocrx_word' id='word_1_569' title='bbox 3101 2715 3335 2786; x_wconf 89' lang='lat' dir='ltr'><strong>quando</strong></span> <span class='ocrx_word' id='word_1_570' title='bbox 3363 2717 3521 2768; x_wconf 91' lang='lat' dir='ltr'><strong>tanta</strong></span> <span class='ocrx_word' id='word_1_571' title='bbox 3545 2717 3637 2769; x_wconf 89' lang='lat' dir='ltr'><strong>est</strong></span> <span class='ocrx_word' id='word_1_572' title='bbox 3652 2715 3770 2770; x_wconf 91' lang='lat' dir='ltr'><strong>Le-</strong></span> 
     </span>
    </p>
   </div>
   <div class='ocr_carea' id='block_1_78' title="bbox 2102 2802 3772 2874">
    <p class='ocr_par' dir='ltr' id='par_1_78' title="bbox 2102 2802 3772 2874">
     <span class='ocr_line' id='line_1_78' title="bbox 2102 2802 3772 2874; baseline 0.002 -19"><span class='ocrx_word' id='word_1_573' title='bbox 2102 2802 2356 2856; x_wconf 88' lang='lat' dir='ltr'><strong>vitarum</strong></span> <span class='ocrx_word' id='word_1_574' title='bbox 2387 2803 2595 2874; x_wconf 90' lang='lat' dir='ltr'><strong>gratia,</strong></span> <span class='ocrx_word' id='word_1_575' title='bbox 2630 2806 2692 2858; x_wconf 90' lang='lat' dir='ltr'><strong>ut</strong></span> <span class='ocrx_word' id='word_1_576' title='bbox 2730 2803 2802 2858; x_wconf 91' lang='lat' dir='ltr'><strong>de</strong></span> <span class='ocrx_word' id='word_1_577' title='bbox 2834 2802 2930 2857; x_wconf 90' lang='lat' dir='ltr'><strong>his</strong></span> <span class='ocrx_word' id='word_1_578' title='bbox 2967 2802 3210 2874; x_wconf 85' lang='lat' dir='ltr'><strong>Moyses</strong></span> <span class='ocrx_word' id='word_1_579' title='bbox 3251 2803 3310 2857; x_wconf 93' lang='lat' dir='ltr'><strong>in</strong></span> <span class='ocrx_word' id='word_1_580' title='bbox 3339 2803 3772 2860; x_wconf 87' lang='lat' dir='ltr'><strong>benedictioni-</strong></span> 
     </span>
    </p>
   </div>
   <div class='ocr_carea' id='block_1_79' title="bbox 2099 2890 3773 2964">
    <p class='ocr_par' dir='ltr' id='par_1_79' title="bbox 2099 2890 3773 2964">
     <span class='ocr_line' id='line_1_79' title="bbox 2099 2890 3773 2964; baseline 0.002 -19"><span class='ocrx_word' id='word_1_581' title='bbox 2099 2890 2216 2945; x_wconf 87' lang='lat' dir='ltr'><strong>bus</strong></span> <span class='ocrx_word' id='word_1_582' title='bbox 2265 2891 2487 2946; x_wconf 89' lang='lat' dir='ltr'><strong>diceret</strong></span> <span class='ocrx_word' id='word_1_583' title='bbox 2521 2908 2535 2946; x_wconf 88' lang='lat'>:</span> <span class='ocrx_word' id='word_1_584' title='bbox 2571 2890 2725 2946; x_wconf 85' lang='lat' dir='ltr'><strong>Date</strong></span> <span class='ocrx_word' id='word_1_585' title='bbox 2755 2892 2908 2948; x_wconf 84' lang='lat' dir='ltr'><strong>Levi</strong></span> <span class='ocrx_word' id='word_1_586' title='bbox 2945 2893 3074 2948; x_wconf 90' lang='lat' dir='ltr'><strong>viro</strong></span> <span class='ocrx_word' id='word_1_587' title='bbox 3113 2892 3245 2964; x_wconf 81' lang='lat' dir='ltr'><strong>ejus</strong></span> <span class='ocrx_word' id='word_1_588' title='bbox 3278 2891 3412 2962; x_wconf 70' lang='lat'><strong>(94),</strong></span> <span class='ocrx_word' id='word_1_589' title='bbox 3447 2892 3585 2948; x_wconf 82' lang='lat' dir='ltr'><strong>date</strong></span> <span class='ocrx_word' id='word_1_590' title='bbox 3621 2893 3773 2949; x_wconf 85' lang='lat' dir='ltr'><strong>Levi</strong></span> 
     </span>
    </p>
   </div>
   <div class='ocr_carea' id='block_1_80' title="bbox 2101 2979 3772 3054">
    <p class='ocr_par' dir='ltr' id='par_1_80' title="bbox 2101 2979 3772 3054">
     <span class='ocr_line' id='line_1_80' title="bbox 2101 2979 3772 3054; baseline 0.002 -20"><span class='ocrx_word' id='word_1_591' title='bbox 2101 2979 2453 3035; x_wconf 78' lang='lat' dir='ltr'><strong>manifestos</strong></span> <span class='ocrx_word' id='word_1_592' title='bbox 2467 2981 2618 3053; x_wconf 83' lang='lat' dir='ltr'><strong>ejus,</strong></span> <span class='ocrx_word' id='word_1_593' title='bbox 2645 2981 2784 3036; x_wconf 86' lang='lat' dir='ltr'><strong>date</strong></span> <span class='ocrx_word' id='word_1_594' title='bbox 2798 2981 2882 3036; x_wconf 91' lang='lat' dir='ltr'><strong>Le</strong></span> <span class='ocrx_word' id='word_1_595' title='bbox 2895 2982 2952 3035; x_wconf 89' lang='lat' dir='ltr'><strong>vi</strong></span> <span class='ocrx_word' id='word_1_596' title='bbox 2965 2986 3186 3036; x_wconf 88' lang='lat' dir='ltr'><strong>sortem</strong></span> <span class='ocrx_word' id='word_1_597' title='bbox 3205 2979 3486 3054; x_wconf 77' lang='lat' dir='ltr'><strong>suﬂ&#39;ragii</strong></span> <span class='ocrx_word' id='word_1_598' title='bbox 3495 2983 3590 3036; x_wconf 88' lang='lat' dir='ltr'><strong>sui</strong></span> <span class='ocrx_word' id='word_1_599' title='bbox 3603 2988 3662 3037; x_wconf 89' lang='lat' dir='ltr'><strong>et</strong></span> <span class='ocrx_word' id='word_1_600' title='bbox 3680 2997 3772 3038; x_wconf 86' lang='lat' dir='ltr'><strong>ve-</strong></span> 
     </span>
    </p>
   </div>
   <div class='ocr_carea' id='block_1_81' title="bbox 2101 3122 3766 3194">
    <p class='ocr_par' dir='ltr' id='par_1_81' title="bbox 2101 3122 3766 3194">
     <span class='ocr_line' id='line_1_81' title="bbox 2101 3122 3766 3194; baseline 0.001 -17"><span class='ocrx_word' id='word_1_601' title='bbox 2101 3122 2368 3178; x_wconf 90' lang='lat' dir='ltr'><strong>diaeonis</strong></span> <span class='ocrx_word' id='word_1_602' title='bbox 2412 3123 2746 3194; x_wconf 88' lang='lat' dir='ltr'><strong>impositam</strong></span> <span class='ocrx_word' id='word_1_603' title='bbox 2783 3123 3009 3178; x_wconf 85' lang='lat' dir='ltr'><strong>volunt.</strong></span> <span class='ocrx_word' id='word_1_604' title='bbox 3041 3123 3192 3178; x_wconf 84' lang='lat' dir='ltr'><strong>Hinc</strong></span> <span class='ocrx_word' id='word_1_605' title='bbox 3237 3124 3571 3179; x_wconf 88' lang='lat' dir='ltr'><strong>sacrarium</strong></span> <span class='ocrx_word' id='word_1_606' title='bbox 3611 3123 3766 3180; x_wconf 88' lang='lat' dir='ltr'><strong>idem</strong></span> 
     </span>
    </p>
   </div>
   <div class='ocr_carea' id='block_1_82' title="bbox 2025 3183 3763 3266">
    <p class='ocr_par' dir='ltr' id='par_1_82' title="bbox 2025 3183 3763 3266">
     <span class='ocr_line' id='line_1_82' title="bbox 2025 3183 3763 3266; baseline 0.002 -19"><span class='ocrx_word' id='word_1_607' title='bbox 2025 3183 2074 3247; x_wconf 93' lang='lat' dir='ltr'>C</span> <span class='ocrx_word' id='word_1_608' title='bbox 2099 3209 2237 3249; x_wconf 92' lang='lat' dir='ltr'><strong>esse</strong></span> <span class='ocrx_word' id='word_1_609' title='bbox 2270 3183 2687 3266; x_wconf 45' lang='lat' dir='ltr'><strong>docent-atque</strong></span> <span class='ocrx_word' id='word_1_610' title='bbox 2727 3195 2880 3266; x_wconf 90' lang='lat' dir='ltr'><strong>apud</strong></span> <span class='ocrx_word' id='word_1_611' title='bbox 2910 3195 3154 3250; x_wconf 77' lang='lat' dir='ltr'><strong>Graecos</strong></span> <span class='ocrx_word' id='word_1_612' title='bbox 3183 3197 3468 3256; x_wconf 77' lang='grc' dir='ltr'><strong>διακονικὸν</strong></span> <span class='ocrx_word' id='word_1_613' title='bbox 3495 3198 3552 3251; x_wconf 89' lang='lat' dir='ltr'><strong>et</strong></span> <span class='ocrx_word' id='word_1_614' title='bbox 3581 3221 3763 3258; x_wconf 69' lang='lat' dir='ltr'><strong>me-</strong></span> 
     </span>
    </p>
   </div>
   <div class='ocr_carea' id='block_1_83' title="bbox 2097 3274 3765 3354">
    <p class='ocr_par' dir='ltr' id='par_1_83' title="bbox 2097 3274 3765 3354">
     <span class='ocr_line' id='line_1_83' title="bbox 2097 3274 3765 3354; baseline 0.001 -25"><span class='ocrx_word' id='word_1_615' title='bbox 2097 3279 2356 3354; x_wconf 69' lang='grc' dir='ltr'><strong>φυλάκιονς</strong></span> <span class='ocrx_word' id='word_1_616' title='bbox 2391 3274 2524 3335; x_wconf 88' lang='lat' dir='ltr'><strong>licet</strong></span> <span class='ocrx_word' id='word_1_617' title='bbox 2555 3275 2691 3330; x_wconf 89' lang='lat' dir='ltr'><strong>huic</strong></span> <span class='ocrx_word' id='word_1_618' title='bbox 2721 3275 2918 3330; x_wconf 91' lang='lat' dir='ltr'><strong>ofﬁcio</strong></span> <span class='ocrx_word' id='word_1_619' title='bbox 2957 3289 3075 3329; x_wconf 90' lang='lat' dir='ltr'><strong>non</strong></span> <span class='ocrx_word' id='word_1_620' title='bbox 3107 3274 3302 3329; x_wconf 91' lang='lat' dir='ltr'><strong>solum</strong></span> <span class='ocrx_word' id='word_1_621' title='bbox 3331 3275 3640 3346; x_wconf 87' lang='lat' dir='ltr'><strong>diaconos,</strong></span> <span class='ocrx_word' id='word_1_622' title='bbox 3665 3291 3765 3331; x_wconf 82' lang='lat' dir='ltr'><strong>ve-</strong></span> 
     </span>
    </p>
   </div>
   <div class='ocr_carea' id='block_1_84' title="bbox 2099 3354 3763 3426">
    <p class='ocr_par' dir='ltr' id='par_1_84' title="bbox 2099 3354 3763 3426">
     <span class='ocr_line' id='line_1_84' title="bbox 2099 3354 3763 3426; baseline 0.002 -17"><span class='ocrx_word' id='word_1_623' title='bbox 2099 3371 2227 3426; x_wconf 80' lang='lat' dir='ltr'><strong>rum</strong></span> <span class='ocrx_word' id='word_1_624' title='bbox 2259 3356 2432 3426; x_wconf 85' lang='lat' dir='ltr'><strong>etiam</strong></span> <span class='ocrx_word' id='word_1_625' title='bbox 2473 3355 2856 3426; x_wconf 78' lang='lat' dir='ltr'><strong>presbyteros</strong></span> <span class='ocrx_word' id='word_1_626' title='bbox 2893 3358 2950 3410; x_wconf 90' lang='lat' dir='ltr'><strong>et</strong></span> <span class='ocrx_word' id='word_1_627' title='bbox 2979 3355 3446 3426; x_wconf 89' lang='lat' dir='ltr'><strong>chorepiscopos</strong></span> <span class='ocrx_word' id='word_1_628' title='bbox 3475 3354 3763 3412; x_wconf 85' lang='lat' dir='ltr'><strong>Constan-</strong></span> 
     </span>
    </p>
   </div>
   <div class='ocr_carea' id='block_1_85' title="bbox 2097 3424 3764 3496">
    <p class='ocr_par' dir='ltr' id='par_1_85' title="bbox 2097 3424 3764 3496">
     <span class='ocr_line' id='line_1_85' title="bbox 2097 3424 3764 3496; baseline 0.002 -18"><span class='ocrx_word' id='word_1_629' title='bbox 2097 3424 2342 3494; x_wconf 88' lang='lat' dir='ltr'><strong>tinopoli</strong></span> <span class='ocrx_word' id='word_1_630' title='bbox 2379 3424 2696 3496; x_wconf 67' lang='lat' dir='ltr'><strong>praefectos</strong></span> <span class='ocrx_word' id='word_1_631' title='bbox 2746 3426 2937 3481; x_wconf 85' lang='lat' dir='ltr'><strong>fuisse</strong></span> <span class='ocrx_word' id='word_1_632' title='bbox 2986 3424 3372 3496; x_wconf 74' lang='lat' dir='ltr'><strong>reperiamus.</strong></span> <span class='ocrx_word' id='word_1_633' title='bbox 3423 3426 3764 3483; x_wconf 90' lang='lat' dir='ltr'><strong>Sacrarium</strong></span> 
     </span>
    </p>
   </div>
   <div class='ocr_carea' id='block_1_86' title="bbox 2098 3497 3828 3569">
    <p class='ocr_par' dir='ltr' id='par_1_86' title="bbox 2098 3497 3828 3569">
     <span class='ocr_line' id='line_1_86' title="bbox 2098 3497 3828 3569; baseline 0.002 -20"><span class='ocrx_word' id='word_1_634' title='bbox 2098 3499 2292 3550; x_wconf 88' lang='lat' dir='ltr'><strong>autem</strong></span> <span class='ocrx_word' id='word_1_635' title='bbox 2322 3497 2496 3569; x_wconf 84' lang='lat' dir='ltr'><strong>etiam</strong></span> <span class='ocrx_word' id='word_1_636' title='bbox 2521 3498 2672 3552; x_wconf 91' lang='lat' dir='ltr'><strong>idem</strong></span> <span class='ocrx_word' id='word_1_637' title='bbox 2718 3501 2862 3564; x_wconf 90' lang='lat' dir='ltr'><strong>erat,</strong></span> <span class='ocrx_word' id='word_1_638' title='bbox 2893 3497 3050 3569; x_wconf 89' lang='lat' dir='ltr'><strong>quod</strong></span> <span class='ocrx_word' id='word_1_639' title='bbox 3101 3497 3158 3550; x_wconf 92' lang='lat' dir='ltr'><strong>in</strong></span> <span class='ocrx_word' id='word_1_640' title='bbox 3191 3497 3459 3552; x_wconf 88' lang='lat' dir='ltr'><strong>orientali</strong></span> <span class='ocrx_word' id='word_1_641' title='bbox 3494 3497 3764 3554; x_wconf 88' lang='lat' dir='ltr'><strong>Ecclesia</strong></span> <span class='ocrx_word' id='word_1_642' title='bbox 3818 3522 3828 3536; x_wconf 65' lang='grc' dir='ltr'>κ</span> 
     </span>
    </p>
   </div>
   <div class='ocr_carea' id='block_1_87' title="bbox 2097 3567 3765 3638">
    <p class='ocr_par' dir='ltr' id='par_1_87' title="bbox 2097 3567 3765 3638">
     <span class='ocr_line' id='line_1_87' title="bbox 2097 3567 3765 3638; baseline 0.002 -18"><span class='ocrx_word' id='word_1_643' title='bbox 2097 3567 2460 3638; x_wconf 75' lang='lat' dir='ltr'><strong>martyrium,</strong></span> <span class='ocrx_word' id='word_1_644' title='bbox 2493 3569 2623 3623; x_wconf 82' lang='lat' dir='ltr'><strong>sive</strong></span> <span class='ocrx_word' id='word_1_645' title='bbox 2647 3567 2984 3624; x_wconf 78' lang='lat' dir='ltr'><strong>cmmeterio</strong></span> <span class='ocrx_word' id='word_1_646' title='bbox 3013 3569 3452 3638; x_wconf 31' lang='lat' dir='ltr'><strong>accipias&#39;lextra</strong></span> <span class='ocrx_word' id='word_1_647' title='bbox 3482 3569 3765 3624; x_wconf 90' lang='lat' dir='ltr'><strong>basilicas</strong></span> 
     </span>
    </p>
   </div>
   <div class='ocr_carea' id='block_1_88' title="bbox 2097 3638 3767 3721">
    <p class='ocr_par' dir='ltr' id='par_1_88' title="bbox 2097 3638 3767 3721">
     <span class='ocr_line' id='line_1_88' title="bbox 2097 3638 3767 3721; baseline 0.003 -31"><span class='ocrx_word' id='word_1_648' title='bbox 2097 3638 2313 3719; x_wconf 80' lang='lat' dir='ltr'><strong>posito,</strong></span> <span class='ocrx_word' id='word_1_649' title='bbox 2335 3639 2436 3721; x_wconf 76' lang='lat' dir='ltr'><strong>ubi</strong></span> <span class='ocrx_word' id='word_1_650' title='bbox 2465 3643 2784 3721; x_wconf 65' lang='lat' dir='ltr'><strong>martyrum</strong></span> <span class='ocrx_word' id='word_1_651' title='bbox 2816 3654 3062 3721; x_wconf 77' lang='lat' dir='ltr'><strong>corpora</strong></span> <span class='ocrx_word' id='word_1_652' title='bbox 3089 3639 3336 3721; x_wconf 45' lang='lat' dir='ltr'><strong>.sepulta</strong></span> <span class='ocrx_word' id='word_1_653' title='bbox 3379 3645 3603 3721; x_wconf 81' lang='lat' dir='ltr'><strong>essent,</strong></span> <span class='ocrx_word' id='word_1_654' title='bbox 3638 3641 3767 3696; x_wconf 88' lang='lat' dir='ltr'><strong>sive</strong></span> 
     </span>
    </p>
   </div>
   <div class='ocr_carea' id='block_1_89' title="bbox 2097 3708 3764 3832">
    <p class='ocr_par' dir='ltr' id='par_1_89' title="bbox 2097 3708 3764 3832">
     <span class='ocr_line' id='line_1_89' title="bbox 2097 3708 3764 3832; baseline 0.004 -71"><span class='ocrx_word' id='word_1_655' title='bbox 2097 3723 2204 3832; x_wconf 80' lang='lat' dir='ltr'><strong>pro</strong></span> <span class='ocrx_word' id='word_1_656' title='bbox 2235 3708 2385 3778; x_wconf 89' lang='lat' dir='ltr'><strong>ipsis</strong></span> <span class='ocrx_word' id='word_1_657' title='bbox 2403 3708 2671 3764; x_wconf 87' lang='lat' dir='ltr'><strong>basilicis</strong></span> <span class='ocrx_word' id='word_1_658' title='bbox 2693 3726 2828 3782; x_wconf 66' lang='lat' dir='ltr'><strong>quae</strong></span> <span class='ocrx_word' id='word_1_659' title='bbox 2844 3708 2962 3764; x_wconf 76' lang='lat' dir='ltr'><strong>non</strong></span> <span class='ocrx_word' id='word_1_660' title='bbox 2988 3708 3302 3781; x_wconf 79' lang='lat' dir='ltr'><strong>nisisuper</strong></span> <span class='ocrx_word' id='word_1_661' title='bbox 3330 3714 3649 3782; x_wconf 86' lang='lat' dir='ltr'><strong>martyrum</strong></span> <span class='ocrx_word' id='word_1_662' title='bbox 3671 3727 3764 3768; x_wconf 84' lang='lat' dir='ltr'><strong>re-</strong></span> 
     </span>
     <span class='ocr_line' id='line_1_90' title="bbox 2121 3779 3764 3832; baseline 0 0"><span class='ocrx_word' id='word_1_663' title='bbox 2121 3779 2299 3832; x_wconf 85' lang='lat' dir='ltr'><strong>iauiis</strong></span> <span class='ocrx_word' id='word_1_664' title='bbox 2320 3781 2783 3832; x_wconf 69' lang='lat' dir='ltr'><strong>mdiﬁcabantur.</strong></span> <span class='ocrx_word' id='word_1_665' title='bbox 2809 3781 2938 3832; x_wconf 89' lang='lat' dir='ltr'><strong>sive</strong></span> <span class='ocrx_word' id='word_1_666' title='bbox 2951 3797 3057 3832; x_wconf 78' lang='lat' dir='ltr'><strong>pro</strong></span> <span class='ocrx_word' id='word_1_667' title='bbox 3077 3781 3208 3832; x_wconf 88' lang='lat' dir='ltr'><strong>inso</strong></span> <span class='ocrx_word' id='word_1_668' title='bbox 3230 3783 3566 3832; x_wconf 88' lang='lat' dir='ltr'><strong>sanctuario</strong></span> <span class='ocrx_word' id='word_1_669' title='bbox 3589 3785 3764 3832; x_wconf 82' lang='lat' dir='ltr'><strong>atoue</strong></span> 
     </span>
    </p>
   </div>
   <div class='ocr_carea' id='block_1_90' title="bbox 2121 3779 3764 3854">
    <p class='ocr_par' dir='ltr' id='par_1_90' title="bbox 2121 3779 3764 3854">
     <span class='ocr_line' id='line_1_91' title="bbox 2121 3779 3764 3854; baseline 0.004 -23"><span class='ocrx_word' id='word_1_670' title='bbox 2121 3779 2299 3854; x_wconf 89' lang='lat' dir='ltr'><strong>iquiis</strong></span> <span class='ocrx_word' id='word_1_671' title='bbox 2320 3779 2783 3854; x_wconf 80' lang='lat' dir='ltr'><strong>aediﬁcabantur,</strong></span> <span class='ocrx_word' id='word_1_672' title='bbox 2808 3781 2938 3854; x_wconf 84' lang='lat' dir='ltr'><strong>sive</strong></span> <span class='ocrx_word' id='word_1_673' title='bbox 2951 3797 3057 3852; x_wconf 91' lang='lat' dir='ltr'><strong>pro</strong></span> <span class='ocrx_word' id='word_1_674' title='bbox 3077 3779 3213 3851; x_wconf 78' lang='lat' dir='ltr'><strong>ipso</strong></span> <span class='ocrx_word' id='word_1_675' title='bbox 3230 3779 3566 3836; x_wconf 83' lang='lat' dir='ltr'><strong>sanctuario</strong></span> <span class='ocrx_word' id='word_1_676' title='bbox 3589 3785 3764 3854; x_wconf 89' lang='lat' dir='ltr'><strong>atque</strong></span> 
     </span>
    </p>
   </div>
   <div class='ocr_carea' id='block_1_91' title="bbox 2097 3852 3762 3924">
    <p class='ocr_par' dir='ltr' id='par_1_91' title="bbox 2097 3852 3762 3924">
     <span class='ocr_line' id='line_1_92' title="bbox 2097 3852 3762 3924; baseline 0.003 -21"><span class='ocrx_word' id='word_1_677' title='bbox 2097 3852 2244 3924; x_wconf 81' lang='lat' dir='ltr'><strong>adeo</strong></span> <span class='ocrx_word' id='word_1_678' title='bbox 2273 3856 2479 3906; x_wconf 90' lang='lat' dir='ltr'><strong>sancto</strong></span> <span class='ocrx_word' id='word_1_679' title='bbox 2510 3852 2698 3924; x_wconf 87' lang='lat' dir='ltr'><strong>altari,</strong></span> <span class='ocrx_word' id='word_1_680' title='bbox 2731 3853 2844 3907; x_wconf 91' lang='lat' dir='ltr'><strong>sub</strong></span> <span class='ocrx_word' id='word_1_681' title='bbox 2873 3868 2991 3924; x_wconf 89' lang='lat' dir='ltr'><strong>quo</strong></span> <span class='ocrx_word' id='word_1_682' title='bbox 3015 3867 3146 3906; x_wconf 91' lang='lat' dir='ltr'><strong>cum</strong></span> <span class='ocrx_word' id='word_1_683' title='bbox 3178 3856 3520 3907; x_wconf 89' lang='lat' dir='ltr'><strong>sanctorum</strong></span> <span class='ocrx_word' id='word_1_684' title='bbox 3550 3852 3762 3924; x_wconf 76' lang='lat' dir='ltr'><strong>recon-</strong></span> 
     </span>
    </p>
   </div>
   <div class='ocr_carea' id='block_1_92' title="bbox 2098 3920 3764 3994">
    <p class='ocr_par' dir='ltr' id='par_1_92' title="bbox 2098 3920 3764 3994">
     <span class='ocr_line' id='line_1_93' title="bbox 2098 3920 3764 3994; baseline 0.003 -20"><span class='ocrx_word' id='word_1_685' title='bbox 2098 3920 2377 3976; x_wconf 88' lang='lat' dir='ltr'><strong>derentur</strong></span> <span class='ocrx_word' id='word_1_686' title='bbox 2397 3925 2552 3978; x_wconf 88' lang='lat' dir='ltr'><strong>sacri</strong></span> <span class='ocrx_word' id='word_1_687' title='bbox 2579 3920 2833 3987; x_wconf 80' lang='lat' dir='ltr'><strong>cineres.</strong></span> <span class='ocrx_word' id='word_1_688' title='bbox 2867 3920 3104 3994; x_wconf 77' lang='lat' dir='ltr'><strong>proprie</strong></span> <span class='ocrx_word' id='word_1_689' title='bbox 3119 3926 3436 3994; x_wconf 87' lang='lat' dir='ltr'><strong>martyrum</strong></span> <span class='ocrx_word' id='word_1_690' title='bbox 3461 3923 3764 3994; x_wconf 83' lang='lat' dir='ltr'><strong>confessio</strong></span> 
     </span>
    </p>
   </div>
   <div class='ocr_carea' id='block_1_93' title="bbox 2097 3991 3762 4064">
    <p class='ocr_par' dir='ltr' id='par_1_93' title="bbox 2097 3991 3762 4064">
     <span class='ocr_line' id='line_1_94' title="bbox 2097 3991 3762 4064; baseline 0.004 -20"><span class='ocrx_word' id='word_1_691' title='bbox 2097 3996 2270 4064; x_wconf 81' lang='lat' dir='ltr'><strong>atque</strong></span> <span class='ocrx_word' id='word_1_692' title='bbox 2303 3995 2581 4048; x_wconf 83' lang='lat' dir='ltr'><strong>memoria</strong></span> <span class='ocrx_word' id='word_1_693' title='bbox 2613 3991 3003 4049; x_wconf 56' lang='lat' dir='ltr'><strong>vocitabatur&#39;.</strong></span> <span class='ocrx_word' id='word_1_694' title='bbox 3039 3994 3184 4048; x_wconf 88' lang='lat' dir='ltr'><strong>Vide</strong></span> <span class='ocrx_word' id='word_1_695' title='bbox 3214 3991 3378 4064; x_wconf 84' lang='lat' dir='ltr'><strong>plura</strong></span> <span class='ocrx_word' id='word_1_696' title='bbox 3413 3991 3762 4064; x_wconf 86' lang='lat' dir='ltr'><strong>Hallcrium,</strong></span> 
     </span>
    </p>
   </div>
   <div class='ocr_carea' id='block_1_94' title="bbox 2098 4063 3766 4136">
    <p class='ocr_par' dir='ltr' id='par_1_94' title="bbox 2098 4063 3766 4136">
     <span class='ocr_line' id='line_1_95' title="bbox 2098 4063 3766 4136; baseline 0.004 -20"><span class='ocrx_word' id='word_1_697' title='bbox 2098 4063 2358 4136; x_wconf 12' lang='lat' dir='ltr'><strong>degls&#39;cel.</strong></span> <span class='ocrx_word' id='word_1_698' title='bbox 2379 4065 2649 4136; x_wconf 65' lang='lat' dir='ltr'><strong>Hieran,</strong></span> <span class='ocrx_word' id='word_1_699' title='bbox 2675 4081 2802 4136; x_wconf 90' lang='lat' dir='ltr'><strong>cap.</strong></span> <span class='ocrx_word' id='word_1_700' title='bbox 2828 4065 2901 4121; x_wconf 86' lang='lat' dir='ltr'><strong>de</strong></span> <span class='ocrx_word' id='word_1_701' title='bbox 2925 4082 3078 4119; x_wconf 88' lang='lat' dir='ltr'><strong>num.</strong></span> <span class='ocrx_word' id='word_1_702' title='bbox 3105 4063 3342 4120; x_wconf 81' lang='lat' dir='ltr'><strong>Ecelcs.</strong></span> <span class='ocrx_word' id='word_1_703' title='bbox 3373 4065 3609 4136; x_wconf 63' lang='lat' dir='ltr'><strong>0mm;</strong></span> <span class='ocrx_word' id='word_1_704' title='bbox 3641 4063 3766 4122; x_wconf 82' lang='lat' dir='ltr'><strong>Mo-</strong></span> 
     </span>
    </p>
   </div>
   <div class='ocr_carea' id='block_1_95' title="bbox 2097 4133 3758 4206">
    <p class='ocr_par' dir='ltr' id='par_1_95' title="bbox 2097 4133 3758 4206">
     <span class='ocr_line' id='line_1_96' title="bbox 2097 4133 3758 4206; baseline 0.004 -20"><span class='ocrx_word' id='word_1_705' title='bbox 2097 4133 2314 4206; x_wconf 64' lang='lat' dir='ltr'><strong>ritium,</strong></span> <span class='ocrx_word' id='word_1_706' title='bbox 2347 4135 2422 4190; x_wconf 86' lang='lat' dir='ltr'><strong>de</strong></span> <span class='ocrx_word' id='word_1_707' title='bbox 2444 4133 2890 4205; x_wconf 54' lang='lat' dir='ltr'><strong>Sacr.&#39;0rdin.,</strong></span> <span class='ocrx_word' id='word_1_708' title='bbox 2916 4137 3160 4192; x_wconf 87' lang='lat' dir='ltr'><strong>exercit.</strong></span> <span class='ocrx_word' id='word_1_709' title='bbox 3194 4153 3254 4204; x_wconf 85' lang='grc' dir='ltr'><strong>ιι,</strong></span> <span class='ocrx_word' id='word_1_710' title='bbox 3287 4151 3414 4206; x_wconf 83' lang='lat' dir='ltr'><strong>cep.</strong></span> <span class='ocrx_word' id='word_1_711' title='bbox 3442 4133 3468 4190; x_wconf 90' lang='grc'>1</span> <span class='ocrx_word' id='word_1_712' title='bbox 3493 4151 3507 4204; x_wconf 82' lang='grc'>;</span> <span class='ocrx_word' id='word_1_713' title='bbox 3533 4133 3758 4192; x_wconf 64' lang='grc' dir='ltr'><strong>ου’νᾶὶη.</strong></span> 
     </span>
    </p>
   </div>
   <div class='ocr_carea' id='block_1_96' title="bbox 2097 4203 3758 4278">
    <p class='ocr_par' dir='ltr' id='par_1_96' title="bbox 2097 4203 3758 4278">
     <span class='ocr_line' id='line_1_97' title="bbox 2097 4203 3758 4278; baseline 0.003 -20"><span class='ocrx_word' id='word_1_714' title='bbox 2097 4203 2475 4278; x_wconf 50' lang='lat' dir='ltr'><strong>Bonaleib.</strong></span> <span class='ocrx_word' id='word_1_715' title='bbox 2508 4224 2525 4261; x_wconf 84' lang='grc' dir='ltr'>ι</span> <span class='ocrx_word' id='word_1_716' title='bbox 2559 4207 2682 4262; x_wconf 75' lang='lat' dir='ltr'><strong>Iter</strong></span> <span class='ocrx_word' id='word_1_717' title='bbox 2713 4203 3031 4278; x_wconf 80' lang='lat' dir='ltr'><strong>Liturgic.,</strong></span> <span class='ocrx_word' id='word_1_718' title='bbox 3059 4223 3110 4261; x_wconf 88' lang='lat' dir='ltr'><strong>c.</strong></span> <span class='ocrx_word' id='word_1_719' title='bbox 3130 4207 3202 4278; x_wconf 57' lang='lat'><strong>234</strong></span> <span class='ocrx_word' id='word_1_720' title='bbox 3228 4203 3245 4276; x_wconf 50' lang='grc'><strong>;⁷</strong></span> <span class='ocrx_word' id='word_1_721' title='bbox 3275 4203 3758 4278; x_wconf 66' lang='lat' dir='ltr'><strong>ThbmaSsinum,</strong></span> 
     </span>
    </p>
   </div>
   <div class='ocr_carea' id='block_1_97' title="bbox 2094 4263 3758 4350">
    <p class='ocr_par' dir='ltr' id='par_1_97' title="bbox 2094 4263 3758 4350">
     <span class='ocr_line' id='line_1_98' title="bbox 2094 4263 3758 4350; baseline 0.004 -22"><span class='ocrx_word' id='word_1_722' title='bbox 2094 4278 2258 4350; x_wconf 79' lang='lat' dir='ltr'><strong>parte</strong></span> <span class='ocrx_word' id='word_1_723' title='bbox 2287 4263 2583 4350; x_wconf 58' lang='lat' dir='ltr'><strong>x&#39;Discipl.</strong></span> <span class='ocrx_word' id='word_1_724' title='bbox 2616 4277 2806 4350; x_wconf 69' lang='lat' dir='ltr'><strong>Eccl.,</strong></span> <span class='ocrx_word' id='word_1_725' title='bbox 2839 4263 2921 4333; x_wconf 64' lang='lat' dir='ltr'><strong>lib</strong></span> <span class='ocrx_word' id='word_1_726' title='bbox 2954 4295 2990 4348; x_wconf 84' lang='grc' dir='ltr'>ι,</span> <span class='ocrx_word' id='word_1_727' title='bbox 3119 4277 3209 4350; x_wconf 81' lang='lat'><strong>36,</strong></span> <span class='ocrx_word' id='word_1_728' title='bbox 3232 4263 3300 4332; x_wconf 51' lang='lat' dir='ltr'><strong>&#39;et</strong></span> <span class='ocrx_word' id='word_1_729' title='bbox 3333 4277 3406 4332; x_wconf 94' lang='lat' dir='ltr'><strong>cl.</strong></span> <span class='ocrx_word' id='word_1_730' title='bbox 3448 4263 3758 4350; x_wconf 62' lang='lat' dir='ltr'><strong>Caagium,</strong></span> 
     </span>
    </p>
   </div>
   <div class='ocr_carea' id='block_1_98' title="bbox 2094 4346 3559 4404">
    <p class='ocr_par' dir='ltr' id='par_1_98' title="bbox 2094 4346 3559 4404">
     <span class='ocr_line' id='line_1_99' title="bbox 2094 4346 3559 4404; baseline 0.004 -6"><span class='ocrx_word' id='word_1_731' title='bbox 2094 4346 2280 4402; x_wconf 91' lang='lat' dir='ltr'><strong>verbo</strong></span> <span class='ocrx_word' id='word_1_732' title='bbox 2329 4346 2696 4404; x_wconf 75' lang='lat' dir='ltr'><strong>Sacrarium.</strong></span> <span class='ocrx_word' id='word_1_733' title='bbox 2759 4349 2942 4404; x_wconf 86' lang='lat' dir='ltr'><strong>Porro</strong></span> <span class='ocrx_word' id='word_1_734' title='bbox 2978 4346 3242 4403; x_wconf 84' lang='lat' dir='ltr'><strong>dubium</strong></span> <span class='ocrx_word' id='word_1_735' title='bbox 3288 4365 3406 4403; x_wconf 90' lang='lat' dir='ltr'><strong>non</strong></span> <span class='ocrx_word' id='word_1_736' title='bbox 3465 4353 3559 4404; x_wconf 84' lang='lat' dir='ltr'><strong>est</strong></span> 
     </span>
    </p>
   </div>
   <div class='ocr_carea' id='block_1_99' title="bbox 2094 4419 3760 4490">
    <p class='ocr_par' dir='ltr' id='par_1_99' title="bbox 2094 4419 3760 4490">
     <span class='ocr_line' id='line_1_100' title="bbox 2094 4419 3760 4490; baseline 0.003 -20"><span class='ocrx_word' id='word_1_737' title='bbox 2094 4422 2340 4490; x_wconf 86' lang='lat' dir='ltr'><strong>sanctus</strong></span> <span class='ocrx_word' id='word_1_738' title='bbox 2389 4424 2594 4474; x_wconf 88' lang='lat' dir='ltr'><strong>noster</strong></span> <span class='ocrx_word' id='word_1_739' title='bbox 2627 4419 2991 4490; x_wconf 87' lang='lat' dir='ltr'><strong>provinciam</strong></span> <span class='ocrx_word' id='word_1_740' title='bbox 3036 4419 3188 4474; x_wconf 90' lang='lat' dir='ltr'><strong>hanc</strong></span> <span class='ocrx_word' id='word_1_741' title='bbox 3227 4419 3602 4490; x_wconf 89' lang='lat' dir='ltr'><strong>potissimum</strong></span> <span class='ocrx_word' id='word_1_742' title='bbox 3630 4419 3760 4476; x_wconf 82' lang='lat' dir='ltr'><strong>dia-</strong></span> 
     </span>
    </p>
   </div>
   <div class='ocr_carea' id='block_1_100' title="bbox 3661 4352 3761 4405">
    <p class='ocr_par' dir='ltr' id='par_1_100' title="bbox 3661 4352 3761 4405">
     <span class='ocr_line' id='line_1_101' title="bbox 3661 4352 3761 4405; baseline 0.02 -2"><span class='ocrx_word' id='word_1_743' title='bbox 3661 4352 3761 4405; x_wconf 88' lang='lat' dir='ltr'><strong>uin</strong></span> 
     </span>
    </p>
   </div>
   <div class='ocr_carea' id='block_1_101' title="bbox 189 4474 3759 4558">
    <p class='ocr_par' dir='ltr' id='par_1_101' title="bbox 189 4474 3759 4558">
     <span class='ocr_line' id='line_1_102' title="bbox 189 4474 3759 4558; baseline 0 -12"><span class='ocrx_word' id='word_1_744' title='bbox 189 4535 200 4546; x_wconf 93' lang='lat'><strong>.</strong></span> <span class='ocrx_word' id='word_1_745' title='bbox 271 4535 280 4540; x_wconf 91' lang='lat'><strong>.</strong></span> <span class='ocrx_word' id='word_1_746' title='bbox 320 4495 438 4558; x_wconf 64' lang='grc' dir='ltr'>99η</span> <span class='ocrx_word' id='word_1_747' title='bbox 471 4474 875 4558; x_wconf 57' lang='grc' dir='ltr'><strong>ηἶεῖξξιίηονθιᾎίν</strong></span> <span class='ocrx_word' id='word_1_748' title='bbox 902 4474 1304 4558; x_wconf 42' lang='lat' dir='ltr'><strong>.1}3Ud,P€[{&#39;um</strong></span> <span class='ocrx_word' id='word_1_749' title='bbox 1341 4475 1561 4558; x_wconf 66' lang='lat' dir='ltr'><strong>negotii</strong></span> <span class='ocrx_word' id='word_1_750' title='bbox 1596 4474 2062 4558; x_wconf 39' lang='lat' dir='ltr'><strong>facessivereu&#39;.‘</strong></span> <span class='ocrx_word' id='word_1_751' title='bbox 2096 4489 2266 4558; x_wconf 88' lang='lat' dir='ltr'><strong>conis</strong></span> <span class='ocrx_word' id='word_1_752' title='bbox 2306 4474 2685 4544; x_wconf 67' lang='lat' dir='ltr'><strong>commissam</strong></span> <span class='ocrx_word' id='word_1_753' title='bbox 2717 4490 2988 4558; x_wconf 89' lang='lat' dir='ltr'><strong>voluerit,</strong></span> <span class='ocrx_word' id='word_1_754' title='bbox 3013 4494 3075 4545; x_wconf 90' lang='lat' dir='ltr'><strong>ut</strong></span> <span class='ocrx_word' id='word_1_755' title='bbox 3105 4474 3298 4545; x_wconf 63' lang='lat' dir='ltr'><strong>loclfm</strong></span> <span class='ocrx_word' id='word_1_756' title='bbox 3330 4494 3602 4546; x_wconf 89' lang='lat' dir='ltr'><strong>sanctum</strong></span> <span class='ocrx_word' id='word_1_757' title='bbox 3632 4474 3759 4546; x_wconf 83' lang='lat' dir='ltr'><strong>ma-</strong></span> 
     </span>
    </p>
   </div>
   <div class='ocr_carea' id='block_1_102' title="bbox 320 4539 3758 4632">
    <p class='ocr_par' dir='ltr' id='par_1_102' title="bbox 320 4539 3758 4632">
     <span class='ocr_line' id='line_1_103' title="bbox 320 4539 3758 4632; baseline -0.001 -28"><span class='ocrx_word' id='word_1_758' title='bbox 320 4549 601 4632; x_wconf 69' lang='lat' dir='ltr'><strong>Nonnulli</strong></span> <span class='ocrx_word' id='word_1_759' title='bbox 634 4539 939 4632; x_wconf 66' lang='lat' dir='ltr'><strong>secretarii</strong></span> <span class='ocrx_word' id='word_1_760' title='bbox 972 4539 1296 4632; x_wconf 70' lang='lat' dir='ltr'><strong>custodiam</strong></span> <span class='ocrx_word' id='word_1_761' title='bbox 1343 4539 1452 4632; x_wconf 54' lang='lat' dir='ltr'><strong>rati</strong></span> <span class='ocrx_word' id='word_1_762' title='bbox 1485 4549 1622 4632; x_wconf 68' lang='lat' dir='ltr'><strong>sunt</strong></span> <span class='ocrx_word' id='word_1_763' title='bbox 1652 4547 1770 4601; x_wconf 91' lang='lat' dir='ltr'><strong>illis</strong></span> <span class='ocrx_word' id='word_1_764' title='bbox 1810 4548 1983 4630; x_wconf 84' lang='lat' dir='ltr'><strong>etiam</strong></span> <span class='ocrx_word' id='word_1_765' title='bbox 2017 4539 2068 4606; x_wconf 90' lang='lat' dir='ltr'><strong>D</strong></span> <span class='ocrx_word' id='word_1_766' title='bbox 2091 4539 3758 4632; x_wconf 28' lang='grc' dir='ltr'><strong>λίδιέὶίέίιξίῌξῖίῖεζῖέ’ᾗνδξίίῖδξῇξέξιῖὀᾘίῆᾖύξῖξξ⁷ιᾞῌχῖξχῖθ</strong></span> 
     </span>
    </p>
   </div>
   <div class='ocr_carea' id='block_1_103' title="bbox 323 4617 1983 4692">
    <p class='ocr_par' dir='ltr' id='par_1_103' title="bbox 323 4617 1983 4692">
     <span class='ocr_line' id='line_1_104' title="bbox 323 4617 1983 4692; baseline -0.001 -19"><span class='ocrx_word' id='word_1_767' title='bbox 323 4620 680 4692; x_wconf 78' lang='lat' dir='ltr'><strong>quandoque</strong></span> <span class='ocrx_word' id='word_1_768' title='bbox 695 4617 1118 4692; x_wconf 86' lang='lat' dir='ltr'><strong>demandatam,</strong></span> <span class='ocrx_word' id='word_1_769' title='bbox 1146 4617 1244 4688; x_wconf 89' lang='lat' dir='ltr'><strong>qui</strong></span> <span class='ocrx_word' id='word_1_770' title='bbox 1260 4617 1482 4692; x_wconf 80' lang='lat' dir='ltr'><strong>nullum</strong></span> <span class='ocrx_word' id='word_1_771' title='bbox 1498 4617 1762 4671; x_wconf 88' lang='lat' dir='ltr'><strong>ordinem</strong></span> <span class='ocrx_word' id='word_1_772' title='bbox 1781 4634 1859 4692; x_wconf 86' lang='lat' dir='ltr'><strong>ne</strong></span> <span class='ocrx_word' id='word_1_773' title='bbox 1877 4619 1983 4692; x_wconf 82' lang='lat' dir='ltr'><strong>mi-</strong></span> 
     </span>
    </p>
   </div>
   <div class='ocr_carea' id='block_1_104' title="bbox 321 4689 1982 4760">
    <p class='ocr_par' dir='ltr' id='par_1_104' title="bbox 321 4689 1982 4760">
     <span class='ocr_line' id='line_1_105' title="bbox 321 4689 1982 4760; baseline -0.001 -16"><span class='ocrx_word' id='word_1_774' title='bbox 321 4689 525 4745; x_wconf 75' lang='lat' dir='ltr'><strong>norem</strong></span> <span class='ocrx_word' id='word_1_775' title='bbox 549 4689 780 4760; x_wconf 81' lang='lat' dir='ltr'><strong>quidem</strong></span> <span class='ocrx_word' id='word_1_776' title='bbox 801 4689 1174 4757; x_wconf 75' lang='lat' dir='ltr'><strong>accepissent</strong></span> <span class='ocrx_word' id='word_1_777' title='bbox 1198 4689 1468 4760; x_wconf 86' lang='lat' dir='ltr'><strong>;quidam</strong></span> <span class='ocrx_word' id='word_1_778' title='bbox 1492 4703 1632 4743; x_wconf 92' lang='lat' dir='ltr'><strong>vero</strong></span> <span class='ocrx_word' id='word_1_779' title='bbox 1655 4693 1710 4742; x_wconf 89' lang='lat' dir='ltr'><strong>et</strong></span> <span class='ocrx_word' id='word_1_780' title='bbox 1741 4691 1794 4742; x_wconf 88' lang='lat' dir='ltr'><strong>si</strong></span> <span class='ocrx_word' id='word_1_781' title='bbox 1827 4689 1982 4760; x_wconf 87' lang='lat' dir='ltr'><strong>ordi-</strong></span> 
     </span>
    </p>
   </div>
   <div class='ocr_carea' id='block_1_105' title="bbox 320 4759 1982 4830">
    <p class='ocr_par' dir='ltr' id='par_1_105' title="bbox 320 4759 1982 4830">
     <span class='ocr_line' id='line_1_106' title="bbox 320 4759 1982 4830; baseline 0 -16"><span class='ocrx_word' id='word_1_782' title='bbox 320 4762 416 4815; x_wconf 87' lang='lat' dir='ltr'><strong>nis</strong></span> <span class='ocrx_word' id='word_1_783' title='bbox 439 4759 694 4830; x_wconf 78' lang='lat' dir='ltr'><strong>alicujus</strong></span> <span class='ocrx_word' id='word_1_784' title='bbox 727 4761 798 4812; x_wconf 89' lang='lat' dir='ltr'><strong>ab</strong></span> <span class='ocrx_word' id='word_1_785' title='bbox 824 4760 955 4812; x_wconf 89' lang='lat' dir='ltr'><strong>aliis</strong></span> <span class='ocrx_word' id='word_1_786' title='bbox 979 4759 1239 4813; x_wconf 83' lang='lat' dir='ltr'><strong>distincti</strong></span> <span class='ocrx_word' id='word_1_787' title='bbox 1271 4775 1484 4814; x_wconf 90' lang='lat' dir='ltr'><strong>nomen</strong></span> <span class='ocrx_word' id='word_1_788' title='bbox 1517 4775 1634 4814; x_wconf 89' lang='lat' dir='ltr'><strong>non</strong></span> <span class='ocrx_word' id='word_1_789' title='bbox 1666 4775 1804 4814; x_wconf 90' lang='lat' dir='ltr'><strong>esse</strong></span> <span class='ocrx_word' id='word_1_790' title='bbox 1833 4759 1982 4814; x_wconf 85' lang='lat' dir='ltr'><strong>arbi-</strong></span> 
     </span>
    </p>
   </div>
   <div class='ocr_carea' id='block_1_106' title="bbox 319 4830 1981 4901">
    <p class='ocr_par' dir='ltr' id='par_1_106' title="bbox 319 4830 1981 4901">
     <span class='ocr_line' id='line_1_107' title="bbox 319 4830 1981 4901; baseline -0.001 -15"><span class='ocrx_word' id='word_1_791' title='bbox 319 4835 634 4899; x_wconf 87' lang='lat' dir='ltr'><strong>trarentur,</strong></span> <span class='ocrx_word' id='word_1_792' title='bbox 660 4831 771 4884; x_wconf 86' lang='lat' dir='ltr'><strong>hoc</strong></span> <span class='ocrx_word' id='word_1_793' title='bbox 802 4833 994 4884; x_wconf 85' lang='lat' dir='ltr'><strong>tamen</strong></span> <span class='ocrx_word' id='word_1_794' title='bbox 1017 4831 1274 4884; x_wconf 44' lang='lat' dir='ltr'><strong>oll‘icium</strong></span> <span class='ocrx_word' id='word_1_795' title='bbox 1300 4830 1724 4901; x_wconf 77' lang='lat' dir='ltr'><strong>liypodiaconis</strong></span> <span class='ocrx_word' id='word_1_796' title='bbox 1757 4834 1855 4885; x_wconf 86' lang='lat' dir='ltr'><strong>aut</strong></span> <span class='ocrx_word' id='word_1_797' title='bbox 1876 4846 1981 4885; x_wconf 91' lang='lat' dir='ltr'><strong>os-</strong></span> 
     </span>
    </p>
   </div>
   <div class='ocr_carea' id='block_1_107' title="bbox 319 4901 1979 4958">
    <p class='ocr_par' dir='ltr' id='par_1_107' title="bbox 319 4901 1979 4958">
     <span class='ocr_line' id='line_1_108' title="bbox 319 4901 1979 4958; baseline -0.001 -1"><span class='ocrx_word' id='word_1_798' title='bbox 319 4903 509 4958; x_wconf 89' lang='lat' dir='ltr'><strong>tiariis</strong></span> <span class='ocrx_word' id='word_1_799' title='bbox 543 4901 823 4956; x_wconf 86' lang='lat' dir='ltr'><strong>committi</strong></span> <span class='ocrx_word' id='word_1_800' title='bbox 859 4902 1095 4955; x_wconf 84' lang='lat' dir='ltr'><strong>solitum</strong></span> <span class='ocrx_word' id='word_1_801' title='bbox 1128 4901 1574 4956; x_wconf 86' lang='lat' dir='ltr'><strong>contenderunt.</strong></span> <span class='ocrx_word' id='word_1_802' title='bbox 1613 4901 1757 4956; x_wconf 89' lang='lat' dir='ltr'><strong>Cum</strong></span> <span class='ocrx_word' id='word_1_803' title='bbox 1786 4904 1979 4956; x_wconf 89' lang='lat' dir='ltr'><strong>autem</strong></span> 
     </span>
    </p>
   </div>
   <div class='ocr_carea' id='block_1_108' title="bbox 321 4972 1984 5042">
    <p class='ocr_par' dir='ltr' id='par_1_108' title="bbox 321 4972 1984 5042">
     <span class='ocr_line' id='line_1_109' title="bbox 321 4972 1984 5042; baseline -0.001 -13"><span class='ocrx_word' id='word_1_804' title='bbox 321 4973 564 5029; x_wconf 86' lang='lat' dir='ltr'><strong>sacrarii</strong></span> <span class='ocrx_word' id='word_1_805' title='bbox 590 4973 824 5026; x_wconf 85' lang='lat' dir='ltr'><strong>nomine</strong></span> <span class='ocrx_word' id='word_1_806' title='bbox 857 4973 1241 5026; x_wconf 86' lang='lat' dir='ltr'><strong>secretarium</strong></span> <span class='ocrx_word' id='word_1_807' title='bbox 1273 4987 1381 5026; x_wconf 90' lang='lat' dir='ltr'><strong>seu</strong></span> <span class='ocrx_word' id='word_1_808' title='bbox 1412 4972 1704 5042; x_wconf 89' lang='lat' dir='ltr'><strong>sacristia,</strong></span> <span class='ocrx_word' id='word_1_809' title='bbox 1730 4977 1786 5027; x_wconf 92' lang='lat' dir='ltr'><strong>et</strong></span> <span class='ocrx_word' id='word_1_810' title='bbox 1817 4988 1984 5028; x_wconf 83' lang='lat' dir='ltr'><strong>sano-</strong></span> 
     </span>
    </p>
   </div>
   <div class='ocr_carea' id='block_1_109' title="bbox 318 5043 1979 5116">
    <p class='ocr_par' dir='ltr' id='par_1_109' title="bbox 318 5043 1979 5116">
     <span class='ocr_line' id='line_1_110' title="bbox 318 5043 1979 5116; baseline -0.001 -16"><span class='ocrx_word' id='word_1_811' title='bbox 318 5045 570 5100; x_wconf 91' lang='lat' dir='ltr'><strong>tuarium</strong></span> <span class='ocrx_word' id='word_1_812' title='bbox 586 5045 882 5116; x_wconf 63' lang='lat' dir='ltr'><strong>praecipue</strong></span> <span class='ocrx_word' id='word_1_813' title='bbox 907 5043 1327 5116; x_wconf 73' lang='lat' dir='ltr'><strong>intelligantur,</strong></span> <span class='ocrx_word' id='word_1_814' title='bbox 1344 5047 1563 5116; x_wconf 82' lang='lat' dir='ltr'><strong>essent</strong></span> <span class='ocrx_word' id='word_1_815' title='bbox 1583 5043 1851 5116; x_wconf 86' lang='lat' dir='ltr'><strong>fortequi</strong></span> <span class='ocrx_word' id='word_1_816' title='bbox 1869 5044 1979 5116; x_wconf 88' lang='lat' dir='ltr'><strong>ob-</strong></span> 
     </span>
    </p>
   </div>
   <div class='ocr_carea' id='block_1_110' title="bbox 311 5113 1978 5188">
    <p class='ocr_par' dir='ltr' id='par_1_110' title="bbox 311 5113 1978 5188">
     <span class='ocr_line' id='line_1_111' title="bbox 311 5113 1978 5188; baseline -0.001 -17"><span class='ocrx_word' id='word_1_817' title='bbox 311 5116 568 5188; x_wconf 80' lang='lat' dir='ltr'><strong>jicerent</strong></span> <span class='ocrx_word' id='word_1_818' title='bbox 588 5113 800 5185; x_wconf 81' lang='lat' dir='ltr'><strong>synodi</strong></span> <span class='ocrx_word' id='word_1_819' title='bbox 841 5115 1103 5188; x_wconf 76' lang='lat' dir='ltr'><strong>l.audic.,</strong></span> <span class='ocrx_word' id='word_1_820' title='bbox 1139 5130 1266 5170; x_wconf 89' lang='lat' dir='ltr'><strong>can.</strong></span> <span class='ocrx_word' id='word_1_821' title='bbox 1290 5113 1379 5182; x_wconf 85' lang='lat'><strong>20,</strong></span> <span class='ocrx_word' id='word_1_822' title='bbox 1414 5129 1530 5186; x_wconf 87' lang='lat' dir='ltr'><strong>quo</strong></span> <span class='ocrx_word' id='word_1_823' title='bbox 1553 5113 1978 5186; x_wconf 82' lang='lat' dir='ltr'><strong>hypodiaconis</strong></span> 
     </span>
    </p>
   </div>
   <div class='ocr_carea' id='block_1_111' title="bbox 319 5187 1980 5256">
    <p class='ocr_par' dir='ltr' id='par_1_111' title="bbox 319 5187 1980 5256">
     <span class='ocr_line' id='line_1_112' title="bbox 319 5187 1980 5256; baseline -0.001 -14"><span class='ocrx_word' id='word_1_824' title='bbox 319 5187 376 5242; x_wconf 89' lang='lat' dir='ltr'><strong>et</strong></span> <span class='ocrx_word' id='word_1_825' title='bbox 399 5188 738 5242; x_wconf 83' lang='lat' dir='ltr'><strong>earumdem</strong></span> <span class='ocrx_word' id='word_1_826' title='bbox 772 5188 1036 5240; x_wconf 88' lang='lat' dir='ltr'><strong>locorum</strong></span> <span class='ocrx_word' id='word_1_827' title='bbox 1073 5187 1355 5256; x_wconf 76' lang='lat' dir='ltr'><strong>ingressu</strong></span> <span class='ocrx_word' id='word_1_828' title='bbox 1387 5191 1441 5239; x_wconf 92' lang='lat' dir='ltr'><strong>et</strong></span> <span class='ocrx_word' id='word_1_829' title='bbox 1464 5201 1770 5241; x_wconf 90' lang='lat' dir='ltr'><strong>sacrorum</strong></span> <span class='ocrx_word' id='word_1_830' title='bbox 1805 5201 1980 5241; x_wconf 84' lang='lat' dir='ltr'><strong>vaso-</strong></span> 
     </span>
    </p>
   </div>
   <div class='ocr_carea' id='block_1_112' title="bbox 317 5257 1982 5328">
    <p class='ocr_par' dir='ltr' id='par_1_112' title="bbox 317 5257 1982 5328">
     <span class='ocr_line' id='line_1_113' title="bbox 317 5257 1982 5328; baseline -0.001 -14"><span class='ocrx_word' id='word_1_831' title='bbox 317 5275 448 5314; x_wconf 90' lang='lat' dir='ltr'><strong>rum</strong></span> <span class='ocrx_word' id='word_1_832' title='bbox 490 5261 648 5311; x_wconf 84' lang='lat' dir='ltr'><strong>tactu</strong></span> <span class='ocrx_word' id='word_1_833' title='bbox 670 5257 1057 5312; x_wconf 85' lang='lat' dir='ltr'><strong>interdicitur.</strong></span> <span class='ocrx_word' id='word_1_834' title='bbox 1112 5257 1480 5327; x_wconf 69' lang='lat' dir='ltr'><strong>Responderi</strong></span> <span class='ocrx_word' id='word_1_835' title='bbox 1531 5261 1725 5312; x_wconf 90' lang='lat' dir='ltr'><strong>tamen</strong></span> <span class='ocrx_word' id='word_1_836' title='bbox 1755 5261 1982 5328; x_wconf 89' lang='lat' dir='ltr'><strong>poterat</strong></span> 
     </span>
    </p>
   </div>
   <div class='ocr_carea' id='block_1_113' title="bbox 319 5329 1976 5400">
    <p class='ocr_par' dir='ltr' id='par_1_113' title="bbox 319 5329 1976 5400">
     <span class='ocr_line' id='line_1_114' title="bbox 319 5329 1976 5400; baseline -0.001 -15"><span class='ocrx_word' id='word_1_837' title='bbox 319 5347 452 5385; x_wconf 90' lang='lat' dir='ltr'><strong>cum</strong></span> <span class='ocrx_word' id='word_1_838' title='bbox 474 5329 826 5384; x_wconf 83' lang='lat' dir='ltr'><strong>Balsamone</strong></span> <span class='ocrx_word' id='word_1_839' title='bbox 849 5345 918 5384; x_wconf 92' lang='lat' dir='ltr'><strong>ac</strong></span> <span class='ocrx_word' id='word_1_840' title='bbox 939 5329 1184 5397; x_wconf 86' lang='lat' dir='ltr'><strong>Zonara,</strong></span> <span class='ocrx_word' id='word_1_841' title='bbox 1210 5330 1550 5400; x_wconf 82' lang='lat' dir='ltr'><strong>ingressum</strong></span> <span class='ocrx_word' id='word_1_842' title='bbox 1571 5331 1631 5382; x_wconf 90' lang='lat' dir='ltr'><strong>in</strong></span> <span class='ocrx_word' id='word_1_843' title='bbox 1644 5330 1976 5400; x_wconf 80' lang='lat' dir='ltr'><strong>sacrarium</strong></span> 
     </span>
    </p>
   </div>
   <div class='ocr_carea' id='block_1_114' title="bbox 317 5399 1974 5472">
    <p class='ocr_par' dir='ltr' id='par_1_114' title="bbox 317 5399 1974 5472">
     <span class='ocr_line' id='line_1_115' title="bbox 317 5399 1974 5472; baseline -0.001 -16"><span class='ocrx_word' id='word_1_844' title='bbox 317 5417 436 5457; x_wconf 92' lang='lat' dir='ltr'><strong>non</strong></span> <span class='ocrx_word' id='word_1_845' title='bbox 467 5401 582 5455; x_wconf 91' lang='lat' dir='ltr'><strong>nisi</strong></span> <span class='ocrx_word' id='word_1_846' title='bbox 628 5415 759 5454; x_wconf 91' lang='lat' dir='ltr'><strong>cum</strong></span> <span class='ocrx_word' id='word_1_847' title='bbox 804 5416 972 5454; x_wconf 86' lang='lat' dir='ltr'><strong>sacra</strong></span> <span class='ocrx_word' id='word_1_848' title='bbox 1016 5399 1297 5472; x_wconf 83' lang='lat' dir='ltr'><strong>mysteria</strong></span> <span class='ocrx_word' id='word_1_849' title='bbox 1335 5399 1454 5453; x_wconf 88' lang='lat' dir='ltr'><strong>illic</strong></span> <span class='ocrx_word' id='word_1_850' title='bbox 1515 5399 1974 5472; x_wconf 82' lang='lat' dir='ltr'><strong>celebrarentur,</strong></span> 
     </span>
    </p>
   </div>
   <div class='ocr_carea' id='block_1_115' title="bbox 313 5470 1978 5527">
    <p class='ocr_par' dir='ltr' id='par_1_115' title="bbox 313 5470 1978 5527">
     <span class='ocr_line' id='line_1_116' title="bbox 313 5470 1978 5527; baseline 0 -1"><span class='ocrx_word' id='word_1_851' title='bbox 313 5478 532 5527; x_wconf 87' lang='lat' dir='ltr'><strong>tactum</strong></span> <span class='ocrx_word' id='word_1_852' title='bbox 552 5487 692 5526; x_wconf 91' lang='lat' dir='ltr'><strong>vero</strong></span> <span class='ocrx_word' id='word_1_853' title='bbox 715 5487 994 5525; x_wconf 88' lang='lat' dir='ltr'><strong>vasorum</strong></span> <span class='ocrx_word' id='word_1_854' title='bbox 1018 5470 1375 5525; x_wconf 89' lang='lat' dir='ltr'><strong>initiatorum</strong></span> <span class='ocrx_word' id='word_1_855' title='bbox 1398 5470 1634 5524; x_wconf 90' lang='lat' dir='ltr'><strong>nonnisi</strong></span> <span class='ocrx_word' id='word_1_856' title='bbox 1657 5485 1789 5525; x_wconf 90' lang='lat' dir='ltr'><strong>cum</strong></span> <span class='ocrx_word' id='word_1_857' title='bbox 1809 5471 1978 5526; x_wconf 79' lang='lat' dir='ltr'><strong>Chri-</strong></span> 
     </span>
    </p>
   </div>
   <div class='ocr_carea' id='block_1_116' title="bbox 317 5541 1977 5615">
    <p class='ocr_par' dir='ltr' id='par_1_116' title="bbox 317 5541 1977 5615">
     <span class='ocr_line' id='line_1_117' title="bbox 317 5541 1977 5615; baseline 0 -17"><span class='ocrx_word' id='word_1_858' title='bbox 317 5546 394 5598; x_wconf 88' lang='lat' dir='ltr'><strong>sti</strong></span> <span class='ocrx_word' id='word_1_859' title='bbox 425 5544 776 5615; x_wconf 91' lang='lat' dir='ltr'><strong>sanguinem</strong></span> <span class='ocrx_word' id='word_1_860' title='bbox 809 5543 1185 5615; x_wconf 81' lang='lat' dir='ltr'><strong>continebant</strong></span> <span class='ocrx_word' id='word_1_861' title='bbox 1221 5547 1326 5615; x_wconf 75' lang='lat' dir='ltr'><strong>aut</strong></span> <span class='ocrx_word' id='word_1_862' title='bbox 1353 5542 1410 5615; x_wconf 77' lang='lat' dir='ltr'><strong>in</strong></span> <span class='ocrx_word' id='word_1_863' title='bbox 1444 5541 1977 5615; x_wconf 82' lang='lat' dir='ltr'><strong>supplicationibus</strong></span> 
     </span>
    </p>
   </div>
   <div class='ocr_carea' id='block_1_117' title="bbox 316 5612 1978 5685">
    <p class='ocr_par' dir='ltr' id='par_1_117' title="bbox 316 5612 1978 5685">
     <span class='ocr_line' id='line_1_118' title="bbox 316 5612 1978 5685; baseline 0 -16"><span class='ocrx_word' id='word_1_864' title='bbox 316 5612 678 5685; x_wconf 73' lang='lat' dir='ltr'><strong>ferebantur,</strong></span> <span class='ocrx_word' id='word_1_865' title='bbox 703 5615 820 5670; x_wconf 91' lang='lat' dir='ltr'><strong>illis</strong></span> <span class='ocrx_word' id='word_1_866' title='bbox 843 5613 1202 5684; x_wconf 89' lang='lat' dir='ltr'><strong>prohibitum</strong></span> <span class='ocrx_word' id='word_1_867' title='bbox 1239 5613 1331 5668; x_wconf 89' lang='lat' dir='ltr'><strong>:si</strong></span> <span class='ocrx_word' id='word_1_868' title='bbox 1368 5612 1538 5685; x_wconf 87' lang='lat' dir='ltr'><strong>locus</strong></span> <span class='ocrx_word' id='word_1_869' title='bbox 1577 5613 1828 5685; x_wconf 88' lang='lat' dir='ltr'><strong>hic_rem</strong></span> <span class='ocrx_word' id='word_1_870' title='bbox 1859 5628 1978 5670; x_wconf 87' lang='lat' dir='ltr'><strong>non</strong></span> 
     </span>
    </p>
   </div>
   <div class='ocr_carea' id='block_1_118' title="bbox 318 5683 1976 5762">
    <p class='ocr_par' dir='ltr' id='par_1_118' title="bbox 318 5683 1976 5762">
     <span class='ocr_line' id='line_1_119' title="bbox 318 5683 1976 5762; baseline -0.001 -20"><span class='ocrx_word' id='word_1_871' title='bbox 318 5684 618 5745; x_wconf 84' lang='lat' dir='ltr'><strong>decideret</strong></span> <span class='ocrx_word' id='word_1_872' title='bbox 665 5683 737 5744; x_wconf 80' lang='lat' dir='ltr'><strong>in</strong></span> <span class='ocrx_word' id='word_1_873' title='bbox 779 5683 985 5744; x_wconf 85' lang='lat' dir='ltr'><strong>eorum</strong></span> <span class='ocrx_word' id='word_1_874' title='bbox 1035 5685 1266 5761; x_wconf 85' lang='lat' dir='ltr'><strong>gratam</strong></span> <span class='ocrx_word' id='word_1_875' title='bbox 1313 5683 1415 5762; x_wconf 92' lang='lat' dir='ltr'><strong>qui</strong></span> <span class='ocrx_word' id='word_1_876' title='bbox 1473 5683 1724 5742; x_wconf 85' lang='lat' dir='ltr'><strong>sacrarii</strong></span> <span class='ocrx_word' id='word_1_877' title='bbox 1771 5699 1976 5742; x_wconf 89' lang='lat' dir='ltr'><strong>curam</strong></span> 
     </span>
    </p>
   </div>
   <div class='ocr_carea' id='block_1_119' title="bbox 2094 4631 3757 4704">
    <p class='ocr_par' dir='ltr' id='par_1_119' title="bbox 2094 4631 3757 4704">
     <span class='ocr_line' id='line_1_120' title="bbox 2094 4631 3757 4704; baseline 0.002 -21"><span class='ocrx_word' id='word_1_878' title='bbox 2094 4645 2236 4704; x_wconf 76' lang='lat' dir='ltr'><strong>vere</strong></span> <span class='ocrx_word' id='word_1_879' title='bbox 2265 4631 2594 4704; x_wconf 77' lang='lat' dir='ltr'><strong>aprofanis</strong></span> <span class='ocrx_word' id='word_1_880' title='bbox 2644 4631 3108 4704; x_wconf 17' lang='lat' dir='ltr'><strong>illisiconviviis,</strong></span> <span class='ocrx_word' id='word_1_881' title='bbox 3142 4631 3213 4686; x_wconf 93' lang='lat' dir='ltr'><strong>de</strong></span> <span class='ocrx_word' id='word_1_882' title='bbox 3254 4631 3472 4704; x_wconf 87' lang='lat' dir='ltr'><strong>quibus</strong></span> <span class='ocrx_word' id='word_1_883' title='bbox 3501 4649 3625 4704; x_wconf 91' lang='lat' dir='ltr'><strong>nos</strong></span> <span class='ocrx_word' id='word_1_884' title='bbox 3645 4633 3757 4688; x_wconf 89' lang='lat' dir='ltr'><strong>ali-</strong></span> 
     </span>
    </p>
   </div>
   <div class='ocr_carea' id='block_1_120' title="bbox 2093 4701 3758 4775">
    <p class='ocr_par' dir='ltr' id='par_1_120' title="bbox 2093 4701 3758 4775">
     <span class='ocr_line' id='line_1_121' title="bbox 2093 4701 3758 4775; baseline 0.004 -22"><span class='ocrx_word' id='word_1_885' title='bbox 2093 4701 2232 4775; x_wconf 83' lang='lat' dir='ltr'><strong>quid</strong></span> <span class='ocrx_word' id='word_1_886' title='bbox 2265 4701 2365 4758; x_wconf 86' lang='lat' dir='ltr'><strong>lib.</strong></span> <span class='ocrx_word' id='word_1_887' title='bbox 2399 4704 2474 4758; x_wconf 86' lang='lat' dir='ltr'><strong>de</strong></span> <span class='ocrx_word' id='word_1_888' title='bbox 2502 4703 2640 4758; x_wconf 78' lang='lat' dir='ltr'><strong>Elia</strong></span> <span class='ocrx_word' id='word_1_889' title='bbox 2660 4709 2717 4758; x_wconf 87' lang='lat' dir='ltr'><strong>et</strong></span> <span class='ocrx_word' id='word_1_890' title='bbox 2749 4703 2984 4775; x_wconf 72' lang='lat' dir='ltr'><strong>Jejunio</strong></span> <span class='ocrx_word' id='word_1_891' title='bbox 3011 4703 3128 4775; x_wconf 80' lang='lat' dir='ltr'><strong>jam</strong></span> <span class='ocrx_word' id='word_1_892' title='bbox 3162 4701 3575 4775; x_wconf 75' lang='lat' dir='ltr'><strong>attigimus,_et</strong></span> <span class='ocrx_word' id='word_1_893' title='bbox 3607 4703 3758 4760; x_wconf 89' lang='lat' dir='ltr'><strong>forte</strong></span> 
     </span>
    </p>
   </div>
   <div class='ocr_carea' id='block_1_121' title="bbox 2094 4771 3759 4853">
    <p class='ocr_par' dir='ltr' id='par_1_121' title="bbox 2094 4771 3759 4853">
     <span class='ocr_line' id='line_1_122' title="bbox 2094 4771 3759 4853; baseline 0.004 -29"><span class='ocrx_word' id='word_1_894' title='bbox 2094 4771 2152 4853; x_wconf 72' lang='lat' dir='ltr'><strong>in</strong></span> <span class='ocrx_word' id='word_1_895' title='bbox 2184 4779 2510 4846; x_wconf 86' lang='lat' dir='ltr'><strong>posterum,</strong></span> <span class='ocrx_word' id='word_1_896' title='bbox 2542 4775 2640 4830; x_wconf 91' lang='lat' dir='ltr'><strong>ubi</strong></span> <span class='ocrx_word' id='word_1_897' title='bbox 2667 4790 2733 4830; x_wconf 89' lang='lat' dir='ltr'><strong>se</strong></span> <span class='ocrx_word' id='word_1_898' title='bbox 2756 4771 2982 4830; x_wconf 81' lang='lat' dir='ltr'><strong>dederit</strong></span> <span class='ocrx_word' id='word_1_899' title='bbox 3003 4771 3405 4844; x_wconf 51' lang='lat' dir='ltr'><strong>occasiofnon</strong></span> <span class='ocrx_word' id='word_1_900' title='bbox 3427 4771 3574 4830; x_wconf 89' lang='lat' dir='ltr'><strong>nihil</strong></span> <span class='ocrx_word' id='word_1_901' title='bbox 3603 4775 3759 4848; x_wconf 80' lang='lat' dir='ltr'><strong>adji-</strong></span> 
     </span>
    </p>
   </div>
   <div class='ocr_carea' id='block_1_122' title="bbox 2094 4857 2340 4901">
    <p class='ocr_par' dir='ltr' id='par_1_122' title="bbox 2094 4857 2340 4901">
     <span class='ocr_line' id='line_1_123' title="bbox 2094 4857 2340 4901; baseline 0.02 -5"><span class='ocrx_word' id='word_1_902' title='bbox 2094 4857 2340 4901; x_wconf 77' lang='lat' dir='ltr'><strong>stemus.</strong></span> 
     </span>
    </p>
   </div>
   <div class='ocr_carea' id='block_1_123' title="bbox 2174 4914 3756 4988">
    <p class='ocr_par' dir='ltr' id='par_1_123' title="bbox 2174 4914 3756 4988">
     <span class='ocr_line' id='line_1_124' title="bbox 2174 4914 3756 4988; baseline 0.001 -17"><span class='ocrx_word' id='word_1_903' title='bbox 2174 4917 2280 4985; x_wconf 85' lang='lat'><strong>(93)</strong></span> <span class='ocrx_word' id='word_1_904' title='bbox 2310 4916 2434 4972; x_wconf 90' lang='lat' dir='ltr'><strong>Cic.</strong></span> <span class='ocrx_word' id='word_1_905' title='bbox 2473 4915 2642 4972; x_wconf 77' lang='lat' dir='ltr'><strong>Ofﬁc.</strong></span> <span class='ocrx_word' id='word_1_906' title='bbox 2663 4916 2766 4972; x_wconf 91' lang='lat' dir='ltr'><strong>lib.</strong></span> <span class='ocrx_word' id='word_1_907' title='bbox 2787 4935 2825 4986; x_wconf 85' lang='grc' dir='ltr'>ι,</span> <span class='ocrx_word' id='word_1_908' title='bbox 2848 4933 2906 4988; x_wconf 94' lang='lat' dir='ltr'><strong>p.</strong></span> <span class='ocrx_word' id='word_1_909' title='bbox 2929 4914 3054 4986; x_wconf 79' lang='lat'><strong>857,</strong></span> <span class='ocrx_word' id='word_1_910' title='bbox 3086 4916 3190 4972; x_wconf 91' lang='lat' dir='ltr'><strong>lin.</strong></span> <span class='ocrx_word' id='word_1_911' title='bbox 3226 4915 3294 4988; x_wconf 80' lang='lat' dir='ltr'><strong>iO</strong></span> <span class='ocrx_word' id='word_1_912' title='bbox 3311 4935 3329 4971; x_wconf 87' lang='lat'><strong><em>:</em></strong></span> <span class='ocrx_word' id='word_1_913' title='bbox 3365 4937 3388 4967; x_wconf 79' lang='grc' dir='ltr'>α</span> <span class='ocrx_word' id='word_1_914' title='bbox 3409 4915 3568 4974; x_wconf 89' lang='lat' dir='ltr'><strong>Bene</strong></span> <span class='ocrx_word' id='word_1_915' title='bbox 3585 4915 3756 4973; x_wconf 86' lang='lat' dir='ltr'><strong>Peri-</strong></span> 
     </span>
    </p>
   </div>
   <div class='ocr_carea' id='block_1_124' title="bbox 2095 4987 3758 5058">
    <p class='ocr_par' dir='ltr' id='par_1_124' title="bbox 2095 4987 3758 5058">
     <span class='ocr_line' id='line_1_125' title="bbox 2095 4987 3758 5058; baseline -0.001 -12"><span class='ocrx_word' id='word_1_916' title='bbox 2095 4992 2288 5048; x_wconf 88' lang='lat' dir='ltr'><strong>cles...</strong></span> <span class='ocrx_word' id='word_1_917' title='bbox 2321 4991 2396 5043; x_wconf 78' lang='lat' dir='ltr'><strong>At</strong></span> <span class='ocrx_word' id='word_1_918' title='bbox 2442 4989 2601 5044; x_wconf 90' lang='lat' dir='ltr'><strong>enim</strong></span> <span class='ocrx_word' id='word_1_919' title='bbox 2637 4987 2970 5058; x_wconf 69' lang='lat' dir='ltr'><strong>primorem,</strong></span> <span class='ocrx_word' id='word_1_920' title='bbox 3021 4987 3370 5058; x_wconf 85' lang='lat' dir='ltr'><strong>Sophocles,</strong></span> <span class='ocrx_word' id='word_1_921' title='bbox 3423 4987 3592 5043; x_wconf 90' lang='lat' dir='ltr'><strong>decet</strong></span> <span class='ocrx_word' id='word_1_922' title='bbox 3639 5004 3758 5045; x_wconf 87' lang='lat' dir='ltr'><strong>non</strong></span> 
     </span>
    </p>
   </div>
   <div class='ocr_carea' id='block_1_125' title="bbox 2093 5058 3752 5129">
    <p class='ocr_par' dir='ltr' id='par_1_125' title="bbox 2093 5058 3752 5129">
     <span class='ocr_line' id='line_1_126' title="bbox 2093 5058 3752 5129; baseline -0.004 -10"><span class='ocrx_word' id='word_1_923' title='bbox 2093 5064 2285 5119; x_wconf 90' lang='lat' dir='ltr'><strong>solum</strong></span> <span class='ocrx_word' id='word_1_924' title='bbox 2302 5077 2530 5129; x_wconf 91' lang='lat' dir='ltr'><strong>manus,</strong></span> <span class='ocrx_word' id='word_1_925' title='bbox 2547 5058 2656 5115; x_wconf 86' lang='lat' dir='ltr'><strong>sed</strong></span> <span class='ocrx_word' id='word_1_926' title='bbox 2667 5061 2839 5114; x_wconf 90' lang='lat' dir='ltr'><strong>etiam</strong></span> <span class='ocrx_word' id='word_1_927' title='bbox 2853 5059 3061 5115; x_wconf 92' lang='lat' dir='ltr'><strong>oculos</strong></span> <span class='ocrx_word' id='word_1_928' title='bbox 3074 5058 3440 5116; x_wconf 88' lang='lat' dir='ltr'><strong>abstinentes</strong></span> <span class='ocrx_word' id='word_1_929' title='bbox 3475 5058 3752 5116; x_wconf 60' lang='lat' dir='ltr'><strong>habere.»</strong></span> 
     </span>
    </p>
   </div>
   <div class='ocr_carea' id='block_1_126' title="bbox 2162 5129 3750 5204">
    <p class='ocr_par' dir='ltr' id='par_1_126' title="bbox 2162 5129 3750 5204">
     <span class='ocr_line' id='line_1_127' title="bbox 2162 5129 3750 5204; baseline -0.001 -16"><span class='ocrx_word' id='word_1_930' title='bbox 2162 5133 2277 5204; x_wconf 75' lang='grc'>(94)</span> <span class='ocrx_word' id='word_1_931' title='bbox 2308 5131 2714 5204; x_wconf 38' lang='grc' dir='ltr'><strong>Εάίίζοῐηξὶϐε,</strong></span> <span class='ocrx_word' id='word_1_932' title='bbox 2750 5131 3090 5204; x_wconf 70' lang='lat' dir='ltr'><strong>verosejus</strong></span> <span class='ocrx_word' id='word_1_933' title='bbox 3122 5145 3135 5185; x_wconf 89' lang='lat'><strong>:</strong></span> <span class='ocrx_word' id='word_1_934' title='bbox 3163 5146 3310 5186; x_wconf 89' lang='lat' dir='ltr'><strong>mss.</strong></span> <span class='ocrx_word' id='word_1_935' title='bbox 3357 5146 3390 5186; x_wconf 91' lang='lat' dir='ltr'><strong>e</strong></span> <span class='ocrx_word' id='word_1_936' title='bbox 3433 5129 3750 5204; x_wconf 80' lang='lat' dir='ltr'><strong>contrario,</strong></span> 
     </span>
    </p>
   </div>
   <div class='ocr_carea' id='block_1_127' title="bbox 2095 5200 3752 5278">
    <p class='ocr_par' dir='ltr' id='par_1_127' title="bbox 2095 5200 3752 5278">
     <span class='ocr_line' id='line_1_128' title="bbox 2095 5200 3752 5278; baseline -0.002 -18"><span class='ocrx_word' id='word_1_937' title='bbox 2095 5200 2898 5278; x_wconf 28' lang='lat' dir='ltr'><strong>viros&#39;cyus.I_’otuit_quidem</strong></span> <span class='ocrx_word' id='word_1_938' title='bbox 2933 5200 3062 5278; x_wconf 67' lang='lat' dir='ltr'><strong>fieri</strong></span> <span class='ocrx_word' id='word_1_939' title='bbox 3093 5203 3156 5256; x_wconf 87' lang='lat' dir='ltr'><strong>ut</strong></span> <span class='ocrx_word' id='word_1_940' title='bbox 3193 5217 3342 5278; x_wconf 63' lang='lat' dir='ltr'><strong>mss.</strong></span> <span class='ocrx_word' id='word_1_941' title='bbox 3386 5200 3752 5278; x_wconf 67' lang='lat' dir='ltr'><strong>recentiores</strong></span> 
     </span>
    </p>
   </div>
   <div class='ocr_carea' id='block_1_128' title="bbox 2089 5272 3758 5347">
    <p class='ocr_par' dir='ltr' id='par_1_128' title="bbox 2089 5272 3758 5347">
     <span class='ocr_line' id='line_1_129' title="bbox 2089 5272 3758 5347; baseline -0.001 -17"><span class='ocrx_word' id='word_1_942' title='bbox 2089 5272 2389 5347; x_wconf 73' lang='lat' dir='ltr'><strong>antiquum</strong></span> <span class='ocrx_word' id='word_1_943' title='bbox 2426 5273 2660 5347; x_wconf 82' lang='lat' dir='ltr'><strong>aliquod</strong></span> <span class='ocrx_word' id='word_1_944' title='bbox 2685 5272 2692 5273; x_wconf 55' lang='grc'><strong><em>⁷</em></strong></span> <span class='ocrx_word' id='word_1_945' title='bbox 2720 5272 3036 5347; x_wconf 70' lang='lat' dir='ltr'><strong>exemplar</strong></span> <span class='ocrx_word' id='word_1_946' title='bbox 3061 5272 3248 5347; x_wconf 82' lang='lat' dir='ltr'><strong>secuti</strong></span> <span class='ocrx_word' id='word_1_947' title='bbox 3289 5272 3428 5347; x_wconf 81' lang='lat' dir='ltr'><strong>sint,</strong></span> <span class='ocrx_word' id='word_1_948' title='bbox 3469 5273 3533 5347; x_wconf 69' lang='lat' dir='ltr'><strong>i_n_</strong></span> <span class='ocrx_word' id='word_1_949' title='bbox 3573 5288 3692 5345; x_wconf 89' lang='lat' dir='ltr'><strong>quo</strong></span> <span class='ocrx_word' id='word_1_950' title='bbox 3731 5272 3758 5328; x_wconf 67' lang='lat'><strong>&#39;1</strong></span> 
     </span>
    </p>
   </div>
   <div class='ocr_carea' id='block_1_129' title="bbox 2090 5343 3752 5418">
    <p class='ocr_par' dir='ltr' id='par_1_129' title="bbox 2090 5343 3752 5418">
     <span class='ocr_line' id='line_1_130' title="bbox 2090 5343 3752 5418; baseline -0.001 -16"><span class='ocrx_word' id='word_1_951' title='bbox 2090 5363 2196 5418; x_wconf 90' lang='lat' dir='ltr'><strong>pro</strong></span> <span class='ocrx_word' id='word_1_952' title='bbox 2229 5343 2263 5402; x_wconf 68' lang='grc' dir='ltr'><strong><em>ὲ</em></strong></span> <span class='ocrx_word' id='word_1_953' title='bbox 2292 5344 2483 5418; x_wconf 66' lang='lat' dir='ltr'><strong>fuerit</strong></span> <span class='ocrx_word' id='word_1_954' title='bbox 2504 5343 2770 5418; x_wconf 73' lang='lat' dir='ltr'><strong>positum</strong></span> <span class='ocrx_word' id='word_1_955' title='bbox 2793 5384 2812 5418; x_wconf 85' lang='lat'><strong>,_</strong></span> <span class='ocrx_word' id='word_1_956' title='bbox 2864 5343 2928 5418; x_wconf 86' lang='lat' dir='ltr'><strong>ut</strong></span> <span class='ocrx_word' id='word_1_957' title='bbox 2969 5343 3331 5418; x_wconf 81' lang='lat' dir='ltr'><strong>advertimus</strong></span> <span class='ocrx_word' id='word_1_958' title='bbox 3380 5343 3438 5397; x_wconf 91' lang='lat' dir='ltr'><strong>in</strong></span> <span class='ocrx_word' id='word_1_959' title='bbox 3469 5343 3752 5418; x_wconf 44' lang='lat' dir='ltr'><strong>Tha—aueo</strong></span> 
     </span>
    </p>
   </div>
   <div class='ocr_carea' id='block_1_130' title="bbox 2131 5413 3756 5490">
    <p class='ocr_par' dir='ltr' id='par_1_130' title="bbox 2131 5413 3756 5490">
     <span class='ocr_line' id='line_1_131' title="bbox 2131 5413 3756 5490; baseline -0.003 -16"><span class='ocrx_word' id='word_1_960' title='bbox 2131 5419 2404 5490; x_wconf 86' lang='lat' dir='ltr'><strong>lusquam</strong></span> <span class='ocrx_word' id='word_1_961' title='bbox 2426 5413 2564 5490; x_wconf 80' lang='grc'>1000</span> <span class='ocrx_word' id='word_1_962' title='bbox 2579 5430 2674 5469; x_wconf 90' lang='lat' dir='ltr'><strong>an.</strong></span> <span class='ocrx_word' id='word_1_963' title='bbox 2695 5415 2980 5490; x_wconf 76' lang='lat' dir='ltr'><strong>scriptum</strong></span> <span class='ocrx_word' id='word_1_964' title='bbox 3001 5429 3141 5490; x_wconf 83' lang='lat' dir='ltr'><strong>esse</strong></span> <span class='ocrx_word' id='word_1_965' title='bbox 3154 5413 3334 5490; x_wconf 71' lang='lat' dir='ltr'><strong>docit,</strong></span> <span class='ocrx_word' id='word_1_966' title='bbox 3357 5413 3566 5490; x_wconf 78' lang='lat' dir='ltr'><strong>studit,</strong></span> <span class='ocrx_word' id='word_1_967' title='bbox 3583 5414 3756 5490; x_wconf 41' lang='lat' dir='ltr'><strong>quod:</strong></span> 
     </span>
    </p>
   </div>
   <div class='ocr_carea' id='block_1_131' title="bbox 2089 5435 3753 5558">
    <p class='ocr_par' dir='ltr' id='par_1_131' title="bbox 2089 5435 3753 5558">
     <span class='ocr_line' id='line_1_132' title="bbox 2131 5435 3753 5490; baseline -0.002 -16"><span class='ocrx_word' id='word_1_968' title='bbox 2131 5435 2404 5490; x_wconf 84' lang='lat' dir='ltr'><strong>Iusquam</strong></span> <span class='ocrx_word' id='word_1_969' title='bbox 2426 5435 2564 5470; x_wconf 83' lang='grc' dir='ltr'>ἰυυυ</span> <span class='ocrx_word' id='word_1_970' title='bbox 2579 5435 2674 5469; x_wconf 81' lang='lat' dir='ltr'><strong>an.</strong></span> <span class='ocrx_word' id='word_1_971' title='bbox 2695 5435 2980 5485; x_wconf 75' lang='lat' dir='ltr'><strong>scriptum</strong></span> <span class='ocrx_word' id='word_1_972' title='bbox 3001 5435 3140 5470; x_wconf 71' lang='lat'><strong>8886</strong></span> <span class='ocrx_word' id='word_1_973' title='bbox 3154 5435 3334 5480; x_wconf 75' lang='grc' dir='ltr'><strong>ηοσιι,</strong></span> <span class='ocrx_word' id='word_1_974' title='bbox 3357 5435 3566 5484; x_wconf 76' lang='lat' dir='ltr'><strong>swau,</strong></span> <span class='ocrx_word' id='word_1_975' title='bbox 3583 5435 3753 5487; x_wconf 86' lang='lat' dir='ltr'><strong>quoa-</strong></span> 
     </span>
     <span class='ocr_line' id='line_1_133' title="bbox 2089 5435 3753 5558; baseline -0.002 -13"><span class='ocrx_word' id='word_1_976' title='bbox 2089 5435 2248 5558; x_wconf 53' lang='lat' dir='ltr'><strong>libit,</strong></span> <span class='ocrx_word' id='word_1_977' title='bbox 2280 5485 2624 5555; x_wconf 85' lang='lat' dir='ltr'><strong>mercidem,</strong></span> <span class='ocrx_word' id='word_1_978' title='bbox 2659 5487 2715 5541; x_wconf 88' lang='lat' dir='ltr'><strong>et</strong></span> <span class='ocrx_word' id='word_1_979' title='bbox 2746 5483 2993 5542; x_wconf 88' lang='lat' dir='ltr'><strong>similia:</strong></span> <span class='ocrx_word' id='word_1_980' title='bbox 3023 5486 3144 5540; x_wconf 88' lang='lat' dir='ltr'><strong>veri</strong></span> <span class='ocrx_word' id='word_1_981' title='bbox 3168 5488 3363 5558; x_wconf 81' lang='lat' dir='ltr'><strong>tamen</strong></span> <span class='ocrx_word' id='word_1_982' title='bbox 3381 5486 3638 5558; x_wconf 81' lang='lat' dir='ltr'><strong>similius</strong></span> <span class='ocrx_word' id='word_1_983' title='bbox 3656 5487 3753 5558; x_wconf 76' lang='lat' dir='ltr'><strong>est</strong></span> 
     </span>
    </p>
   </div>
   <div class='ocr_carea' id='block_1_132' title="bbox 2096 5555 3753 5630">
    <p class='ocr_par' dir='ltr' id='par_1_132' title="bbox 2096 5555 3753 5630">
     <span class='ocr_line' id='line_1_134' title="bbox 2096 5555 3753 5630; baseline -0.002 -14"><span class='ocrx_word' id='word_1_984' title='bbox 2096 5555 2259 5616; x_wconf 83' lang='lat' dir='ltr'><strong>viros</strong></span> <span class='ocrx_word' id='word_1_985' title='bbox 2287 5558 2418 5630; x_wconf 87' lang='lat' dir='ltr'><strong>ejus</strong></span> <span class='ocrx_word' id='word_1_986' title='bbox 2436 5571 2783 5630; x_wconf 87' lang='lat' dir='ltr'><strong>germanum</strong></span> <span class='ocrx_word' id='word_1_987' title='bbox 2814 5572 2974 5630; x_wconf 89' lang='lat' dir='ltr'><strong>esse,</strong></span> <span class='ocrx_word' id='word_1_988' title='bbox 2994 5555 3438 5630; x_wconf 84' lang='lat' dir='ltr'><strong>repositamque</strong></span> <span class='ocrx_word' id='word_1_989' title='bbox 3471 5556 3544 5630; x_wconf 88' lang='lat' dir='ltr'><strong>ab</strong></span> <span class='ocrx_word' id='word_1_990' title='bbox 3573 5556 3753 5630; x_wconf 80' lang='lat' dir='ltr'><strong>edito-</strong></span> 
     </span>
    </p>
   </div>
   <div class='ocr_carea' id='block_1_133' title="bbox 2087 5628 3753 5702">
    <p class='ocr_par' dir='ltr' id='par_1_133' title="bbox 2087 5628 3753 5702">
     <span class='ocr_line' id='line_1_135' title="bbox 2087 5628 3753 5702; baseline -0.002 -14"><span class='ocrx_word' id='word_1_991' title='bbox 2087 5631 2258 5702; x_wconf 88' lang='lat' dir='ltr'><strong>ribus</strong></span> <span class='ocrx_word' id='word_1_992' title='bbox 2294 5628 2488 5700; x_wconf 76' lang='lat' dir='ltr'><strong>veros,</strong></span> <span class='ocrx_word' id='word_1_993' title='bbox 2511 5630 2576 5702; x_wconf 85' lang='lat' dir='ltr'><strong>u_t</strong></span> <span class='ocrx_word' id='word_1_994' title='bbox 2588 5631 2766 5702; x_wconf 67' lang='lat' dir='ltr'><strong>esset</strong></span> <span class='ocrx_word' id='word_1_995' title='bbox 2785 5629 2957 5702; x_wconf 88' lang='lat' dir='ltr'><strong>quasi</strong></span> <span class='ocrx_word' id='word_1_996' title='bbox 2987 5628 3382 5702; x_wconf 75' lang='lat' dir='ltr'><strong>synonymum</strong></span> <span class='ocrx_word' id='word_1_997' title='bbox 3408 5629 3541 5702; x_wconf 82' lang='lat' dir='ltr'><strong>voci</strong></span> <span class='ocrx_word' id='word_1_998' title='bbox 3561 5628 3753 5684; x_wconf 84' lang='lat' dir='ltr'><strong>mani-</strong></span> 
     </span>
    </p>
   </div>
   <div class='ocr_carea' id='block_1_134' title="bbox 2085 5698 3756 5779">
    <p class='ocr_par' dir='ltr' id='par_1_134' title="bbox 2085 5698 3756 5779">
     <span class='ocr_line' id='line_1_136' title="bbox 2085 5698 3756 5779; baseline 0.004 -16"><span class='ocrx_word' id='word_1_999' title='bbox 2085 5701 2279 5763; x_wconf 73' lang='lat' dir='ltr'><strong>festos</strong></span> <span class='ocrx_word' id='word_1_1000' title='bbox 2297 5742 2314 5779; x_wconf 88' lang='lat'><strong>,</strong></span> <span class='ocrx_word' id='word_1_1001' title='bbox 2359 5698 2494 5760; x_wconf 85' lang='lat' dir='ltr'><strong>cum</strong></span> <span class='ocrx_word' id='word_1_1002' title='bbox 2538 5699 2704 5760; x_wconf 80' lang='lat' dir='ltr'><strong>LXX</strong></span> <span class='ocrx_word' id='word_1_1003' title='bbox 2740 5698 3141 5761; x_wconf 74' lang='lat' dir='ltr'><strong>tantummodo</strong></span> <span class='ocrx_word' id='word_1_1004' title='bbox 3175 5698 3432 5760; x_wconf 84' lang='lat' dir='ltr'><strong>habeant</strong></span> <span class='ocrx_word' id='word_1_1005' title='bbox 3467 5700 3590 5767; x_wconf 74' lang='grc' dir='ltr'><strong><em>Δότι</em></strong></span> <span class='ocrx_word' id='word_1_1006' title='bbox 3623 5704 3756 5770; x_wconf 69' lang='lat' dir='ltr'><strong>Ant</strong></span> 
     </span>
    </p>
   </div>
  </div>
