4128 6132
387 166 499 233 109

1252 166 1364 231 DE
1412 166 1774 232 OFFICIIS
1814 166 2427 232 MINISTRORUM
2476 168 2732 233 LIBER
2773 172 2852 234 II.

3705 171 3824 237 110

386 371 614 424 ritatem
632 368 766 441 ejus
801 370 932 425 viro
959 375 1186 439 sancto,
1219 384 1387 443 quem
1417 374 1579 424 tenta
1594 374 1802 425 verunt
1824 369 1884 423 in
1909 374 2042 424 ten-
2073 355 2129 417 Α
2159 368 2478 425 violatores
2512 370 2742 425 oderint
2771 373 3075 444 castitatis,
3114 373 3414 445 pudicitiae
3461 372 3827 432 ulciscantur

388 458 719 529 tationibus,
772 459 1216 514 maledixerunt
1245 475 1426 530 super
1469 474 1672 531 aquam
1705 459 2043 514 contradic-

383 548 576 602 tieuis.
604 546 715 612 Qui
744 548 893 602 dicit
925 548 1217 619 patrisuo
1247 554 1305 602 et
1340 550 1523 602 matri
1545 548 1717 603 :Nen
1749 548 1889 603 novi
1940 553 1996 601 te
2027 562 2041 602 :

381 642 436 690 et
468 637 695 690 fratres
715 652 857 691 suos
886 653 998 692 non
1030 637 1326 709 cognovit,
1363 643 1422 691 et
1453 635 1610 692 filios
1640 652 1779 691 suos
1808 636 2046 691 abdica-

389 726 504 779 vit:
538 725 634 779 hic
656 725 914 781 custodit
950 725 1134 780 verba
1170 731 1285 795 tua,
1335 731 1393 781 et
1444 730 1857 781 testamentum
1892 730 2047 780 tuum

387 815 729 871 observavit
750 815 947 883 (lleut.
979 831 1189 884 χχχιιι,
1223 815 1256 869 8
1289 820 1346 870 et
1379 815 1550 887 seq.).
1662 805 1679 824 ’

446 903 567 959 257.
595 903 682 957 Illi
716 918 863 976 ergo
880 904 993 957 viri
1017 903 1173 975 ejus,
1200 908 1257 960 et
1277 904 1575 958 manifesti
1605 903 1762 975 ejus,
1783 904 1881 974 qui
1905 902 2051 958 nihil

383 994 441 1048 in
469 994 645 1048 corde
678 993 798 1047 doli
831 992 1105 1062 habeant,
1152 993 1298 1047 nihil
1331 993 1560 1047 fraudis
1596 993 1910 1062 occultent,
1945 991 2052 1046 sed

378 1083 552 1137 verba
587 1081 726 1153 ejus
758 1082 1113 1150 custodiant,
1165 1086 1223 1137 et
1262 1083 1321 1136 in
1354 1082 1531 1137 corde
1566 1098 1677 1137 suo
1724 1082 2051 1151 conferant,

388 1173 535 1226 sicut
565 1171 909 1226 conferebat
940 1175 996 1226 et
1028 1171 1210 1225 Maria
1238 1172 1403 1241 (Luc.
1436 1188 1496 1240 ιι,
1532 1170 1598 1225 19
1625 1186 1637 1225 :
1672 1171 1772 1241 qui
1795 1185 1941 1225 suos
1971 1186 2046 1240 pa

372 1264 567 1317 rentes
622 1259 822 1315 ofﬁcio
875 1274 986 1315 suo
1034 1275 1153 1315 non
1184 1259 1458 1315 noverint
1483 1259 1913 1330 praeferendos,
1956 1275 2059 1340 qu:

2038 1346 2057 1383 ι

373 1405 537 1472 δήλους
559 1412 744 1475 αὐτοῦ,
771 1411 859 1463 καὶ
883 1409 1137 1475 ἀλήθειαν,
1184 1405 1297 1457 etc.
1318 1401 1435 1457 Sed
1472 1401 1739 1457 fallacem
1770 1417 1907 1456 esse
1927 1417 2054 1455 cam

378 1483 780 1554 conjecturam
811 1485 902 1537 vel
936 1483 1614 1555 hinciintelligastquod
1651 1499 1784 1555 cum
1809 1485 2054 1555 sanctus

376 1552 754 1623 Ambrosius,
789 1555 892 1609 lib.
939 1555 1011 1608 de
1059 1552 1372 1608 Benediﬂt.
1424 1552 1794 1621 Patriam/1.,
1840 1569 1966 1623 cap.
2000 1552 2053 1620 8,

378 1630 596 1681 tantum
631 1628 920 1696 posuerit.
953 1626 1105 1680 Date
1127 1626 1281 1696 Levi
1299 1632 1522 1679 sortem
1545 1623 1856 1696 sutl‘ragii,
1875 1625 1971 1696 sui
1999 1631 2057 1696 et

386 1675 738 1766 ὶῗέἶιῆἓὶεῖἦξ
751 1675 919 1763 Sic:
940 1675 1964 1766 ea;autemsigninum;
1993 1675 2053 1748 s;
2090 1675 2141 1736 Β

379 1767 691 1823 Doctorem
746 1768 1228 1848 legissem-apo”,
1271 1768 1402 1822 loco
1441 1769 1642 1848 δήλουςς
1700 1770 2055 1848 cum_tamcn

374 1864 501 1901 eum
524 1852 843 1918 utrumque
868 1845 1099 1919 legisse
1119 1848 1212 1901 hic
1238 1848 1406 1919 locus
1425 1846 1807 1919 demonstret.
1833 1845 2056 1919 Textuvs

376 1924 563 1973 autem
602 1916 1229 1988 Hebraicus'praafert,
1275 1916 1698 1988 l’erfeclioncs
1737 1923 1795 1970 et
1834 1916 2055 1970 illumi-

375 1993 651 2045 natioues
682 1996 794 2043 tum
829 1987 1083 2060 viro’pio
1116 1996 1230 2043 tuo.
1265 1988 1438 2060 Vulg.
1474 1987 1833 2060 :Perfectio
1865 1993 1961 2060 tu_a
1997 1992 2055 2041 et

375 2062 649 2116 doctrina
685 2068 779 2115 tua
818 2063 947 2115 viro
977 2057 1180 2115 sancto
1207 2066 1319 2116 tuo.
1345 2057 1549 2114 Chald.
1585 2059 1829 2129 paraph.
1858 2057 2055 2113 :Per-

372 2132 632 2187 fectione
664 2140 722 2187 et
744 2131 965 2185 lumine
993 2131 1248 2186 induisti
1281 2132 1498 2199 virum,
1525 2131 1702 2202 quiin
1716 2135 1925 2185 ventus
1961 2135 2056 2184 est

375 2210 622 2257 sanctus
651 2220 847 2257 coram
873 2211 931 2256 te
959 2204 1057 2271 (a).

438 2276 548 2344 (95)
587 2274 737 2343 Cic.,
780 2274 881 2327 lib.
915 2291 932 2327 ι
974 2269 1144 2328 Offic.
1198 2288 1336 2346 pag.
1381 2269 1507 2341 3'72,
1540 2272 1642 2326 lin.
1675 2269 1745 2327 ΞΟ
1783 2287 1796 2327 :
1830 2270 2052 2327 Eorum

2160 460 2459 531 injuriam,
2482 461 2753 515 noverint
2773 462 3101 518 officiorum
3119 466 3411 535 tempora:
3432 465 3589 537 quod
3606 465 3823 538 majus,

2160 549 2314 619 quod
2349 549 2545 605 minus
2581 550 2678 619 sit,
2712 552 2866 622 quod
2898 552 2991 605 cui
3023 556 3219 623 aptum
3265 555 3510 625 tempori
3543 558 3655 623 est,
3681 558 3738 609 et
3767 556 3830 608 ut

2162 638 2218 692 id
2251 639 2445 693 solum
2477 644 2804 711 sequantur
2832 642 2988 712 quod
3024 640 3337 697 honestum
3367 645 3495 713 est;
3543 659 3687 698 sane
3726 643 3829 698 ubi

2163 728 2277 782 duo
2301 728 2569 798 honesta,
2604 728 2659 782 id
2690 729 2847 800 quod
2872 729 3181 785 honestius
3204 732 3299 785 est
3323 730 3457 802 (95),
3480 747 3831 803 praeponen-

2163 816 2300 871 dum
2323 821 2525 887 putent
2549 834 2563 885 ;
2596 818 2656 871 bi
2681 817 2817 888 jure
2837 818 3153 873 benedicti.
3874 810 3877 815 ”

2233 905 2358 961 258.
2391 906 2451 961 Si
2484 907 2619 977 quis
2651 923 2795 979 ergo
2817 906 3433 979 manifestetjustitias
3464 908 3589 977 Dei,
3624 909 3833 965 inccn-

2167 1013 2300 1051 sum
2336 996 2595 1067 imponat
2625 994 2737 1066 (96)
2769 1013 2781 1051 :
2813 997 3099 1067 Benedic,
3136 998 3402 1068 Domine,
3437 998 3715 1053 virtutem
3742 999 3835 1071 ip-

2168 1087 2313 1149 sius,
2349 1102 2525 1158 Opera
2547 1102 2816 1140 manuum
2851 1086 2982 1159 ejus
3015 1087 3250 1158 suscipe
3269 1086 3468 1157 (Deut.
3492 1104 3700 1157 χχχιιι,
3724 1088 3834 1159 10);

2170 1179 2230 1230 ut
2261 1175 2506 1248 gratiam
2538 1175 2898 1247 propheticaa
2930 1176 3362 1232 benedictionis
3393 1175 3654 1233 inveniat
3684 1174 3839 1247 apud

2169 1281 2302 1320 eum
2324 1265 2423 1336 qui
2442 1265 2585 1319 vivit
2602 1269 2657 1320 et
2676 1267 2882 1336 regnat
2904 1264 2963 1319 in
2983 1264 3205 1321 saecula
3223 1264 3603 1322 seculorum.
3629 1266 3836 1322 Amen.

2174 1417 2365 1466 autem
2396 1410 2652 1480 ipsorum
2678 1424 2801 1480 quae
2837 1408 3082 1480 honesta
3111 1414 3268 1479 sunt,
3289 1411 3400 1465 etc.

2243 1481 2360 1551 (96)
2394 1479 2474 1535 Ita
2514 1496 2663 1533 mss.
2688 1479 3043 1549 complures,
3079 1481 3296 1551 quibus
3327 1482 3499 1536 etiam
3528 1479 3668 1537 edit.
3701 1497 3841 1536 acc-

2174 1554 2335 1617 dunt,
2379 1553 2491 1606 nisi
2526 1551 2681 1622 quod
2727 1551 2990 1605 secunda
3035 1557 3198 1622 parte
3233 1552 3498 1607 nonnihil
3541 1553 3843 1608 immutata

2172 1624 2515 1696 praeferunt,
2550 1624 2607 1676 ei
2621 1624 2941 1696 _incensum
2958 1630 3156 1696 ponat.
3182 1623 3384 1679 Codex
3399 1628 3595 1696 autem
3609 1624 3839 1680 Thuan.

2173 1694 2229 1750 et
2249 1695 2348 1749 alii
2371 1694 2593 1766 aliquot
2621 1694 2795 1767 bonae
2813 1694 3197 1767 antiquitatis,
3222 1695 3547 1767 manifeste
3562 1695 3845 1767 justitias

2172 1768 2287 1822 Dei
2316 1768 2619 1838 incensum
2650 1766 2923 1836 imponat.
2952 1766 3157 1838 Neque
3180 1766 3239 1821 id
3255 1767 3538 1838 pessime,
3568 1766 3626 1820 ’si
3648 1770 3843 1821 tamen

2174 1839 2287 1892 hoc
2315 1838 2488 1892 modo
2521 1836 2927 1907 interpreteris
2963 1852 2975 1891 :
3001 1837 3061 1891 Si
3083 1838 3218 1908 quis
3249 1836 3472 1893 remota
3503 1838 3843 1893 dissimula-

2172 1911 2328 1964 tione
2358 1908 2622 1981 justitias
2653 1908 2756 1981 Dei
2788 1924 2895 1977 pro
2922 1908 3172 1981 incenso
3188 1909 3298 1981 lvel
3330 1913 3607 1981 tanquam
3636 1910 3845 1963 incen-

2174 1997 2306 2036 sum
2337 1980 2630 2051 quoddam
2662 1979 2887 2034 otl'erat.
2921 1980 3137 2051 Iterum
3182 1979 3325 2036 vero
3365 1979 3513 2036 mss.
3549 1979 3751 2050 plures
3789 1983 3848 2034 et

2173 2050 2547 2123 antiquiores,
2570 2053 2706 2120 post
2734 2051 2982 2105 verbum
3029 2050 3301 2123 inveniat
3344 2052 3555 2107 finiunt
3590 2052 3847 2122 primum

2172 2121 2422 2195 librum:
2458 2121 2554 2175 alii
2599 2124 2791 2195 autem
2836 2125 3013 2195 atque
3050 2122 3186 2195 edit.
3221 2122 3460 2191 addunt,
3494 2123 3647 2195 apud
3677 2138 3805 2178 eum
3826 2140 3847 2186 ,-

2174 2195 2303 2249 cod.
2338 2194 2492 2265 Big.,
2520 2192 2679 2266 apud
2706 2191 3013 2266 Deumqui
3040 2193 3189 2246 vivit
3223 2200 3281 2247 et
3312 2191 3566 2264 regnat;
3596 2197 3850 2266 quatuor

2170 2282 2342 2329 mss.,
2379 2264 2531 2336 apud
2562 2270 2618 2317 te
2649 2264 2747 2335 qui
2786 2264 2941 2318 vivis
2970 2269 3029 2320 et
3058 2279 3297 2335 regnas,
3331 2269 3444 2321 etc.

456 2388 519 2452 (δ)
559 2390 727 2448 Infra,
752 2388 854 2437 col.
881 2387 990 2447 36!,
1029 2396 1137 2440 not.
1158 2385 1237 2450 3|,
1264 2388 1557 2438 Adnotator
1586 2401 1705 2451 qua:
1736 2388 1821 2436 hic
1849 2386 1981 2436 dixit
2010 2382 2327 2447 coreigcnda
2352 2384 2547 2429 monet.
2576 2379 2730 2429 Enrr.

1030 2526 3822 2554 NW

1549 2673 1923 2758 LIBER
1995 2666 2676 2749 SECUNDUS.

839 2976 936 3044 70
967 2974 1220 3033 CAPUT
1260 2975 1587 3032 PRIMUM.

386 3093 526 3172 Vitae
561 3094 1005 3172 beatitudinem
1028 3093 1651 3172 _acquiri-honesta_te,
1692 3091 1909 3172 quippe
1948 3103 2056 3161 qua

444 3167 837 3222 Christianus
879 3164 1151 3237 gloriam
1176 3170 1239 3237 et
1276 3164 1851 3237 favoreshominum
1874 3176 2058 3237 _sper-

444 3255 613 3307 nens,
642 3254 827 3309 Opera
854 3232 958 3291 sua
982 3237 1106 3291 Deo
1127 3235 1241 3290 soli
1258 3235 1500 3307 placere
1522 3236 1582 3289 in
1612 3234 1763 3288 votis
1785 3232 1983 3286 habet.

448 3346 497 3400 1.
540 3345 868 3415 Superiore
912 3344 1067 3398 libro
1119 3343 1193 3398 de
1240 3342 1474 3399 Officiis
1504 3339 1886 3395 tractavimus
1932 3337 2057 3409 (9'7),

385 3450 510 3505 quae
533 3434 859 3489 convenire
883 3432 1179 3487 honestati
1207 3432 1647 3499 arbitraremur,
1668 3431 1727 3483 in
1750 3445 1864 3500 qua
1885 3428 2061 3481 vitam

377 3524 604 3579 beatam
630 3524 889 3593 positam
916 3536 1054 3577 esse
1079 3521 1222 3575 nulli
1246 3520 1681 3588 dubitaverunt,
1706 3534 1880 3589 quam
1908 3515 2063 3571 Scri-

383 3617 545 3683 ptura
577 3612 837 3684 appellat
866 3612 1045 3665 vitam
1078 3612 1377 3664 aeternam.
1410 3610 1635 3663 Tantus
1665 3608 1818 3661 enim
1857 3606 2060 3675 splen-

380 3702 482 3756 dor
511 3702 870 3755 honestatus
912 3703 1003 3754 est
1043 3698 1178 3768 (98),
1214 3702 1273 3752 ut
1307 3699 1484 3751 vitam
1524 3698 1755 3751 beatam
1806 3695 2067 3778 efﬁciant

380 3789 775 3861 tranquillitas
827 3788 1231 3856 conscientiae,
1280 3790 1335 3842 et
1363 3787 1657 3841 securitas
1690 3784 2062 3852 innocentiae,

382 3877 449 3933 Et
494 3880 629 3933 ideo
682 3878 836 3931 sicut
880 3881 1126 3931 exortus
1174 3876 1267 3931 sol
1301 3876 1454 3930 lunae
1484 3873 1725 3947 globum
1756 3876 1813 3928 et
1852 3876 2066 3927 caetera

382 3968 689 4022 stellarum
728 3966 1043 4021 abscondit
1074 3966 1318 4035 lumina,
1362 3966 1439 4019 ita
1473 3964 1671 4035 fulgor
1709 3962 2062 4031 honestatis,

382 4057 479 4112 ubi
513 4072 660 4111 vero
701 4059 759 4111 et
791 4056 1132 4125 incorrupto
1182 4055 1374 4108 vibrat
1418 4054 1653 4121 decore,
1688 4054 1898 4106 caetera
1931 4067 2064 4123 quae

381 4145 845 4215 putantur'bona
878 4145 1206 4199 secundum
1239 4144 1595 4214 voluptatem
1638 4134 1928 4211 corporis,
1976 4141 2062 4204 7O

382 4230 477 4280 aut
503 4226 838 4281 secundum
863 4225 1150 4279 saeculum
1176 4225 1330 4278 clara
1355 4228 1412 4278 et
1432 4224 1707 4291 illustria,
1728 4222 2058 4277 obumbrat.

449 4314 503 4370 2.
546 4316 730 4369 Beata
760 4313 954 4384 plane,
988 4330 1122 4384 quae
1146 4329 1265 4367 non
1296 4313 1507 4368 alienis
1540 4314 1866 4368 aestimatur
1897 4312 2061 4384 judi-
2093 4339 2145 4400 Β

387 4404 510 4469 ciis,
546 4403 658 4457 sed
695 4403 1041 4457 domesticis
1083 4402 1407 4473 percipitur
1451 4403 1756 4469 sensibus,
1789 4405 2064 4472 tanquam

386 4494 476 4546 sui
519 4492 732 4563 judex.
781 4491 988 4561 Neque
1038 4492 1195 4546 enim
1245 4491 1563 4562 populares
1612 4492 1923 4562 Opiniones
1958 4507 2065 4560 pro

387 4581 656 4635 mercede
686 4582 881 4651 aliqua
914 4580 1180 4651 requirit,
1204 4595 1398 4652 neque
1421 4596 1528 4650 pro
1546 4580 1838 4651 supplicio
1872 4583 2061 4650 pavet.

387 4668 582 4741 Itaque
602 4686 718 4741 quo
750 4671 946 4724 minus
977 4670 1248 4740 sequitur
1279 4669 1549 4740 gloriam,
1575 4686 1645 4723 eo
1670 4669 1860 4740 magis
1881 4684 2067 4738 super

389 4774 513 4813 eam
559 4760 797 4813 eminet.
842 4759 991 4812 Nam
1036 4758 1134 4829 qui
1194 4758 1446 4829 gloriam
1494 4757 1821 4830 requirunt,
1871 4757 1965 4812 his
1996 4773 2064 4811 ea

389 4864 619 4903 merces
676 4848 1083 4919 praesentium,
1141 4847 1348 4902 umbra
1398 4847 1731 4902 futurorum
1776 4849 1885 4916 est,
1930 4862 2063 4918 quae

392 4936 665 5007 impediat
696 4938 874 4991 vitam
905 4940 1185 4991 aeternam
1218 4952 1230 4991 :
1264 4936 1419 5008 quod
1452 4937 1512 4991 in
1544 4936 1868 5008 Evangelia
1907 4936 2063 4989 scri-

390 5030 547 5096 ptum
571 5030 696 5081 est:
721 5027 913 5081 Amen
938 5026 1069 5081 dico
1096 5025 1283 5096 vobis,
1303 5030 1706 5098 perceperunt
1726 5024 2061 5081 mercedem

457 5167 733 5241 (97)7(‘.ic.
773 5168 964 5241 Oflie.,
999 5168 1099 5222 lib.
1136 5185 1199 5237 ιι,
1230 5184 1364 5241 pag.
1382 5166 1522 5241 7313,
1548 5167 1648 5222 lin.
1668 5165 1774 5222 43:
1808 5190 1828 5216 α
1850 5166 2061 5241 Quem-

390 5240 698 5293 admodum
732 5239 923 5294 ofticia
958 5238 1416 5294 ducerent’ur'ab
1450 5239 1825 5294 honestate...
1869 5238 2060 5309 expli-

394 5316 583 5364 catum
615 5312 868 5365 arbitror
888 5311 1040 5365 libro
1071 5312 1400 5380 superiore.
1439 5334 1460 5358 ιι

460 5380 577 5445 (98)
630 5382 858 5437 Ultimm
904 5383 1043 5437 edit.
1109 5382 1319 5447 Paris.,
1367 5383 1667 5437 honestati
1714 5380 2060 5437 arbitraba-

392 5465 590 5507 mur...
624 5456 868 5509 positam
901 5469 1038 5508 esse
1069 5455 1309 5508 minime
1338 5453 1772 5509 dubitabamus.

422 5523 580 5651 u£99)
615 5523 762 5581 Edit.
813 5528 869 5581 et
912 5523 1147 5600 quidam
1196 5539 1371 5599 mss.,
1420 5525 1557 5583 tuba
1604 5524 1907 5582 cauendo:
1939 5524 2057 5599 alii,

397 5600 416 5651 t
497 5611 531 5651 ει
564 5602 865 5651 canentes.

497 5611 531 5652 ει
564 5602 865 5655 canentes.

2088 3016 2138 3078 C

2173 2984 2340 3025 suam
2363 2965 2604 3038 (Matth.
2646 2983 2725 3038 Vt,
2762 2962 2859 3038 2);
2889 2967 2962 3024 de
2993 2966 3091 3024 his
3121 2968 3353 3024 scilicet
3381 2968 3484 3039 qui
3524 2966 3685 3025 velut
3713 2968 3854 3024 tuba

2174 3061 2421 3114 canente
2462 3056 2598 3127 (99),
2651 3056 2899 3129 vulgare
2946 3055 3299 3113 liberalitem
3330 3072 3500 3112 suam
3546 3074 3721 3130 quam
3768 3056 3855 3111 fa-

2174 3148 2336 3202 ciunt
2358 3146 2515 3201 circa
2539 3161 2851 3217 pauperes,
2885 3146 3167 3218 gestiunt.
3199 3145 3482 3201 Similiter
3508 3149 3565 3201 et
3588 3147 3659 3201 de
3686 3145 3853 3217 jeju-

2172 3237 2271 3293 nio
2302 3236 2459 3307 quod
2491 3234 2905 3289 ostentationis
2936 3250 3118 3289 causa
3152 3234 3375 3290 faciunt
3417 3249 3431 3289 :
3465 3233 3724 3305 Habent,
3757 3234 3853 3288 in-

2174 3326 2317 3398 quit,
2342 3325 2678 3379 mercedem
2709 3340 2894 3379 suam.

2243 3416 2296 3470 3.
2341 3415 2683 3471 I-Ionestatis
2717 3414 2899 3487 igitur
2915 3417 3006 3469 est
3023 3414 3115 3469 vel
3138 3413 3607 3469 miscricordiam
3631 3412 3849 3484 facere,

2174 3504 2262 3569 71
2314 3504 2721 3575 veljejunium
2752 3503 2984 3559 deferre
3008 3504 3067 3557 in
3098 3503 3447 3558 abscondito
3482 3505 3584 3559 :ut
3619 3519 3850 3557 merce-

2175 3586 2308 3639 dem
2338 3584 2597 3638 videaris
2628 3600 2660 3637 a
2685 3583 2815 3639 solo
2835 3584 2957 3638 Deo
2991 3587 3091 3639 tuo
3121 3598 3412 3654 quaerere,
3439 3598 3555 3638 non
3573 3583 3747 3638 etiam
3779 3583 3853 3637 ab

2175 3673 2537 3729 hominibus.
2572 3673 2720 3726 Nam
2757 3671 2856 3744 qui
2888 3672 2960 3726 ab
3010 3672 3352 3727 hominibus
3395 3672 3627 3745 quaerit,
3676 3672 3855 3727 habet

2175 3762 2509 3817 mercedem
2549 3777 2718 3816 suam
2762 3777 2775 3817 :
2828 3757 2928 3832 qui
2960 3764 3154 3816 autem
3200 3778 3234 3815 a
3270 3761 3414 3832 Deo,
3458 3761 3637 3816 habet
3674 3761 3854 3815 vitam

2177 3855 2491 3906 aeternam:
2527 3865 2702 3922 quam
2752 3854 3038 3921 praestare
3088 3866 3205 3905 non
3243 3853 3439 3921 potest
3484 3850 3604 3906 nisi
3649 3854 3858 3905 auctor

2177 3940 2542 4009 aeternitatis,
2584 3939 2739 3994 sicut
2782 3939 2926 3994 illud
2966 3943 3093 3994 est:
3126 3940 3317 4001 Anien
3340 3940 3473 3996 dico
3509 3940 3641 4005 tibi,
3677 3940 3855 3995 hodie

2176 4045 2400 4084 mecum
2430 4030 2559 4084 eris
2586 4029 2649 4082 in
2668 4028 2952 4100 paradiso
2973 4029 3139 4098 (Luc.
3166 4046 3374 4099 χχχιιι,
3398 4027 3510 4100 43).
3547 4029 3715 4084 Unde
3753 4045 3855 4083 ex-

2176 4120 2451 4189 pressius
2495 4117 2799 4187 Scriptura
2840 4118 3019 4172 vitam
3068 4120 3348 4173 aeternam
3378 4118 3695 4189 appellavit
3723 4134 3854 4172 eam

2178 4224 2310 4279 qum
2342 4208 2421 4261 sit
2441 4207 2611 4262 beata
2645 4222 2657 4261 :
2693 4209 2756 4261 ut
2793 4222 2912 4261 non
2933 4205 3235 4262 hominum
3268 4206 3649 4278 opinionibus
3694 4207 3853 4261 testi-

2177 4296 2455 4351 mandum
2490 4295 2923 4367 relinqueretur
2944 4296 3045 4367 (1),
3078 4296 3184 4351 sed
3222 4296 3424 4350 divino
3441 4295 3666 4367 judicio
3685 4310 3852 4349 com-

2177 4387 2522 4441 mitteretur.

2829 4456 3081 4511 CAPUT
3121 4455 3192 4511 II.

2188 4544 2381 4601 Variae
2430 4544 2908 4618 philos0pherum
2957 4545 3032 4600 de
3075 4543 3451 4618 beatitudine
3490 4543 3801 4618 opiniones
3831 4563 3853 4602 :

2250 4634 2375 4672 eam
2408 4615 2468 4671 in
2492 4617 2604 4671 Dei
2632 4615 2971 4686 cognitione
2993 4632 3059 4670 ac
3082 4615 3364 4670 bonorum
3384 4631 3622 4686 operum
3654 4617 3853 4672 studio

2248 4690 2583 4759 consistere
2606 4686 3172 4759 primumprobatur
3208 4686 3638 4759 exEvangelio
3673 4704 3691 4739 :
3731 4700 3849 4742 tum

2249 4776 2322 4813 ne
2352 4774 2384 4813 a
2410 4757 2795 4831 philosophis
2817 4757 3089 4831 videatur
3121 4758 3228 4812 hoc
3249 4757 3554 4830 sumptum,
3588 4760 3850 4831 prophe-

2249 4828 2440 4884 tarum
2468 4829 2830 4884 testimoniis
2860 4828 3262 4884 confirmatur.

2245 4935 2297 4992 4.
2339 4936 2539 5008 Itaque
2569 4935 2907 5007 philosophi
2937 4936 3116 4990 vitam
3142 4936 3374 4992 beatam
3394 4937 3493 5008 (2),
3517 4937 3617 4992 alii
3642 4938 3701 4992 in
3732 4953 3850 4993 non

2174 5025 2427 5081 dolendo
2455 5027 2802 5096 posuerunt,
2835 5028 2898 5079 ut
2947 5025 3344 5097 Hieronymus
3382 5042 3395 5081 :
3429 5026 3528 5081 alii
3556 5026 3615 5081 in
3650 5043 3850 5082 rerum

2245 5167 2321 5237 (1)
2342 5166 2536 5238 ,Edit.,
2568 5167 2918 5223 mstimanda
2952 5166 3440 5237 relinqueretur;
3474 5184 3648 5238 mss.,
3679 5169 3850 5223 testi-

2173 5237 2448 5313 waudup)
2472 5240 2920 5313 relinqueretur
2937 5257 2969 5313 ;⁸
2993 5239 3207 5313 supple
3244 5240 3559 5313 negotium.

2247 5312 2322 5381 (:2)
2371 5309 2514 5375 Quae
2556 5309 2860 5365 de'variis
2914 5309 3405 5381 philosophorum
3469 5310 3847 5380 opinionibus

2176 5381 2333 5437 circa
2381 5382 2702 5437 naturalem
2752 5382 3167 5436 beatitudinem
3220 5382 3314 5435 hic
3360 5381 3725 5447 referuntur,
3778 5395 3848 5433 ea

2175 5452 2483 5524 desumpta
2511 5458 2651 5507 sunt
2679 5469 2710 5507 a
2742 5452 3047 5524 Cicerone,
3073 5468 3192 5524 non
3230 5452 3466 5524 quidem
3495 5467 3566 5524 ei:
3604 5449 3846 5524 Officio-

2173 5541 2326 5594 rum,
2358 5520 2564 5596 sedex
2591 5524 2725 5578 aliis
2747 5520 3471 5596 ejusdemphilosophicis
3495 5520 3685 5596 libris,
3709 5524 3847 5596 puta

2174 5610 2250 5658 ex
2279 5589 2356 5654 iis
2388 5595 2491 5674 qui
2518 5589 3143 5673 supersuhtAcadém.
3184 5589 3411 5675 quaest,
3440 5604 3471 5648 θ
3494 5589 3754 5666 quinque
3778 5592 3849 5650 lis
