4128 6132
217 173 334 234 111

1761 169 1826 231 S.
1875 169 2294 234 AMBROSII

3575 158 3696 234 112

223 371 491 441 scientia,
531 374 596 426 ut
628 367 1030 440 I-lerillus,qui
1083 367 1330 424 audiens
1369 367 1443 422 ab
1474 367 1790 424 Aristotele
1849 371 1906 423 et
1933 350 1990 411 Α
2021 367 2226 424 saeculi
2271 369 2450 438 (Ibid.
2492 368 2569 436 3).
2622 369 2706 424 De
2753 367 3035 440 operibus
3085 337 3321 440 quoque
3376 368 3437 423 in
3486 367 3694 423 eodem

222 461 634 532 Theophrasto
656 457 1005 512 mirabiliter
1023 457 1315 513 laudatam
1333 473 1472 513 esse
1493 474 1691 512 rerum
1708 457 1903 513 scien-

221 551 380 620 tiam,
417 549 609 603 solam
651 562 780 601 eam
825 547 998 618 quasi
1047 563 1344 602 summum
1386 547 1608 602 bonum
1656 547 1902 617 posuit:

225 654 356 692 cum
378 635 461 690 illi
493 651 621 690 eam
653 626 1084 706 quasibonum,
1107 653 1222 690 non
1253 637 1426 707 quasi
1457 636 1654 690 solum
1681 635 1904 692 bonum

223 725 612 780 laudaverint.
645 724 762 778 Alii
783 725 1148 795 voluptatem
1171 724 1248 795 (3)
1273 725 1568 792 dixerunt,
1600 728 1662 779 ut
1693 723 1906 794 Epicu-

223 831 375 869 rus:
411 814 529 884 alii,
582 817 644 868 ut
673 813 958 882 Callipho,
1010 817 1066 868 et
1113 815 1248 884 post
1297 829 1431 868 eum
1465 813 1779 881 Diodorus,
1828 811 1908 866 ita

222 903 586 974 interpretati
619 906 776 971 sunt,
821 905 883 956 ut
925 903 1072 956 alter
1125 903 1199 956 ad
1244 902 1620 973 voluptatem,
1654 901 1802 956 alter
1832 901 1905 954 ad

221 993 578 1047 vacuitatem
618 991 865 1061 doloris,
908 991 1272 1046 consortium
1315 991 1646 1046 honestatis
1688 989 1905 1062 adjun-

223 1083 451 1152 gerent,
487 1078 645 1150 quod
675 1079 805 1133 sine
853 1095 918 1132 ea
964 1095 1081 1134 non
1139 1081 1332 1150 possit
1375 1095 1514 1134 esse
1563 1079 1732 1134 beata
1763 1080 1901 1134 vita.

225 1171 424 1224 Zenon
445 1168 680 1223 Stoicus
712 1169 906 1222 solum
936 1171 992 1222 et
1023 1182 1318 1223 summum
1356 1169 1578 1223 bonum
1609 1167 1767 1239 quod
1792 1167 1904 1224 ho-

225 1261 460 1314 nestum
493 1260 586 1312 est
612 1272 624 1312 :
662 1257 1015 1312 Aristoteles
1046 1263 1239 1312 autem
1263 1257 1822 1328 velTheophrastus
1852 1243 1908 1312 εί

226 1347 426 1402 caeteri
455 1345 820 1417 peripatetici
851 1346 922 1418 ,in
954 1347 1168 1401 virtute
1217 1347 1474 1418 quidem,
1527 1347 1642 1402 hoc
1674 1349 1766 1400 est
1795 1347 1906 1402 ho-

225 1438 474 1507 nestate,
507 1437 688 1490 vitam
706 1435 936 1490 beatam
961 1451 1121 1506 esse,
1156 1435 1265 1490 sed
1296 1435 1579 1507 compleri
1609 1435 1745 1506 ejus
1769 1435 1908 1490 bea-

226 1525 535 1580 titudinem
567 1523 741 1579 etiam
785 1524 1054 1595 corporis
1104 1527 1278 1595 atque
1311 1525 1576 1580 externis
1620 1523 1794 1580 bonis
1825 1523 1906 1594 (4)

227 1617 636 1669 asseruerunt.

297 1703 350 1758 5.
392 1702 694 1773 Scriptura
725 1705 918 1758 autem
948 1701 1146 1756 divina
1176 1704 1354 1757 vitam
1384 1706 1666 1757 mternam
1705 1703 1764 1757 in
1798 1717 1902 1758 co-

225 1792 490 1864 gnitione
519 1793 719 1862 posuit
738 1791 1089 1860 Divinitatis,
1113 1795 1169 1846 et
1187 1791 1378 1846 fructu
1401 1791 1576 1846 bonae
1605 1792 1903 1862 operatio-

229 1881 346 1936 nis.
373 1880 638 1952 Denique
653 1881 962 1953 utriusque
980 1881 1335 1935 assertionis
1354 1879 1743 1952 Evangelium
1767 1897 1906 1951 sup-

228 1970 374 2042 petit
419 1971 840 2025 testimonium.
896 1969 1045 2024 Nam
1103 1974 1158 2024 et
1221 1969 1293 2025 de
1349 1969 1596 2024 scientia
1639 1969 1718 2023 ita
1765 1969 1912 2024 dixit

240 2057 530 2114 Dominus
561 2059 742 2113 Jesus
772 2079 788 2113 :
818 2059 959 2112 Haec
981 2065 1072 2112 est
1098 2063 1292 2112 autem
1328 2059 1448 2113 vita
1469 2064 1716 2130 aeterna,
1741 2063 1915 2113 utco-

231 2154 520 2220 gnoscant
554 2154 610 2202 te
643 2147 827 2203 solum
880 2163 1082 2202 verum
1131 2147 1336 2216 Deum,
1382 2155 1440 2202 et
1491 2162 1657 2220 quem
1689 2147 1916 2202 misisti

229 2236 430 2292 desum
465 2236 770 2290 Christum
800 2236 990 2306 (Joan.
1025 2253 1168 2301 xvn,
1203 2234 1280 2306 3).
1317 2235 1388 2290 Et
1417 2235 1488 2291 de
1512 2236 1794 2307 operibus
1835 2237 1913 2291 ita

227 2324 565 2396 respondit:
591 2323 796 2379 Omnis
808 2325 911 2396 qni
932 2313 1255 2396 reliquerit
1272 2325 1523 2394 domum,
1545 2324 1644 2380 vel
1660 2325 1912 2396 fratres,

231 2420 329 2470 aut
361 2430 628 2485 sorores,
661 2421 759 2468 aut
781 2420 1040 2486 patrem,
1077 2420 1175 2468 aut
1208 2420 1478 2484 matrem,
1517 2419 1616 2468 aut
1649 2430 1912 2485 uxorem,

229 2508 327 2558 aut
343 2501 516 2569 filios,
534 2509 632 2557 aut
655 2518 852 2574 agros,
869 2509 1118 2574 propter
1138 2518 1346 2557 nomen
1372 2519 1558 2556 meum
1581 2502 1915 2576 centuplum

229 2591 569 2664 accipiet,et
592 2591 1798 2663 vitammternampossidebit(Mattiaxxx,
1817 2589 1911 2664 29)

301 2697 355 2752 6.
398 2696 514 2752 Sed
547 2713 619 2751 ne
668 2697 997 2751 aestimetur
1037 2697 1150 2752 hoc
1181 2698 1405 2768 :recens
1438 2713 1598 2768 esse,
1646 2701 1704 2752 et
1749 2698 1916 2768 prius

230 2789 540 2841 tractatum
568 2801 601 2838 a
621 2785 1020 2856 philosophis,
1054 2802 1228 2858 quam
1265 2787 1327 2840 in
1351 2786 1675 2859 Evangelio
1690 2787 1914 2858 praedi-

235 2879 428 2931 catum
473 2874 824 2943 (anteriores
873 2875 1030 2929 enim
1081 2874 1406 2948 Evangelio
1447 2875 1810 2946 philosophi,
1856 2875 1915 2930 id

234 2969 348 3036 est,
369 2963 723 3020 Aristoteles
758 2967 814 3017 et
843 2963 1311 3035 Theophrastus,
1371 2964 1465 3019 vel
1508 2965 1706 3020 Zenon
1739 2967 1912 3036 atque

235 3052 780 3123 Hieronymus,'sed
813 3051 1178 3122 posteriores
1209 3053 1560 3124 prophetis),
1604 3054 1700 3118 72
1757 3055 1912 3108 acci-

235 3139 397 3210 piant
427 3154 602 3209 qnam
625 3137 801 3210 longe
835 3141 1146 3208 antequam
1177 3137 1671 3208 philosophorum
1701 3149 1916 3189 nomen

237 3227 558 3296 audiretur,
593 3242 700 3297 per
728 3241 797 3280 os
829 3225 1020 3280 sancti
1052 3225 1237 3280 David
1264 3229 1576 3296 utrumque
1605 3226 1805 3294 aperte
1828 3223 1920 3277 vi-

237 3319 444 3372 deatur
463 3331 837 3385 expressum.
857 3315 1154 3385 Scriptum
1182 3317 1274 3369 est
1300 3314 1454 3369 enim
1474 3329 1486 3368 :
1505 3314 1728 3368 Beatus
1755 3327 1920 3386 quem

243 3417 302 3458 tu
335 3404 658 3472 erudieris,
686 3402 964 3472 Domine;
1000 3408 1056 3458 et
1087 3403 1161 3457 de
1186 3403 1318 3472 lege
1351 3409 1446 3456 tua
1479 3402 1763 3457 docueris
1792 3417 1921 3456 eum

239 3474 430 3542 (I’sal.
455 3491 616 3542 xum,
645 3475 754 3543 12).
787 3474 1089 3529 Habemus
1132 3478 1188 3528 ct
1217 3474 1356 3528 alibi
1383 3490 1393 3528 :
1427 3474 1652 3528 Beatus
1691 3473 1783 3526 vir
1823 3472 1924 3544 qui

239 3563 746 3632 timetDominum,
761 3563 822 3617 in
841 3563 1138 3618 mandatis
1154 3562 1283 3634 ejus
1304 3564 1498 3635 cupiet
1523 3562 1702 3616 nimis
1729 3559 1918 3624 (Psal.

243 3670 362 3723 cxx,
399 3653 473 3721 1).
509 3653 830 3707 Doeuimus
873 3653 943 3708 de
976 3651 1336 3724 cognitione,
1386 3651 1563 3724 cujus
1613 3650 1922 3722 praemium

244 3741 590 3797 aaternitalis
611 3740 864 3796 fructum
897 3757 1036 3797 esse
1065 3740 1741 3811 m3moravit,adjiciens
1777 3739 1924 3793 Pro-

241 3831 438 3903 pheta,
472 3831 608 3902 quia
657 3831 715 3885 in
758 3831 932 3886 domo
969 3831 1047 3902 (5)
1079 3829 1262 3902 hujus
1292 3829 1554 3884 timentis
1588 3828 1920 3898 Dominum,

242 3920 337 3974 vel
357 3921 570 3975 eruditi
593 3920 652 3975 in
675 3919 856 3991 Lege,
887 3923 940 3974 et
958 3918 1248 3990 cupientis
1268 3919 1326 3972 in
1343 3917 1630 3972 mandatis
1654 3917 1872 3971 divinis
1903 3931 1914 3970 :

185 4077 194 4086 ‘
249 4009 452 4064 Gloria
475 4015 532 4064 et
555 4009 805 4077 divitiae,
840 4008 1154 4080 etjustitia
1191 4009 1324 4082 ejus
1343 4013 1540 4063 manet
1557 4007 1620 4061 in
1645 4005 1922 4060 saeculum

243 4151 372 4205 bris
393 4150 495 4204 lib.
520 4149 605 4204 De
627 4149 882 4204 Finibus
913 4149 1046 4204 bon.
1092 4156 1150 4204 et
1184 4149 1340 4220 mal.,
1374 4165 1444 4202 ac
1481 4147 1856 4220 potissimum
1889 4161 1920 4201 e

245 4224 484 4300 quinto,_
507 4237 615 4275 nec
646 4236 762 4300 non
812 4237 842 4275 c
899 4221 1072 4300 libris
1122 4221 1362 4300 totidem
1410 4219 1638 4300 Tusca].
1680 4225 1918 4300 quiest,

244 4291 302 4349 et
333 4293 584 4348 maxime
616 4293 788 4347 etiam
811 4309 885 4346 ex
917 4292 1119 4346 ultimo
1146 4308 1158 4346 :
1183 4293 1280 4345 ubi
1305 4295 1518 4346 tantam
1538 4291 1918 4358 locutionum,

247 4365 553 4430 doctrinm,
588 4367 761 4435 atque
813 4365 869 4418 in
919 4363 1118 4435 multis
1159 4363 1350 4432 ipsius
1385 4362 1626 4435 ordinis_
1664 4377 1924 4435 consen-

247 4438 477 4490 sionem
510 4452 642 4490 cum
666 4431 763 4489 eis
785 4451 918 4506 qua;
952 4434 1064 4488 hoc
1087 4436 1144 4488 et
1175 4431 1461 4503 proximis
1494 4432 1728 4506 duobus
1761 4431 1924 4506 capi-

245 4507 408 4561 tibus
439 4507 766 4575 traduntur,
799 4503 1106 4560 advertere
1139 4509 1263 4574 est;
1299 4507 1360 4558 ut
1390 4519 1508 4558 non
1557 4504 1633 4558 sit
1682 4503 1924 4558 dubium

248 4578 391 4648 quin
431 4593 500 4632 eo
534 4579 869 4647 respexerit
889 4579 1136 4631 sanctus
1169 4575 1546 4630 Ambrosius.

319 4648 398 4720 (3)
453 4648 812 4720 Voluptatem
844 4648 1003 4720 hanc,
1036 4663 1154 4701 non
1201 4652 1316 4701 tam
1377 4661 1719 4720 corpoream
1753 4660 1930 4720 quam

249 4717 868 4790 spiritalem—intelligi
917 4719 1153 4782 debere,
1209 4721 1347 4772 sunt
1397 4719 1495 4789 qui
1528 4717 1926 4772 contendant:

248 4807 365 4862 qua
394 4790 550 4862 deire
583 4793 730 4844 satis
763 4790 1021 4862 diximus
1044 4790 1115 4843 ad
1151 4806 1278 4860 cap.
1308 4789 1394 4858 13,
1429 4805 1586 4862 num.
1611 4790 1698 4862 ξιο.

320 4861 398 4930 (4)
440 4859 592 4914 Edit.
641 4877 708 4914 ac
749 4861 919 4930 pauci
969 4878 1150 4930 mss.,
1213 4857 1482 4930 corporis
1537 4857 1934 4930 voluptatibus

249 4937 426 5014 atque
449 4933 724 5014 externis
737 4933 930 5014 bonis‘;
950 4931 1356 5014 aliinnonnulli‘,
1376 4931 1646 5014 corporis
1663 4931 1932 5014 egregiis

252 5002 691 5073 voluptatibus,
730 5008 841 5058 clc.
887 5003 998 5056 Sed
1035 5003 1284 5069 Thuan.,
1311 5003 1427 5057 duo
1452 5002 1660 5069 \‘atic.,
1688 5002 1930 5056 totidem

245 5075 527 5146 Laudun.
553 5079 608 5128 et
628 5075 724 5128 alii
755 5075 998 5144 aliquot,
1021 5076 1308 5143 corporis,
1344 5081 1518 5146 atque
1533 5073 1812 5146 externis
1829 5073 1930 5126 b0-

247 5147 364 5201 nis.
404 5145 652 5216 Optime,
704 5147 995 5216 siquidem
1037 5161 1154 5199 vox
1187 5145 1456 5216 corporis
1493 5145 1766 5215 congruit
1797 5159 1931 5216 cum

248 5215 471 5286 bonis,’
505 5221 564 5271 ut
612 5215 1035 5271 infra’clarius
1085 5215 1450 5286 exprimitur.
1501 5216 1571 5270 Et
1599 5218 1734 5286 post
1779 5215 1930 5270 duos

245 5304 466 5344 versus
499 5289 594 5342 ubi
620 5289 782 5358 edit.,
824 5291 1001 5342 vitam
1029 5287 1261 5342 beatam
1285 5287 1346 5340 in
1381 5287 1738 5356 cognitione,
1775 5301 1930 5340 unus

245 5376 383 5424 ms.,
411 5361 472 5414 in
495 5359 928 5433 conjunctione,
963 5361 1115 5433 e_tc.;_
1135 5373 1342 5433 omnes
1373 5357 1474 5412 alii
1507 5358 1712 5433 legunt
1745 5359 1932 5433 _vitam

247 5438 556 5502 aeternam,
596 5428 722 5488 'etc.
762 5431 1052 5503 quue_i_ta
1102 5429 1423 5503 legendum
1459 5428 1599 5485 esse
1634 5428 1935 5503 declarant

249 5499 693 5587 quae‘continuo.
725 5499 870 5587 .po_st
899 5499 1639 5587 adducuntucseripturte
1657 5499 1930 5587 testimo-

250 5572 366 5649 nia,
386 5577 509 5636 tum
539 5573 698 5655 quod
722 5572 877 5640 i'ntia
909 5572 1146 5653 dicitur,
1165 5572 1363 5636 Habet
1384 5587 1530 5670 ergo
1557 5573 1734 5668 vitam
1753 5579 1934 5635 teter-

2018 458 2248 528 psalmo
2279 457 2590 530 subjunxit
2610 460 2748 512 vitae
2769 461 3006 512 ceteram
3041 461 3356 528 suppetere
3385 457 3694 528 praemium

2016 547 2144 601 viro
2156 545 2344 619 justo.
2369 547 2630 619 Denique
2652 549 2767 601 ait:
2791 547 3016 601 Beatus
3045 547 3138 601 vir
3169 547 3268 619 qui
3293 547 3622 601 miseretur
3635 551 3695 601 et

2019 637 2362 706 commodat,
2397 637 2670 708 disponet
2701 651 3010 691 sermones
3041 651 3179 690 suos
3198 635 3536 706 injudicio:
3563 636 3697 708 quia

2012 725 2074 778 in
2094 723 2367 779 saeculum
2391 741 2504 780 non
2525 725 3008 780 commovebitur.
3036 725 3102 779 In
3134 725 3414 779 memoria
3454 729 3685 779 aeterna

2013 813 2132 868 erit
2149 812 2350 884 justus
2372 813 2550 883 (Ibid.
2575 811 2724 884 5-7).
2741 812 2812 866 Et
2833 813 2984 868 infra
3000 834 3017 868 :
3041 813 3365 884 Dispersit,
3383 812 3552 867 dedit
3557 828 3698 884 pau.

2005 901 2532 974 peribus,justitia
2567 901 2696 972 ejus
2717 907 2912 956 manet
2939 902 3001 956 in
3019 909 3309 957 aeternum
3341 901 3512 970 (Ibid.
3546 900 3688 971 7-9).

2085 990 2140 1045 ‘7.
2185 991 2375 1046 Habet
2405 1006 2550 1062 ergo
2576 991 2754 1044 vitam
2793 995 3070 1046 aeternam
3114 991 3284 1060 ﬁdes,
3323 991 3458 1061 quia
3482 989 3698 1044 funda-

2012 1083 2272 1136 mentum
2304 1083 2398 1134 est
2422 1080 2646 1134 bonum
2679 1079 2933 1135 :hahent
2961 1083 3018 1134 et
3048 1078 3203 1134 bona
3233 1079 3406 1148 facta,
3439 1079 3575 1150 quia
3607 1078 3699 1132 vir

2006 1168 2212 1241 justus
2235 1172 2292 1224 et
2322 1169 2496 1224 dictis
2527 1173 2584 1224 et
2615 1169 2797 1224 rebus
2827 1168 3128 1239 probatur.
3157 1167 3305 1222 Nam
3327 1169 3382 1223 si
3411 1167 3696 1222 exercita-

2012 1261 2109 1312 tus
2141 1257 2219 1312 sit
2256 1257 2316 1312 in
2351 1257 2752 1326 sermonibus,
2804 1260 2861 1311 et
2891 1257 3234 1312 desidiosus
3280 1257 3338 1311 in
3389 1256 3692 1328 operibus,

2013 1347 2386 1418 prudentiam
2413 1363 2584 1402 suam
2631 1347 2805 1401 factis
2845 1345 3061 1400 refellit
3089 1344 3166 1416 (6)
3201 1361 3212 1401 :
3239 1349 3296 1402 et
3327 1346 3574 1418 gravius
3605 1348 3700 1400 est

2015 1451 2171 1490 scire
2201 1435 2340 1506 quid
2360 1435 2565 1504 facias,
2600 1451 2710 1490 nec
2741 1435 2962 1490 fecisse
2998 1435 3156 1506 quod
3179 1433 3514 1489 faciendum
3549 1449 3695 1506 cog-

2017 1525 2278 1580 noveris.
2314 1523 2529 1579 Contra
2551 1539 2787 1596 quoque
2815 1527 3122 1579 strenuum
3145 1538 3284 1578 esse
3307 1524 3366 1577 in
3389 1523 3697 1594 operibus,

2017 1612 2230 1669 aﬂ'ectu
2273 1613 2538 1682 inﬁdum,
2583 1613 2660 1667 ita
2719 1616 2812 1668 est
2853 1629 2922 1667 ac
2961 1613 3014 1667 si
3054 1612 3271 1668 vitioso
3313 1611 3696 1668 fundamento

2020 1703 2265 1774 pulchra
2298 1703 2616 1756 culminum
2647 1701 2797 1756 velis
2831 1701 3064 1756 elevare
3095 1701 3333 1773 fastigia
3368 1716 3380 1756 :
3407 1717 3524 1772 quo
3560 1700 3699 1772 plus

2020 1791 2414 1862 exstruxeris,
2439 1791 2572 1862 plus
2595 1791 2850 1861 corruit;
2874 1791 3010 1862 quia
3029 1791 3160 1845 sine
3182 1790 3542 1846 munimento
3560 1790 3698 1845 ﬁdei

2019 1881 2174 1936 bona
2230 1895 2409 1950 opera
2449 1897 2565 1935 non
2602 1882 2858 1950 possunt
2903 1871 3162 1934 manere.
3197 1878 3379 1934 lniida
3426 1879 3602 1934 statio
3638 1879 3700 1932 in

2018 1973 2191 2042 portu
2237 1985 2448 2024 navem
2478 1968 2793 2041 perforat,
2857 1971 2913 2023 et
2968 1983 3290 2024 arenosum
3341 1967 3536 2022 solum
3584 1967 3699 2023 cito

2023 2059 2196 2128 redit,
2240 2073 2350 2113 nec
2391 2061 2586 2128 potest
2617 2058 2909 2128 impositae
2957 2056 3368 2113 aediﬁcationis
3399 2056 3700 2113 sustinere

2021 2164 2220 2204 onera.
2254 2146 2338 2201 Ibi
2373 2162 2518 2219 ergo
2539 2146 2840 2217 plenitudo
2856 2147 3106 2218 praemii,
3138 2145 3239 2202 ubi
3262 2146 3546 2201 virtutum
3565 2159 3701 2216 per-

2023 2237 2218 2306 fectio,
2255 2238 2312 2290 et
2351 2235 2622 2308 quaedam
2665 2235 2727 2290 in
2765 2235 2938 2292 factis
2971 2238 3145 2308 atque
3185 2234 3359 2290 dictis
3391 2235 3699 2307 aequalitas

2024 2325 2386 2382 sobrietatis.

2624 2393 3053 2468 ,CAPUTIH.

2021 2503 2226 2560 Petita
2250 2520 2292 2577 ie
2320 2503 2660 2577 Scripturis
2685 2503 3081 2577 beatitudinis
3111 2500 3384 2577 definitio
3415 2499 3703 2575 expendi-

2095 2573 2778 2647 tur,demons'traturque
2793 2573 2950 2629 nihil
2955 2576 3072 2646 ipsi
3093 2574 3186 2630 vel
3187 2581 3437 2646 propter
3449 2573 3701 2647 externa

2093 2647 2244 2702 bona
2267 2648 2574 2713 accedere,
2607 2645 2703 2702 vel
2729 2645 3026 2702 decedere
3041 2645 3305 2718 propter
3315 2645 3698 2702 incommoda.

2097 2749 2152 2808 8.
2197 2751 2268 2807 Et
2295 2754 2573 2824 quoniam
2605 2753 2734 2808 sola
2781 2768 2982 2808 rerum
3028 2752 3273 2808 scientia
3312 2752 3560 2823 expleas
3589 2754 3700 2822 est,

2025 2841 2121 2896 vel
2161 2841 2330 2912 quasi
2382 2841 2576 2896 inanis
2625 2842 2955 2896 secundum
3002 2841 3404 2912 Philosophiae
3434 2841 3704 2912 disputa-

2026 2931 2220 2985 tiones
2251 2931 2606 3001 supertluas,
2631 2929 2723 2984 vel
2747 2933 2921 3002 quast
2937 2928 3353 3000 semiperfecta
3369 2929 3660 2985 sententia
3685 2948 3704 2985 .-

2029 3019 2478 3074 consideremus
2497 3035 2672 3091 quam
2689 3019 2938 3074 enodem
2969 3017 3039 3074 de
3062 3034 3132 3074 eo
3170 3019 3367 3074 divina
3399 3019 3704 3090 Scriptura

2029 3109 2303 3164 absolvat
2349 3109 2718 3178 sententiam,
2772 3109 2844 3164 de
2902 3123 3018 3180 quo
3070 3111 3186 3162 tam
3233 3107 3590 3179 multiplices
3648 3109 3705 3162 et

2028 3197 2357 3269 implicatas
2379 3200 2552 3269 atque
2577 3197 2861 3254 confusas
2885 3198 3156 3252 videmus
3179 3212 3320 3252 esse
3338 3197 3703 3269 quaestiones

2026 3287 2422 3358 phi1030phiae
2457 3287 2556 3357 (7),
2591 3287 2751 3342 Nihil
2796 3287 2952 3343 enim
2983 3287 3204 3342 bonum
3235 3285 3540 3357 Scriptura
3585 3286 3707 3341 nisi

2027 3377 2183 3447 quod
2216 3376 2531 3431 honestum
2561 3376 2798 3446 asserit,
2820 3377 3212 3446 virtutemque
3235 3375 3294 3429 in
3317 3375 3476 3430 omni
3505 3391 3704 3430 rerum

2028 3469 2184 3520 statu
2204 3465 2432 3520 beatam
2452 3464 2698 3536 judicat,
2719 3481 2852 3536 quae
2875 3479 3066 3536 neque
3079 3467 3365 3536 augeatur
3379 3463 3555 3518 bonis
3573 3479 3705 3520 cor-

2027 3555 2210 3626 poris,
2248 3555 2339 3609 vel
2363 3555 2648 3621 externis,
2673 3569 2865 3625 neque
2891 3553 3474 3609 minuaturadversis
3495 3568 3506 3608 :
3524 3551 3706 3607 nihil-

2033 3661 2146 3728 que
2166 3647 2279 3698 tam
2301 3643 2558 3728 beatum,
2583 3643 2697 3728 nisi
2720 3643 2876 3728 quod
2899 3659 2932 3696 a
2952 3645 3194 3728 peccato
3215 3641 3468 3728 alienum
3488 3641 3584 3728 sit,
3608 3641 3705 3705 73

2029 3725 2266 3799 plenum
2299 3727 2672 3796 innocentiae,
2707 3726 2996 3798 repletum
3017 3727 3222 3798 gratias
3255 3726 3381 3781 Dei.
3406 3725 3705 3797 Scriptum

2029 3820 2120 3871 est
2139 3817 2330 3872 enim:
2366 3816 2590 3871 Beatus
2627 3816 2722 3870 vir
2753 3816 2852 3888 qui
2881 3831 2994 3870 non
3031 3814 3182 3870 abiit
3211 3815 3274 3868 in
3305 3813 3553 3870 consilio
3591 3813 3706 3868 im-

2023 3923 2276 3978 piorum,
2297 3911 2356 3960 et
2371 3907 2432 3959 in
2454 3905 2544 3960 via
2551 3911 2931 3978 peccatorum
2947 3921 3058 3959 non
3071 3904 3330 3974 stetit,et
3344 3905 3404 3958 in
3421 3900 3706 3959 cathedra

2021 3995 2388 4068 pestilentia:
2418 4010 2531 4050 non
2564 3994 2723 4049 sedit
2765 4009 2777 4050 :
2811 3994 2920 4050 sed
2949 3995 3010 4048 in
3040 3993 3176 4066 lege
3195 3992 3432 4048 Domini
3461 3991 3576 4047 fuit
3614 4007 3710 4048 vo-

2033 4153 2165 4194 nam
2194 4137 2365 4193 fides.
2402 4138 2584 4192 Porro
2615 4153 2690 4192 ex
2718 4140 2834 4192 tota
2867 4137 3024 4192 serie
3057 4136 3228 4191 facile
3258 4135 3558 4208 intelligas
3586 4151 3706 4190 non

2033 4210 2130 4266 hic
2163 4210 2257 4281 agi
2289 4209 2359 4264 de
2389 4209 2487 4263 illa
2507 4215 2738 4281 (aeterna
2770 4209 2887 4281 vita
2909 4225 3042 4279 quae
3075 4208 3573 4281 resurrectionem
3605 4222 3708 4262 se-

1951 4308 2004 4369 D
2036 4278 2243 4369 cutura
2279 4286 2389 4369 est,
2417 4280 2520 4334 sed
2544 4297 2677 4351 quae
2715 4295 2829 4369 pel“
2851 4278 3002 4369 hanc
3032 4281 3204 4369 etiam
3237 4278 3386 4333 lucis
3411 4293 3652 4369 usuram
3676 4293 3709 4360 ᾳ

2037 4353 2220 4423 justis
2249 4353 2500 4420 vivitur;
2524 4348 2592 4404 ac
2626 4348 2870 4422 proinde
2901 4352 3078 4404 vitam
3111 4354 3392 4423 aeternam
3425 4348 3710 4423 appellari

2038 4420 2165 4478 eam
2216 4438 2348 4493 quae
2397 4423 2474 4476 sit
2519 4420 2706 4484 beata,
2742 4427 2804 4476 ut
2852 4437 3030 4493 supra
3077 4421 3190 4476 sub
3247 4420 3426 4475 tinem
3473 4435 3600 4490 cap.
3638 4420 3706 4493 pl,

2037 4490 2386 4563 declaratur,
2421 4498 2849 4564 proptereaque
2879 4490 2946 4546 in
2967 4507 3154 4547 sensu
3175 4506 3294 4546 non
3325 4506 3564 4546 errasse
3586 4490 3710 4547 edi-

2035 4567 2248 4620 tiones.

2107 4635 2182 4706 (ὅ)
2215 4637 2295 4690 lta
2329 4651 2474 4690 mss.
2499 4635 2680 4690 multo
2711 4634 2913 4706 plures
2935 4635 3356 4706 potioresque;
3387 4632 3485 4690 alii
3515 4636 3710 4688 autem

2035 4713 2208 4778 atque
2239 4707 2400 4776 edit.,
2434 4724 2566 4778 qua)
2599 4705 2727 4762 sint
2770 4708 2832 4761 in
2872 4705 3106 4762 domo...
3141 4705 3366 4776 Gloria,
3401 4705 3612 4778 inquit,
3649 4709 3710 4760 et

2035 4780 2268 4850 divitiae
2301 4779 2362 4832 in
2385 4779 2552 4833 domo
2583 4779 2732 4850 ejus,
2766 4781 2878 4833 etc.

2106 4851 2183 4919 (6)
2224 4849 2374 4922 Edll.
2401 4847 2640 4922 acimss'.
2673 4848 2913 4922 aliquot,
2940 4849 3121 4906 factis
3140 4847 3337 4922 repel!
3361 4855 3404 4922 t.

2107 4867 2183 4919 ῳ)
2227 4867 2374 4904 non.
2401 4867 2469 4902 ac
2493 4867 2640 4904 mss.
2673 4867 2746 4903 au
2796 4867 2913 4918 uet,
2940 4867 3121 4906 τείσεις
3140 4867 3334 4922 repeti
3361 4867 3404 4904 ι.

2107 4922 2184 4992 (7)
2223 4921 2452 4974 Tullius
2475 4921 2724 4976 inlibris
2753 4867 2841 4976 ille
2875 4923 2971 4976 (in.
3006 4922 3140 4976 bon.
3167 4929 3224 4976 et
3253 4921 3411 4988 mal.,
3446 4935 3555 4974 nec
3591 4932 3711 4973 non

2036 4993 2096 5048 in
2145 4991 2371 5064 Tusca].
2423 4998 2627 5064 qumst.
2659 4997 2777 5048 tam
2816 4995 3028 5048 multas
3069 4993 3378 5063 opiniones
3415 4993 3571 5064 circa
3602 5005 3712 5064 nas

2036 5063 2284 5119 turalem
2315 5061 2496 5134 hujus
2521 5065 2654 5119 vitae
2693 5061 3125 5120 beatiiudinem'
3142 5079 3280 5118 esse
3321 5061 3616 5135 agnoscit,
3650 5063 3713 5115 ut

2037 5135 2409 5192 confusionis
2448 5137 2700 5191 vitandae
2732 5153 2908 5191 causa
2943 5139 3190 5206 cogatur
3219 5135 3350 5189 illas
3375 5135 3713 5206 ad_certum

2036 5207 2346 5280 quemdam
2379 5207 2644 5261 ordinem
2683 5212 2856 5280 atque
2897 5204 3088 5280 capita
3110 5221 3421 5280 irevogare.
3455 5204 3710 5280 Sanctus

2036 5275 2230 5335 autem
2279 5279 2653 5350 Augustinus
2689 5275 2940 5350 lib'._xix
2971 5275 3056 5333 de
3083 5277 3225 5350 Δ(Σίν.
3259 5276 3391 5345 Dei,
3417 5291 3558 5350 cap._
3593 5275 3712 5350 ita

2037 5352 2302 5406 Varrone
2349 5341 2644 5420 p'roditum
2701 5347 2910 5420 scribit
2957 5347 3199 5420 easdem
3256 5341 3567 5420 usquead
3607 5341 3713 5420 $88

2036 5437 2219 5497 posse
2242 5416 2504 5492 perduci.
2531 5419 3014 5497 Adeundumhoc
3045 5419 3200 5475 idem
3223 5416 3396 5490 caput
3419 5416 3575 5497 sicut
3595 5416 3712 5497 duo

2035 5485 2665 5576 proxime‘sequent‘ia,
2691 5506 2766 5576 est
2795 5490 3013 5576 quibus
3043 5485 3402 5576 noon'par'um
3431 5488 3585 5549 lucis
3615 5485 3711 5548 his
3813 5536 3821 5546 .

2037 5561 2172 5654 ῐιυω
2193 5561 2504 5628 traduntur
2531 5562 2604 5626 ab
2635 5561 2976 5644 Ambrbsio,
3007 5561 3424 5646 adjici'potest.
