4002 6150
301 411 426 478 115

1767 417 1832 486 S.
1877 421 2317 489 AMBROSII.

3639 437 3740 502 116

303 613 577 671 infirmus
605 615 899 672 adversus
933 633 1078 689 opes
1105 617 1325 692 regias,
1354 619 1484 675 solo
1517 623 1641 677 erat
1669 619 1884 678 atfectu
1915 625 1974 679 et
1999 603 2053 666 Α
2087 623 2335 682 beatos?
2367 628 2546 683 Beati
2575 630 2734 686 enim
2775 631 2874 704 qui
2901 641 3020 688 non
3065 633 3346 690 viderunt
3376 641 3436 690 et
3470 637 3735 694 credide-

303 703 596 775 religione
625 705 816 776 dives,
847 710 910 762 ut
939 707 1187 778 pecunia
1217 709 1404 780 regali
1438 725 1556 764 non
1588 715 1972 768 commutaret

304 796 566 862 paternae
595 793 786 850 vineae
819 795 1220 852 haereditatem
1245 813 1257 852 :
1279 813 1467 869 eoque
1489 799 1811 870 perfectus,
1835 801 1972 873 quia

306 883 600 953 sanguine
651 885 891 956 proprio
921 884 1267 942 defenderet
1310 886 1446 958 jura
1492 888 1782 960 majorum
1826 907 1972 946 suo-

304 985 458 1026 rum.
493 972 632 1035 Inde
662 987 897 1046 quoque
921 975 1104 1030 miser
1129 975 1356 1046 Achab,
1391 977 1562 1031 etiam
1585 993 1694 1032 suo
1721 977 1968 1050 judicio,

305 1061 443 1130 quia
473 1077 794 1134 pauperem
843 1064 1044 1119 necari
1087 1063 1311 1120 fecerat
1353 1067 1418 1120 ut
1463 1065 1598 1138 ejus
1637 1067 1974 1138 possideret

303 1165 557 1206 Vineam.

375 1257 463 1312 18.
513 1257 751 1314 Certum
797 1261 888 1314 est
919 1259 1112 1316 solum
1143 1263 1199 1316 et
1227 1277 1524 1318 summum
1568 1263 1790 1320 bonum
1831 1279 1969 1320 esse

303 1346 598 1418 virtutem,
632 1363 878 1420 eamque
907 1349 1208 1405 abundare
1239 1351 1427 1406 solam
1445 1353 1518 1407 ad
1547 1354 1684 1408 vitai
1713 1353 1968 1409 fructum

301 1434 492 1491 beata:
525 1452 539 1492 :
573 1453 683 1492 nec
714 1438 978 1494 externis
1008 1442 1106 1494 aut
1136 1441 1406 1510 corporis
1454 1441 1650 1510 bonis,
1703 1442 1809 1496 sed
1845 1443 1968 1496 vir-

299 1527 421 1580 tute
460 1525 586 1580 sola
629 1527 808 1580 vitam
855 1528 1126 1598 praestari
1171 1529 1440 1600 beatam,
1474 1545 1581 1601 per
1624 1547 1799 1602 quam
1849 1531 1966 1586 vita

300 1617 519 1670 interna
567 1616 910 1687 acquiritur.
947 1617 1077 1672 Vita
1125 1619 1284 1673 enim
1314 1619 1485 1673 beata
1533 1617 1765 1675 fructus
1808 1637 1966 1692 pra:—

299 1703 557 1758 sentium
589 1719 602 1760 :
635 1705 754 1760 vita
782 1708 975 1760 autem
1009 1709 1227 1762 aeterna
1261 1723 1404 1778 spes
1437 1708 1765 1764 futurorum
1797 1714 1906 1765 est.

371 1793 467 1856 75
499 1791 586 1850 19.
619 1793 768 1849 Sunt
809 1796 1001 1850 tamen
1035 1795 1136 1867 qui
1177 1796 1236 1851 in
1285 1797 1400 1852 hoc
1433 1813 1678 1868 corpore
1712 1802 1827 1853 tam
1873 1801 1964 1854 in-

296 1881 488 1953 ﬁrmo,
522 1885 639 1938 tam
675 1883 894 1957 fragili,
925 1885 1356 1956 impossibilem
1385 1887 1564 1941 vitam
1594 1887 1820 1942 beatam
1852 1905 1962 1958 pu-

294 1972 418 2026 tent
441 2014 456 2041 ,
488 1973 551 2026 in
581 1988 698 2046 quo
745 1978 1122 2030 necesse-est
1161 1975 1335 2048 angi,
1381 1975 1580 2030 dolere
1607 2019 1620 2044 ,
1655 1977 1962 2048 deplorare

295 2058 433 2131 (13),
467 2077 805 2134 aegrescere
835 2079 850 2120 :
883 2064 1052 2136 quasi
1082 2079 1225 2120 vero
1255 2080 1370 2136 ego
1403 2065 1460 2118 in
1493 2065 1762 2136 corporis
1791 2067 1962 2121 exul-

291 2149 510 2205 tatione
533 2149 722 2206 dicam
743 2151 924 2206 vitam
962 2153 1193 2208 beatam
1215 2153 1569 2223 consistere,
1593 2156 1650 2209 et
1671 2170 1789 2209 non
1829 2155 1964 2210 alti-

291 2237 494 2294 tudine
533 2239 841 2311 sapientia:
872 2283 887 2312 ,
937 2245 1226 2296 suavitate
1272 2243 1654 2298 conscientiae
1679 2285 1692 2312 ,
1726 2244 1962 2300 virtutis

291 2326 671 2384 sublimitate.
707 2328 841 2385 Non
857 2331 1014 2386 enim
1043 2331 1101 2385 in
1131 2330 1414 2402 passione
1444 2347 1604 2399 esse,
1639 2332 1748 2387 sed
1784 2333 1966 2390 victo-

293 2431 422 2471 rem
452 2431 594 2473 esse
619 2418 925 2489 passionis
954 2419 1190 2476 beatum
1222 2422 1334 2490 est,
1351 2436 1460 2478 nec
1491 2419 1686 2493 frangi
1701 2425 1963 2494 tempora

288 2503 366 2559 lis
396 2508 559 2562 motu
588 2505 813 2563 doloris
847 2507 980 2580 (14).

311 2591 327 2605 ’
360 2594 448 2650 20.
483 2595 645 2652 Pone
664 2597 936 2653 accidere
968 2596 1098 2653 haec
1119 2613 1253 2670 qum
1275 2597 1482 2671 gravia
1503 2597 1576 2653 ad
1599 2599 1719 2654 vim
1737 2599 1962 2656 doloris

289 2681 578 2754 feruntur“,
617 2686 961 2753 cecitatem,
1001 2687 1302 2755 exsilium,
1330 2685 1565 2758 famem,
1599 2691 1867 2760 stuprum
1898 2689 1964 2744 ti-

287 2770 421 2842 lim,
473 2773 860 2830 amissionem
907 2771 1250 2831 liberorum.
1299 2774 1445 2841 Quis
1505 2780 1684 2848 neget
1727 2777 1964 2834 beatum

285 2858 478 2929 Isaac,
511 2863 613 2934 qui
641 2878 761 2920 non
781 2863 1020 2920 videbat
1048 2864 1108 2919 in
1137 2867 1464 2933 senectute,
1491 2869 1548 2920 et
1568 2865 1976 2923 beatitudines

287 2949 419 3005 suis
464 2950 983 3009 benedictionibus
1031 2953 1376 3009 conferebat
1403 2953 1578 3022 (Gen.
1621 2971 1805 3022 xxvu,
1841 2955 1868 3010 1
1905 2963 1964 3012 et

286 3039 688 3110 seq.)?Annon
707 3041 1107 3098 beatusJacob
1127 3041 1228 3115 qui
1246 3042 1541 3114 profugus
1563 3044 1746 3114 patria
1766 3044 1960 3116 domo,

285 3131 693 3186 mercenarius
733 3135 940 3202 pastor
969 3131 1250 3188 exsilium
1280 3132 1594 3200 sustinuit,
1629 3132 1764 3187 tiliae
1795 3135 1962 3204 pudi-

286 3216 482 3273 citiam
511 3218 800 3293 ingemuit
848 3235 986 3277 esse
1014 3222 1356 3277 temeratam
1401 3219 1557 3291 (Gen
1588 3237 1794 3292 XXXIV,
1830 3222 1854 3277 1
1899 3228 1958 3278 et
1989 3246 2039 3308 Ο

283 3307 456 3379 seq.),
490 3307 707 3366 famem
751 3311 991 3382 pertulit
1041 3309 1215 3380 (Gen.
1247 3325 1414 3379 xxxi,
1449 3309 1588 3380 42)?
1637 3311 1771 3366 Non
1809 3327 1954 3384 ergo

281 3392 438 3451 beati
467 3413 719 3470 quorum
747 3399 864 3456 tlde
895 3400 1056 3455 Deus
1096 3397 1310 3470 accipit
1339 3398 1774 3471 testimonium,
1821 3415 1953 3456 cum

283 3484 535 3542 dicitur:
575 3487 738 3544 Deus
781 3488 1110 3557 Abraham,
1155 3487 1318 3544 Deus
1349 3487 1526 3553 Isaac,
1577 3488 1741 3544 Deus
1771 3489 1953 3546 Jacob

283 3574 500 3644 (Exod.
535 3593 617 3646 ιιι,
649 3575 747 3648 6)?
793 3578 1011 3634 Misera
1041 3581 1135 3634 est
1163 3577 1444 3646 servitus,
1479 3577 1587 3633 sed
1618 3593 1736 3634 non
1771 3579 1956 3636 miser

282 3663 540 3736 Joseph;
571 3665 688 3722 imo
736 3667 908 3738 plane
954 3667 1188 3738 beatus,
1221 3683 1356 3722 cum
1386 3667 1642 3723 dominae
1673 3667 1954 3723 libidines

280 3751 344 3806 in
393 3755 678 3811 servitute
723 3756 956 3826 positus
1008 3759 1312 3812 coerceret
1354 3755 1528 3826 (Gen.
1579 3773 1794 3826 xxxix,
1830 3757 1864 3811 8
1895 3763 1955 3812 et

282 3843 435 3914 seq.)
465 3843 614 3910 Quid
645 3843 718 3900 de
747 3848 954 3900 sancto
985 3845 1171 3900 David
1199 3845 1438 3917 loquar,
1471 3845 1570 3916 qui
1600 3845 1776 3900 trium
1805 3845 1956 3900 ﬁlic-

280 3947 415 3987 rum
446 3933 776 4004 deploravit
831 3933 1056 3989 obitum
1115 3934 1229 4004 (15)
1283 3933 1354 4003 (ll
1403 3933 1552 4004 Reg.
1613 3950 1779 4004 xvm,
1837 3933 1949 4004 33),

281 4023 340 4076 et
367 4020 526 4094 quod
555 4020 652 4076 his
681 4021 910 4090 durius,
943 4023 1238 4078 incestum
1267 4021 1404 4077 tilias
1435 4020 1508 4092 (ll
1521 4020 1669 4092 Heg.
1693 4038 1818 4092 xm,
1851 4022 1957 4092 3)?-

279 4107 586 4174 Quomodo
615 4124 736 4166 non
763 4110 975 4167 beatus
1025 4110 1096 4166 de
1147 4109 1324 4182 cujus
1372 4109 1765 4165 successione
1803 4109 1946 4166 bea-

278 4198 548 4258 titudinis
593 4202 800 4257 auctor
845 4203 1092 4256 exortus
1141 4203 1272 4271 est,
1321 4197 1423 4271 qui
1471 4197 1760 4270 plurimos
1811 4198 1952 4254 fecit

349 4341 462 4414 (13)
490 4342 774 4400 Nonnulli
803 4358 975 4414 mss,,
1009 4343 1150 4414 angi
1175 4341 1400 4409 dolore,
1430 4339 1764 4414 deplorare.

349 4411 463 4488 (14)
499 4417 697 4488 Paris,
727 4411 1000 4488 quaedam
1029 4411 1192 4488 edit.,
1223 4418 1382 4488 metu
1413 4411 1671 4488 doloris;
1712 4411 1943 4488 etimne

275 4483 451 4559 mss.,
477 4494 633 4545 motu
661 4483 906 4544 doloris.
931 4485 1220 4542 Continuo
1241 4487 1434 4539 autem
1457 4483 1558 4539 ubi
1575 4498 1782 4559 omnes
1799 4485 1938 4540 edit.

2088 721 2224 770 rant
2247 715 2436 784 (Joan.
2473 735 2574 785 xx,
2609 717 2720 789 28).
2755 721 3012 777 Fuerunt
3043 726 3100 778 et
3138 724 3255 794 ipsi
3284 725 3344 778 in
3375 741 3561 781 sensu
3591 727 3737 782 inﬁr-

2087 804 2323 868 mitatis,
2361 807 2466 860 sed
2498 809 2844 865 evaluerunt
2890 811 2962 866 de
2995 812 3326 868 infirmitate
3359 814 3566 870 fortes.
3600 815 3736 881 Quid

2085 891 2446 949 laboriosius
2477 901 2670 952 autem
2703 903 2909 954 sancto
2950 900 3062 956 Job
3094 902 3185 956 vel
3217 903 3277 956 in
3309 903 3520 958 domus
3549 905 3736 960 incen-

2085 980 2180 1034 dio
2213 981 2346 1052 (16),
2381 985 2475 1038 vel
2509 985 2764 1041 ﬁliorum
2793 989 2999 1044 decem
3041 989 3277 1046 interitu
3316 997 3734 1064 momentaneo,

2084 1068 2390 1126 doloribus
2422 1076 2728 1145 corporeis
2755 1076 2888 1146 (Joh
2919 1095 2956 1144 ι,
3009 1077 3095 1148 16,
3129 1077 3257 1150 18)?
3299 1080 3596 1153 Numquid
3640 1083 3738 1138 mi-

2082 1174 2196 1214 nus
2225 1159 2456 1232 beatus,
2508 1179 2684 1235 quam
2715 1166 2768 1220 si
2800 1165 2898 1220 illa
2931 1182 3048 1222 non
3091 1169 3464 1240 pertulisset,
3513 1171 3574 1226 in
3610 1173 3733 1244 qui-

2079 1245 2193 1302 bus
2227 1251 2417 1322 magis
2449 1253 2735 1322 probatus
2767 1257 2896 1311 est:

2151 1337 2239 1392 21.
2273 1339 2416 1394 Esto
2439 1343 2632 1396 tamen
2673 1342 2862 1398 fuisse
2883 1344 2942 1398 in
2973 1344 3090 1400 illis
3130 1346 3350 1418 aliquid
3373 1349 3732 1420 acerbitatis,

2079 1442 2254 1497 quem
2285 1427 2472 1483 virtus
2520 1431 2697 1484 animi
2731 1447 2848 1487 non
2879 1433 3191 1488 abscondit
3219 1435 3503 1492 dolorem.
3538 1438 3734 1510 Neque

2081 1515 2236 1570 enim
2265 1517 2623 1587 profundum
2655 1536 2815 1576 mare
2850 1523 3192 1594 negaverim
3221 1524 3356 1595 (1'7),
3395 1526 3530 1596 quia
3558 1527 3734 1582 vado-

2080 1621 2146 1658 sa
2175 1609 2315 1660 sunt
2347 1605 2572 1677 littora;
2605 1624 2798 1681 neque
2832 1611 3046 1666 coelum
3075 1611 3358 1684 lucidum,
3393 1614 3530 1686 quia
3559 1617 3736 1672 inter-

2077 1693 2218 1748 dum
2246 1695 2543 1750 obtexitur
2573 1698 2876 1768 nubibus;
2911 1716 3102 1772 neque
3149 1704 3365 1756 terram
3409 1703 3733 1777 fecundam,

2077 1783 2215 1854 quia
2244 1783 2542 1856 aliquibus
2564 1786 2715 1842 locis
2740 1787 2948 1860 jejuna
2979 1789 3176 1860 glarea
3209 1789 3324 1860 (18)
3355 1796 3478 1864 est;
3511 1796 3608 1848 aut
3635 1794 3734 1850 lae-

2077 1873 2168 1926 tas
2199 1876 2462 1944 segetes,
2495 1876 2631 1946 quia
2662 1875 3048 1932 intermistam
3087 1879 3282 1934 solent
3311 1880 3530 1936 habere
3562 1883 3732 1938 steri-

2272 1927 2306 1944 υ
2382 1927 2391 1928 ί
2452 1927 2462 1942 1
2511 1927 2530 1946 «ι
2562 1927 2631 1929 ""
2664 1927 3048 1932 “"""""""'
3088 1927 3279 1934 “““““’““
3311 1927 3529 1936 ““”’“’“’““’
3562 1927 3702 1938 “”“’⁸⁵

1996 1927 2046 1988 Β
2079 1959 2192 2015 lem
2241 1977 2508 2017 avenam.
2543 1963 2822 2020 Similiter
2870 1970 3006 2037 puta
3035 1967 3223 2024 beatae
3266 1985 3528 2025 messem
3560 1987 3732 2026 cons-

2079 2051 2309 2106 cientiae
2341 2051 2456 2123 (18)
2481 2053 2837 2124 interpellari
2867 2056 3063 2128 aliquo
3081 2057 3296 2112 acerbo
3314 2059 3558 2116 doloris.
3583 2060 3736 2117 Non-

2074 2155 2148 2194 ne
2178 2141 2358 2196 totius
2398 2143 2712 2214 manipulis
2744 2145 2878 2200 vitae
2911 2145 3120 2215 beatae,
3154 2147 3207 2200 si
3239 2148 3380 2218 quid
3413 2147 3564 2204 forte
3593 2152 3735 2205 acci-

2073 2228 2156 2283 dit
2185 2229 2457 2285 adversis
2513 2235 2688 2304 atque
2719 2234 3127 2290 amaritudinis
3152 2277 3166 2304 ,
3198 2238 3476 2307 tanquam
3517 2239 3732 2295 sterilis

2070 2333 2258 2386 avena
2299 2319 2720 2391 absconditur,
2775 2325 2872 2376 aut
2912 2325 3188 2396 tanquam
3236 2324 3360 2380 lolii
3405 2327 3722 2384 amaritudo

2072 2407 2348 2463 frumenti
2379 2410 2666 2465 suavitate
2698 2410 3050 2466 obducitur?
3074 2411 3191 2468 Sed
3214 2413 3338 2486 jam
3363 2413 3434 2469 ad
3465 2417 3725 2486 proposi-

2073 2499 2130 2550 ta
2161 2511 2481 2571 pergamus
2509 2499 2644 2569 (20).

2641 2607 2734 2671 76
2769 2605 3020 2663 CAPUT
3057 2608 3152 2663 VI.

2072 2699 2160 2756 De
2195 2701 2328 2778 utili
2360 2719 2473 2778 non
2504 2715 2832 2778 quaestuosa
2869 2705 2999 2776 illo,
3033 2706 3144 2762 sed
3167 2707 3336 2778 justo
3368 2713 3428 2762 et
3467 2709 3728 2778 honesto,

2144 2773 2294 2848 quod
2340 2773 2529 2829 etiam'
2563 2775 2796 2830 damnis
2843 2773 3131 2848 quaeritur
3160 2773 3187 2834 τ’
3219 2795 3288 2834 ac
3331 2779 3628 2835 dividitur
3674 2773 3734 2836 in

2145 2844 2288 2899 utile
2319 2862 2664 2918 corporeum
2697 2855 2754 2902 et
2778 2844 3023 2919 petatis.

2143 2949 2231 3005 2'2.
2285 2951 2599 3023 Superiore
2647 2953 2798 3009 libro
2845 2955 2922 3008 ita
2969 2955 3320 3012 divisionem
3363 2957 3634 3028 fecimus,
3675 2957 3739 3014 ut

2081 3038 2272 3108 primo
2301 3039 2432 3095 loco
2465 3045 2628 3096 esset
2657 3042 2971 3099 honestum
2993 3059 3062 3098 ac
3093 3045 3370 3100 decorum
3394 3045 3526 3116 (21),
3561 3063 3592 3101 a
3624 3063 3739 3118 quo

2073 3127 2268 3182 ofﬁcia
2287 3129 2662 3201 ducerentur,
2685 3132 2950 3188 secundo
2965 3132 3098 3188 loco
3118 3134 3258 3204 quid
3281 3133 3438 3190 utile.
3462 3135 3532 3190 Et
3544 3151 3746 3207 quem-

2070 3217 2384 3272 admodum
2416 3219 2475 3273 in
2507 3220 2696 3292 primo
2743 3221 3002 3276 diximus
3051 3223 3186 3293 quia
3217 3224 3370 3278 inter
3421 3223 3736 3280 honestum

2071 3308 2128 3360 et
2165 3305 2445 3362 decorum
2477 3311 2569 3363 est
2597 3309 2868 3381 quaedam
2897 3310 3216 3381 distinctio,
3249 3329 3382 3384 quae
3415 3314 3606 3384 magis
3638 3315 3732 3368 in-

2071 3393 2257 3468 tclligi
2287 3412 2460 3468 quam
2491 3397 2772 3468 explicari
2803 3401 2993 3470 possit
3019 3415 3030 3454 :
3070 3400 3159 3454 sic
3192 3405 3248 3456 et
3277 3417 3409 3456 cum
3441 3403 3580 3457 utile
3611 3406 3728 3458 tra-

2071 3486 2318 3553 ctamus,
2355 3487 2850 3546 considerandum
2882 3488 3114 3543 videtur
3143 3490 3284 3560 quid
3317 3491 3537 3546 utilius.

2139 3570 2227 3628 23.
2264 3573 2578 3630 Utilitatem
2629 3579 2821 3632 autem
2869 3593 2988 3632 non
3018 3578 3342 3648 pecuniarii
3379 3579 3528 3634 lucri
3561 3581 3727 3634 msti-

2067 3662 2320 3718 matione
2350 3663 2740 3719 subducimus
2762 3665 2896 3736 (2'2),
2921 3667 3028 3720 sed
3049 3667 3440 3738 acquisitione
3469 3667 3738 3740 pietatis;

2068 3751 2223 3806 sicut
2257 3752 2580 3823 Apostolus
2613 3754 2690 3806 ait
2724 3769 2736 3809 :
2771 3753 2982 3809 Pietas
3019 3762 3212 3810 autem
3235 3757 3312 3811 ad
3341 3758 3532 3812 omnia
3565 3758 3735 3814 utilis

2069 3845 2182 3907 est,
2201 3842 2657 3912 promissionem
2681 3842 2908 3898 habens
2938 3845 3072 3899 vitae
3087 3847 3414 3916 praesentis
3435 3852 3495 3902 et
3519 3846 3742 3904 futurae

2067 3928 2116 3997 (Ι
2140 3927 2282 3984 Tim.
2308 3947 2384 4000 ιν,
2403 3930 2478 4002 8).
2501 3931 2704 4002 Itaque
2727 3935 2788 3986 in
2811 3932 3132 4003 Scripturis
3147 3934 3386 4004 divinis,
3413 3935 3467 3990 si
3489 3935 3741 4009 diligen-

2064 4019 2154 4072 ter
2181 4034 2538 4090 quaeramus,
2565 4035 2726 4090 saepe
2748 4020 3082 4076 invenimus
3106 4022 3263 4094 quod
3282 4023 3598 4078 honestum
3638 4027 3740 4080 est

2066 4105 2204 4162 utile
2237 4109 2436 4162 vocari
2463 4125 2475 4164 :
2515 4107 2719 4164 Omnia
2737 4111 2885 4164 mihi
2906 4110 3108 4181 licent,
3135 4112 3244 4167 sed
3266 4129 3379 4168 non
3399 4114 3590 4167 omnia
3612 4114 3738 4167 uti-

2065 4191 2144 4250 lia
2173 4203 2308 4252 sunt
2329 4197 2378 4266 (l
2409 4197 2544 4253 Cor.
2569 4215 2646 4268 vx,
2673 4198 2782 4268 12).
2825 4199 3015 4271 Supra
3045 4200 3116 4256 de
3145 4201 3307 4256 vitiis
3353 4201 3736 4273 loquebatur.

2062 4339 2301 4414 uspiam,
2326 4339 2549 4414 videris
2585 4357 2598 4396 :
2631 4357 2742 4396 nec
2777 4345 3106 4414 mercatura
3137 4346 3480 4414 quaestuosa
3503 4386 3518 4412 ,
3565 4344 3624 4398 si
3673 4346 3746 4400 in

2067 4412 2342 4484 maximis
2383 4412 2566 4466 lucris
2597 4429 2804 4482 parum
2847 4413 3070 4484 aliquid
3114 4412 3308 4469 damni
3341 4416 3729 4472 contraxerit.

2069 4486 2156 4564 an
2188 4483 2302 4538 hoc
2333 4483 2970 4564 usquequaquealiter
2999 4485 3057 4564 in
3089 4485 3226 4564 vita,
3259 4490 3315 4540 et
3345 4503 3464 4542 non
3497 4503 3570 4542 ex
3601 4503 3743 4540 ma-

277 4553 660 4644 cumduobus
673 4559 1097 4644 omninqmss.,
1118 4554 1938 4644 metuentem‘aeciderg,mss.
1974 4583 2026 4644 D
2055 4553 2405 4644 ximqurte
2432 4553 2508 4644 de
2538 4553 2983 4644 totaqijudi‘cabis
3005 4557 3088 4644 ita
3123 4560 3234 4638 etc:

277 4631 518 4703 aliquot,
537 4648 726 4707 paenae
747 4630 1052 4707 accidere,
1079 4640 1420 4707 perperam;
1443 4626 1541 4680 alii
1563 4625 1806 4707 nonulli,
1825 4643 1942 4707 ⁸ηθσ

269 4698 462 4774 paena;
503 4698 780 4758 accidere
809 4703 961 4774 haec.
996 4701 1212 4774 Melius
1242 4698 1647 4774 quidemLsed
1681 4698 1942 4774 omnium

278 4768 494 4842 optime
523 4773 748 4830 Thuan.
783 4777 840 4827 et
867 4773 964 4827 alii
993 4771 1172 4844 longe
1203 4768 1440 4841 plurimi
1466 4783 1478 4825 :
1501 4768 1670 4844 _Pone_
1701 4769 1938 4844 accide-

274 4839 367 4912 re,
400 4845 458 4898 id
491 4847 601 4916 est,
636 4845 748 4916 fac,
782 4845 931 4916 esto,
975 4839 1135 4916 finge
1167 4839 1348 4914 {quae
1393 4840 1576 4896 verba
1621 4839 1938 4896 rhetoricae

277 4914 656 4970 concessioni
686 4913 1037 4968 inserviunt.

347 4986 460 5057 (15)
481 4983 564 5040 Ita
593 5001 742 5041 mss.
783 5001 1014 5040 summo
1048 4999 1388 5057 consensu;
1419 4983 1558 5038 edit.
1601 4995 1760 5057 veroA
1789 4981 1940 5057 sub:

275 5051 771 5125 dunt,'interitum
795 5057 1042 5111 Ammon
1077 5061 1137 5110 et
1157 5054 1421 5126 Arbsalon
1453 5067 1628 5126 atque
1657 5051 1942 5108 infantuli

275 5145 353 5184 ex
371 5145 438 5182 ea
463 5144 587 5199 quae
609 5127 722 5182 fuit
750 5127 1150 5199 Uriaarnati....
1179 5125 1316 5182 tiliae
1363 5125 1634 5199 Thamar.

344 5195 643 5278 (16)'lt_1_ss.
693 5197 979 5278 nonnulli,
1029 5199 1090 5253 in
1121 5200 1422 5278 domorum
1470 5196 1750 5278 incendio
1783 5211 1796 5250 ε
1831 5195 1939 5278 sed

273 5270 821 5348 cum.nullar_n_Jobi
863 5270 1101 5348 domum
1133 5269 1405 5348 incendip
1439 5269 1848 5348 consumptam
1879 5269 1938 5348 in

272 5341 465 5398 sacris
487 5341 722 5413 paginis
765 5341 1162 5412 reperiamus,
1205 5356 1322 5413 non
1353 5339 1598 5413 deerunt
1644 5337 1792 5413 forte
1838 5339 1936 5409 qui

271 5409 614 5490 suspectam
646 5409 898 5490 habeant
932 5409 1626 5490 utramque-lectionem,
1669 5409 1938 5490 attamen

267 5477 428 5541 recte
460 5477 798 5556 dicivpotest
829 5484 1033 5538 domus
1053 5477 1545 5550 inc-endiunz,pro
1576 5477 1740 5533 clade
1775 5479 1935 5534 illius

267 5573 574 5698 “(igniti
607 5626 914 5698 Ciceronis
936 5625 1038 5678 lib.
1064 5641 1102 5677 v
1143 5624 1229 5678 De
1265 5623 1365 5698 lin.
1391 5621 1526 5698 bon.
1571 5626 1630 5673 et
1650 5620 1784 5698 mal.
1820 5621 1933 5698 sub

266 5691 465 5765 ﬁnem,
507 5699 610 5753 ubi
654 5697 785 5752 haec
818 5697 1107 5751 habentur
1148 5711 1160 5750 :
1206 5715 1227 5744 ι
1263 5695 1337 5748 At
1367 5694 1520 5747 enim
1569 5707 1680 5765 qua
1715 5692 1771 5744 in
1815 5691 1930 5744 vita

267 5770 364 5839 est
377 5763 596 5839 aliquid
615 5769 770 5837 mali,
791 5784 860 5822 ea
881 5768 1050 5822 beata
1073 5781 1212 5839 esse
1235 5781 1352 5820 non
1383 5768 1595 5839 potest.
1630 5763 1716 5839 Nc
1747 5778 1929 5833 seges

2125 4625 2238 4694 (18)
2273 4625 2508 4700 Glarea.
2543 4629 2699 4700 terra
2730 4629 2818 4680 est
2846 4642 3137 4700 arenosa,
3157 4628 3516 4700 minutisque
3547 4645 3737 4684 seru-

2053 4697 2146 4765 pis
2194 4701 2250 4752 et
2279 4696 2523 4773 calculis
2555 4695 2804 4752 referta:
2830 4697 2901 4752 de
2930 4713 3044 4769 qua
3076 4698 3240 4772 Virg.
3276 4699 3377 4754 lib.
3411 4695 3450 4754 ῐι
3477 4699 3732 4773 Georg.,

2051 4783 2269 4823 versus
2301 4766 2405 4822 E219.
2439 4783 2451 4823 :

2204 4848 2312 4895 Nec
2340 4847 2531 4908 jejuna
2561 4847 2775 4908 quidem
2803 4847 2990 4896 clivosi
3026 4848 3204 4909 glarea
3229 4850 3395 4899 ruris.

2201 4910 2304 4957 Vix
2333 4909 2559 4958 humiles
2584 4910 2774 4971 apibus
2805 4911 2978 4958 casias
3005 4925 3278 4972 roremquc
3315 4913 3598 4962 ministrat.

2115 4978 2226 5050 (19)
2249 4979 2355 5054 Sic
2399 4979 2536 5035 edit.
2583 4993 2810 5054 omnes,
2859 4997 2928 5035 ac
2974 4981 3240 5052 plerique
3272 4999 3459 5054 mss.;
3501 4984 3598 5037 alii
3631 4987 3738 5038 ta—

2044 5065 2178 5124 men
2211 5051 2432 5120 aliquot
2461 5053 2692 5121 partim,
2739 5051 2971 5124 beatam
2994 5051 3433 5124 (conscientiam
3445 5051 3461 5121 ,
3508 5057 3740 5124 partim

2042 5121 2237 5176 beata)
2283 5137 2419 5176 esse
2455 5123 2854 5178 conscia-litim.
2895 5123 3006 5178 Ubi
3037 5139 3180 5178 vero
3213 5126 3434 5179 caedem
3473 5121 3618 5180 edit.
3655 5143 3743 5182 ac

2043 5191 2215 5262 pauci
2251 5208 2420 5267 ms_s.,
2457 5194 2676 5267 acerbo
2707 5192 2928 5260 dolore,
2956 5194 3054 5267 alii
3088 5195 3291 5264 plures
3327 5197 3534 5267 legunt
3563 5215 3753 5253 accr-

2051 5279 2136 5330 vo,
2199 5265 2430 5334 partim,
2489 5264 2723 5318 beatam
2769 5266 3220 5336 caiiscientiam,
3285 5264 3495 5336 partim
3529 5269 3749 5324 beam?

2044 5350 2179 5390 esse
2201 5336 2437 5412 doloris
2468 5355 2484 5412 ς
2519 5335 2886 5390 commodius
2919 5351 3061 5390 vero
3113 5335 3339 5392 Thuan.
3386 5343 3442 5392 et
3471 5339 3738 5412 reliqui,

2042 5407 2262 5461 acerbo
2284 5407 2530 5462 doloris.

2111 5477 2386 5550 (ambio.
2425 5477 2594 5532 Offie.
2636 5477 2739 5532 lib.
2798 5493 2856 5547 ιι,
2891 5494 3024 5550 pag.
3082 5476 3206 5548 374,
3240 5479 3342 5534 lin.
3373 5479 3486 5536 49:
3545 5505 3564 5530 ιι
3601 5481 3740 5539 Sed

2034 5545 2161 5618 jam
2191 5545 2261 5602 ad
2295 5549 2558 5602 instituta
2591 5545 2934 5619 pergamus.
2974 5545 2996 5597 ἱ

2253 5620 2398 5674 Ibid.
2455 5642 2476 5669 α
2513 5619 2782 5700 Quinque
2814 5620 3358 5700 igitur‘rationjbus
3389 5624 3741 5700 propositis

2042 5690 2224 5764 ofﬁcii
2259 5691 2684 5764 persequendi,
2711 5690 2960 5764 quarum
2993 5693 3124 5764 dua;
3157 5692 3228 5746 ad
3261 5690 3464 5764 decus,
3503 5690 3526 5743 Β
3563 5691 3686 5750 etc'.

2111 5763 2226 5838 (:22)
2256 5761 2421 5815 lbid..
2455 5779 2590 5838 pag.
2623 5763 2746 5838 3:75,
2783 5761 2884 5816 lin.
2916 5763 2946 5816 4
2983 5778 2994 5816 :
3036 5785 3056 5810 σι
3091 5762 3258 5838 Quod
3287 5765 3428 5820 utile
3452 5761 3741 5838 appella-

267 5833 506 5911 quidem
531 5838 712 5913 igitur
731 5833 918 5914 spicis
939 5837 1228 5896 uberibus
1249 5841 1306 5896 et
1327 5833 1580 5908 crebris,
1607 5836 1661 5891 si
1681 5850 1928 5890 avenam
2035 5836 2134 5890 tur
2167 5849 2178 5888 :
2213 5833 2272 5888 in
2300 5848 2416 5906 quo
2450 5833 2632 5888 verbo
2662 5833 2830 5907 lapsa
2862 5835 3254 5907 consuetudo,
3293 5857 3315 5887 ι»
3351 5840 3464 5896 etc.
