4128 6132
385 350 496 414 117

1306 345 1416 409 DE
1454 343 1813 409 OFFICIIS
1853 341 2462 407 MINISTRORUM
2508 342 2765 407 LIBER
2804 341 2882 405 ῙΙ.

3692 343 3812 412 118

384 553 503 610 Hoc
540 566 681 625 ergo
721 549 895 606 dicit:
950 550 1115 605 Licet
1146 564 1414 621 peccare,
1448 547 1556 603 sed
1586 562 1704 601 non
1751 546 1939 600 decet.
1972 545 2035 598 In
2067 527 2121 591 Α
2144 544 2490 599 muneribus
2523 540 2800 599 aeternis:
2836 544 2895 598 in
2917 545 3133 616 quibus
3154 562 3271 601 non
3294 549 3534 604 tentatio
3557 549 3806 619 lubrica,

378 646 651 713 potestate
682 646 820 696 sunt
852 644 1093 711 peccata
1124 639 1230 694 sed
1260 655 1374 693 non
1428 641 1566 692 sunt
1596 637 1864 690 honesta.
1917 635 2033 688 Lu-

380 732 588 785 xuriari
612 734 965 800 promptum,
999 729 1105 783 sed
1137 745 1254 783 non
1281 728 1529 800 justum.
1556 726 1689 781 Non
1717 725 1877 780 enim
1908 723 2029 778 Dee

379 836 529 887 esca,
563 820 667 873 sed
700 820 892 873 ventri
925 818 1248 889 colligitur.

441 927 524 981 ‘24.
566 925 722 997 Ergo
750 926 885 996 quia
920 925 1077 996 quod
1120 924 1282 991 utile,
1317 923 1375 977 id
1405 923 1579 977 etiam
1601 920 1868 992 justum:
1898 918 2033 989 jus-

374 1018 488 1069 tum
509 1018 600 1068 est
621 1018 681 1068 ut
704 1014 1039 1068 serviamus
1073 1013 1311 1067 Christo
1334 1013 1435 1082 qui
1465 1027 1576 1066 nos
1600 1009 1848 1064 redemit
1877 1008 1989 1079 (23)
2016 1023 2030 1076 ;

375 1104 498 1158 ideo
515 1102 684 1174 justi,
706 1104 806 1173 qui
836 1119 942 1173 pro
972 1102 1107 1172 ejus
1126 1103 1360 1155 nomine
1383 1101 1556 1155 morti
1574 1116 1640 1153 se
1660 1098 2025 1152 obtulerunt:

371 1192 567 1262 injusti
616 1193 717 1262 qui
767 1192 1229 1257 declinaverunt,
1293 1191 1364 1243 de
1425 1190 1643 1259 quibus
1695 1187 1835 1241 dicit
1881 1186 2027 1253 (:24):

373 1280 502 1345 Quae
541 1280 771 1334 utilitas
795 1281 855 1333 in
896 1280 1186 1349 sanguine
1226 1277 1572 1348 meo(Psal.
1611 1293 1784 1343 xxxx,
1816 1275 1941 1343 10);
1976 1275 2032 1328 id

372 1372 474 1435 est,
494 1369 595 1439 qui
614 1368 864 1439 justitiae
892 1384 1037 1422 meae
1055 1367 1398 1436 profectus?
1432 1366 1600 1420 Unde
1631 1368 1688 1419 et
1717 1364 1797 1418 illi
1825 1380 1838 1419 :
1871 1363 2031 1417 Alli-

368 1474 565 1528 gemus
586 1457 836 1527 justum,
873 1458 1006 1528 quia
1030 1456 1265 1509 inutilis
1297 1461 1387 1509 est
1413 1455 1587 1509 nobis
1627 1454 1790 1525 (Sap.
1824 1470 1885 1521 ιι,
1920 1450 2029 1521 1‘2),

371 1546 422 1599 id
442 1550 553 1615 est,
583 1545 847 1616 injustas
872 1546 986 1615 (‘25)
1009 1548 1105 1616 qui
1125 1561 1238 1599 nos
1260 1545 1474 1616 arguit,
1493 1543 1865 1611 condemnat,
1897 1558 2032 1596 cer-

367 1635 512 1705 ripit.
548 1634 717 1688 Licet
764 1634 877 1689 hoc
906 1635 1100 1704 possit
1148 1634 1322 1688 etiam
1366 1633 1440 1687 ad
1484 1632 1788 1686 avaritiam
1834 1629 2028 1685 hemi-

371 1741 505 1777 num
535 1725 856 1795 impierum
887 1724 1163 1792 derivari,
1212 1740 1345 1795 qua:
1377 1723 1642 1793 perﬁdia:
1671 1722 1866 1775 vicina
1897 1724 2027 1790 est;

365 1813 510 1866 sicut
540 1814 602 1867 in
636 1813 785 1868 Juda
826 1814 1123 1883 proditore
1167 1813 1441 1884 legimus,
1479 1813 1578 1883 qui
1609 1810 1870 1865 avaritiae
1902 1812 2033 1864 stu-

365 1902 453 1957 dio
483 1905 539 1956 et
569 1903 842 1972 pecuniae
875 1903 1212 1973 cupiditate,
1255 1902 1531 1972 laqueum
1561 1900 1913 1970 proditionis
1944 1899 2030 1953 in-
2055 1908 2110 1971 Β

363 1991 537 2043 currit
565 1995 747 2062 atque
783 1991 1005 2045 incidit.

425 2080 510 2133 25.
545 2080 636 2134 De
670 2080 780 2133 hac
813 2081 994 2152 igitur
1036 2079 1404 2135 tractandum
1435 2082 1529 2134 est
1575 2078 1844 2145 utilitate,
1894 2093 2029 2147 qum

362 2168 434 2221 sit
452 2168 630 2238 plena
654 2168 1004 2237 honestatis,
1019 2170 1177 2223 sicut
1199 2169 1349 2238 ipsis
1370 2168 1574 2224 verbis
1596 2166 1859 2221 definivit
1883 2168 2031 2236 Ape-

363 2257 550 2311 stolus
586 2257 830 2312 dicens:
866 2258 988 2312 Hoc
1006 2264 1198 2312 autem
1219 2258 1296 2312 ad
1307 2257 1624 2311 utilitatem
1652 2261 1911 2311 vestram
1934 2255 2030 2310 di-

363 2361 439 2411 co,
468 2362 583 2401 non
632 2352 690 2400 ut
724 2352 991 2417 laqueum
1032 2346 1297 2417 injiciam
1329 2346 1514 2414 vobis,
1549 2346 1659 2400 sed
1678 2345 1754 2400 ad
1787 2345 1851 2399 id
1882 2345 2032 2417 quod

367 2434 677 2489 honestum
702 2443 793 2490 est
810 2435 867 2504 (Ι
885 2436 1018 2490 Cor.
1044 2453 1145 2504 vn,
1170 2436 1276 2497 25).
1308 2435 1516 2505 Liquet
1538 2435 1719 2505 igitur
1738 2434 1895 2504 quod
1919 2433 2029 2488 he-

366 2527 595 2577 nestum
627 2527 741 2593 est,
776 2524 917 2578 utile
965 2540 1140 2593 esse;
1190 2527 1247 2578 et
1276 2523 1433 2594 quod
1466 2522 1625 2592 utile,
1672 2522 2025 2577 honestum:

359 2615 409 2665 et
439 2612 596 2682 quod
647 2613 790 2667 utile
815 2612 1084 2683 justum;
1132 2616 1188 2666 et
1234 2612 1391 2684 quod
1417 2612 1667 2683 justum,
1719 2612 1860 2666 utile
1892 2612 2025 2681 (26).

364 2699 563 2771 Neque
595 2702 757 2755 enim
772 2702 911 2755 mihi
940 2702 1012 2755 ad
1026 2704 1386 2756 mercatores
1414 2701 1564 2755 lucri
1591 2700 1864 2771 cupidine
1886 2717 2028 2753 ava-

359 2804 473 2855 ros,
516 2790 631 2844 sed
664 2791 737 2843 ad
770 2790 927 2845 ﬁlios
973 2806 1172 2844 sermo
1204 2794 1315 2857 cst,
1366 2794 1422 2844 et
1454 2805 1653 2844 sermo
1684 2789 1755 2843 de
1788 2788 2024 2858 ofﬁciis,

359 2893 483 2947 quae
506 2878 686 2932 vobis
705 2893 858 2949 quos
880 2879 1036 2949 elegi
1056 2879 1113 2932 in
1135 2879 1526 2933 ministerium
1550 2878 1803 2946 Domini,
1844 2879 2028 2933 incul-

356 2981 486 3021 care
516 2969 720 3037 gestio
751 2970 925 3038 atque
957 2967 1267 3021 infundere
1295 2983 1309 3036 ;
1363 2970 1422 3021 ut
1453 2982 1520 3021 ea
1564 2984 1697 3038 quae
1730 2968 2028 3023 mentibus

355 3071 418 3108 ac
433 3056 706 3109 moribus
724 3057 942 3110 vestris
966 3072 1080 3111 usu
1101 3060 1274 3127 atque
1310 3056 1677 3110 institutione
1714 3055 1915 3110 inclita
1943 3059 2026 3109 at-

354 3158 462 3213 que
484 3136 581 3198 77
616 3144 916 3216 impressa
935 3148 1096 3214 sunt,
1122 3146 1297 3199 etiam
1332 3160 1607 3200 sermone
1630 3160 1698 3199 ac
1716 3144 2029 3215 disciplina

348 3234 687 3302 aperiantur
704 3275 720 3291 .

412 3320 498 3375 26.
519 3322 726 3392 Itaque
754 3321 827 3376 de
855 3322 1098 3377 utilitate
1120 3323 1408 3389 dicturus,
1456 3326 1587 3378 utar
1625 3323 1724 3377 illo
1755 3323 2023 3378 versicu-

353 3409 403 3464 lo
426 3411 817 3481 prOphetice:
847 3411 1090 3466 Declina
1119 3429 1222 3467 cor
1243 3430 1429 3468 meum
1449 3414 1510 3467 in
1534 3413 1871 3468 testimonia
1904 3419 2021 3483 tua,

361 3505 413 3551 et
437 3515 547 3554 non
592 3500 660 3553 in
682 3501 1001 3555 avaritiam
1037 3501 1225 3570 (Psal.
1264 3519 1464 3571 cxvm,
1489 3502 1617 3570 36):
1654 3518 1726 3556 ne
1759 3502 2023 3557 utilitatis

357 3602 534 3642 sonus
563 3590 786 3644 excitet
809 3591 1082 3659 pecuniae
1115 3592 1510 3661 cupiditatem.
1545 3592 1808 3663 Denique
1846 3592 2026 3662 aliqui

347 3674 593 3732 habent:
641 3678 911 3733 Declina
964 3695 1068 3734 cor
1093 3697 1281 3735 meum
1329 3683 1391 3735 in
1439 3682 1775 3736 testimonia
1821 3688 1935 3745 tua,
1967 3686 2026 3735 et

357 3781 463 3821 non
494 3766 571 3821 ad
609 3766 926 3823 utilitatem
949 3784 961 3822 :
998 3769 1110 3823 hoc
1134 3773 1245 3840 est,
1272 3770 1427 3824 illam
1449 3773 1784 3841 quaestuum
1806 3771 2024 3824 nundi-

354 3869 456 3907 nas
486 3860 881 3925 aucupantem
914 3858 1239 3928 utilitatem,
1282 3860 1439 3914 illam
1461 3876 1574 3913 usu
1613 3859 1915 3913 hominum
1949 3859 2023 3913 ad

354 3944 619 4012 pecuniae
651 3945 845 4000 studia
879 3947 1153 4001 inﬂexam
1184 3965 1252 4002 ac
1283 3948 1624 4003 derivatam.
1651 3948 1843 4020 Vulgo
1866 3949 2022 4003 enim

355 4030 461 4085 hoc
489 4034 692 4087 solum
721 4034 923 4090 dicunt
952 4037 1110 4102 utile,
1135 4038 1291 4107 quod
1314 4040 1726 4109 quaestuosum
1750 4054 1762 4093 :
1790 4053 1901 4093 nos
1918 4053 2022 4092 au-

352 4122 461 4175 tem
488 4122 564 4176 de
599 4137 669 4176 ea
700 4126 1020 4179 tractamus
1054 4126 1316 4195 utilitate,
1351 4142 1484 4197 quae
1534 4127 1765 4181 damnis
1796 4126 2019 4197 quaari-

353 4211 473 4278 tur;
504 4214 567 4264 ut
600 4210 905 4266 Christum
936 4214 1254 4283 lucremur,
1289 4214 1466 4286 cujus
1489 4218 1758 4287 quaestus
1791 4219 1883 4270 est
1902 4216 2021 4285 pie-

352 4300 437 4351 tas
483 4316 621 4355 cum
653 4300 1007 4357 sufﬁcientia
1054 4303 1111 4368 (Ι
1141 4303 1285 4359 Tim.
1339 4321 1418 4375 vx,
1452 4304 1524 4368 6).
1577 4305 1830 4376 Magnus
1879 4320 2019 4374 pre-

352 4384 497 4443 fecte
530 4394 825 4460 quaestus,
860 4407 976 4463 quo
1007 4393 1283 4462 pietatem
1315 4394 1679 4465 acquirimus
1712 4392 1845 4463 (27),
1880 4410 2014 4464 quas

357 4477 501 4545 apud
520 4478 706 4533 Deum
727 4479 894 4534 dives
918 4484 1028 4549 est,
1070 4496 1187 4535 non
1206 4482 1448 4538 caducis
1470 4482 1868 4552 facultatibus,
1909 4483 2018 4538 sed

422 4619 531 4688 (ἒ)
581 4621 876 4677 Alluditur
904 4623 977 4676 ad
1026 4624 1080 4677 id

357 4687 439 4768 18,
471 4687 712 4768 dicitur:
752 4714 785 4768 «_
823 4697 1014 4765 Atque
1056 4687 1229 4750 etiam
1262 4687 1601 4767 subjiciunt.
1639 4687 1706 4751 se
1739 4687 2011 4752 homines

355 4763 604 4835 imperio
624 4764 866 4818 alterius
898 4763 953 4819 et
982 4768 1275 4835 potestati,
1314 4791 1335 4815 ιι
1373 4763 1484 4823 etc.

418 4832 531 4902 (24)
563 4833 734 4910 Edit.,
761 4832 1079 4910 dequilms
1106 4839 1398 4910 dicitur“,
1434 4840 1568 4894 dum
1601 4839 1900 4896 descende
1946 4840 2009 4893 in

357 4906 802 4979 corruptionem,
838 4906 903 4961 id
932 4914 1044 4974 est,
1077 4910 1223 4979 quis,
1258 4906 1369 4964 etc.

362 5040 373 5051 .
406 4971 538 5051 (35f
562 4976 678 5031 Sex
709 4994 891 5051 mss.,i
916 4979 980 5033 id
1010 4971 1101 5034 est
1134 4982 1415 5049 iniustis:
1468 4981 1559 5036 cui
1593 4981 1831 5037 lectioni
1865 4998 2012 5036 ceu-

351 5048 593 5125 l9ﬁttll‘aa
638 5064 765 5125 sui:
808 5050 1096 5104 calculum
1147 5048 1363 5123 adjecit
1394 5053 1500 5125 rvir
1530 5070 1667 5125 non
1695 5053 1969 5125 indoctus
1996 5069 2008 5108 :

357 5114 447 5196 alii
473 5120 663 5172 tamen
688 5118 764 5196 28
795 5125 852 5174 et
891 5137 1096 5196 omnes
1143 5114 1303 5191 edit,
1340 5124 1403 5178 id
1432 5129 1544 5190 est,
1578 5124 1857 5194 injustas.
1894 5124 2015 5196 Ma:

362 5191 799 5267 gis‘appesi‘te;
849 5208 967 5267 non
999 5194 1155 5247 enim
1197 5196 1268 5248 ad
1301 5211 1509 5250 vocem
1558 5191 1748 5263 nobis,
1784 5196 1892 5249 sed
1938 5195 2014 5249 ad

359 5258 586 5338 inutilis
617 5261 923 5315 referenda
956 5268 1047 5338 est
1096 5282 1213 5319 vox
1258 5267 1548 5338 injustas:
1604 5258 1754 5338 cum,
1780 5267 1837 5319 id
1877 5269 2015 5338 agat

359 5325 479 5412 hoc.
508 5330 637 5412 loco
668 5338 913 5412 sanctus
953 5336 1199 5412 Doctor,
1234 5342 1293 5391 ut
1313 5325 1567 5412 vet‘utile
1602 5354 1708 5408 pro
1734 5325 2013 5409 justeret

358 5403 783 5476 contrajnutile
814 5421 920 5475 pre
950 5406 1175 5476 injuste
1206 5409 1357 5462 sumi
1394 5403 1776 5463 demonstret.

567 5471 642 5549 Ita
664 5470 1086 5549 _mssf_emnes,
1122 5478 1355 5533 duobus
1385 5481 1674 5549 exceptis,
1708 5483 1769 5532 in
1791 5479 2012 5549 quibus

355 5543 441 5622 est
468 5542 682 5622 aliquid
716 5542 1119 5622 confusionis:
1152 5550 1288 5605 edit.
1322 5566 1484 5615 vero,
1519 5542 1669 5622 quod
1697 5542 2008 5605 honestum

359 5617 465 5691 est,
499 5614 637 5691 utile
668 5623 726 5669 et
756 5616 974 5691 iustum
1006 5636 1182 5675 esse:
1223 5627 1282 5675 et
1315 5614 1659 5691 qued’u'tile,
1698 5622 2009 5675 honestum

360 5685 651 5761 οιεζρ-ειψη
677 5694 784 5761 :_e_t
816 5690 967 5761 quod
981 5693 1229 5761 justum,
1266 5685 1410 5746 utile
1440 5699 1500 5747 et
1535 5685 1863 5747 honestum.

424 5750 534 5825 (Ἦ)
560 5752 678 5815 Cic.
708 5750 907 5832 lib.'n,
939 5750 1075 5835 pag.
1109 5750 1235 5834 3'15,
1268 5763 1371 5819 lin.
1405 5763 1506 5819 18:
1561 5784 1584 5815 ι
1621 5764 1780 5819 Deos
1809 5762 2010 5837 placa-

2141 633 2246 687 sed
2280 636 2565 687 constans
2596 638 2650 688 et
2681 637 2960 704 perpetua
2994 634 3071 688 sit
3101 637 3307 707 gratia.

2215 722 2302 775 ‘27.
2326 722 2430 777 Est
2466 723 2647 793 igitur
2680 723 2899 777 utilitas
2942 724 3054 777 alia
3090 728 3439 799 corporalis,
3476 729 3588 783 alia
3620 732 3810 801 pieta-

2144 812 2241 881 tis,
2267 812 2421 867 sicut
2451 812 2651 865 divisit
2675 812 2996 882 Apostolus
3024 828 3034 867 :
3076 813 3419 885 Corporalis
3438 818 3810 890 enimtexer-

2144 902 2349 955 citatio
2367 918 2432 956 ac
2454 901 2762 964 modicum.
2799 901 3005 972 inquit,
3038 902 3203 955 utilis
3238 912 3360 958 est:
3387 907 3585 976 pietas
3617 916 3810 964 autem

2143 990 2219 1046 ad
2236 991 2429 1045 omnia
2468 989 2633 1044 utilis
2660 996 2750 1044 est
2786 990 2843 1059 (Ι
2877 990 3018 1044 Tim.
3056 1008 3134 1061 ιν,
3177 992 3252 1061 8).
3289 992 3437 1057 Quid
3468 999 3660 1051 autem
3690 1002 3810 1054 tam

2144 1080 2478 1147 honestum,
2528 1095 2703 1149 quam
2747 1080 3100 1152 integritas?
3146 1079 3295 1145 Quid
3342 1085 3807 1157 tamdecerum,

2142 1185 2316 1239 quam
2354 1168 2787 1222 immaculatum
2830 1174 3349 1239 scrvarc'cerpus,
3380 1175 3434 1225 et
3466 1174 3811 1231 inviolatum

2140 1262 2313 1328 atque
2363 1257 2765 1311 inluminatum
2796 1258 3076 1327 pudorem
3100 1260 3128 1312 ‘?
3159 1259 3308 1323 Quid
3342 1262 3513 1315 etiam
3564 1266 3679 1317 tam
3711 1266 3812 1319 dc-

2142 1362 2364 1415 cerum,
2387 1361 2559 1417 quam
2579 1350 2637 1400 ut
2658 1347 2833 1400 vidua
2858 1363 3008 1401 uxor
3034 1346 3311 1401 defuncto
3356 1350 3597 1422 conjugi
3631 1352 3811 1408 ﬁdem

2141 1438 2382 1489 servet?
2402 1435 2550 1500 Quid
2569 1436 2741 1489 etiam
2760 1434 2871 1489 hoc
2896 1436 3117 1503 utilius,
3144 1453 3260 1506 quo
3280 1453 3528 1508 regnum
3564 1442 3808 1498 caeleste

2141 1524 2509 1595 acquiritur?
2539 1524 2688 1577 Sunt
2721 1525 2875 1577 enim
2936 1525 3031 1596 qui
3074 1541 3140 1579 se
3172 1532 3370 1580 castra
3385 1536 3595 1583 verunt
3627 1548 3804 1603 prop-

2144 1618 2239 1667 ter
2268 1628 2515 1684 regnum
2548 1612 2823 1668 etelorum
2855 1613 3092 1683 (Matt/2.
3126 1631 3247 1684 xix,
3282 1612 3390 1685 12).

2773 1739 3024 1793 CAPUT
3057 1739 3175 1794 VII.

2147 1861 2478 1917 Utilitatem
2512 1863 2664 1916 idem
2698 1879 2833 1916 esse
2864 1879 2931 1916 ac
2971 1864 3375 1930 honestatem;
3420 1869 3575 1922 nihil
3600 1878 3794 1926 autem

2213 1934 2417 1987 utilius
2444 1934 2781 1999 dilectione,
2816 1951 2942 2005 (μμ-θ
2962 1940 3433 2002 mansuetudine,
3472 1940 3803 1997 atl'abilita-

2212 2012 2291 2072 te,
2316 2005 2731 2073 beneficentia;
2753 2006 2995 2075 justitia
3019 2007 3270 2078 aliisque
3303 2012 3627 2066 virtutibus
3650 2030 3802 2067 cem-

2202 2083 2457 2157 pqrqtyr
2481 2097 2495 2129 :
2527 2078 3012 2157 quemadmodum
3039 2095 3117 2157 ex
3144 2080 3377 2150 .lloysis
3409 2089 3582 2153 atque
3616 2085 3701 2137 Da
3714 2087 3805 2137 vi-

2210 2147 2307 2220 dis
2332 2147 2586 2220 historia
2619 2148 2795 2201 datur
2816 2148 3077 2220 intelligi
3096 2165 3109 2203 :
3129 2147 3431 2220 pesti-emo
3462 2147 3520 2206 et
3547 2169 3578 2208 e
3612 2155 3805 2210 dilec-

2217 2218 2376 2272 tione
2406 2218 2581 2272 liilem
2615 2220 2799 2287 nasci,
2834 2225 2892 2272 et
2933 2218 3148 2273 rursus
3178 2237 3210 2275 e
3251 2222 3384 2283 ﬁde.
3400 2223 3801 2281 dilectionem.

2209 2341 2298 2397 28.
2326 2343 2628 2415 Estigitur
2649 2359 2764 2397 non
2789 2344 2984 2398 solum
3024 2344 3308 2400 familiare
3345 2350 3800 2406 contubernium

2141 2432 2469 2488 honestatis
2504 2436 2559 2486 ct
2589 2433 2874 2503 utilitatis,
2908 2434 3014 2487 sed
3055 2434 3257 2488 eadem
3290 2453 3524 2507 quoque
3556 2440 3799 2510 utilitas,

2141 2538 2274 2592 quin
2293 2522 2597 2576 honestas.
2625 2522 2759 2575 Ideo
2782 2524 2835 2575 et
2860 2522 2954 2575 ille
2973 2523 3068 2594 qui
3093 2539 3341 2595 regnum
3364 2526 3647 2580 caelorum
3693 2546 3803 2584 ve-

2135 2610 2292 2664 lebat
2316 2610 2589 2664 omnibus
2629 2610 2877 2679 aperire,
2921 2627 3037 2664 non
3060 2613 3217 2683 quod
3258 2613 3373 2666 sibi
3397 2615 3535 2668 utile
3574 2633 3803 2687 quaere-

2134 2699 2253 2769 bat,
2288 2699 2395 2753 sed
2427 2699 2582 2770 quod
2617 2699 2912 2753 omnibus.
2948 2699 3116 2754 Unde
3164 2701 3307 2755 ordo
3342 2703 3578 2773 quidam
3627 2707 3802 2761 nobis

2137 2791 2196 2843 et
2224 2788 2447 2859 gradus
2499 2788 2808 2842 faciendus
2858 2791 2968 2857 est,
3006 2789 3177 2843 etiam
3226 2791 3298 2844 ab
3332 2792 3424 2844 his
3480 2794 3715 2849 usitatis
3748 2799 3804 2851 et

2141 2877 2553 2932 communibus
2602 2879 2671 2930 ad
2704 2893 2771 2932 ea
2817 2893 2950 2948 quae
2982 2881 3119 2932 sunt
3165 2882 3602 2954 praecellentia;
3636 2887 3698 2938 ut
3728 2902 3804 2941 ex

2138 2967 2410 3038 pluribus
2442 2967 2707 3020 utilitatis
2741 2967 3092 3038 colligamus
3125 2968 3476 3037 profectum.

2210 3054 2298 3112 Q9.
2331 3058 2417 3111 Ac
2454 3057 2706 3127 primum
2737 3060 3078 3112 noverimus
3108 3058 3252 3112 nihil
3287 3062 3399 3114 tam
3431 3062 3588 3133 utile,
3625 3081 3800 3135 quam

2089 3185 2094 3190 -
2140 3145 2305 3217 diligi
2338 3144 2486 3215 (28):
2548 3144 2692 3199 nihil
2746 3149 2862 3199 tam
2918 3146 3141 3216 inutile,
3190 3163 3360 3219 quam
3404 3167 3519 3204 non
3578 3155 3798 3224 amari;

2047 3265 2103 3335 ο
2137 3251 2270 3289 nam
2302 3235 2435 3288 edie
2467 3233 2674 3288 haberi
2705 3234 2939 3289 exitiale
2963 3250 3030 3288 ac
3055 3236 3230 3288 nimis
3256 3237 3500 3306 capitale
3519 3241 3795 3296 arbitror.

2141 3325 2339 3394 Itaque
2372 3323 2428 3378 id
2460 3338 2728 3395 agamus,
2759 3325 2822 3377 ut
2861 3324 3016 3378 omni
3066 3324 3375 3380 sedulitate
3421 3331 3798 3385 commende-

2136 3430 2269 3468 mus
2328 3412 2821 3467 existimationem
2881 3413 3333 3485 opinionemque
3393 3418 3675 3485 nostram,
3730 3436 3798 3475 ac

2134 3503 2387 3572 primum
2416 3501 2746 3571 placiditate
2780 3503 2992 3555 mentis
3023 3506 3077 3557 et.
3106 3503 3282 3557 animi
3321 3505 3683 3578 benignitate
3716 3510 3797 3562 in-

2137 3593 2389 3646 fluamus
2420 3591 2478 3644 in
2507 3588 2779 3645 affectum
2801 3591 3101 3646 hominum
3132 3593 3263 3663 (“.29).
3301 3596 3609 3665 l‘epularis
3640 3599 3799 3653 enim

2136 3684 2192 3735 et
2221 3683 2384 3751 grata
2417 3682 2508 3734 est
2550 3680 2826 3734 omnibus
2874 3681 3130 3750 bonitas,
3181 3684 3445 3755 nihilque
3475 3687 3630 3756 quod
3680 3692 3797 3742 tam

2136 3769 2305 3824 facile
2352 3769 2625 3823 illabatur
2670 3769 2944 3823 humanis
3008 3772 3313 3826 sensibus.
3366 3774 3445 3827 Ea
3513 3776 3565 3829 si
3627 3792 3797 3831 man-

2130 3857 2441 3913 suetudine
2502 3874 2728 3913 morum
2768 3873 2837 3912 ac
2887 3858 3181 3929 facilitate,
3216 3865 3338 3915 tum
3395 3864 3796 3921 moderatione

2128 3949 2429 4018 praecepti,
2464 3950 2520 4002 et
2549 3946 2886 4002 affabilitate
2917 3951 3234 4019 sermonis,
3277 3953 3597 4007 verberum
3619 3954 3799 4009 hone-

2128 4053 2211 4101 re,
2248 4037 2490 4107 patienti
2519 4052 2755 4108 quoque
2801 4051 3145 4093 sermonum
3174 4040 3325 4109 vice,
3369 4044 3795 4115 modestiaeque

2127 4126 2444 4198 adjuvetur
2471 4128 2679 4197 gratia,
2715 4127 3062 4181 incredibile
3093 4133 3373 4199 quantum
3423 4133 3692 4201 procedit
3722 4135 3795 4189 ad

2128 4216 2425 4270 cumulum
2455 4215 2788 4270 dilectionis
2820 4215 2953 4285 (30).

2207 4296 2304 4360 78
2333 4304 2421 4359 30.
2476 4305 2756 4375 Legimus
2805 4305 2959 4359 enim
3009 4322 3125 4361 non
3175 4308 3367 4363 solum
3427 4310 3487 4363 in
3544 4310 3792 4380 privatis

2128 4394 2235 4449 sed
2268 4395 2440 4448 etiam
2472 4394 2531 4446 in
2560 4394 2712 4463 ipsis
2762 4394 3009 4465 regibus
3039 4396 3167 4465 (31),
3219 4401 3499 4467 quantum
3540 4397 3793 4454 facilitas

2125 4483 2357 4538 blandae
2375 4481 2731 4537 affabilitatis
2748 4481 3065 4552 profecerit
3085 4485 3219 4553 (32),
3245 4487 3341 4539 aut
3360 4486 3641 4557 superbia
3654 4502 3793 4542 ver-

1111 4625 1267 4696 qued
1312 4625 1549 4694 ibidem,
1582 4642 1719 4697 pag.
1741 4624 1878 4697 7376,
1910 4626 2087 4697 lin.D
2123 4628 2217 4681 tos
2248 4626 2435 4697 pietas
2468 4625 2685 4680 efficiat
2714 4628 2772 4679 et
2799 4626 3103 4697 sanctitas,
3144 4650 3166 4675 η
3200 4630 3310 4682 etc.

2195 4694 2307 4765 (‘28)
2338 4698 2461 4751 Cic.
2508 4696 2609 4751 lib.
2644 4714 2702 4762 ιι,
2755 4712 2889 4767 pag.
2923 4694 3047 4764 377,
3095 4697 3196 4751 lin.
3232 4698 3264 4751 “2
3297 4714 3309 4753 :
3364 4722 3386 4746 α
3425 4700 3647 4756 Rerum
3691 4719 3793 4759 au-

2121 4771 2240 4845 tem
2282 4769 2557 4845 omnium
2615 4782 2725 4845 nec
2763 4768 2966 4845 aptius
3014 4770 3107 4822 est
3150 4768 3468 4841 quidquam
3514 4774 3588 4827 ad
3646 4790 3791 4845 epes

2121 4840 2373 4893 tuendas
2405 4854 2580 4908 quam
2610 4838 2796 4908 diligi,
2834 4860 2855 4885 ι»
2893 4842 3005 4892 etc.

2194 4910 2307 4986 ('29)
2338 4907 2489 4986 Edit,
2522 4907 2914 4986 aefacilitate
2954 4911 3153 4986 animi,
3195 4913 3603 4986 moderatione
3626 4933 3791 4986 prte-

2122 4979 2377 5057 eepti,_et
2390 4979 2753 5057 affabilitate
2761 4982 3077 5057 sermonis,
3092 4984 3521 5057 verborumque
3537 4979 3780 5043 honore.

2120 5050 2221 5129 Cic
2256 5053 2448 5129 lib,__n,
2483 5066 2618 5129 pag.
2652 5050 3048 5129 378_.__lin,_2t:
3107 5077 3128 5102 «
3181 5054 3297 5129 Sed
3326 5050 3435 5111 est.
3458 5057 3611 5112 alius
3662 5059 3791 5129 qui-

2122 5125 2253 5177 dam
2284 5123 2477 5176 aditus
2534 5122 2606 5175 ad
2649 5123 3099 5189 multitudinem,
3159 5130 3221 5180 ut
3250 5127 3309 5180 in
3371 5122 3791 5185 universorum

2122 5195 2352 5248 animos
2382 5198 2656 5264 tanquam
2691 5194 2956 5264 inﬂuere,
2998 5219 3019 5243 υ
3058 5201 3168 5251 etc.

2191 5266 2303 5334 (30)
2340 5265 2515 5328 Il)id.,
2549 5281 2683 5335 pag.
2718 5265 2842 5334 880,
2878 5267 2978 5321 lin.
3012 5268 3119 5321 48:
3178 5291 3199 5315 α
3236 5268 3350 5323 Sed
3384 5274 3577 5326 tamen
3626 5272 3787 5326 diffi-

2122 5336 2232 5390 cile
2264 5338 2422 5390 dictu
2452 5339 2544 5390 est
2594 5342 2953 5407 quantopere
2993 5339 3267 5394 conciliet
3313 5343 3544 5396 animos
3594 5343 3788 5397 hemi-

2121 5424 2281 5472 num,
2321 5432 2342 5454 ιι
2378 5411 2489 5460 etc.

2193 5479 2316 5552 (31),
2337 5478 2513 5552 lbid.,_
2538 5478 2639 5531 lin.
2672 5479 2780 5533 49:
2819 5479 3129 5552 thxstant
3152 5483 3420 5552 epistola)
3452 5487 3507 5537 et
3532 5482 3784 5552 Philippi

2120 5549 2192 5623 ad
2244 5549 2696 5623 _Atexand_rum,,
2744 5550 2961 5623 quibus
3022 5549 3375 5623 praecipiunt
3403 5556 3465 5607 ut
3521 5549 3786 5607 oratione

2120 5621 2377 5691 benigna
2410 5619 2798 5691 multitudinis
2830 5619 3079 5689 animos,
3121 5649 3141 5672 ιι
3175 5619 3285 5679 etc.

2192 5692 2305 5764 (3'2)
2336 5691 2507 5745 Rom.
2552 5690 2680 5764 _edi_t
2723 5691 2870 5764 sola,
2925 5692 3304 5749 all‘abilitatis
3340 5691 3666 5764 profuerit.
3712 5694 3786 5751 Et

2120 5762 2295 5834 infra,
2328 5778 2360 5816 a
2386 5760 2593 5837 populo
2623 5761 2737 5817 Dei
2766 5762 2985 5833 illatas,
3014 5768 3125 5820 etc.
