  <div class='ocr_page' id='page_1' title='image "/cluster/home/n/w/nwhite01/storage/ocr_20150623/16/hvd.32044096580444/065.png"; bbox 0 0 4002 6150; ppageno 0'>
   <div class='ocr_carea' id='block_1_1' title="bbox 297 338 421 410">
    <p class='ocr_par' dir='ltr' id='par_1_1' title="bbox 297 338 421 410">
     <span class='ocr_line' id='line_1_1' title="bbox 297 338 421 410; baseline -0.024 0"><span class='ocrx_word' id='word_1_1' title='bbox 297 338 421 410; x_wconf 88' lang='lat'><strong>119</strong></span> 
     </span>
    </p>
   </div>
   <div class='ocr_carea' id='block_1_2' title="bbox 1745 329 2294 399">
    <p class='ocr_par' dir='ltr' id='par_1_2' title="bbox 1745 329 2294 399">
     <span class='ocr_line' id='line_1_2' title="bbox 1745 329 2294 399; baseline 0.005 -3"><span class='ocrx_word' id='word_1_2' title='bbox 1745 334 1810 399; x_wconf 91' lang='lat' dir='ltr'><strong>S.</strong></span> <span class='ocrx_word' id='word_1_3' title='bbox 1854 329 2294 399; x_wconf 84' lang='lat' dir='ltr'><strong>AMBROSII.</strong></span> 
     </span>
    </p>
   </div>
   <div class='ocr_carea' id='block_1_3' title="bbox 3620 342 3731 412">
    <p class='ocr_par' dir='ltr' id='par_1_3' title="bbox 3620 342 3731 412">
     <span class='ocr_line' id='line_1_3' title="bbox 3620 342 3731 412; baseline 0.045 -5"><span class='ocrx_word' id='word_1_4' title='bbox 3620 342 3731 412; x_wconf 76' lang='lat'><strong>120</strong></span> 
     </span>
    </p>
   </div>
   <div class='ocr_carea' id='block_1_4' title="bbox 300 521 3730 616">
    <p class='ocr_par' dir='ltr' id='par_1_4' title="bbox 300 521 3730 616">
     <span class='ocr_line' id='line_1_4' title="bbox 300 521 3730 616; baseline -0 -15"><span class='ocrx_word' id='word_1_5' title='bbox 300 543 632 616; x_wconf 82' lang='lat' dir='ltr'><strong>horumque</strong></span> <span class='ocrx_word' id='word_1_6' title='bbox 681 539 940 599; x_wconf 79' lang='lat' dir='ltr'><strong>abfuerit</strong></span> <span class='ocrx_word' id='word_1_7' title='bbox 985 543 1213 610; x_wconf 84' lang='lat' dir='ltr'><strong>tumor;</strong></span> <span class='ocrx_word' id='word_1_8' title='bbox 1261 541 1325 596; x_wconf 87' lang='lat' dir='ltr'><strong>ut</strong></span> <span class='ocrx_word' id='word_1_9' title='bbox 1362 555 1548 612; x_wconf 88' lang='lat' dir='ltr'><strong>regna</strong></span> <span class='ocrx_word' id='word_1_10' title='bbox 1579 538 1709 610; x_wconf 86' lang='lat' dir='ltr'><strong>ipsa</strong></span> <span class='ocrx_word' id='word_1_11' title='bbox 1736 535 1965 593; x_wconf 83' lang='lat' dir='ltr'><strong>labefa-</strong></span> <span class='ocrx_word' id='word_1_12' title='bbox 2001 521 2058 581; x_wconf 85' lang='grc' dir='ltr'>Α</span> <span class='ocrx_word' id='word_1_13' title='bbox 2087 540 2284 608; x_wconf 88' lang='lat' dir='ltr'><strong>potum</strong></span> <span class='ocrx_word' id='word_1_14' title='bbox 2321 553 2600 594; x_wconf 86' lang='lat' dir='ltr'><strong>recusare</strong></span> <span class='ocrx_word' id='word_1_15' title='bbox 2621 537 2704 608; x_wconf 82' lang='lat' dir='ltr'><strong>(Il</strong></span> <span class='ocrx_word' id='word_1_16' title='bbox 2724 537 2868 611; x_wconf 79' lang='lat' dir='ltr'><strong>Reg.</strong></span> <span class='ocrx_word' id='word_1_17' title='bbox 2915 553 3014 608; x_wconf 90' lang='grc' dir='ltr'>χιι,</span> <span class='ocrx_word' id='word_1_18' title='bbox 3055 536 3122 594; x_wconf 81' lang='grc'>13</span> <span class='ocrx_word' id='word_1_19' title='bbox 3145 543 3202 594; x_wconf 87' lang='lat' dir='ltr'><strong>et</strong></span> <span class='ocrx_word' id='word_1_20' title='bbox 3243 539 3418 613; x_wconf 87' lang='lat' dir='ltr'><strong>seq.),</strong></span> <span class='ocrx_word' id='word_1_21' title='bbox 3441 545 3730 612; x_wconf 88' lang='lat' dir='ltr'><strong>peccatum</strong></span> 
     </span>
    </p>
   </div>
   <div class='ocr_carea' id='block_1_5' title="bbox 299 626 1964 704">
    <p class='ocr_par' dir='ltr' id='par_1_5' title="bbox 299 626 1964 704">
     <span class='ocr_line' id='line_1_5' title="bbox 299 626 1964 704; baseline -0.005 -14"><span class='ocrx_word' id='word_1_22' title='bbox 299 637 502 704; x_wconf 90' lang='lat' dir='ltr'><strong>etaret,</strong></span> <span class='ocrx_word' id='word_1_23' title='bbox 522 635 580 690; x_wconf 89' lang='lat' dir='ltr'><strong>et</strong></span> <span class='ocrx_word' id='word_1_24' title='bbox 594 635 942 704; x_wconf 87' lang='lat' dir='ltr'><strong>potestatem</strong></span> <span class='ocrx_word' id='word_1_25' title='bbox 959 631 1238 686; x_wconf 77' lang='lat' dir='ltr'><strong>solveret.</strong></span> <span class='ocrx_word' id='word_1_26' title='bbox 1273 630 1404 686; x_wconf 77' lang='lat' dir='ltr'><strong>Jam</strong></span> <span class='ocrx_word' id='word_1_27' title='bbox 1435 629 1490 684; x_wconf 90' lang='lat' dir='ltr'><strong>si</strong></span> <span class='ocrx_word' id='word_1_28' title='bbox 1519 629 1656 701; x_wconf 87' lang='lat' dir='ltr'><strong>quis</strong></span> <span class='ocrx_word' id='word_1_29' title='bbox 1689 626 1964 697; x_wconf 88' lang='lat' dir='ltr'><strong>consilio,</strong></span> 
     </span>
    </p>
   </div>
   <div class='ocr_carea' id='block_1_6' title="bbox 301 716 1974 792">
    <p class='ocr_par' dir='ltr' id='par_1_6' title="bbox 301 716 1974 792">
     <span class='ocr_line' id='line_1_6' title="bbox 301 716 1974 792; baseline -0.005 -13"><span class='ocrx_word' id='word_1_30' title='bbox 301 740 439 792; x_wconf 90' lang='lat' dir='ltr'><strong>usu,</strong></span> <span class='ocrx_word' id='word_1_31' title='bbox 464 723 795 778; x_wconf 90' lang='lat' dir='ltr'><strong>ministerio</strong></span> <span class='ocrx_word' id='word_1_32' title='bbox 814 721 948 792; x_wconf 82' lang='lat'>(33),</span> <span class='ocrx_word' id='word_1_33' title='bbox 973 720 1190 776; x_wconf 75' lang='lat' dir='ltr'><strong>ofﬁciis</strong></span> <span class='ocrx_word' id='word_1_34' title='bbox 1213 719 1554 790; x_wconf 88' lang='lat' dir='ltr'><strong>pepularem</strong></span> <span class='ocrx_word' id='word_1_35' title='bbox 1590 716 1974 788; x_wconf 87' lang='lat' dir='ltr'><strong>comprehen-</strong></span> 
     </span>
    </p>
   </div>
   <div class='ocr_carea' id='block_1_7' title="bbox 303 807 1972 887">
    <p class='ocr_par' dir='ltr' id='par_1_7' title="bbox 303 807 1972 887">
     <span class='ocr_line' id='line_1_7' title="bbox 303 807 1972 887; baseline -0.007 -18"><span class='ocrx_word' id='word_1_36' title='bbox 303 813 402 868; x_wconf 92' lang='lat' dir='ltr'><strong>dat</strong></span> <span class='ocrx_word' id='word_1_37' title='bbox 431 813 711 887; x_wconf 78' lang='lat' dir='ltr'><strong>gratiam:</strong></span> <span class='ocrx_word' id='word_1_38' title='bbox 745 815 845 867; x_wconf 89' lang='lat' dir='ltr'><strong>aut</strong></span> <span class='ocrx_word' id='word_1_39' title='bbox 874 811 928 866; x_wconf 88' lang='lat' dir='ltr'><strong>si</strong></span> <span class='ocrx_word' id='word_1_40' title='bbox 959 809 1097 882; x_wconf 85' lang='lat' dir='ltr'><strong>quis</strong></span> <span class='ocrx_word' id='word_1_41' title='bbox 1127 808 1456 881; x_wconf 90' lang='lat' dir='ltr'><strong>periculum</strong></span> <span class='ocrx_word' id='word_1_42' title='bbox 1488 823 1664 862; x_wconf 91' lang='lat' dir='ltr'><strong>suum</strong></span> <span class='ocrx_word' id='word_1_43' title='bbox 1694 821 1800 877; x_wconf 92' lang='lat' dir='ltr'><strong>pro</strong></span> <span class='ocrx_word' id='word_1_44' title='bbox 1833 807 1972 860; x_wconf 88' lang='lat' dir='ltr'><strong>uni-</strong></span> 
     </span>
    </p>
   </div>
   <div class='ocr_carea' id='block_1_8' title="bbox 301 895 1973 976">
    <p class='ocr_par' dir='ltr' id='par_1_8' title="bbox 301 895 1973 976">
     <span class='ocr_line' id='line_1_8' title="bbox 301 895 1973 976; baseline -0.007 -18"><span class='ocrx_word' id='word_1_45' title='bbox 301 919 480 961; x_wconf 87' lang='lat' dir='ltr'><strong>versa</strong></span> <span class='ocrx_word' id='word_1_46' title='bbox 509 903 683 976; x_wconf 90' lang='lat' dir='ltr'><strong>plebe</strong></span> <span class='ocrx_word' id='word_1_47' title='bbox 714 901 960 970; x_wconf 81' lang='lat' dir='ltr'><strong>offerat;</strong></span> <span class='ocrx_word' id='word_1_48' title='bbox 991 917 1111 956; x_wconf 92' lang='lat' dir='ltr'><strong>non</strong></span> <span class='ocrx_word' id='word_1_49' title='bbox 1140 901 1234 955; x_wconf 90' lang='lat' dir='ltr'><strong>est</strong></span> <span class='ocrx_word' id='word_1_50' title='bbox 1265 897 1508 953; x_wconf 89' lang='lat' dir='ltr'><strong>dubium</strong></span> <span class='ocrx_word' id='word_1_51' title='bbox 1539 895 1697 968; x_wconf 89' lang='lat' dir='ltr'><strong>quod</strong></span> <span class='ocrx_word' id='word_1_52' title='bbox 1746 897 1973 949; x_wconf 90' lang='lat' dir='ltr'><strong>tantum</strong></span> 
     </span>
    </p>
   </div>
   <div class='ocr_carea' id='block_1_9' title="bbox 303 982 1970 1063">
    <p class='ocr_par' dir='ltr' id='par_1_9' title="bbox 303 982 1970 1063">
     <span class='ocr_line' id='line_1_9' title="bbox 303 982 1970 1063; baseline -0.008 -15"><span class='ocrx_word' id='word_1_53' title='bbox 303 992 606 1048; x_wconf 89' lang='lat' dir='ltr'><strong>charitatis</strong></span> <span class='ocrx_word' id='word_1_54' title='bbox 634 1008 668 1046; x_wconf 90' lang='lat' dir='ltr'><strong>a</strong></span> <span class='ocrx_word' id='word_1_55' title='bbox 711 991 886 1063; x_wconf 84' lang='lat' dir='ltr'><strong>plebe</strong></span> <span class='ocrx_word' id='word_1_56' title='bbox 937 989 996 1045; x_wconf 92' lang='lat' dir='ltr'><strong>in</strong></span> <span class='ocrx_word' id='word_1_57' title='bbox 1027 1004 1162 1045; x_wconf 89' lang='lat' dir='ltr'><strong>eum</strong></span> <span class='ocrx_word' id='word_1_58' title='bbox 1207 987 1574 1055; x_wconf 72' lang='lat' dir='ltr'><strong>retundatur,</strong></span> <span class='ocrx_word' id='word_1_59' title='bbox 1609 987 1671 1039; x_wconf 90' lang='lat' dir='ltr'><strong>ut</strong></span> <span class='ocrx_word' id='word_1_60' title='bbox 1715 982 1970 1055; x_wconf 89' lang='lat' dir='ltr'><strong>populus</strong></span> 
     </span>
    </p>
   </div>
   <div class='ocr_carea' id='block_1_10' title="bbox 304 1075 1560 1153">
    <p class='ocr_par' dir='ltr' id='par_1_10' title="bbox 304 1075 1560 1153">
     <span class='ocr_line' id='line_1_10' title="bbox 304 1075 1560 1153; baseline -0.006 -16"><span class='ocrx_word' id='word_1_61' title='bbox 304 1082 554 1138; x_wconf 79' lang='lat' dir='ltr'><strong>salutem</strong></span> <span class='ocrx_word' id='word_1_62' title='bbox 582 1079 718 1153; x_wconf 90' lang='lat' dir='ltr'><strong>ejus</strong></span> <span class='ocrx_word' id='word_1_63' title='bbox 749 1083 807 1136; x_wconf 89' lang='lat' dir='ltr'><strong>et</strong></span> <span class='ocrx_word' id='word_1_64' title='bbox 837 1079 1086 1153; x_wconf 78' lang='lat' dir='ltr'><strong>gratiam</strong></span> <span class='ocrx_word' id='word_1_65' title='bbox 1117 1077 1234 1133; x_wconf 87' lang='lat' dir='ltr'><strong>sibi</strong></span> <span class='ocrx_word' id='word_1_66' title='bbox 1263 1075 1560 1148; x_wconf 70' lang='lat' dir='ltr'><strong>praeferat.</strong></span> 
     </span>
    </p>
   </div>
   <div class='ocr_carea' id='block_1_11' title="bbox 371 1179 1971 1260">
    <p class='ocr_par' dir='ltr' id='par_1_11' title="bbox 371 1179 1971 1260">
     <span class='ocr_line' id='line_1_11' title="bbox 371 1179 1971 1260; baseline -0.007 -16"><span class='ocrx_word' id='word_1_67' title='bbox 371 1189 463 1245; x_wconf 82' lang='grc'><strong>31.</strong></span> <span class='ocrx_word' id='word_1_68' title='bbox 495 1187 756 1255; x_wconf 89' lang='lat' dir='ltr'><strong>Quantas</strong></span> <span class='ocrx_word' id='word_1_69' title='bbox 787 1187 1030 1260; x_wconf 72' lang='lat' dir='ltr'><strong>Moyses</strong></span> <span class='ocrx_word' id='word_1_70' title='bbox 1059 1203 1090 1242; x_wconf 92' lang='lat' dir='ltr'><strong>a</strong></span> <span class='ocrx_word' id='word_1_71' title='bbox 1121 1186 1338 1258; x_wconf 90' lang='lat' dir='ltr'><strong>populo</strong></span> <span class='ocrx_word' id='word_1_72' title='bbox 1370 1185 1564 1240; x_wconf 85' lang='lat' dir='ltr'><strong>illatas</strong></span> <span class='ocrx_word' id='word_1_73' title='bbox 1609 1179 1971 1237; x_wconf 88' lang='lat' dir='ltr'><strong>absorbebat</strong></span> 
     </span>
    </p>
   </div>
   <div class='ocr_carea' id='block_1_12' title="bbox 303 1271 1972 1348">
    <p class='ocr_par' dir='ltr' id='par_1_12' title="bbox 303 1271 1972 1348">
     <span class='ocr_line' id='line_1_12' title="bbox 303 1271 1972 1348; baseline -0.005 -14"><span class='ocrx_word' id='word_1_74' title='bbox 303 1279 693 1335; x_wconf 87' lang='lat' dir='ltr'><strong>contumelias</strong></span> <span class='ocrx_word' id='word_1_75' title='bbox 712 1276 853 1348; x_wconf 67' lang='lat' dir='ltr'><strong>(3t):</strong></span> <span class='ocrx_word' id='word_1_76' title='bbox 879 1279 936 1334; x_wconf 90' lang='lat' dir='ltr'><strong>et</strong></span> <span class='ocrx_word' id='word_1_77' title='bbox 960 1293 1094 1332; x_wconf 92' lang='lat' dir='ltr'><strong>cum</strong></span> <span class='ocrx_word' id='word_1_78' title='bbox 1118 1276 1403 1332; x_wconf 85' lang='lat' dir='ltr'><strong>Dominus</strong></span> <span class='ocrx_word' id='word_1_79' title='bbox 1421 1275 1481 1329; x_wconf 91' lang='lat' dir='ltr'><strong>in</strong></span> <span class='ocrx_word' id='word_1_80' title='bbox 1503 1273 1830 1328; x_wconf 85' lang='lat' dir='ltr'><strong>insolentes</strong></span> <span class='ocrx_word' id='word_1_81' title='bbox 1851 1271 1972 1326; x_wconf 91' lang='lat' dir='ltr'><strong>vin-</strong></span> 
     </span>
    </p>
   </div>
   <div class='ocr_carea' id='block_1_13' title="bbox 300 1362 1970 1437">
    <p class='ocr_par' dir='ltr' id='par_1_13' title="bbox 300 1362 1970 1437">
     <span class='ocr_line' id='line_1_13' title="bbox 300 1362 1970 1437; baseline -0.005 -13"><span class='ocrx_word' id='word_1_82' title='bbox 300 1367 500 1424; x_wconf 89' lang='lat' dir='ltr'><strong>dicare</strong></span> <span class='ocrx_word' id='word_1_83' title='bbox 529 1367 742 1437; x_wconf 84' lang='lat' dir='ltr'><strong>vellet;</strong></span> <span class='ocrx_word' id='word_1_84' title='bbox 771 1381 839 1422; x_wconf 89' lang='lat' dir='ltr'><strong>se</strong></span> <span class='ocrx_word' id='word_1_85' title='bbox 860 1369 1056 1422; x_wconf 91' lang='lat' dir='ltr'><strong>tamen</strong></span> <span class='ocrx_word' id='word_1_86' title='bbox 1082 1381 1190 1437; x_wconf 90' lang='lat' dir='ltr'><strong>pro</strong></span> <span class='ocrx_word' id='word_1_87' title='bbox 1237 1365 1456 1436; x_wconf 91' lang='lat' dir='ltr'><strong>populo</strong></span> <span class='ocrx_word' id='word_1_88' title='bbox 1505 1363 1789 1419; x_wconf 77' lang='lat' dir='ltr'><strong>otferebat</strong></span> <span class='ocrx_word' id='word_1_89' title='bbox 1847 1362 1970 1417; x_wconf 82' lang='lat' dir='ltr'><strong>fre-</strong></span> 
     </span>
    </p>
   </div>
   <div class='ocr_carea' id='block_1_14' title="bbox 300 1450 1970 1530">
    <p class='ocr_par' dir='ltr' id='par_1_14' title="bbox 300 1450 1970 1530">
     <span class='ocr_line' id='line_1_14' title="bbox 300 1450 1970 1530; baseline -0.005 -18"><span class='ocrx_word' id='word_1_90' title='bbox 300 1459 550 1530; x_wconf 89' lang='lat' dir='ltr'><strong>quenter</strong></span> <span class='ocrx_word' id='word_1_91' title='bbox 577 1455 797 1526; x_wconf 83' lang='lat' dir='ltr'><strong>(Exod.</strong></span> <span class='ocrx_word' id='word_1_92' title='bbox 831 1472 1019 1523; x_wconf 84' lang='grc' dir='ltr'>χχχιι,</span> <span class='ocrx_word' id='word_1_93' title='bbox 1071 1454 1132 1510; x_wconf 86' lang='grc'><strong>11</strong></span> <span class='ocrx_word' id='word_1_94' title='bbox 1171 1461 1230 1510; x_wconf 92' lang='lat' dir='ltr'><strong>et</strong></span> <span class='ocrx_word' id='word_1_95' title='bbox 1271 1455 1450 1527; x_wconf 85' lang='lat' dir='ltr'><strong>seq.):</strong></span> <span class='ocrx_word' id='word_1_96' title='bbox 1488 1457 1548 1508; x_wconf 90' lang='lat' dir='ltr'><strong>ut</strong></span> <span class='ocrx_word' id='word_1_97' title='bbox 1579 1450 1970 1524; x_wconf 79' lang='lat' dir='ltr'><strong>indignationi</strong></span> 
     </span>
    </p>
   </div>
   <div class='ocr_carea' id='block_1_15' title="bbox 299 1541 1967 1617">
    <p class='ocr_par' dir='ltr' id='par_1_15' title="bbox 299 1541 1967 1617">
     <span class='ocr_line' id='line_1_15' title="bbox 299 1541 1967 1617; baseline -0.005 -15"><span class='ocrx_word' id='word_1_98' title='bbox 299 1545 517 1602; x_wconf 62' lang='lat' dir='ltr'><strong>divine</strong></span> <span class='ocrx_word' id='word_1_99' title='bbox 563 1545 799 1617; x_wconf 83' lang='lat' dir='ltr'><strong>plebem</strong></span> <span class='ocrx_word' id='word_1_100' title='bbox 847 1541 1239 1600; x_wconf 88' lang='lat' dir='ltr'><strong>subduceret!</strong></span> <span class='ocrx_word' id='word_1_101' title='bbox 1287 1543 1471 1609; x_wconf 90' lang='lat' dir='ltr'><strong>Quam</strong></span> <span class='ocrx_word' id='word_1_102' title='bbox 1523 1543 1644 1597; x_wconf 92' lang='lat' dir='ltr'><strong>miti</strong></span> <span class='ocrx_word' id='word_1_103' title='bbox 1691 1555 1967 1595; x_wconf 83' lang='lat' dir='ltr'><strong>sermone</strong></span> 
     </span>
    </p>
   </div>
   <div class='ocr_carea' id='block_1_16' title="bbox 305 1629 1967 1708">
    <p class='ocr_par' dir='ltr' id='par_1_16' title="bbox 305 1629 1967 1708">
     <span class='ocr_line' id='line_1_16' title="bbox 305 1629 1967 1708; baseline -0.006 -17"><span class='ocrx_word' id='word_1_104' title='bbox 305 1635 400 1706; x_wconf 81' lang='lat'><strong>35)</strong></span> <span class='ocrx_word' id='word_1_105' title='bbox 428 1637 565 1708; x_wconf 92' lang='lat' dir='ltr'><strong>post</strong></span> <span class='ocrx_word' id='word_1_106' title='bbox 592 1633 846 1707; x_wconf 82' lang='lat' dir='ltr'><strong>injurias</strong></span> <span class='ocrx_word' id='word_1_107' title='bbox 897 1632 1228 1705; x_wconf 83' lang='lat' dir='ltr'><strong>appellabat</strong></span> <span class='ocrx_word' id='word_1_108' title='bbox 1257 1632 1558 1704; x_wconf 89' lang='lat' dir='ltr'><strong>p0pulum,</strong></span> <span class='ocrx_word' id='word_1_109' title='bbox 1608 1629 1967 1684; x_wconf 74' lang='lat' dir='ltr'><strong>consolaba-</strong></span> 
     </span>
    </p>
   </div>
   <div class='ocr_carea' id='block_1_17' title="bbox 299 1719 1966 1790">
    <p class='ocr_par' dir='ltr' id='par_1_17' title="bbox 299 1719 1966 1790">
     <span class='ocr_line' id='line_1_17' title="bbox 299 1719 1966 1790; baseline -0.006 -10"><span class='ocrx_word' id='word_1_110' title='bbox 299 1727 396 1780; x_wconf 88' lang='lat' dir='ltr'><strong>tur</strong></span> <span class='ocrx_word' id='word_1_111' title='bbox 425 1723 486 1780; x_wconf 89' lang='lat' dir='ltr'><strong>in</strong></span> <span class='ocrx_word' id='word_1_112' title='bbox 517 1723 842 1786; x_wconf 88' lang='lat' dir='ltr'><strong>laboribus,</strong></span> <span class='ocrx_word' id='word_1_113' title='bbox 879 1723 1162 1778; x_wconf 90' lang='lat' dir='ltr'><strong>delinibat</strong></span> <span class='ocrx_word' id='word_1_114' title='bbox 1191 1721 1471 1790; x_wconf 90' lang='lat' dir='ltr'><strong>oraculis,</strong></span> <span class='ocrx_word' id='word_1_115' title='bbox 1507 1720 1744 1774; x_wconf 81' lang='lat' dir='ltr'><strong>fovebat</strong></span> <span class='ocrx_word' id='word_1_116' title='bbox 1769 1719 1966 1788; x_wconf 87' lang='lat' dir='ltr'><strong>operi-</strong></span> 
     </span>
    </p>
   </div>
   <div class='ocr_carea' id='block_1_18' title="bbox 297 1806 3743 1946">
    <p class='ocr_par' dir='ltr' id='par_1_18' title="bbox 297 1806 3743 1946">
     <span class='ocr_line' id='line_1_18' title="bbox 297 1806 3742 1892; baseline -0 -51"><span class='ocrx_word' id='word_1_117' title='bbox 297 1812 452 1870; x_wconf 73' lang='lat' dir='ltr'><strong>bus:</strong></span> <span class='ocrx_word' id='word_1_118' title='bbox 515 1815 572 1869; x_wconf 65' lang='lat' dir='ltr'><strong>et</strong></span> <span class='ocrx_word' id='word_1_119' title='bbox 621 1829 757 1869; x_wconf 78' lang='lat' dir='ltr'><strong>cum</strong></span> <span class='ocrx_word' id='word_1_120' title='bbox 797 1813 920 1868; x_wconf 72' lang='lat' dir='ltr'><strong>Deo</strong></span> <span class='ocrx_word' id='word_1_121' title='bbox 951 1814 1292 1867; x_wconf 57' lang='lat' dir='ltr'><strong>constanter</strong></span> <span class='ocrx_word' id='word_1_122' title='bbox 1345 1811 1688 1882; x_wconf 57' lang='lat' dir='ltr'><strong>loqueretur</strong></span> <span class='ocrx_word' id='word_1_123' title='bbox 1743 1806 1960 1877; x_wconf 57' lang='lat' dir='ltr'><strong>(Exod.</strong></span> <span class='ocrx_word' id='word_1_124' title='bbox 1996 1826 2051 1892; x_wconf 81' lang='grc' dir='ltr'>Β</span> <span class='ocrx_word' id='word_1_125' title='bbox 2079 1806 2255 1838; x_wconf 78' lang='lat' dir='ltr'><strong>suum</strong></span> <span class='ocrx_word' id='word_1_126' title='bbox 2298 1806 2660 1856; x_wconf 73' lang='lat' dir='ltr'><strong>temporum&quot;.</strong></span> <span class='ocrx_word' id='word_1_127' title='bbox 2693 1806 2931 1840; x_wconf 74' lang='grc' dir='ltr'>Ιιθιιουε</span> <span class='ocrx_word' id='word_1_128' title='bbox 2954 1806 3142 1855; x_wconf 51' lang='grc' dir='ltr'><strong>(Ιέἐυ.</strong></span> <span class='ocrx_word' id='word_1_129' title='bbox 3166 1806 3240 1855; x_wconf 77' lang='lat' dir='ltr'><strong>Cl,</strong></span> <span class='ocrx_word' id='word_1_130' title='bbox 3280 1806 3392 1855; x_wconf 66' lang='lat' dir='ltr'><strong>1U}.</strong></span> <span class='ocrx_word' id='word_1_131' title='bbox 3421 1806 3622 1841; x_wconf 71' lang='grc' dir='ltr'><strong>ΜΘΗ.ιο</strong></span> <span class='ocrx_word' id='word_1_132' title='bbox 3658 1806 3742 1840; x_wconf 71' lang='grc'><strong>810</strong></span> 
     </span>
     <span class='ocr_line' id='line_1_19' title="bbox 301 1873 3743 1946; baseline -0.001 0"><span class='ocrx_word' id='word_1_133' title='bbox 301 1919 506 1946; x_wconf 60' lang='grc' dir='ltr'><strong>γπνιη.</strong></span> <span class='ocrx_word' id='word_1_134' title='bbox 541 1901 576 1946; x_wconf 76' lang='lat' dir='ltr'><strong><em>R</em></strong></span> <span class='ocrx_word' id='word_1_135' title='bbox 610 1907 670 1946; x_wconf 78' lang='lat' dir='ltr'><strong>nl</strong></span> <span class='ocrx_word' id='word_1_136' title='bbox 700 1903 863 1946; x_wconf 58' lang='grc' dir='ltr'><strong>κρῆ)</strong></span> <span class='ocrx_word' id='word_1_137' title='bbox 912 1902 1186 1946; x_wconf 69' lang='lat' dir='ltr'><strong>homines</strong></span> <span class='ocrx_word' id='word_1_138' title='bbox 1227 1904 1421 1946; x_wconf 71' lang='lat' dir='ltr'><strong>tamen</strong></span> <span class='ocrx_word' id='word_1_139' title='bbox 1453 1899 1657 1946; x_wconf 78' lang='lat' dir='ltr'><strong>humili</strong></span> <span class='ocrx_word' id='word_1_140' title='bbox 1705 1903 1760 1946; x_wconf 77' lang='lat' dir='ltr'><strong>et</strong></span> <span class='ocrx_word' id='word_1_141' title='bbox 1801 1899 1965 1946; x_wconf 67' lang='lat' dir='ltr'><strong>arata</strong></span> <span class='ocrx_word' id='word_1_142' title='bbox 2009 1903 2014 1906; x_wconf 83' lang='grc'><em>’</em></span> <span class='ocrx_word' id='word_1_143' title='bbox 2082 1873 2378 1944; x_wconf 61' lang='lat' dir='ltr'><strong>expeﬁlus</strong></span> <span class='ocrx_word' id='word_1_144' title='bbox 2428 1877 2520 1928; x_wconf 54' lang='grc' dir='ltr'><strong>θεῖ</strong></span> <span class='ocrx_word' id='word_1_145' title='bbox 2569 1874 2641 1928; x_wconf 65' lang='lat' dir='ltr'><strong>ab</strong></span> <span class='ocrx_word' id='word_1_146' title='bbox 2672 1874 2952 1930; x_wconf 60' lang='lat' dir='ltr'><strong>universo</strong></span> <span class='ocrx_word' id='word_1_147' title='bbox 3001 1875 3240 1946; x_wconf 66' lang='lat' dir='ltr'><strong>populor</strong></span> <span class='ocrx_word' id='word_1_148' title='bbox 3272 1878 3334 1929; x_wconf 63' lang='lat' dir='ltr'><strong>ut</strong></span> <span class='ocrx_word' id='word_1_149' title='bbox 3380 1875 3648 1930; x_wconf 59' lang='lat' dir='ltr'><strong>venirent</strong></span> <span class='ocrx_word' id='word_1_150' title='bbox 3673 1874 3743 1928; x_wconf 72' lang='lat' dir='ltr'><strong>ad</strong></span> 
     </span>
    </p>
   </div>
   <div class='ocr_carea' id='block_1_19' title="bbox 301 1899 1965 1975">
    <p class='ocr_par' dir='ltr' id='par_1_19' title="bbox 301 1899 1965 1975">
     <span class='ocr_line' id='line_1_20' title="bbox 301 1899 1965 1975; baseline -0.004 -18"><span class='ocrx_word' id='word_1_151' title='bbox 301 1919 510 1972; x_wconf 83' lang='grc' dir='ltr'>χχχιιι,</span> <span class='ocrx_word' id='word_1_152' title='bbox 541 1901 576 1959; x_wconf 89' lang='lat'><strong>8</strong></span> <span class='ocrx_word' id='word_1_153' title='bbox 610 1907 670 1958; x_wconf 85' lang='lat' dir='ltr'><strong>et</strong></span> <span class='ocrx_word' id='word_1_154' title='bbox 699 1903 865 1975; x_wconf 85' lang='lat' dir='ltr'><strong>seq.),</strong></span> <span class='ocrx_word' id='word_1_155' title='bbox 912 1902 1186 1958; x_wconf 82' lang='lat' dir='ltr'><strong>homines</strong></span> <span class='ocrx_word' id='word_1_156' title='bbox 1227 1904 1424 1955; x_wconf 92' lang='lat' dir='ltr'><strong>tamen</strong></span> <span class='ocrx_word' id='word_1_157' title='bbox 1453 1899 1659 1954; x_wconf 85' lang='lat' dir='ltr'><strong>humili</strong></span> <span class='ocrx_word' id='word_1_158' title='bbox 1705 1903 1760 1953; x_wconf 90' lang='lat' dir='ltr'><strong>et</strong></span> <span class='ocrx_word' id='word_1_159' title='bbox 1799 1899 1965 1970; x_wconf 89' lang='lat' dir='ltr'><strong>grata</strong></span> 
     </span>
    </p>
   </div>
   <div class='ocr_carea' id='block_1_20' title="bbox 299 1988 1968 2064">
    <p class='ocr_par' dir='ltr' id='par_1_20' title="bbox 299 1988 1968 2064">
     <span class='ocr_line' id='line_1_21' title="bbox 299 1988 1968 2064; baseline -0.003 -18"><span class='ocrx_word' id='word_1_160' title='bbox 299 1991 696 2064; x_wconf 86' lang='lat' dir='ltr'><strong>appellatione</strong></span> <span class='ocrx_word' id='word_1_161' title='bbox 742 1989 910 2046; x_wconf 78' lang='lat' dir='ltr'><strong>atl‘ari</strong></span> <span class='ocrx_word' id='word_1_162' title='bbox 955 1988 1221 2046; x_wconf 89' lang='lat' dir='ltr'><strong>selebatl</strong></span> <span class='ocrx_word' id='word_1_163' title='bbox 1273 1989 1484 2045; x_wconf 85' lang='lat' dir='ltr'><strong>Merito</strong></span> <span class='ocrx_word' id='word_1_164' title='bbox 1517 1989 1843 2044; x_wconf 82' lang='lat' dir='ltr'><strong>aestimatus</strong></span> <span class='ocrx_word' id='word_1_165' title='bbox 1875 1990 1968 2042; x_wconf 89' lang='lat' dir='ltr'><strong>est</strong></span> 
     </span>
    </p>
   </div>
   <div class='ocr_carea' id='block_1_21' title="bbox 300 2075 1965 2152">
    <p class='ocr_par' dir='ltr' id='par_1_21' title="bbox 300 2075 1965 2152">
     <span class='ocr_line' id='line_1_22' title="bbox 300 2075 1965 2152; baseline -0.004 -16"><span class='ocrx_word' id='word_1_166' title='bbox 300 2096 482 2152; x_wconf 85' lang='lat' dir='ltr'><strong>supra</strong></span> <span class='ocrx_word' id='word_1_167' title='bbox 511 2080 806 2150; x_wconf 80' lang='lat' dir='ltr'><strong>homines,</strong></span> <span class='ocrx_word' id='word_1_168' title='bbox 839 2083 904 2136; x_wconf 91' lang='lat' dir='ltr'><strong>ut</strong></span> <span class='ocrx_word' id='word_1_169' title='bbox 929 2083 986 2134; x_wconf 90' lang='lat' dir='ltr'><strong>et</strong></span> <span class='ocrx_word' id='word_1_170' title='bbox 1014 2079 1237 2134; x_wconf 89' lang='lat' dir='ltr'><strong>vultum</strong></span> <span class='ocrx_word' id='word_1_171' title='bbox 1279 2078 1415 2150; x_wconf 90' lang='lat' dir='ltr'><strong>ejus</strong></span> <span class='ocrx_word' id='word_1_172' title='bbox 1446 2094 1563 2134; x_wconf 90' lang='lat' dir='ltr'><strong>non</strong></span> <span class='ocrx_word' id='word_1_173' title='bbox 1592 2079 1841 2148; x_wconf 87' lang='lat' dir='ltr'><strong>possent</strong></span> <span class='ocrx_word' id='word_1_174' title='bbox 1872 2075 1965 2130; x_wconf 86' lang='lat' dir='ltr'><strong>in-</strong></span> 
     </span>
    </p>
   </div>
   <div class='ocr_carea' id='block_1_22' title="bbox 297 2167 1966 2241">
    <p class='ocr_par' dir='ltr' id='par_1_22' title="bbox 297 2167 1966 2241">
     <span class='ocr_line' id='line_1_23' title="bbox 297 2167 1966 2241; baseline -0.002 -17"><span class='ocrx_word' id='word_1_175' title='bbox 297 2169 540 2227; x_wconf 83' lang='lat' dir='ltr'><strong>tendere</strong></span> <span class='ocrx_word' id='word_1_176' title='bbox 567 2169 781 2241; x_wconf 83' lang='lat' dir='ltr'><strong>(Hebr.</strong></span> <span class='ocrx_word' id='word_1_177' title='bbox 815 2187 899 2240; x_wconf 93' lang='grc' dir='ltr'>ιιι,</span> <span class='ocrx_word' id='word_1_178' title='bbox 930 2169 1007 2239; x_wconf 77' lang='lat'><strong>&#39;7),</strong></span> <span class='ocrx_word' id='word_1_179' title='bbox 1041 2171 1099 2224; x_wconf 92' lang='lat' dir='ltr'><strong>et</strong></span> <span class='ocrx_word' id='word_1_180' title='bbox 1143 2169 1508 2240; x_wconf 89' lang='lat' dir='ltr'><strong>sepulturam</strong></span> <span class='ocrx_word' id='word_1_181' title='bbox 1538 2167 1673 2239; x_wconf 89' lang='lat' dir='ltr'><strong>ejus</strong></span> <span class='ocrx_word' id='word_1_182' title='bbox 1703 2183 1822 2221; x_wconf 91' lang='lat' dir='ltr'><strong>non</strong></span> <span class='ocrx_word' id='word_1_183' title='bbox 1867 2181 1966 2220; x_wconf 83' lang='lat' dir='ltr'><strong>re-</strong></span> 
     </span>
    </p>
   </div>
   <div class='ocr_carea' id='block_1_23' title="bbox 297 2255 1965 2330">
    <p class='ocr_par' dir='ltr' id='par_1_23' title="bbox 297 2255 1965 2330">
     <span class='ocr_line' id='line_1_24' title="bbox 297 2255 1965 2330; baseline -0.003 -16"><span class='ocrx_word' id='word_1_184' title='bbox 297 2260 524 2330; x_wconf 79' lang='lat' dir='ltr'><strong>partam</strong></span> <span class='ocrx_word' id='word_1_185' title='bbox 571 2258 886 2314; x_wconf 86' lang='lat' dir='ltr'><strong>crederent</strong></span> <span class='ocrx_word' id='word_1_186' title='bbox 913 2257 1113 2330; x_wconf 87' lang='lat' dir='ltr'><strong>(Deut.</strong></span> <span class='ocrx_word' id='word_1_187' title='bbox 1162 2274 1367 2327; x_wconf 79' lang='lat' dir='ltr'><strong>xxxiv,</strong></span> <span class='ocrx_word' id='word_1_188' title='bbox 1399 2257 1492 2327; x_wconf 81' lang='lat'><strong>6);</strong></span> <span class='ocrx_word' id='word_1_189' title='bbox 1545 2255 1682 2328; x_wconf 89' lang='lat' dir='ltr'><strong>quia</strong></span> <span class='ocrx_word' id='word_1_190' title='bbox 1710 2255 1800 2310; x_wconf 90' lang='lat' dir='ltr'><strong>sic</strong></span> <span class='ocrx_word' id='word_1_191' title='bbox 1849 2255 1965 2309; x_wconf 90' lang='lat' dir='ltr'><strong>sibi</strong></span> 
     </span>
    </p>
   </div>
   <div class='ocr_carea' id='block_1_24' title="bbox 295 2345 1968 2419">
    <p class='ocr_par' dir='ltr' id='par_1_24' title="bbox 295 2345 1968 2419">
     <span class='ocr_line' id='line_1_25' title="bbox 295 2345 1968 2419; baseline -0.002 -18"><span class='ocrx_word' id='word_1_192' title='bbox 295 2347 478 2404; x_wconf 83' lang='lat' dir='ltr'><strong>totius</strong></span> <span class='ocrx_word' id='word_1_193' title='bbox 490 2346 683 2419; x_wconf 90' lang='lat' dir='ltr'><strong>plebis</strong></span> <span class='ocrx_word' id='word_1_194' title='bbox 697 2349 925 2402; x_wconf 90' lang='lat' dir='ltr'><strong>mentes</strong></span> <span class='ocrx_word' id='word_1_195' title='bbox 943 2346 1308 2417; x_wconf 89' lang='lat' dir='ltr'><strong>devinxerat,</strong></span> <span class='ocrx_word' id='word_1_196' title='bbox 1324 2349 1386 2402; x_wconf 93' lang='lat' dir='ltr'><strong>ut</strong></span> <span class='ocrx_word' id='word_1_197' title='bbox 1397 2345 1530 2417; x_wconf 88' lang='lat' dir='ltr'><strong>plus</strong></span> <span class='ocrx_word' id='word_1_198' title='bbox 1543 2361 1677 2400; x_wconf 91' lang='lat' dir='ltr'><strong>eum</strong></span> <span class='ocrx_word' id='word_1_199' title='bbox 1691 2360 1797 2416; x_wconf 91' lang='lat' dir='ltr'><strong>pro</strong></span> <span class='ocrx_word' id='word_1_200' title='bbox 1811 2359 1968 2399; x_wconf 87' lang='lat' dir='ltr'><strong>man-</strong></span> 
     </span>
    </p>
   </div>
   <div class='ocr_carea' id='block_1_25' title="bbox 298 2435 1960 2510">
    <p class='ocr_par' dir='ltr' id='par_1_25' title="bbox 298 2435 1960 2510">
     <span class='ocr_line' id='line_1_26' title="bbox 298 2435 1960 2510; baseline -0.002 -19"><span class='ocrx_word' id='word_1_201' title='bbox 298 2435 612 2493; x_wconf 86' lang='lat' dir='ltr'><strong>suetudine</strong></span> <span class='ocrx_word' id='word_1_202' title='bbox 634 2436 970 2510; x_wconf 73' lang='lat' dir='ltr'><strong>diligerent,</strong></span> <span class='ocrx_word' id='word_1_203' title='bbox 995 2451 1170 2508; x_wconf 91' lang='lat' dir='ltr'><strong>quam</strong></span> <span class='ocrx_word' id='word_1_204' title='bbox 1187 2452 1294 2508; x_wconf 91' lang='lat' dir='ltr'><strong>pro</strong></span> <span class='ocrx_word' id='word_1_205' title='bbox 1313 2435 1487 2490; x_wconf 79' lang='lat' dir='ltr'><strong>factis</strong></span> <span class='ocrx_word' id='word_1_206' title='bbox 1509 2435 1960 2490; x_wconf 81' lang='lat' dir='ltr'><strong>admirarentur.</strong></span> 
     </span>
    </p>
   </div>
   <div class='ocr_carea' id='block_1_26' title="bbox 367 2542 1967 2616">
    <p class='ocr_par' dir='ltr' id='par_1_26' title="bbox 367 2542 1967 2616">
     <span class='ocr_line' id='line_1_27' title="bbox 367 2542 1967 2616; baseline -0.002 -18"><span class='ocrx_word' id='word_1_207' title='bbox 367 2543 458 2600; x_wconf 77' lang='lat'><strong>32.</strong></span> <span class='ocrx_word' id='word_1_208' title='bbox 481 2542 632 2610; x_wconf 89' lang='lat' dir='ltr'><strong>Quid</strong></span> <span class='ocrx_word' id='word_1_209' title='bbox 655 2542 791 2616; x_wconf 87' lang='lat' dir='ltr'><strong>ejus</strong></span> <span class='ocrx_word' id='word_1_210' title='bbox 830 2543 1086 2598; x_wconf 90' lang='lat' dir='ltr'><strong>imitator</strong></span> <span class='ocrx_word' id='word_1_211' title='bbox 1106 2547 1352 2599; x_wconf 89' lang='lat' dir='ltr'><strong>sanctus</strong></span> <span class='ocrx_word' id='word_1_212' title='bbox 1392 2543 1600 2612; x_wconf 89' lang='lat' dir='ltr'><strong>David,</strong></span> <span class='ocrx_word' id='word_1_213' title='bbox 1635 2543 1861 2598; x_wconf 91' lang='lat' dir='ltr'><strong>electus</strong></span> <span class='ocrx_word' id='word_1_214' title='bbox 1891 2557 1967 2596; x_wconf 85' lang='lat' dir='ltr'><strong>ex</strong></span> 
     </span>
    </p>
   </div>
   <div class='ocr_carea' id='block_1_27' title="bbox 297 2631 1968 2705">
    <p class='ocr_par' dir='ltr' id='par_1_27' title="bbox 297 2631 1968 2705">
     <span class='ocr_line' id='line_1_28' title="bbox 297 2631 1968 2705; baseline -0.002 -16"><span class='ocrx_word' id='word_1_215' title='bbox 297 2631 576 2689; x_wconf 90' lang='lat' dir='ltr'><strong>omnibus</strong></span> <span class='ocrx_word' id='word_1_216' title='bbox 596 2633 671 2686; x_wconf 84' lang='lat' dir='ltr'><strong>ad</strong></span> <span class='ocrx_word' id='word_1_217' title='bbox 690 2631 923 2704; x_wconf 90' lang='lat' dir='ltr'><strong>plebem</strong></span> <span class='ocrx_word' id='word_1_218' title='bbox 941 2633 1263 2704; x_wconf 85' lang='lat' dir='ltr'><strong>regendam</strong></span> <span class='ocrx_word' id='word_1_219' title='bbox 1283 2632 1337 2701; x_wconf 89' lang='grc' dir='ltr'><strong>(Ι</strong></span> <span class='ocrx_word' id='word_1_220' title='bbox 1353 2633 1500 2705; x_wconf 84' lang='lat' dir='ltr'><strong>Reg.</strong></span> <span class='ocrx_word' id='word_1_221' title='bbox 1521 2650 1641 2700; x_wconf 80' lang='lat' dir='ltr'><strong>xw,</strong></span> <span class='ocrx_word' id='word_1_222' title='bbox 1665 2633 1777 2704; x_wconf 78' lang='grc'>13),</span> <span class='ocrx_word' id='word_1_223' title='bbox 1793 2647 1968 2704; x_wconf 88' lang='lat' dir='ltr'><strong>quam</strong></span> 
     </span>
    </p>
   </div>
   <div class='ocr_carea' id='block_1_28' title="bbox 295 2720 1960 2793">
    <p class='ocr_par' dir='ltr' id='par_1_28' title="bbox 295 2720 1960 2793">
     <span class='ocr_line' id='line_1_29' title="bbox 295 2720 1960 2793; baseline 0 -17"><span class='ocrx_word' id='word_1_224' title='bbox 295 2720 457 2777; x_wconf 86' lang='lat' dir='ltr'><strong>mitis</strong></span> <span class='ocrx_word' id='word_1_225' title='bbox 487 2723 544 2777; x_wconf 90' lang='lat' dir='ltr'><strong>et</strong></span> <span class='ocrx_word' id='word_1_226' title='bbox 579 2721 858 2790; x_wconf 90' lang='lat' dir='ltr'><strong>blandus,</strong></span> <span class='ocrx_word' id='word_1_227' title='bbox 904 2721 1148 2776; x_wconf 88' lang='lat' dir='ltr'><strong>humilis</strong></span> <span class='ocrx_word' id='word_1_228' title='bbox 1189 2721 1422 2793; x_wconf 88' lang='lat' dir='ltr'><strong>spiritu,</strong></span> <span class='ocrx_word' id='word_1_229' title='bbox 1467 2721 1716 2777; x_wconf 87' lang='lat' dir='ltr'><strong>sedulus</strong></span> <span class='ocrx_word' id='word_1_230' title='bbox 1759 2721 1960 2790; x_wconf 89' lang='lat' dir='ltr'><strong>corde,</strong></span> 
     </span>
    </p>
   </div>
   <div class='ocr_carea' id='block_1_29' title="bbox 296 2808 1968 2885">
    <p class='ocr_par' dir='ltr' id='par_1_29' title="bbox 296 2808 1968 2885">
     <span class='ocr_line' id='line_1_30' title="bbox 296 2808 1968 2885; baseline 0 -20"><span class='ocrx_word' id='word_1_231' title='bbox 296 2809 491 2868; x_wconf 81' lang='lat' dir='ltr'><strong>facilis</strong></span> <span class='ocrx_word' id='word_1_232' title='bbox 513 2808 756 2866; x_wconf 84' lang='lat' dir='ltr'><strong>atl&#39;ectul</strong></span> <span class='ocrx_word' id='word_1_233' title='bbox 780 2811 928 2866; x_wconf 83' lang='lat' dir='ltr'><strong>Ante</strong></span> <span class='ocrx_word' id='word_1_234' title='bbox 950 2826 1201 2885; x_wconf 89' lang='lat' dir='ltr'><strong>regnum</strong></span> <span class='ocrx_word' id='word_1_235' title='bbox 1231 2827 1298 2867; x_wconf 91' lang='lat' dir='ltr'><strong>se</strong></span> <span class='ocrx_word' id='word_1_236' title='bbox 1329 2828 1436 2883; x_wconf 91' lang='lat' dir='ltr'><strong>pro</strong></span> <span class='ocrx_word' id='word_1_237' title='bbox 1469 2811 1744 2867; x_wconf 89' lang='lat' dir='ltr'><strong>omnibus</strong></span> <span class='ocrx_word' id='word_1_238' title='bbox 1765 2810 1968 2866; x_wconf 82' lang='lat' dir='ltr'><strong>otl‘ere-</strong></span> 
     </span>
    </p>
   </div>
   <div class='ocr_carea' id='block_1_30' title="bbox 293 2898 1965 2973">
    <p class='ocr_par' dir='ltr' id='par_1_30' title="bbox 293 2898 1965 2973">
     <span class='ocr_line' id='line_1_31' title="bbox 293 2898 1965 2973; baseline 0 -18"><span class='ocrx_word' id='word_1_239' title='bbox 293 2898 434 2958; x_wconf 89' lang='lat' dir='ltr'><strong>bat:</strong></span> <span class='ocrx_word' id='word_1_240' title='bbox 467 2915 576 2956; x_wconf 90' lang='lat' dir='ltr'><strong>rex</strong></span> <span class='ocrx_word' id='word_1_241' title='bbox 611 2916 745 2955; x_wconf 91' lang='lat' dir='ltr'><strong>cum</strong></span> <span class='ocrx_word' id='word_1_242' title='bbox 765 2899 1042 2956; x_wconf 88' lang='lat' dir='ltr'><strong>omnibus</strong></span> <span class='ocrx_word' id='word_1_243' title='bbox 1065 2900 1336 2973; x_wconf 84' lang='lat' dir='ltr'><strong>aequabat</strong></span> <span class='ocrx_word' id='word_1_244' title='bbox 1385 2917 1552 2955; x_wconf 90' lang='lat' dir='ltr'><strong>suam</strong></span> <span class='ocrx_word' id='word_1_245' title='bbox 1589 2901 1876 2969; x_wconf 89' lang='lat' dir='ltr'><strong>militiam,</strong></span> <span class='ocrx_word' id='word_1_246' title='bbox 1908 2903 1965 2955; x_wconf 89' lang='lat' dir='ltr'><strong>et</strong></span> 
     </span>
    </p>
   </div>
   <div class='ocr_carea' id='block_1_31' title="bbox 294 2987 1962 3064">
    <p class='ocr_par' dir='ltr' id='par_1_31' title="bbox 294 2987 1962 3064">
     <span class='ocr_line' id='line_1_32' title="bbox 294 2987 1962 3064; baseline -0.001 -19"><span class='ocrx_word' id='word_1_247' title='bbox 294 2987 659 3064; x_wconf 85' lang='lat' dir='ltr'><strong>partiebatur</strong></span> <span class='ocrx_word' id='word_1_248' title='bbox 693 2988 995 3045; x_wconf 89' lang='lat' dir='ltr'><strong>laborem:</strong></span> <span class='ocrx_word' id='word_1_249' title='bbox 1045 2989 1216 3046; x_wconf 78' lang='lat' dir='ltr'><strong>fortis</strong></span> <span class='ocrx_word' id='word_1_250' title='bbox 1246 2989 1306 3044; x_wconf 92' lang='lat' dir='ltr'><strong>in</strong></span> <span class='ocrx_word' id='word_1_251' title='bbox 1335 2990 1564 3061; x_wconf 63' lang='lat' dir='ltr'><strong>prmlio,</strong></span> <span class='ocrx_word' id='word_1_252' title='bbox 1616 2993 1962 3046; x_wconf 84' lang='lat' dir='ltr'><strong>mansuetus</strong></span> 
     </span>
    </p>
   </div>
   <div class='ocr_carea' id='block_1_32' title="bbox 290 3076 1960 3150">
    <p class='ocr_par' dir='ltr' id='par_1_32' title="bbox 290 3076 1960 3150">
     <span class='ocr_line' id='line_1_33' title="bbox 290 3076 1960 3150; baseline 0 -16"><span class='ocrx_word' id='word_1_253' title='bbox 290 3076 640 3150; x_wconf 87' lang='lat' dir='ltr'><strong>inimperio,</strong></span> <span class='ocrx_word' id='word_1_254' title='bbox 663 3079 896 3150; x_wconf 87' lang='lat' dir='ltr'><strong>patiens</strong></span> <span class='ocrx_word' id='word_1_255' title='bbox 917 3079 978 3134; x_wconf 92' lang='lat' dir='ltr'><strong>in</strong></span> <span class='ocrx_word' id='word_1_256' title='bbox 1000 3078 1292 3146; x_wconf 89' lang='lat' dir='ltr'><strong>convicio,</strong></span> <span class='ocrx_word' id='word_1_257' title='bbox 1337 3077 1495 3134; x_wconf 86' lang='lat' dir='ltr'><strong>ferre</strong></span> <span class='ocrx_word' id='word_1_258' title='bbox 1528 3079 1720 3150; x_wconf 89' lang='lat' dir='ltr'><strong>magis</strong></span> <span class='ocrx_word' id='word_1_259' title='bbox 1763 3095 1960 3150; x_wconf 89' lang='lat' dir='ltr'><strong>prom-</strong></span> 
     </span>
    </p>
   </div>
   <div class='ocr_carea' id='block_1_33' title="bbox 293 3166 1959 3240">
    <p class='ocr_par' dir='ltr' id='par_1_33' title="bbox 293 3166 1959 3240">
     <span class='ocr_line' id='line_1_34' title="bbox 293 3166 1959 3240; baseline 0 -18"><span class='ocrx_word' id='word_1_260' title='bbox 293 3168 431 3238; x_wconf 86' lang='lat' dir='ltr'><strong>ptus</strong></span> <span class='ocrx_word' id='word_1_261' title='bbox 461 3181 639 3239; x_wconf 88' lang='lat' dir='ltr'><strong>quam</strong></span> <span class='ocrx_word' id='word_1_262' title='bbox 668 3166 894 3223; x_wconf 82' lang='lat' dir='ltr'><strong>referre</strong></span> <span class='ocrx_word' id='word_1_263' title='bbox 921 3166 1196 3240; x_wconf 88' lang='lat' dir='ltr'><strong>injurias.</strong></span> <span class='ocrx_word' id='word_1_264' title='bbox 1247 3167 1387 3224; x_wconf 90' lang='lat' dir='ltr'><strong>ldeo</strong></span> <span class='ocrx_word' id='word_1_265' title='bbox 1418 3170 1534 3222; x_wconf 87' lang='lat' dir='ltr'><strong>tam</strong></span> <span class='ocrx_word' id='word_1_266' title='bbox 1564 3167 1786 3223; x_wconf 89' lang='lat' dir='ltr'><strong>charus</strong></span> <span class='ocrx_word' id='word_1_267' title='bbox 1833 3172 1959 3224; x_wconf 89' lang='lat' dir='ltr'><strong>erat</strong></span> 
     </span>
    </p>
   </div>
   <div class='ocr_carea' id='block_1_34' title="bbox 293 3255 1960 3330">
    <p class='ocr_par' dir='ltr' id='par_1_34' title="bbox 293 3255 1960 3330">
     <span class='ocr_line' id='line_1_35' title="bbox 293 3255 1960 3330; baseline -0.001 -19"><span class='ocrx_word' id='word_1_268' title='bbox 293 3255 593 3327; x_wconf 90' lang='lat' dir='ltr'><strong>omnibus,</strong></span> <span class='ocrx_word' id='word_1_269' title='bbox 626 3259 690 3312; x_wconf 90' lang='lat' dir='ltr'><strong>ut</strong></span> <span class='ocrx_word' id='word_1_270' title='bbox 710 3255 954 3329; x_wconf 87' lang='lat' dir='ltr'><strong>juvenis</strong></span> <span class='ocrx_word' id='word_1_271' title='bbox 985 3257 1060 3312; x_wconf 89' lang='lat' dir='ltr'><strong>ad</strong></span> <span class='ocrx_word' id='word_1_272' title='bbox 1100 3273 1352 3330; x_wconf 85' lang='lat' dir='ltr'><strong>regnum</strong></span> <span class='ocrx_word' id='word_1_273' title='bbox 1386 3258 1562 3313; x_wconf 89' lang='lat' dir='ltr'><strong>etiam</strong></span> <span class='ocrx_word' id='word_1_274' title='bbox 1605 3257 1827 3311; x_wconf 92' lang='lat' dir='ltr'><strong>invitus</strong></span> <span class='ocrx_word' id='word_1_275' title='bbox 1860 3273 1960 3328; x_wconf 85' lang='lat' dir='ltr'><strong>pe-</strong></span> 
     </span>
    </p>
   </div>
   <div class='ocr_carea' id='block_1_35' title="bbox 291 3345 1960 3420">
    <p class='ocr_par' dir='ltr' id='par_1_35' title="bbox 291 3345 1960 3420">
     <span class='ocr_line' id='line_1_36' title="bbox 291 3345 1960 3420; baseline 0 -20"><span class='ocrx_word' id='word_1_276' title='bbox 291 3347 536 3416; x_wconf 87' lang='lat' dir='ltr'><strong>teretur,</strong></span> <span class='ocrx_word' id='word_1_277' title='bbox 567 3345 862 3403; x_wconf 88' lang='lat' dir='ltr'><strong>resistens</strong></span> <span class='ocrx_word' id='word_1_278' title='bbox 922 3349 1258 3420; x_wconf 88' lang='lat' dir='ltr'><strong>cogeretur,</strong></span> <span class='ocrx_word' id='word_1_279' title='bbox 1289 3362 1477 3402; x_wconf 80' lang='lat' dir='ltr'><strong>senex</strong></span> <span class='ocrx_word' id='word_1_280' title='bbox 1507 3361 1581 3401; x_wconf 91' lang='lat' dir='ltr'><strong>ne</strong></span> <span class='ocrx_word' id='word_1_281' title='bbox 1627 3346 1834 3418; x_wconf 62' lang='lat' dir='ltr'><strong>praelio</strong></span> <span class='ocrx_word' id='word_1_282' title='bbox 1866 3346 1960 3401; x_wconf 89' lang='lat' dir='ltr'><strong>in-</strong></span> 
     </span>
    </p>
   </div>
   <div class='ocr_carea' id='block_1_36' title="bbox 291 3435 1962 3510">
    <p class='ocr_par' dir='ltr' id='par_1_36' title="bbox 291 3435 1962 3510">
     <span class='ocr_line' id='line_1_37' title="bbox 291 3435 1962 3510; baseline 0.002 -21"><span class='ocrx_word' id='word_1_283' title='bbox 291 3436 550 3490; x_wconf 86' lang='lat' dir='ltr'><strong>teresset</strong></span> <span class='ocrx_word' id='word_1_284' title='bbox 579 3450 612 3489; x_wconf 90' lang='lat' dir='ltr'><strong>a</strong></span> <span class='ocrx_word' id='word_1_285' title='bbox 641 3435 773 3492; x_wconf 91' lang='lat' dir='ltr'><strong>suis</strong></span> <span class='ocrx_word' id='word_1_286' title='bbox 803 3440 1148 3510; x_wconf 87' lang='lat' dir='ltr'><strong>rogaretur:</strong></span> <span class='ocrx_word' id='word_1_287' title='bbox 1184 3435 1343 3510; x_wconf 92' lang='lat' dir='ltr'><strong>quod</strong></span> <span class='ocrx_word' id='word_1_288' title='bbox 1365 3435 1602 3490; x_wconf 90' lang='lat' dir='ltr'><strong>mallent</strong></span> <span class='ocrx_word' id='word_1_289' title='bbox 1625 3450 1832 3491; x_wconf 87' lang='lat' dir='ltr'><strong>omnes</strong></span> <span class='ocrx_word' id='word_1_290' title='bbox 1855 3452 1962 3508; x_wconf 91' lang='lat' dir='ltr'><strong>pro</strong></span> 
     </span>
    </p>
   </div>
   <div class='ocr_carea' id='block_1_37' title="bbox 293 3521 1661 3598">
    <p class='ocr_par' dir='ltr' id='par_1_37' title="bbox 293 3521 1661 3598">
     <span class='ocr_line' id='line_1_38' title="bbox 293 3521 1661 3598; baseline 0.001 -19"><span class='ocrx_word' id='word_1_291' title='bbox 293 3523 427 3594; x_wconf 87' lang='lat' dir='ltr'><strong>ipso</strong></span> <span class='ocrx_word' id='word_1_292' title='bbox 455 3521 793 3594; x_wconf 88' lang='lat' dir='ltr'><strong>periclitari,</strong></span> <span class='ocrx_word' id='word_1_293' title='bbox 828 3541 1003 3598; x_wconf 87' lang='lat' dir='ltr'><strong>quam</strong></span> <span class='ocrx_word' id='word_1_294' title='bbox 1032 3524 1197 3581; x_wconf 90' lang='lat' dir='ltr'><strong>illum</strong></span> <span class='ocrx_word' id='word_1_295' title='bbox 1225 3541 1332 3596; x_wconf 93' lang='lat' dir='ltr'><strong>pro</strong></span> <span class='ocrx_word' id='word_1_296' title='bbox 1363 3524 1661 3580; x_wconf 90' lang='lat' dir='ltr'><strong>omnibus.</strong></span> 
     </span>
    </p>
   </div>
   <div class='ocr_carea' id='block_1_38' title="bbox 363 3629 1962 3705">
    <p class='ocr_par' dir='ltr' id='par_1_38' title="bbox 363 3629 1962 3705">
     <span class='ocr_line' id='line_1_39' title="bbox 363 3629 1962 3705; baseline 0.001 -19"><span class='ocrx_word' id='word_1_297' title='bbox 363 3629 454 3686; x_wconf 83' lang='lat'><strong>33.</strong></span> <span class='ocrx_word' id='word_1_298' title='bbox 485 3629 567 3686; x_wconf 88' lang='lat' dir='ltr'><strong>Ita</strong></span> <span class='ocrx_word' id='word_1_299' title='bbox 589 3631 707 3687; x_wconf 88' lang='lat' dir='ltr'><strong>sibi</strong></span> <span class='ocrx_word' id='word_1_300' title='bbox 737 3632 926 3705; x_wconf 89' lang='lat' dir='ltr'><strong>gratis</strong></span> <span class='ocrx_word' id='word_1_301' title='bbox 957 3632 1176 3688; x_wconf 79' lang='lat' dir='ltr'><strong>officiis</strong></span> <span class='ocrx_word' id='word_1_302' title='bbox 1197 3632 1430 3703; x_wconf 89' lang='lat' dir='ltr'><strong>plebem</strong></span> <span class='ocrx_word' id='word_1_303' title='bbox 1449 3633 1816 3705; x_wconf 87' lang='lat' dir='ltr'><strong>obligaverat</strong></span> <span class='ocrx_word' id='word_1_304' title='bbox 1833 3633 1962 3705; x_wconf 88' lang='lat' dir='ltr'><strong>pri-</strong></span> 
     </span>
    </p>
   </div>
   <div class='ocr_carea' id='block_1_39' title="bbox 295 3718 1960 3794">
    <p class='ocr_par' dir='ltr' id='par_1_39' title="bbox 295 3718 1960 3794">
     <span class='ocr_line' id='line_1_40' title="bbox 295 3718 1960 3794; baseline 0.001 -20"><span class='ocrx_word' id='word_1_305' title='bbox 295 3733 476 3790; x_wconf 86' lang='lat' dir='ltr'><strong>mum,</strong></span> <span class='ocrx_word' id='word_1_306' title='bbox 493 3718 625 3776; x_wconf 89' lang='lat' dir='ltr'><strong>utin</strong></span> <span class='ocrx_word' id='word_1_307' title='bbox 639 3719 960 3776; x_wconf 88' lang='lat' dir='ltr'><strong>discordiis</strong></span> <span class='ocrx_word' id='word_1_308' title='bbox 973 3723 1172 3794; x_wconf 91' lang='lat' dir='ltr'><strong>populi</strong></span> <span class='ocrx_word' id='word_1_309' title='bbox 1184 3722 1462 3778; x_wconf 80' lang='lat' dir='ltr'><strong>exsulare</strong></span> <span class='ocrx_word' id='word_1_310' title='bbox 1477 3723 1538 3776; x_wconf 88' lang='lat' dir='ltr'><strong>in</strong></span> <span class='ocrx_word' id='word_1_311' title='bbox 1555 3722 1796 3777; x_wconf 82' lang='lat' dir='ltr'><strong>Hebron</strong></span> <span class='ocrx_word' id='word_1_312' title='bbox 1810 3722 1960 3776; x_wconf 89' lang='lat' dir='ltr'><strong>mal-</strong></span> 
     </span>
    </p>
   </div>
   <div class='ocr_carea' id='block_1_40' title="bbox 292 3804 1955 3884">
    <p class='ocr_par' dir='ltr' id='par_1_40' title="bbox 292 3804 1955 3884">
     <span class='ocr_line' id='line_1_41' title="bbox 292 3804 1955 3884; baseline 0.002 -22"><span class='ocrx_word' id='word_1_313' title='bbox 292 3804 576 3879; x_wconf 83' lang='lat' dir='ltr'><strong>let,quam</strong></span> <span class='ocrx_word' id='word_1_314' title='bbox 585 3808 646 3864; x_wconf 90' lang='lat' dir='ltr'><strong>in</strong></span> <span class='ocrx_word' id='word_1_315' title='bbox 664 3809 1039 3867; x_wconf 83' lang='lat' dir='ltr'><strong>Hierusalem</strong></span> <span class='ocrx_word' id='word_1_316' title='bbox 1053 3827 1306 3884; x_wconf 89' lang='lat' dir='ltr'><strong>regnare</strong></span> <span class='ocrx_word' id='word_1_317' title='bbox 1318 3811 1554 3884; x_wconf 80' lang='lat' dir='ltr'><strong>(IlReg.</strong></span> <span class='ocrx_word' id='word_1_318' title='bbox 1571 3829 1632 3881; x_wconf 89' lang='grc' dir='ltr'>ιι,</span> <span class='ocrx_word' id='word_1_319' title='bbox 1651 3811 1686 3865; x_wconf 77' lang='grc'>2</span> <span class='ocrx_word' id='word_1_320' title='bbox 1700 3817 1760 3866; x_wconf 89' lang='lat' dir='ltr'><strong>et</strong></span> <span class='ocrx_word' id='word_1_321' title='bbox 1781 3813 1955 3884; x_wconf 87' lang='lat' dir='ltr'><strong>seq.).</strong></span> 
     </span>
    </p>
   </div>
   <div class='ocr_carea' id='block_1_41' title="bbox 293 3893 1956 3972">
    <p class='ocr_par' dir='ltr' id='par_1_41' title="bbox 293 3893 1956 3972">
     <span class='ocr_line' id='line_1_42' title="bbox 293 3893 1956 3972; baseline 0.004 -22"><span class='ocrx_word' id='word_1_322' title='bbox 293 3893 509 3954; x_wconf 89' lang='lat' dir='ltr'><strong>deinde</strong></span> <span class='ocrx_word' id='word_1_323' title='bbox 525 3899 589 3952; x_wconf 87' lang='lat' dir='ltr'><strong>ut</strong></span> <span class='ocrx_word' id='word_1_324' title='bbox 607 3897 782 3953; x_wconf 91' lang='lat' dir='ltr'><strong>etiam</strong></span> <span class='ocrx_word' id='word_1_325' title='bbox 795 3897 856 3952; x_wconf 90' lang='lat' dir='ltr'><strong>in</strong></span> <span class='ocrx_word' id='word_1_326' title='bbox 887 3897 1058 3954; x_wconf 90' lang='lat' dir='ltr'><strong>hoste</strong></span> <span class='ocrx_word' id='word_1_327' title='bbox 1072 3899 1321 3970; x_wconf 86' lang='lat' dir='ltr'><strong>positam</strong></span> <span class='ocrx_word' id='word_1_328' title='bbox 1349 3900 1626 3956; x_wconf 87' lang='lat' dir='ltr'><strong>virtutem</strong></span> <span class='ocrx_word' id='word_1_329' title='bbox 1644 3899 1919 3972; x_wconf 84' lang='lat' dir='ltr'><strong>diligeret</strong></span> <span class='ocrx_word' id='word_1_330' title='bbox 1943 3915 1956 3956; x_wconf 93' lang='lat'><strong>:</strong></span> 
     </span>
    </p>
   </div>
   <div class='ocr_carea' id='block_1_42' title="bbox 288 3983 1961 4061">
    <p class='ocr_par' dir='ltr' id='par_1_42' title="bbox 288 3983 1961 4061">
     <span class='ocr_line' id='line_1_43' title="bbox 288 3983 1961 4061; baseline 0.001 -20"><span class='ocrx_word' id='word_1_331' title='bbox 288 3983 584 4056; x_wconf 85' lang='lat' dir='ltr'><strong>justitiam</strong></span> <span class='ocrx_word' id='word_1_332' title='bbox 621 3987 796 4042; x_wconf 89' lang='lat' dir='ltr'><strong>etiam</strong></span> <span class='ocrx_word' id='word_1_333' title='bbox 845 3987 940 4044; x_wconf 87' lang='lat' dir='ltr'><strong>his</strong></span> <span class='ocrx_word' id='word_1_334' title='bbox 987 3989 1088 4061; x_wconf 87' lang='lat' dir='ltr'><strong>qui</strong></span> <span class='ocrx_word' id='word_1_335' title='bbox 1133 4005 1296 4044; x_wconf 86' lang='lat' dir='ltr'><strong>arma</strong></span> <span class='ocrx_word' id='word_1_336' title='bbox 1338 3993 1543 4048; x_wconf 89' lang='lat' dir='ltr'><strong>contra</strong></span> <span class='ocrx_word' id='word_1_337' title='bbox 1591 4005 1658 4044; x_wconf 88' lang='lat' dir='ltr'><strong>se</strong></span> <span class='ocrx_word' id='word_1_338' title='bbox 1707 3989 1961 4043; x_wconf 90' lang='lat' dir='ltr'><strong>tulerant</strong></span> 
     </span>
    </p>
   </div>
   <div class='ocr_carea' id='block_1_43' title="bbox 295 4074 1958 4150">
    <p class='ocr_par' dir='ltr' id='par_1_43' title="bbox 295 4074 1958 4150">
     <span class='ocr_line' id='line_1_44' title="bbox 295 4074 1958 4150; baseline 0 -20"><span class='ocrx_word' id='word_1_339' title='bbox 295 4089 466 4146; x_wconf 68' lang='lat' dir='ltr'><strong>mque</strong></span> <span class='ocrx_word' id='word_1_340' title='bbox 485 4089 556 4130; x_wconf 84' lang='lat' dir='ltr'><strong>ac</strong></span> <span class='ocrx_word' id='word_1_341' title='bbox 577 4074 707 4130; x_wconf 87' lang='lat' dir='ltr'><strong>suis</strong></span> <span class='ocrx_word' id='word_1_342' title='bbox 729 4077 1128 4147; x_wconf 86' lang='lat' dir='ltr'><strong>praestandam</strong></span> <span class='ocrx_word' id='word_1_343' title='bbox 1166 4080 1431 4150; x_wconf 85' lang='lat' dir='ltr'><strong>putaret;</strong></span> <span class='ocrx_word' id='word_1_344' title='bbox 1465 4077 1719 4149; x_wconf 89' lang='lat' dir='ltr'><strong>denique</strong></span> <span class='ocrx_word' id='word_1_345' title='bbox 1751 4077 1958 4132; x_wconf 85' lang='lat' dir='ltr'><strong>fortis-</strong></span> 
     </span>
    </p>
   </div>
   <div class='ocr_carea' id='block_1_44' title="bbox 293 4163 1956 4240">
    <p class='ocr_par' dir='ltr' id='par_1_44' title="bbox 293 4163 1956 4240">
     <span class='ocr_line' id='line_1_45' title="bbox 293 4163 1956 4240; baseline 0.001 -22"><span class='ocrx_word' id='word_1_346' title='bbox 293 4163 512 4240; x_wconf 84' lang='lat' dir='ltr'><strong>simum</strong></span> <span class='ocrx_word' id='word_1_347' title='bbox 528 4164 799 4222; x_wconf 66' lang='lat' dir='ltr'><strong>adversm</strong></span> <span class='ocrx_word' id='word_1_348' title='bbox 812 4165 995 4236; x_wconf 89' lang='lat' dir='ltr'><strong>partis</strong></span> <span class='ocrx_word' id='word_1_349' title='bbox 1011 4170 1511 4240; x_wconf 87' lang='lat' dir='ltr'><strong>propugnatorem</strong></span> <span class='ocrx_word' id='word_1_350' title='bbox 1534 4167 1736 4222; x_wconf 82' lang='lat' dir='ltr'><strong>Abner</strong></span> <span class='ocrx_word' id='word_1_351' title='bbox 1748 4166 1956 4221; x_wconf 83' lang='lat' dir='ltr'><strong>ducem</strong></span> 
     </span>
    </p>
   </div>
   <div class='ocr_carea' id='block_1_45' title="bbox 291 4251 1958 4326">
    <p class='ocr_par' dir='ltr' id='par_1_45' title="bbox 291 4251 1958 4326">
     <span class='ocr_line' id='line_1_46' title="bbox 291 4251 1958 4326; baseline 0.001 -18"><span class='ocrx_word' id='word_1_352' title='bbox 291 4253 353 4308; x_wconf 88' lang='lat' dir='ltr'><strong>et</strong></span> <span class='ocrx_word' id='word_1_353' title='bbox 372 4251 723 4310; x_wconf 79' lang='lat' dir='ltr'><strong>inferentem</strong></span> <span class='ocrx_word' id='word_1_354' title='bbox 737 4254 943 4325; x_wconf 64' lang='lat' dir='ltr'><strong>pretia</strong></span> <span class='ocrx_word' id='word_1_355' title='bbox 979 4255 1224 4312; x_wconf 88' lang='lat' dir='ltr'><strong>miratus</strong></span> <span class='ocrx_word' id='word_1_356' title='bbox 1263 4259 1376 4326; x_wconf 91' lang='lat' dir='ltr'><strong>est,</strong></span> <span class='ocrx_word' id='word_1_357' title='bbox 1418 4259 1476 4312; x_wconf 89' lang='lat' dir='ltr'><strong>et</strong></span> <span class='ocrx_word' id='word_1_358' title='bbox 1505 4259 1768 4311; x_wconf 89' lang='lat' dir='ltr'><strong>orantem</strong></span> <span class='ocrx_word' id='word_1_359' title='bbox 1791 4255 1958 4326; x_wconf 88' lang='lat' dir='ltr'><strong>pacis</strong></span> 
     </span>
    </p>
   </div>
   <div class='ocr_carea' id='block_1_46' title="bbox 289 4340 1957 4416">
    <p class='ocr_par' dir='ltr' id='par_1_46' title="bbox 289 4340 1957 4416">
     <span class='ocr_line' id='line_1_47' title="bbox 289 4340 1957 4416; baseline 0.001 -20"><span class='ocrx_word' id='word_1_360' title='bbox 289 4340 544 4414; x_wconf 86' lang='lat' dir='ltr'><strong>gratiam</strong></span> <span class='ocrx_word' id='word_1_361' title='bbox 558 4357 678 4399; x_wconf 90' lang='lat' dir='ltr'><strong>non</strong></span> <span class='ocrx_word' id='word_1_362' title='bbox 697 4346 1073 4416; x_wconf 88' lang='lat' dir='ltr'><strong>aspernatus,</strong></span> <span class='ocrx_word' id='word_1_363' title='bbox 1103 4343 1417 4400; x_wconf 85' lang='lat' dir='ltr'><strong>honoravit</strong></span> <span class='ocrx_word' id='word_1_364' title='bbox 1450 4345 1753 4400; x_wconf 87' lang='lat' dir='ltr'><strong>convivio:</strong></span> <span class='ocrx_word' id='word_1_365' title='bbox 1779 4343 1957 4398; x_wconf 89' lang='lat' dir='ltr'><strong>inter-</strong></span> 
     </span>
    </p>
   </div>
   <div class='ocr_carea' id='block_1_47' title="bbox 289 4431 1958 4506">
    <p class='ocr_par' dir='ltr' id='par_1_47' title="bbox 289 4431 1958 4506">
     <span class='ocr_line' id='line_1_48' title="bbox 289 4431 1958 4506; baseline 0.002 -21"><span class='ocrx_word' id='word_1_366' title='bbox 289 4433 553 4502; x_wconf 82' lang='lat' dir='ltr'><strong>emptum</strong></span> <span class='ocrx_word' id='word_1_367' title='bbox 598 4431 838 4488; x_wconf 87' lang='lat' dir='ltr'><strong>insidiis</strong></span> <span class='ocrx_word' id='word_1_368' title='bbox 878 4432 1063 4489; x_wconf 90' lang='lat' dir='ltr'><strong>doluit</strong></span> <span class='ocrx_word' id='word_1_369' title='bbox 1092 4437 1157 4489; x_wconf 91' lang='lat' dir='ltr'><strong>et</strong></span> <span class='ocrx_word' id='word_1_370' title='bbox 1181 4434 1361 4504; x_wconf 77' lang='lat' dir='ltr'><strong>nevit,</strong></span> <span class='ocrx_word' id='word_1_371' title='bbox 1403 4437 1761 4506; x_wconf 89' lang='lat' dir='ltr'><strong>prosecutus</strong></span> <span class='ocrx_word' id='word_1_372' title='bbox 1811 4447 1958 4488; x_wconf 86' lang='lat' dir='ltr'><strong>exe-</strong></span> 
     </span>
    </p>
   </div>
   <div class='ocr_carea' id='block_1_48' title="bbox 288 4517 1955 4597">
    <p class='ocr_par' dir='ltr' id='par_1_48' title="bbox 288 4517 1955 4597">
     <span class='ocr_line' id='line_1_49' title="bbox 288 4517 1955 4597; baseline 0.002 -24"><span class='ocrx_word' id='word_1_373' title='bbox 288 4517 464 4590; x_wconf 89' lang='lat' dir='ltr'><strong>quias</strong></span> <span class='ocrx_word' id='word_1_374' title='bbox 505 4519 842 4577; x_wconf 84' lang='lat' dir='ltr'><strong>honestavit</strong></span> <span class='ocrx_word' id='word_1_375' title='bbox 872 4521 942 4583; x_wconf 78' lang='lat' dir='ltr'><strong>(ll</strong></span> <span class='ocrx_word' id='word_1_376' title='bbox 971 4522 1116 4594; x_wconf 80' lang='lat' dir='ltr'><strong>Reg.</strong></span> <span class='ocrx_word' id='word_1_377' title='bbox 1167 4540 1250 4591; x_wconf 90' lang='grc' dir='ltr'>ιιι,</span> <span class='ocrx_word' id='word_1_378' title='bbox 1302 4523 1372 4578; x_wconf 74' lang='lat'><strong>32</strong></span> <span class='ocrx_word' id='word_1_379' title='bbox 1403 4529 1463 4578; x_wconf 92' lang='lat' dir='ltr'><strong>et</strong></span> <span class='ocrx_word' id='word_1_380' title='bbox 1503 4524 1674 4597; x_wconf 59' lang='grc' dir='ltr'>δρψ),</span> <span class='ocrx_word' id='word_1_381' title='bbox 1707 4525 1955 4578; x_wconf 88' lang='lat' dir='ltr'><strong>mortem</strong></span> 
     </span>
    </p>
   </div>
   <div class='ocr_carea' id='block_1_49' title="bbox 287 4605 1958 4684">
    <p class='ocr_par' dir='ltr' id='par_1_49' title="bbox 287 4605 1958 4684">
     <span class='ocr_line' id='line_1_50' title="bbox 287 4605 1958 4684; baseline 0.004 -23"><span class='ocrx_word' id='word_1_382' title='bbox 287 4605 472 4679; x_wconf 83' lang='lat' dir='ltr'><strong>ultus,</strong></span> <span class='ocrx_word' id='word_1_383' title='bbox 504 4610 886 4668; x_wconf 62' lang='lat' dir='ltr'><strong>conscientia)</strong></span> <span class='ocrx_word' id='word_1_384' title='bbox 917 4611 1092 4668; x_wconf 78' lang='lat' dir='ltr'><strong>fidem</strong></span> <span class='ocrx_word' id='word_1_385' title='bbox 1121 4612 1412 4684; x_wconf 65' lang='lat' dir='ltr'><strong>praestitit,</strong></span> <span class='ocrx_word' id='word_1_386' title='bbox 1446 4629 1620 4684; x_wconf 88' lang='lat' dir='ltr'><strong>quam</strong></span> <span class='ocrx_word' id='word_1_387' title='bbox 1651 4613 1771 4668; x_wconf 81' lang='lat' dir='ltr'><strong>tilio</strong></span> <span class='ocrx_word' id='word_1_388' title='bbox 1805 4613 1958 4668; x_wconf 88' lang='lat' dir='ltr'><strong>inter</strong></span> 
     </span>
    </p>
   </div>
   <div class='ocr_carea' id='block_1_50' title="bbox 289 4693 1954 4774">
    <p class='ocr_par' dir='ltr' id='par_1_50' title="bbox 289 4693 1954 4774">
     <span class='ocr_line' id='line_1_51' title="bbox 289 4693 1954 4774; baseline 0.005 -24"><span class='ocrx_word' id='word_1_389' title='bbox 289 4693 662 4754; x_wconf 62' lang='lat' dir='ltr'><strong>hereditaria</strong></span> <span class='ocrx_word' id='word_1_390' title='bbox 684 4699 824 4772; x_wconf 86' lang='lat' dir='ltr'><strong>jura</strong></span> <span class='ocrx_word' id='word_1_391' title='bbox 858 4700 1254 4773; x_wconf 90' lang='lat' dir='ltr'><strong>transcripsit,</strong></span> <span class='ocrx_word' id='word_1_392' title='bbox 1288 4703 1482 4774; x_wconf 89' lang='lat' dir='ltr'><strong>magis</strong></span> <span class='ocrx_word' id='word_1_393' title='bbox 1530 4703 1845 4772; x_wconf 89' lang='lat' dir='ltr'><strong>sollicitus,</strong></span> <span class='ocrx_word' id='word_1_394' title='bbox 1881 4719 1954 4758; x_wconf 89' lang='lat' dir='ltr'><strong>ne</strong></span> 
     </span>
    </p>
   </div>
   <div class='ocr_carea' id='block_1_51' title="bbox 287 4783 1952 4864">
    <p class='ocr_par' dir='ltr' id='par_1_51' title="bbox 287 4783 1952 4864">
     <span class='ocr_line' id='line_1_52' title="bbox 287 4783 1952 4864; baseline 0.004 -25"><span class='ocrx_word' id='word_1_395' title='bbox 287 4783 646 4842; x_wconf 88' lang='lat' dir='ltr'><strong>innocentiis</strong></span> <span class='ocrx_word' id='word_1_396' title='bbox 667 4791 914 4844; x_wconf 89' lang='lat' dir='ltr'><strong>mortem</strong></span> <span class='ocrx_word' id='word_1_397' title='bbox 943 4790 1184 4846; x_wconf 89' lang='lat' dir='ltr'><strong>inultam</strong></span> <span class='ocrx_word' id='word_1_398' title='bbox 1215 4791 1596 4863; x_wconf 89' lang='lat' dir='ltr'><strong>relinqueret,</strong></span> <span class='ocrx_word' id='word_1_399' title='bbox 1629 4808 1804 4864; x_wconf 91' lang='lat' dir='ltr'><strong>quam</strong></span> <span class='ocrx_word' id='word_1_400' title='bbox 1836 4807 1952 4864; x_wconf 88' lang='lat' dir='ltr'><strong>quo</strong></span> 
     </span>
    </p>
   </div>
   <div class='ocr_carea' id='block_1_52' title="bbox 288 4877 1014 4934">
    <p class='ocr_par' dir='ltr' id='par_1_52' title="bbox 288 4877 1014 4934">
     <span class='ocr_line' id='line_1_53' title="bbox 288 4877 1014 4934; baseline 0.008 -6"><span class='ocrx_word' id='word_1_401' title='bbox 288 4888 462 4930; x_wconf 90' lang='lat' dir='ltr'><strong>suam</strong></span> <span class='ocrx_word' id='word_1_402' title='bbox 491 4877 742 4931; x_wconf 85' lang='lat' dir='ltr'><strong>mortem</strong></span> <span class='ocrx_word' id='word_1_403' title='bbox 768 4877 1014 4934; x_wconf 90' lang='lat' dir='ltr'><strong>doleret.</strong></span> 
     </span>
    </p>
   </div>
   <div class='ocr_carea' id='block_1_53' title="bbox 356 4979 1950 5060">
    <p class='ocr_par' dir='ltr' id='par_1_53' title="bbox 356 4979 1950 5060">
     <span class='ocr_line' id='line_1_54' title="bbox 356 4979 1950 5060; baseline 0.004 -23"><span class='ocrx_word' id='word_1_404' title='bbox 356 4979 448 5036; x_wconf 75' lang='lat'><strong>84.</strong></span> <span class='ocrx_word' id='word_1_405' title='bbox 486 4981 620 5038; x_wconf 85' lang='lat' dir='ltr'><strong>Non</strong></span> <span class='ocrx_word' id='word_1_406' title='bbox 654 4983 954 5040; x_wconf 88' lang='lat' dir='ltr'><strong>mediocre</strong></span> <span class='ocrx_word' id='word_1_407' title='bbox 993 4985 1171 5052; x_wconf 90' lang='lat' dir='ltr'><strong>istud,</strong></span> <span class='ocrx_word' id='word_1_408' title='bbox 1213 4988 1547 5058; x_wconf 83' lang='lat' dir='ltr'><strong>praesertim</strong></span> <span class='ocrx_word' id='word_1_409' title='bbox 1583 4988 1641 5043; x_wconf 91' lang='lat' dir='ltr'><strong>in</strong></span> <span class='ocrx_word' id='word_1_410' title='bbox 1662 5004 1826 5060; x_wconf 90' lang='lat' dir='ltr'><strong>rege,</strong></span> <span class='ocrx_word' id='word_1_411' title='bbox 1861 4988 1950 5043; x_wconf 91' lang='lat' dir='ltr'><strong>sic</strong></span> 
     </span>
    </p>
   </div>
   <div class='ocr_carea' id='block_1_54' title="bbox 287 5068 1952 5141">
    <p class='ocr_par' dir='ltr' id='par_1_54' title="bbox 287 5068 1952 5141">
     <span class='ocr_line' id='line_1_55' title="bbox 287 5068 1952 5141; baseline 0.004 -15"><span class='ocrx_word' id='word_1_412' title='bbox 287 5068 454 5127; x_wconf 92' lang='lat' dir='ltr'><strong>obire</strong></span> <span class='ocrx_word' id='word_1_413' title='bbox 472 5070 816 5128; x_wconf 84' lang='lat' dir='ltr'><strong>humilitatis</strong></span> <span class='ocrx_word' id='word_1_414' title='bbox 833 5075 1048 5141; x_wconf 85' lang='lat' dir='ltr'><strong>munia,</strong></span> <span class='ocrx_word' id='word_1_415' title='bbox 1080 5077 1142 5130; x_wconf 91' lang='lat' dir='ltr'><strong>ut</strong></span> <span class='ocrx_word' id='word_1_416' title='bbox 1163 5091 1533 5132; x_wconf 88' lang='lat' dir='ltr'><strong>communem</strong></span> <span class='ocrx_word' id='word_1_417' title='bbox 1556 5093 1622 5133; x_wconf 90' lang='lat' dir='ltr'><strong>se</strong></span> <span class='ocrx_word' id='word_1_418' title='bbox 1642 5078 1952 5134; x_wconf 81' lang='lat' dir='ltr'><strong>exhiberet</strong></span> 
     </span>
    </p>
   </div>
   <div class='ocr_carea' id='block_1_55' title="bbox 285 5158 1947 5239">
    <p class='ocr_par' dir='ltr' id='par_1_55' title="bbox 285 5158 1947 5239">
     <span class='ocr_line' id='line_1_56' title="bbox 285 5158 1947 5239; baseline 0.005 -25"><span class='ocrx_word' id='word_1_419' title='bbox 285 5158 462 5215; x_wconf 89' lang='lat' dir='ltr'><strong>etiam</strong></span> <span class='ocrx_word' id='word_1_420' title='bbox 477 5159 719 5232; x_wconf 79' lang='lat' dir='ltr'><strong>intimis,</strong></span> <span class='ocrx_word' id='word_1_421' title='bbox 743 5162 936 5220; x_wconf 91' lang='lat' dir='ltr'><strong>alieno</strong></span> <span class='ocrx_word' id='word_1_422' title='bbox 966 5164 1230 5236; x_wconf 90' lang='lat' dir='ltr'><strong>periculo</strong></span> <span class='ocrx_word' id='word_1_423' title='bbox 1271 5166 1468 5221; x_wconf 90' lang='lat' dir='ltr'><strong>cibum</strong></span> <span class='ocrx_word' id='word_1_424' title='bbox 1509 5183 1627 5223; x_wconf 89' lang='lat' dir='ltr'><strong>non</strong></span> <span class='ocrx_word' id='word_1_425' title='bbox 1655 5183 1947 5239; x_wconf 76' lang='lat' dir='ltr'><strong>quaerere,</strong></span> 
     </span>
    </p>
   </div>
   <div class='ocr_carea' id='block_1_56' title="bbox 354 5303 1780 5376">
    <p class='ocr_par' dir='ltr' id='par_1_56' title="bbox 354 5303 1780 5376">
     <span class='ocr_line' id='line_1_57' title="bbox 354 5303 1780 5376; baseline 0.004 -17"><span class='ocrx_word' id='word_1_426' title='bbox 354 5303 469 5376; x_wconf 83' lang='lat'><strong>(33)</strong></span> <span class='ocrx_word' id='word_1_427' title='bbox 496 5304 745 5371; x_wconf 86' lang='lat' dir='ltr'><strong>Quidam</strong></span> <span class='ocrx_word' id='word_1_428' title='bbox 776 5323 948 5375; x_wconf 85' lang='lat' dir='ltr'><strong>mss.,</strong></span> <span class='ocrx_word' id='word_1_429' title='bbox 981 5307 1220 5363; x_wconf 81' lang='lat' dir='ltr'><strong>consilii</strong></span> <span class='ocrx_word' id='word_1_430' title='bbox 1251 5326 1390 5364; x_wconf 84' lang='lat' dir='ltr'><strong>usus</strong></span> <span class='ocrx_word' id='word_1_431' title='bbox 1419 5309 1780 5364; x_wconf 84' lang='lat' dir='ltr'><strong>ministerio.</strong></span> 
     </span>
    </p>
   </div>
   <div class='ocr_carea' id='block_1_57' title="bbox 353 5376 1799 5446">
    <p class='ocr_par' dir='ltr' id='par_1_57' title="bbox 353 5376 1799 5446">
     <span class='ocr_line' id='line_1_58' title="bbox 353 5376 1799 5446; baseline 0.001 -14"><span class='ocrx_word' id='word_1_432' title='bbox 353 5377 468 5446; x_wconf 78' lang='lat'><strong>(34)</strong></span> <span class='ocrx_word' id='word_1_433' title='bbox 496 5376 780 5432; x_wconf 87' lang='lat' dir='ltr'><strong>Nonnulli</strong></span> <span class='ocrx_word' id='word_1_434' title='bbox 809 5395 978 5445; x_wconf 87' lang='lat' dir='ltr'><strong>mss.,</strong></span> <span class='ocrx_word' id='word_1_435' title='bbox 1011 5379 1361 5436; x_wconf 83' lang='lat' dir='ltr'><strong>absolvebat</strong></span> <span class='ocrx_word' id='word_1_436' title='bbox 1393 5380 1799 5436; x_wconf 78' lang='lat' dir='ltr'><strong>contumelias.</strong></span> 
     </span>
    </p>
   </div>
   <div class='ocr_carea' id='block_1_58' title="bbox 351 5447 1848 5522">
    <p class='ocr_par' dir='ltr' id='par_1_58' title="bbox 351 5447 1848 5522">
     <span class='ocr_line' id='line_1_59' title="bbox 351 5447 1848 5522; baseline 0.003 -20"><span class='ocrx_word' id='word_1_437' title='bbox 351 5449 466 5522; x_wconf 57' lang='lat' dir='ltr'><strong>(tib)</strong></span> <span class='ocrx_word' id='word_1_438' title='bbox 497 5447 613 5522; x_wconf 52' lang='grc' dir='ltr'><strong>ρης</strong></span> <span class='ocrx_word' id='word_1_439' title='bbox 645 5449 784 5504; x_wconf 87' lang='lat' dir='ltr'><strong>edit.</strong></span> <span class='ocrx_word' id='word_1_440' title='bbox 823 5451 1032 5518; x_wconf 68' lang='lat' dir='ltr'><strong>l‘aris.,</strong></span> <span class='ocrx_word' id='word_1_441' title='bbox 1069 5468 1234 5522; x_wconf 83' lang='lat' dir='ltr'><strong>quam</strong></span> <span class='ocrx_word' id='word_1_442' title='bbox 1265 5453 1430 5506; x_wconf 87' lang='lat' dir='ltr'><strong>mitis</strong></span> <span class='ocrx_word' id='word_1_443' title='bbox 1459 5453 1520 5505; x_wconf 86' lang='lat' dir='ltr'><strong>in</strong></span> <span class='ocrx_word' id='word_1_444' title='bbox 1553 5468 1848 5506; x_wconf 89' lang='lat' dir='ltr'><strong>sermone.</strong></span> 
     </span>
    </p>
   </div>
   <div class='ocr_carea' id='block_1_59' title="bbox 349 5518 1943 5592">
    <p class='ocr_par' dir='ltr' id='par_1_59' title="bbox 349 5518 1943 5592">
     <span class='ocr_line' id='line_1_60' title="bbox 349 5518 1943 5592; baseline 0.001 -18"><span class='ocrx_word' id='word_1_445' title='bbox 349 5519 463 5592; x_wconf 80' lang='lat'><strong>(36)</strong></span> <span class='ocrx_word' id='word_1_446' title='bbox 507 5518 658 5592; x_wconf 83' lang='lat' dir='ltr'><strong>Edit.</strong></span> <span class='ocrx_word' id='word_1_447' title='bbox 689 5536 780 5592; x_wconf 82' lang='lat' dir='ltr'><strong>ac.</strong></span> <span class='ocrx_word' id='word_1_448' title='bbox 829 5537 977 5575; x_wconf 90' lang='lat' dir='ltr'><strong>mss.</strong></span> <span class='ocrx_word' id='word_1_449' title='bbox 1011 5518 1149 5588; x_wconf 82' lang='lat' dir='ltr'><strong>duo,</strong></span> <span class='ocrx_word' id='word_1_450' title='bbox 1202 5521 1468 5592; x_wconf 81' lang='lat' dir='ltr'><strong>[agitans</strong></span> <span class='ocrx_word' id='word_1_451' title='bbox 1499 5523 1943 5591; x_wconf 79' lang='lat' dir='ltr'><strong>arrogantiam,-</strong></span> 
     </span>
    </p>
   </div>
   <div class='ocr_carea' id='block_1_60' title="bbox 2087 626 3734 700">
    <p class='ocr_par' dir='ltr' id='par_1_60' title="bbox 2087 626 3734 700">
     <span class='ocr_line' id='line_1_61' title="bbox 2087 626 3734 700; baseline 0.005 -20"><span class='ocrx_word' id='word_1_452' title='bbox 2087 626 2274 694; x_wconf 84' lang='lat' dir='ltr'><strong>fateri,</strong></span> <span class='ocrx_word' id='word_1_453' title='bbox 2301 643 2488 699; x_wconf 88' lang='lat' dir='ltr'><strong>seque</strong></span> <span class='ocrx_word' id='word_1_454' title='bbox 2510 628 2704 698; x_wconf 84' lang='lat' dir='ltr'><strong>ipsum</strong></span> <span class='ocrx_word' id='word_1_455' title='bbox 2745 643 2850 698; x_wconf 93' lang='lat' dir='ltr'><strong>pro</strong></span> <span class='ocrx_word' id='word_1_456' title='bbox 2885 627 3100 698; x_wconf 87' lang='lat' dir='ltr'><strong>pepulo</strong></span> <span class='ocrx_word' id='word_1_457' title='bbox 3139 626 3352 684; x_wconf 75' lang='lat' dir='ltr'><strong>oﬂ‘erre</strong></span> <span class='ocrx_word' id='word_1_458' title='bbox 3379 631 3559 700; x_wconf 84' lang='lat' dir='ltr'><strong>morti,</strong></span> <span class='ocrx_word' id='word_1_459' title='bbox 3589 636 3650 686; x_wconf 91' lang='lat' dir='ltr'><strong>ut</strong></span> <span class='ocrx_word' id='word_1_460' title='bbox 3677 635 3734 690; x_wconf 89' lang='lat' dir='ltr'><strong>in</strong></span> 
     </span>
    </p>
   </div>
   <div class='ocr_carea' id='block_1_61' title="bbox 2084 716 3730 788">
    <p class='ocr_par' dir='ltr' id='par_1_61' title="bbox 2084 716 3730 788">
     <span class='ocr_line' id='line_1_62' title="bbox 2084 716 3730 788; baseline 0.004 -19"><span class='ocrx_word' id='word_1_461' title='bbox 2084 731 2150 771; x_wconf 87' lang='lat' dir='ltr'><strong>se</strong></span> <span class='ocrx_word' id='word_1_462' title='bbox 2175 716 2369 769; x_wconf 88' lang='lat' dir='ltr'><strong>divina</strong></span> <span class='ocrx_word' id='word_1_463' title='bbox 2395 716 2718 788; x_wconf 82' lang='lat' dir='ltr'><strong>indignatio</strong></span> <span class='ocrx_word' id='word_1_464' title='bbox 2735 721 3204 787; x_wconf 87' lang='lat' dir='ltr'><strong>converteretur,</strong></span> <span class='ocrx_word' id='word_1_465' title='bbox 3223 733 3354 772; x_wconf 90' lang='lat' dir='ltr'><strong>cum</strong></span> <span class='ocrx_word' id='word_1_466' title='bbox 3379 718 3606 775; x_wconf 79' lang='lat' dir='ltr'><strong>ferienti</strong></span> <span class='ocrx_word' id='word_1_467' title='bbox 3625 737 3730 776; x_wconf 86' lang='lat' dir='ltr'><strong>an-</strong></span> 
     </span>
    </p>
   </div>
   <div class='ocr_carea' id='block_1_62' title="bbox 2083 805 3730 882">
    <p class='ocr_par' dir='ltr' id='par_1_62' title="bbox 2083 805 3730 882">
     <span class='ocr_line' id='line_1_63' title="bbox 2083 805 3730 882; baseline 0.003 -20"><span class='ocrx_word' id='word_1_468' title='bbox 2083 808 2216 880; x_wconf 89' lang='lat' dir='ltr'><strong>gelo</strong></span> <span class='ocrx_word' id='word_1_469' title='bbox 2241 809 2497 863; x_wconf 74' lang='lat' dir='ltr'><strong>otl‘ercns</strong></span> <span class='ocrx_word' id='word_1_470' title='bbox 2515 825 2581 864; x_wconf 90' lang='lat' dir='ltr'><strong>se</strong></span> <span class='ocrx_word' id='word_1_471' title='bbox 2604 809 2854 864; x_wconf 87' lang='lat' dir='ltr'><strong>diceret:</strong></span> <span class='ocrx_word' id='word_1_472' title='bbox 2881 810 3038 864; x_wconf 81' lang='lat' dir='ltr'><strong>Ecce</strong></span> <span class='ocrx_word' id='word_1_473' title='bbox 3063 826 3209 875; x_wconf 89' lang='lat' dir='ltr'><strong>sum,</strong></span> <span class='ocrx_word' id='word_1_474' title='bbox 3231 826 3340 882; x_wconf 88' lang='lat' dir='ltr'><strong>ego</strong></span> <span class='ocrx_word' id='word_1_475' title='bbox 3350 827 3526 882; x_wconf 73' lang='lat' dir='ltr'><strong>pecua</strong></span> <span class='ocrx_word' id='word_1_476' title='bbox 3541 813 3611 879; x_wconf 83' lang='lat' dir='ltr'><strong>ri,</strong></span> <span class='ocrx_word' id='word_1_477' title='bbox 3640 805 3730 868; x_wconf 84' lang='lat'><strong>79</strong></span> 
     </span>
    </p>
   </div>
   <div class='ocr_carea' id='block_1_63' title="bbox 2083 897 3736 971">
    <p class='ocr_par' dir='ltr' id='par_1_63' title="bbox 2083 897 3736 971">
     <span class='ocr_line' id='line_1_64' title="bbox 2083 897 3736 971; baseline 0.002 -20"><span class='ocrx_word' id='word_1_478' title='bbox 2083 903 2140 951; x_wconf 87' lang='lat' dir='ltr'><strong>et</strong></span> <span class='ocrx_word' id='word_1_479' title='bbox 2175 914 2282 970; x_wconf 79' lang='lat' dir='ltr'><strong>ego</strong></span> <span class='ocrx_word' id='word_1_480' title='bbox 2304 903 2514 969; x_wconf 82' lang='lat' dir='ltr'><strong>pastor</strong></span> <span class='ocrx_word' id='word_1_481' title='bbox 2544 897 2756 952; x_wconf 84' lang='lat' dir='ltr'><strong>malum</strong></span> <span class='ocrx_word' id='word_1_482' title='bbox 2791 897 2928 963; x_wconf 82' lang='lat' dir='ltr'><strong>feci,</strong></span> <span class='ocrx_word' id='word_1_483' title='bbox 2961 904 3021 954; x_wconf 89' lang='lat' dir='ltr'><strong>et</strong></span> <span class='ocrx_word' id='word_1_484' title='bbox 3055 899 3171 953; x_wconf 82' lang='lat' dir='ltr'><strong>iste</strong></span> <span class='ocrx_word' id='word_1_485' title='bbox 3197 915 3356 970; x_wconf 83' lang='lat' dir='ltr'><strong>grex</strong></span> <span class='ocrx_word' id='word_1_486' title='bbox 3385 900 3521 971; x_wconf 81' lang='lat' dir='ltr'><strong>quid</strong></span> <span class='ocrx_word' id='word_1_487' title='bbox 3551 901 3688 955; x_wconf 83' lang='lat' dir='ltr'><strong>fecit</strong></span> <span class='ocrx_word' id='word_1_488' title='bbox 3709 903 3736 956; x_wconf 73' lang='lat'><strong>.9</strong></span> 
     </span>
    </p>
   </div>
   <div class='ocr_carea' id='block_1_64' title="bbox 2082 984 3427 1058">
    <p class='ocr_par' dir='ltr' id='par_1_64' title="bbox 2082 984 3427 1058">
     <span class='ocr_line' id='line_1_65' title="bbox 2082 984 3427 1058; baseline 0.001 -18"><span class='ocrx_word' id='word_1_489' title='bbox 2082 984 2218 1040; x_wconf 80' lang='lat' dir='ltr'><strong>Fiat</strong></span> <span class='ocrx_word' id='word_1_490' title='bbox 2249 1002 2456 1040; x_wconf 81' lang='lat' dir='ltr'><strong>manus</strong></span> <span class='ocrx_word' id='word_1_491' title='bbox 2498 991 2594 1041; x_wconf 82' lang='lat' dir='ltr'><strong>tua</strong></span> <span class='ocrx_word' id='word_1_492' title='bbox 2625 987 2686 1040; x_wconf 87' lang='lat' dir='ltr'><strong>in</strong></span> <span class='ocrx_word' id='word_1_493' title='bbox 2716 1003 2810 1042; x_wconf 83' lang='lat' dir='ltr'><strong>me</strong></span> <span class='ocrx_word' id='word_1_494' title='bbox 2839 987 2910 1055; x_wconf 89' lang='lat' dir='ltr'><strong>(Il</strong></span> <span class='ocrx_word' id='word_1_495' title='bbox 2936 987 3084 1058; x_wconf 78' lang='lat' dir='ltr'><strong>Reg,</strong></span> <span class='ocrx_word' id='word_1_496' title='bbox 3119 1005 3282 1056; x_wconf 77' lang='lat' dir='ltr'><strong>xxxv,</strong></span> <span class='ocrx_word' id='word_1_497' title='bbox 3319 986 3427 1056; x_wconf 77' lang='lat'><strong>1&#39;7).</strong></span> 
     </span>
    </p>
   </div>
   <div class='ocr_carea' id='block_1_65' title="bbox 2149 1075 3737 1148">
    <p class='ocr_par' dir='ltr' id='par_1_65' title="bbox 2149 1075 3737 1148">
     <span class='ocr_line' id='line_1_66' title="bbox 2149 1075 3737 1148; baseline 0.004 -20"><span class='ocrx_word' id='word_1_498' title='bbox 2149 1075 2238 1128; x_wconf 82' lang='lat'><strong>35.</strong></span> <span class='ocrx_word' id='word_1_499' title='bbox 2263 1075 2410 1129; x_wconf 84' lang='lat' dir='ltr'><strong>Nam</strong></span> <span class='ocrx_word' id='word_1_500' title='bbox 2447 1075 2585 1146; x_wconf 88' lang='lat' dir='ltr'><strong>quid</strong></span> <span class='ocrx_word' id='word_1_501' title='bbox 2622 1075 2734 1129; x_wconf 91' lang='lat' dir='ltr'><strong>alia</strong></span> <span class='ocrx_word' id='word_1_502' title='bbox 2771 1075 3161 1148; x_wconf 51' lang='lat' dir='ltr'><strong>dicaquuod</strong></span> <span class='ocrx_word' id='word_1_503' title='bbox 3193 1077 3391 1131; x_wconf 87' lang='lat' dir='ltr'><strong>dolum</strong></span> <span class='ocrx_word' id='word_1_504' title='bbox 3413 1077 3737 1134; x_wconf 86' lang='lat' dir='ltr'><strong>meditanti-</strong></span> 
     </span>
    </p>
   </div>
   <div class='ocr_carea' id='block_1_66' title="bbox 2076 1162 3738 1238">
    <p class='ocr_par' dir='ltr' id='par_1_66' title="bbox 2076 1162 3738 1238">
     <span class='ocr_line' id='line_1_67' title="bbox 2076 1162 3738 1238; baseline 0.003 -21"><span class='ocrx_word' id='word_1_505' title='bbox 2076 1162 2192 1217; x_wconf 89' lang='lat' dir='ltr'><strong>bus</strong></span> <span class='ocrx_word' id='word_1_506' title='bbox 2223 1179 2292 1218; x_wconf 92' lang='lat' dir='ltr'><strong>os</strong></span> <span class='ocrx_word' id='word_1_507' title='bbox 2325 1179 2500 1218; x_wconf 90' lang='lat' dir='ltr'><strong>suum</strong></span> <span class='ocrx_word' id='word_1_508' title='bbox 2543 1179 2658 1218; x_wconf 91' lang='lat' dir='ltr'><strong>non</strong></span> <span class='ocrx_word' id='word_1_509' title='bbox 2707 1165 3028 1235; x_wconf 89' lang='lat' dir='ltr'><strong>aperiebat,</strong></span> <span class='ocrx_word' id='word_1_510' title='bbox 3080 1168 3155 1232; x_wconf 86' lang='lat' dir='ltr'><strong>et,</strong></span> <span class='ocrx_word' id='word_1_511' title='bbox 3188 1169 3464 1238; x_wconf 88' lang='lat' dir='ltr'><strong>tanquam</strong></span> <span class='ocrx_word' id='word_1_512' title='bbox 3491 1182 3607 1221; x_wconf 90' lang='lat' dir='ltr'><strong>non</strong></span> <span class='ocrx_word' id='word_1_513' title='bbox 3635 1183 3738 1222; x_wconf 88' lang='lat' dir='ltr'><strong>au-</strong></span> 
     </span>
    </p>
   </div>
   <div class='ocr_carea' id='block_1_67' title="bbox 2077 1251 3736 1324">
    <p class='ocr_par' dir='ltr' id='par_1_67' title="bbox 2077 1251 3736 1324">
     <span class='ocr_line' id='line_1_68' title="bbox 2077 1251 3736 1324; baseline 0.004 -19"><span class='ocrx_word' id='word_1_514' title='bbox 2077 1251 2268 1321; x_wconf 89' lang='lat' dir='ltr'><strong>diens,</strong></span> <span class='ocrx_word' id='word_1_515' title='bbox 2293 1253 2515 1308; x_wconf 91' lang='lat' dir='ltr'><strong>nullum</strong></span> <span class='ocrx_word' id='word_1_516' title='bbox 2540 1267 2876 1308; x_wconf 88' lang='lat' dir='ltr'><strong>sermonem</strong></span> <span class='ocrx_word' id='word_1_517' title='bbox 2906 1253 3281 1309; x_wconf 79' lang='lat' dir='ltr'><strong>referendum</strong></span> <span class='ocrx_word' id='word_1_518' title='bbox 3315 1255 3586 1324; x_wconf 88' lang='lat' dir='ltr'><strong>putabat:</strong></span> <span class='ocrx_word' id='word_1_519' title='bbox 3622 1271 3736 1311; x_wconf 91' lang='lat' dir='ltr'><strong>non</strong></span> 
     </span>
    </p>
   </div>
   <div class='ocr_carea' id='block_1_68' title="bbox 2077 1341 3738 1415">
    <p class='ocr_par' dir='ltr' id='par_1_68' title="bbox 2077 1341 3738 1415">
     <span class='ocr_line' id='line_1_69' title="bbox 2077 1341 3738 1415; baseline 0.003 -21"><span class='ocrx_word' id='word_1_520' title='bbox 2077 1341 2476 1411; x_wconf 87' lang='lat' dir='ltr'><strong>respondebat</strong></span> <span class='ocrx_word' id='word_1_521' title='bbox 2499 1342 2789 1396; x_wconf 86' lang='lat' dir='ltr'><strong>conviciis</strong></span> <span class='ocrx_word' id='word_1_522' title='bbox 2816 1357 2829 1396; x_wconf 90' lang='lat'><strong>:</strong></span> <span class='ocrx_word' id='word_1_523' title='bbox 2862 1359 2996 1397; x_wconf 90' lang='lat' dir='ltr'><strong>cum</strong></span> <span class='ocrx_word' id='word_1_524' title='bbox 3027 1343 3144 1397; x_wconf 90' lang='lat' dir='ltr'><strong>sibi</strong></span> <span class='ocrx_word' id='word_1_525' title='bbox 3176 1343 3584 1415; x_wconf 87' lang='lat' dir='ltr'><strong>dorogaretur,</strong></span> <span class='ocrx_word' id='word_1_526' title='bbox 3619 1360 3738 1399; x_wconf 87' lang='lat' dir='ltr'><strong>ora-</strong></span> 
     </span>
    </p>
   </div>
   <div class='ocr_carea' id='block_1_69' title="bbox 2074 1429 3735 1499">
    <p class='ocr_par' dir='ltr' id='par_1_69' title="bbox 2074 1429 3735 1499">
     <span class='ocr_line' id='line_1_70' title="bbox 2074 1429 3735 1499; baseline 0.003 -17"><span class='ocrx_word' id='word_1_527' title='bbox 2074 1429 2210 1484; x_wconf 86' lang='lat' dir='ltr'><strong>bat:</strong></span> <span class='ocrx_word' id='word_1_528' title='bbox 2244 1446 2375 1484; x_wconf 92' lang='lat' dir='ltr'><strong>cum</strong></span> <span class='ocrx_word' id='word_1_529' title='bbox 2407 1430 2876 1499; x_wconf 90' lang='lat' dir='ltr'><strong>malediceretur,</strong></span> <span class='ocrx_word' id='word_1_530' title='bbox 2933 1431 3361 1486; x_wconf 87' lang='lat' dir='ltr'><strong>benedicebatl</strong></span> <span class='ocrx_word' id='word_1_531' title='bbox 3417 1432 3735 1487; x_wconf 89' lang='lat' dir='ltr'><strong>Ambulans</strong></span> 
     </span>
    </p>
   </div>
   <div class='ocr_carea' id='block_1_70' title="bbox 2077 1517 3744 1592">
    <p class='ocr_par' dir='ltr' id='par_1_70' title="bbox 2077 1517 3744 1592">
     <span class='ocr_line' id='line_1_71' title="bbox 2077 1517 3744 1592; baseline 0.003 -22"><span class='ocrx_word' id='word_1_532' title='bbox 2077 1517 2138 1572; x_wconf 87' lang='lat' dir='ltr'><strong>in</strong></span> <span class='ocrx_word' id='word_1_533' title='bbox 2160 1517 2555 1589; x_wconf 87' lang='lat' dir='ltr'><strong>simplicitate,</strong></span> <span class='ocrx_word' id='word_1_534' title='bbox 2580 1523 2638 1574; x_wconf 90' lang='lat' dir='ltr'><strong>et</strong></span> <span class='ocrx_word' id='word_1_535' title='bbox 2658 1519 3053 1589; x_wconf 85' lang='lat' dir='ltr'><strong>superborum</strong></span> <span class='ocrx_word' id='word_1_536' title='bbox 3067 1520 3329 1592; x_wconf 78' lang='lat' dir='ltr'><strong>fugitans</strong></span> <span class='ocrx_word' id='word_1_537' title='bbox 3344 1520 3480 1589; x_wconf 86' lang='lat'><strong>(36),</strong></span> <span class='ocrx_word' id='word_1_538' title='bbox 3495 1524 3744 1575; x_wconf 85' lang='lat' dir='ltr'><strong>sectator</strong></span> 
     </span>
    </p>
   </div>
   <div class='ocr_carea' id='block_1_71' title="bbox 2077 1605 3734 1678">
    <p class='ocr_par' dir='ltr' id='par_1_71' title="bbox 2077 1605 3734 1678">
     <span class='ocr_line' id='line_1_72' title="bbox 2077 1605 3734 1678; baseline 0.004 -19"><span class='ocrx_word' id='word_1_539' title='bbox 2077 1605 2604 1677; x_wconf 88' lang='lat' dir='ltr'><strong>immaculatorum,</strong></span> <span class='ocrx_word' id='word_1_540' title='bbox 2654 1609 2755 1678; x_wconf 88' lang='lat' dir='ltr'><strong>qui</strong></span> <span class='ocrx_word' id='word_1_541' title='bbox 2801 1608 3063 1663; x_wconf 91' lang='lat' dir='ltr'><strong>cinerem</strong></span> <span class='ocrx_word' id='word_1_542' title='bbox 3113 1609 3404 1664; x_wconf 88' lang='lat' dir='ltr'><strong>miscebat</strong></span> <span class='ocrx_word' id='word_1_543' title='bbox 3447 1609 3734 1666; x_wconf 86' lang='lat' dir='ltr'><strong>alimentis</strong></span> 
     </span>
    </p>
   </div>
   <div class='ocr_carea' id='block_1_72' title="bbox 2077 1693 3741 1768">
    <p class='ocr_par' dir='ltr' id='par_1_72' title="bbox 2077 1693 3741 1768">
     <span class='ocr_line' id='line_1_73' title="bbox 2077 1693 3741 1768; baseline 0.002 -20"><span class='ocrx_word' id='word_1_544' title='bbox 2077 1693 2230 1763; x_wconf 89' lang='lat' dir='ltr'><strong>suis,</strong></span> <span class='ocrx_word' id='word_1_545' title='bbox 2283 1711 2416 1750; x_wconf 90' lang='lat' dir='ltr'><strong>cum</strong></span> <span class='ocrx_word' id='word_1_546' title='bbox 2473 1700 2712 1766; x_wconf 90' lang='lat' dir='ltr'><strong>peccata</strong></span> <span class='ocrx_word' id='word_1_547' title='bbox 2760 1697 2998 1768; x_wconf 92' lang='lat' dir='ltr'><strong>propria</strong></span> <span class='ocrx_word' id='word_1_548' title='bbox 3043 1697 3397 1768; x_wconf 88' lang='lat' dir='ltr'><strong>deploraret,</strong></span> <span class='ocrx_word' id='word_1_549' title='bbox 3447 1701 3504 1752; x_wconf 90' lang='lat' dir='ltr'><strong>et</strong></span> <span class='ocrx_word' id='word_1_550' title='bbox 3550 1701 3741 1768; x_wconf 89' lang='lat' dir='ltr'><strong>potum</strong></span> 
     </span>
    </p>
   </div>
   <div class='ocr_carea' id='block_1_73' title="bbox 2079 1785 3742 1856">
    <p class='ocr_par' dir='ltr' id='par_1_73' title="bbox 2079 1785 3742 1856">
     <span class='ocr_line' id='line_1_74' title="bbox 2079 1785 3742 1856; baseline 0.002 -19"><span class='ocrx_word' id='word_1_551' title='bbox 2079 1799 2255 1838; x_wconf 88' lang='lat' dir='ltr'><strong>suum</strong></span> <span class='ocrx_word' id='word_1_552' title='bbox 2297 1785 2660 1856; x_wconf 85' lang='lat' dir='ltr'><strong>temperabat</strong></span> <span class='ocrx_word' id='word_1_553' title='bbox 2693 1785 2931 1840; x_wconf 86' lang='lat' dir='ltr'><strong>ﬂetibus</strong></span> <span class='ocrx_word' id='word_1_554' title='bbox 2954 1785 3142 1855; x_wconf 70' lang='lat' dir='ltr'><strong>(I’sal.</strong></span> <span class='ocrx_word' id='word_1_555' title='bbox 3166 1802 3240 1855; x_wconf 84' lang='lat' dir='ltr'><strong>Cl,</strong></span> <span class='ocrx_word' id='word_1_556' title='bbox 3280 1786 3392 1855; x_wconf 77' lang='grc'>10).</span> <span class='ocrx_word' id='word_1_557' title='bbox 3419 1786 3622 1841; x_wconf 87' lang='lat' dir='ltr'><strong>Merito</strong></span> <span class='ocrx_word' id='word_1_558' title='bbox 3658 1785 3742 1840; x_wconf 88' lang='lat' dir='ltr'><strong>sic</strong></span> 
     </span>
    </p>
   </div>
   <div class='ocr_carea' id='block_1_74' title="bbox 2082 1962 3742 2020">
    <p class='ocr_par' dir='ltr' id='par_1_74' title="bbox 2082 1962 3742 2020">
     <span class='ocr_line' id='line_1_75' title="bbox 2082 1962 3742 2020; baseline 0.001 -4"><span class='ocrx_word' id='word_1_559' title='bbox 2082 1977 2217 2016; x_wconf 93' lang='lat' dir='ltr'><strong>cum</strong></span> <span class='ocrx_word' id='word_1_560' title='bbox 2246 1977 2454 2017; x_wconf 91' lang='lat' dir='ltr'><strong>omnes</strong></span> <span class='ocrx_word' id='word_1_561' title='bbox 2485 1962 2678 2018; x_wconf 88' lang='lat' dir='ltr'><strong>tribus</strong></span> <span class='ocrx_word' id='word_1_562' title='bbox 2720 1963 2901 2018; x_wconf 88' lang='lat' dir='ltr'><strong>Israel</strong></span> <span class='ocrx_word' id='word_1_563' title='bbox 2933 1963 3232 2020; x_wconf 89' lang='lat' dir='ltr'><strong>dicentes:</strong></span> <span class='ocrx_word' id='word_1_564' title='bbox 3281 1963 3447 2019; x_wconf 86' lang='lat' dir='ltr'><strong>Ecce</strong></span> <span class='ocrx_word' id='word_1_565' title='bbox 3477 1979 3583 2019; x_wconf 90' lang='lat' dir='ltr'><strong>nos</strong></span> <span class='ocrx_word' id='word_1_566' title='bbox 3616 1979 3742 2019; x_wconf 85' lang='lat' dir='ltr'><strong>ossa</strong></span> 
     </span>
    </p>
   </div>
   <div class='ocr_carea' id='block_1_75' title="bbox 2079 2053 3741 2108">
    <p class='ocr_par' dir='ltr' id='par_1_75' title="bbox 2079 2053 3741 2108">
     <span class='ocr_line' id='line_1_76' title="bbox 2079 2053 3741 2108; baseline 0.001 -4"><span class='ocrx_word' id='word_1_567' title='bbox 2079 2055 2175 2105; x_wconf 85' lang='lat' dir='ltr'><strong>tua</strong></span> <span class='ocrx_word' id='word_1_568' title='bbox 2199 2055 2258 2105; x_wconf 89' lang='lat' dir='ltr'><strong>et</strong></span> <span class='ocrx_word' id='word_1_569' title='bbox 2289 2066 2434 2106; x_wconf 89' lang='lat' dir='ltr'><strong>caro</strong></span> <span class='ocrx_word' id='word_1_570' title='bbox 2475 2057 2570 2106; x_wconf 87' lang='lat' dir='ltr'><strong>tua</strong></span> <span class='ocrx_word' id='word_1_571' title='bbox 2610 2067 2846 2107; x_wconf 86' lang='lat' dir='ltr'><strong>sumus:</strong></span> <span class='ocrx_word' id='word_1_572' title='bbox 2873 2053 3012 2107; x_wconf 85' lang='lat' dir='ltr'><strong>beri</strong></span> <span class='ocrx_word' id='word_1_573' title='bbox 3058 2059 3117 2108; x_wconf 90' lang='lat' dir='ltr'><strong>et</strong></span> <span class='ocrx_word' id='word_1_574' title='bbox 3150 2053 3591 2108; x_wconf 80' lang='lat' dir='ltr'><strong>nudiustertius</strong></span> <span class='ocrx_word' id='word_1_575' title='bbox 3620 2068 3741 2107; x_wconf 87' lang='lat' dir='ltr'><strong>eum</strong></span> 
     </span>
    </p>
   </div>
   <div class='ocr_carea' id='block_1_76' title="bbox 2076 2139 3737 2213">
    <p class='ocr_par' dir='ltr' id='par_1_76' title="bbox 2076 2139 3737 2213">
     <span class='ocr_line' id='line_1_77' title="bbox 2076 2139 3737 2213; baseline 0.001 -19"><span class='ocrx_word' id='word_1_576' title='bbox 2076 2145 2240 2194; x_wconf 86' lang='lat' dir='ltr'><strong>esset</strong></span> <span class='ocrx_word' id='word_1_577' title='bbox 2271 2139 2428 2206; x_wconf 73' lang='lat' dir='ltr'><strong>Saul</strong></span> <span class='ocrx_word' id='word_1_578' title='bbox 2473 2146 2530 2194; x_wconf 89' lang='lat' dir='ltr'><strong>et</strong></span> <span class='ocrx_word' id='word_1_579' title='bbox 2561 2147 2851 2212; x_wconf 78' lang='lat' dir='ltr'><strong>regnaret</strong></span> <span class='ocrx_word' id='word_1_580' title='bbox 2873 2157 3216 2213; x_wconf 85' lang='lat' dir='ltr'><strong>supernos;</strong></span> <span class='ocrx_word' id='word_1_581' title='bbox 3250 2147 3311 2195; x_wconf 86' lang='lat' dir='ltr'><strong>tu</strong></span> <span class='ocrx_word' id='word_1_582' title='bbox 3339 2157 3483 2196; x_wconf 86' lang='lat' dir='ltr'><strong>eras</strong></span> <span class='ocrx_word' id='word_1_583' title='bbox 3503 2142 3600 2213; x_wconf 91' lang='lat' dir='ltr'><strong>qui</strong></span> <span class='ocrx_word' id='word_1_584' title='bbox 3611 2156 3737 2213; x_wconf 85' lang='lat' dir='ltr'><strong>pro-</strong></span> 
     </span>
    </p>
   </div>
   <div class='ocr_carea' id='block_1_77' title="bbox 2073 2227 3740 2286">
    <p class='ocr_par' dir='ltr' id='par_1_77' title="bbox 2073 2227 3740 2286">
     <span class='ocr_line' id='line_1_78' title="bbox 2073 2227 3740 2286; baseline 0.002 -4"><span class='ocrx_word' id='word_1_585' title='bbox 2073 2227 2334 2282; x_wconf 84' lang='lat' dir='ltr'><strong>ducebas</strong></span> <span class='ocrx_word' id='word_1_586' title='bbox 2355 2233 2414 2284; x_wconf 85' lang='lat' dir='ltr'><strong>et</strong></span> <span class='ocrx_word' id='word_1_587' title='bbox 2433 2229 2762 2284; x_wconf 87' lang='lat' dir='ltr'><strong>inducebas</strong></span> <span class='ocrx_word' id='word_1_588' title='bbox 2781 2229 2987 2284; x_wconf 85' lang='lat' dir='ltr'><strong>Israel.</strong></span> <span class='ocrx_word' id='word_1_589' title='bbox 3011 2229 3093 2284; x_wconf 84' lang='lat' dir='ltr'><strong>Et</strong></span> <span class='ocrx_word' id='word_1_590' title='bbox 3111 2230 3268 2285; x_wconf 77' lang='lat' dir='ltr'><strong>dixit</strong></span> <span class='ocrx_word' id='word_1_591' title='bbox 3291 2230 3410 2286; x_wconf 86' lang='lat' dir='ltr'><strong>tibi</strong></span> <span class='ocrx_word' id='word_1_592' title='bbox 3427 2229 3706 2286; x_wconf 83' lang='lat' dir='ltr'><strong>Dominus</strong></span> <span class='ocrx_word' id='word_1_593' title='bbox 3728 2244 3740 2285; x_wconf 95' lang='lat'><strong>:</strong></span> 
     </span>
    </p>
   </div>
   <div class='ocr_carea' id='block_1_78' title="bbox 2082 2315 3745 2392">
    <p class='ocr_par' dir='ltr' id='par_1_78' title="bbox 2082 2315 3745 2392">
     <span class='ocr_line' id='line_1_79' title="bbox 2082 2315 3745 2392; baseline 0.001 -21"><span class='ocrx_word' id='word_1_594' title='bbox 2082 2315 2163 2371; x_wconf 85' lang='grc' dir='ltr'>Ἰιι</span> <span class='ocrx_word' id='word_1_595' title='bbox 2213 2333 2426 2389; x_wconf 87' lang='lat' dir='ltr'><strong>pasces</strong></span> <span class='ocrx_word' id='word_1_596' title='bbox 2477 2317 2748 2390; x_wconf 87' lang='lat' dir='ltr'><strong>populum</strong></span> <span class='ocrx_word' id='word_1_597' title='bbox 2798 2335 2986 2374; x_wconf 84' lang='lat' dir='ltr'><strong>meum</strong></span> <span class='ocrx_word' id='word_1_598' title='bbox 3034 2319 3121 2389; x_wconf 91' lang='lat' dir='ltr'><strong>(II</strong></span> <span class='ocrx_word' id='word_1_599' title='bbox 3146 2319 3294 2392; x_wconf 79' lang='lat' dir='ltr'><strong>Reg.</strong></span> <span class='ocrx_word' id='word_1_600' title='bbox 3328 2335 3388 2389; x_wconf 92' lang='lat' dir='ltr'><strong>v,</strong></span> <span class='ocrx_word' id='word_1_601' title='bbox 3450 2319 3503 2389; x_wconf 95' lang='grc'><strong>1,</strong></span> <span class='ocrx_word' id='word_1_602' title='bbox 3554 2318 3629 2388; x_wconf 73' lang='lat'><strong>2).</strong></span> <span class='ocrx_word' id='word_1_603' title='bbox 3678 2318 3745 2372; x_wconf 87' lang='lat' dir='ltr'><strong>Et</strong></span> 
     </span>
    </p>
   </div>
   <div class='ocr_carea' id='block_1_79' title="bbox 2072 2405 3744 2478">
    <p class='ocr_par' dir='ltr' id='par_1_79' title="bbox 2072 2405 3744 2478">
     <span class='ocr_line' id='line_1_80' title="bbox 2072 2405 3744 2478; baseline 0.001 -18"><span class='ocrx_word' id='word_1_604' title='bbox 2072 2405 2214 2477; x_wconf 89' lang='lat' dir='ltr'><strong>quid</strong></span> <span class='ocrx_word' id='word_1_605' title='bbox 2266 2406 2436 2477; x_wconf 91' lang='lat' dir='ltr'><strong>plura</strong></span> <span class='ocrx_word' id='word_1_606' title='bbox 2481 2407 2554 2462; x_wconf 91' lang='lat' dir='ltr'><strong>de</strong></span> <span class='ocrx_word' id='word_1_607' title='bbox 2603 2423 2674 2462; x_wconf 91' lang='lat' dir='ltr'><strong>eo</strong></span> <span class='ocrx_word' id='word_1_608' title='bbox 2715 2407 2928 2478; x_wconf 90' lang='lat' dir='ltr'><strong>dicam,</strong></span> <span class='ocrx_word' id='word_1_609' title='bbox 2979 2407 3052 2462; x_wconf 91' lang='lat' dir='ltr'><strong>de</strong></span> <span class='ocrx_word' id='word_1_610' title='bbox 3081 2424 3198 2478; x_wconf 91' lang='lat' dir='ltr'><strong>quo</strong></span> <span class='ocrx_word' id='word_1_611' title='bbox 3246 2407 3594 2478; x_wconf 82' lang='lat' dir='ltr'><strong>hujusmodi</strong></span> <span class='ocrx_word' id='word_1_612' title='bbox 3644 2406 3744 2462; x_wconf 90' lang='lat' dir='ltr'><strong>Dei</strong></span> 
     </span>
    </p>
   </div>
   <div class='ocr_carea' id='block_1_80' title="bbox 2072 2495 3741 2565">
    <p class='ocr_par' dir='ltr' id='par_1_80' title="bbox 2072 2495 3741 2565">
     <span class='ocr_line' id='line_1_81' title="bbox 2072 2495 3741 2565; baseline 0.001 -16"><span class='ocrx_word' id='word_1_613' title='bbox 2072 2495 2369 2565; x_wconf 90' lang='lat' dir='ltr'><strong>processit</strong></span> <span class='ocrx_word' id='word_1_614' title='bbox 2399 2495 2712 2564; x_wconf 88' lang='lat' dir='ltr'><strong>sententia,</strong></span> <span class='ocrx_word' id='word_1_615' title='bbox 2735 2499 2798 2552; x_wconf 92' lang='lat' dir='ltr'><strong>ut</strong></span> <span class='ocrx_word' id='word_1_616' title='bbox 2831 2497 2901 2551; x_wconf 91' lang='lat' dir='ltr'><strong>de</strong></span> <span class='ocrx_word' id='word_1_617' title='bbox 2935 2512 3004 2551; x_wconf 92' lang='lat' dir='ltr'><strong>eo</strong></span> <span class='ocrx_word' id='word_1_618' title='bbox 3037 2497 3290 2551; x_wconf 87' lang='lat' dir='ltr'><strong>diceret:</strong></span> <span class='ocrx_word' id='word_1_619' title='bbox 3325 2496 3533 2551; x_wconf 88' lang='lat' dir='ltr'><strong>inveni</strong></span> <span class='ocrx_word' id='word_1_620' title='bbox 3562 2495 3741 2550; x_wconf 89' lang='lat' dir='ltr'><strong>David</strong></span> 
     </span>
    </p>
   </div>
   <div class='ocr_carea' id='block_1_81' title="bbox 2073 2583 3736 2655">
    <p class='ocr_par' dir='ltr' id='par_1_81' title="bbox 2073 2583 3736 2655">
     <span class='ocr_line' id='line_1_82' title="bbox 2073 2583 3736 2655; baseline 0.001 -18"><span class='ocrx_word' id='word_1_621' title='bbox 2073 2583 2404 2638; x_wconf 90' lang='lat' dir='ltr'><strong>secundum</strong></span> <span class='ocrx_word' id='word_1_622' title='bbox 2452 2600 2556 2639; x_wconf 89' lang='lat' dir='ltr'><strong>cor</strong></span> <span class='ocrx_word' id='word_1_623' title='bbox 2602 2601 2797 2640; x_wconf 89' lang='lat' dir='ltr'><strong>meum</strong></span> <span class='ocrx_word' id='word_1_624' title='bbox 2845 2584 3034 2654; x_wconf 83' lang='lat' dir='ltr'><strong>(Psal.</strong></span> <span class='ocrx_word' id='word_1_625' title='bbox 3087 2601 3379 2655; x_wconf 69' lang='lat' dir='ltr'><strong>nxxxvm,</strong></span> <span class='ocrx_word' id='word_1_626' title='bbox 3417 2585 3506 2655; x_wconf 77' lang='lat'><strong>21)</strong></span> <span class='ocrx_word' id='word_1_627' title='bbox 3543 2583 3736 2650; x_wconf 84' lang='lat' dir='ltr'><strong>?Quis</strong></span> 
     </span>
    </p>
   </div>
   <div class='ocr_carea' id='block_1_82' title="bbox 2072 2673 3745 2745">
    <p class='ocr_par' dir='ltr' id='par_1_82' title="bbox 2072 2673 3745 2745">
     <span class='ocr_line' id='line_1_83' title="bbox 2072 2673 3745 2745; baseline 0 -19"><span class='ocrx_word' id='word_1_628' title='bbox 2072 2673 2230 2727; x_wconf 91' lang='lat' dir='ltr'><strong>enim</strong></span> <span class='ocrx_word' id='word_1_629' title='bbox 2263 2673 2323 2727; x_wconf 90' lang='lat' dir='ltr'><strong>in</strong></span> <span class='ocrx_word' id='word_1_630' title='bbox 2355 2674 2662 2729; x_wconf 91' lang='lat' dir='ltr'><strong>sanctitate</strong></span> <span class='ocrx_word' id='word_1_631' title='bbox 2704 2674 2903 2729; x_wconf 84' lang='lat' dir='ltr'><strong>cordis</strong></span> <span class='ocrx_word' id='word_1_632' title='bbox 2935 2677 2990 2728; x_wconf 90' lang='lat' dir='ltr'><strong>et</strong></span> <span class='ocrx_word' id='word_1_633' title='bbox 3025 2673 3256 2745; x_wconf 88' lang='lat' dir='ltr'><strong>justitia</strong></span> <span class='ocrx_word' id='word_1_634' title='bbox 3290 2674 3451 2729; x_wconf 89' lang='lat' dir='ltr'><strong>sicut</strong></span> <span class='ocrx_word' id='word_1_635' title='bbox 3481 2674 3592 2729; x_wconf 88' lang='lat' dir='ltr'><strong>iste</strong></span> <span class='ocrx_word' id='word_1_636' title='bbox 3622 2689 3745 2727; x_wconf 90' lang='lat' dir='ltr'><strong>am-</strong></span> 
     </span>
    </p>
   </div>
   <div class='ocr_carea' id='block_1_83' title="bbox 2072 2761 3742 2834">
    <p class='ocr_par' dir='ltr' id='par_1_83' title="bbox 2072 2761 3742 2834">
     <span class='ocr_line' id='line_1_84' title="bbox 2072 2761 3742 2834; baseline -0.001 -18"><span class='ocrx_word' id='word_1_637' title='bbox 2072 2761 2316 2830; x_wconf 88' lang='lat' dir='ltr'><strong>bulavit,</strong></span> <span class='ocrx_word' id='word_1_638' title='bbox 2351 2765 2412 2816; x_wconf 91' lang='lat' dir='ltr'><strong>ut</strong></span> <span class='ocrx_word' id='word_1_639' title='bbox 2442 2762 2709 2833; x_wconf 90' lang='lat' dir='ltr'><strong>impleret</strong></span> <span class='ocrx_word' id='word_1_640' title='bbox 2743 2763 3096 2818; x_wconf 86' lang='lat' dir='ltr'><strong>voluntatem</strong></span> <span class='ocrx_word' id='word_1_641' title='bbox 3121 2763 3224 2817; x_wconf 88' lang='lat' dir='ltr'><strong>Dei</strong></span> <span class='ocrx_word' id='word_1_642' title='bbox 3252 2778 3264 2818; x_wconf 90' lang='lat'><strong>:</strong></span> <span class='ocrx_word' id='word_1_643' title='bbox 3297 2765 3544 2834; x_wconf 90' lang='lat' dir='ltr'><strong>propter</strong></span> <span class='ocrx_word' id='word_1_644' title='bbox 3571 2777 3742 2834; x_wconf 91' lang='lat' dir='ltr'><strong>quem</strong></span> 
     </span>
    </p>
   </div>
   <div class='ocr_carea' id='block_1_84' title="bbox 2071 2850 3747 2923">
    <p class='ocr_par' dir='ltr' id='par_1_84' title="bbox 2071 2850 3747 2923">
     <span class='ocr_line' id='line_1_85' title="bbox 2071 2850 3747 2923; baseline 0.001 -19"><span class='ocrx_word' id='word_1_645' title='bbox 2071 2853 2129 2904; x_wconf 89' lang='lat' dir='ltr'><strong>et</strong></span> <span class='ocrx_word' id='word_1_646' title='bbox 2159 2850 2637 2922; x_wconf 85' lang='lat' dir='ltr'><strong>delinquentibus</strong></span> <span class='ocrx_word' id='word_1_647' title='bbox 2668 2852 2927 2922; x_wconf 83' lang='lat' dir='ltr'><strong>posteris</strong></span> <span class='ocrx_word' id='word_1_648' title='bbox 2957 2851 3092 2923; x_wconf 87' lang='lat' dir='ltr'><strong>ejus</strong></span> <span class='ocrx_word' id='word_1_649' title='bbox 3122 2852 3288 2906; x_wconf 89' lang='lat' dir='ltr'><strong>venia</strong></span> <span class='ocrx_word' id='word_1_650' title='bbox 3321 2852 3479 2918; x_wconf 89' lang='lat' dir='ltr'><strong>data,</strong></span> <span class='ocrx_word' id='word_1_651' title='bbox 3513 2855 3569 2908; x_wconf 87' lang='lat' dir='ltr'><strong>et</strong></span> <span class='ocrx_word' id='word_1_652' title='bbox 3599 2867 3747 2922; x_wconf 72' lang='lat' dir='ltr'><strong>pra:-</strong></span> 
     </span>
    </p>
   </div>
   <div class='ocr_carea' id='block_1_85' title="bbox 2072 2939 3741 3012">
    <p class='ocr_par' dir='ltr' id='par_1_85' title="bbox 2072 2939 3741 3012">
     <span class='ocr_line' id='line_1_86' title="bbox 2072 2939 3741 3012; baseline 0.001 -20"><span class='ocrx_word' id='word_1_653' title='bbox 2072 2939 2338 3011; x_wconf 88' lang='lat' dir='ltr'><strong>rogativa</strong></span> <span class='ocrx_word' id='word_1_654' title='bbox 2366 2943 2458 2995; x_wconf 88' lang='lat' dir='ltr'><strong>est</strong></span> <span class='ocrx_word' id='word_1_655' title='bbox 2487 2943 2792 2996; x_wconf 77' lang='lat' dir='ltr'><strong>reservata</strong></span> <span class='ocrx_word' id='word_1_656' title='bbox 2846 2939 3186 2997; x_wconf 68' lang='lat' dir='ltr'><strong>haeredibus</strong></span> <span class='ocrx_word' id='word_1_657' title='bbox 3218 2939 3314 3012; x_wconf 88' lang='lat' dir='ltr'><strong>(Ill</strong></span> <span class='ocrx_word' id='word_1_658' title='bbox 3339 2941 3493 3012; x_wconf 77' lang='lat' dir='ltr'><strong>Heg.</strong></span> <span class='ocrx_word' id='word_1_659' title='bbox 3538 2957 3618 3010; x_wconf 91' lang='grc' dir='ltr'><strong>χι,</strong></span> <span class='ocrx_word' id='word_1_660' title='bbox 3657 2939 3741 3008; x_wconf 77' lang='grc'>12,</span> 
     </span>
    </p>
   </div>
   <div class='ocr_carea' id='block_1_86' title="bbox 2077 3025 2187 3098">
    <p class='ocr_par' dir='ltr' id='par_1_86' title="bbox 2077 3025 2187 3098">
     <span class='ocr_line' id='line_1_87' title="bbox 2077 3025 2187 3098; baseline 0.018 -16"><span class='ocrx_word' id='word_1_661' title='bbox 2077 3025 2187 3098; x_wconf 75' lang='lat'><strong>13).</strong></span> 
     </span>
    </p>
   </div>
   <div class='ocr_carea' id='block_1_87' title="bbox 1993 3117 3742 3199">
    <p class='ocr_par' dir='ltr' id='par_1_87' title="bbox 1993 3117 3742 3199">
     <span class='ocr_line' id='line_1_88' title="bbox 1993 3117 3742 3199; baseline -0.001 -27"><span class='ocrx_word' id='word_1_662' title='bbox 1993 3131 2049 3199; x_wconf 74' lang='grc' dir='ltr'>ο</span> <span class='ocrx_word' id='word_1_663' title='bbox 2145 3117 2232 3172; x_wconf 86' lang='lat'><strong>36.</strong></span> <span class='ocrx_word' id='word_1_664' title='bbox 2255 3118 2400 3184; x_wconf 92' lang='lat' dir='ltr'><strong>Quis</strong></span> <span class='ocrx_word' id='word_1_665' title='bbox 2440 3119 2622 3192; x_wconf 89' lang='lat' dir='ltr'><strong>igitur</strong></span> <span class='ocrx_word' id='word_1_666' title='bbox 2644 3135 2760 3174; x_wconf 91' lang='lat' dir='ltr'><strong>non</strong></span> <span class='ocrx_word' id='word_1_667' title='bbox 2799 3119 3072 3192; x_wconf 88' lang='lat' dir='ltr'><strong>diligeret</strong></span> <span class='ocrx_word' id='word_1_668' title='bbox 3092 3135 3248 3188; x_wconf 89' lang='lat' dir='ltr'><strong>eum,</strong></span> <span class='ocrx_word' id='word_1_669' title='bbox 3295 3135 3480 3191; x_wconf 86' lang='lat' dir='ltr'><strong>quem</strong></span> <span class='ocrx_word' id='word_1_670' title='bbox 3510 3117 3742 3173; x_wconf 88' lang='lat' dir='ltr'><strong>videbat</strong></span> 
     </span>
    </p>
   </div>
   <div class='ocr_carea' id='block_1_88' title="bbox 2075 3206 3754 3280">
    <p class='ocr_par' dir='ltr' id='par_1_88' title="bbox 2075 3206 3754 3280">
     <span class='ocr_line' id='line_1_89' title="bbox 2075 3206 3754 3280; baseline -0.003 -19"><span class='ocrx_word' id='word_1_671' title='bbox 2075 3206 2153 3261; x_wconf 86' lang='lat' dir='ltr'><strong>ita</strong></span> <span class='ocrx_word' id='word_1_672' title='bbox 2185 3207 2430 3264; x_wconf 90' lang='lat' dir='ltr'><strong>charum</strong></span> <span class='ocrx_word' id='word_1_673' title='bbox 2459 3208 2703 3278; x_wconf 88' lang='lat' dir='ltr'><strong>amicis;</strong></span> <span class='ocrx_word' id='word_1_674' title='bbox 2736 3211 2798 3263; x_wconf 91' lang='lat' dir='ltr'><strong>ut</strong></span> <span class='ocrx_word' id='word_1_675' title='bbox 2826 3209 2962 3280; x_wconf 88' lang='lat' dir='ltr'><strong>quia</strong></span> <span class='ocrx_word' id='word_1_676' title='bbox 2992 3209 3121 3279; x_wconf 89' lang='lat' dir='ltr'><strong>ipse</strong></span> <span class='ocrx_word' id='word_1_677' title='bbox 3153 3208 3390 3263; x_wconf 89' lang='lat' dir='ltr'><strong>sincere</strong></span> <span class='ocrx_word' id='word_1_678' title='bbox 3413 3207 3642 3263; x_wconf 89' lang='lat' dir='ltr'><strong>amicos</strong></span> <span class='ocrx_word' id='word_1_679' title='bbox 3665 3207 3754 3260; x_wconf 87' lang='lat' dir='ltr'><strong>di-.</strong></span> 
     </span>
    </p>
   </div>
   <div class='ocr_carea' id='block_1_89' title="bbox 2074 3296 3748 3370">
    <p class='ocr_par' dir='ltr' id='par_1_89' title="bbox 2074 3296 3748 3370">
     <span class='ocr_line' id='line_1_90' title="bbox 2074 3296 3748 3370; baseline 0 -19"><span class='ocrx_word' id='word_1_680' title='bbox 2074 3296 2315 3369; x_wconf 80' lang='lat' dir='ltr'><strong>ligabat,</strong></span> <span class='ocrx_word' id='word_1_681' title='bbox 2349 3313 2518 3369; x_wconf 69' lang='lat' dir='ltr'><strong>aeque</strong></span> <span class='ocrx_word' id='word_1_682' title='bbox 2547 3297 2716 3370; x_wconf 84' lang='lat' dir='ltr'><strong>diligi</strong></span> <span class='ocrx_word' id='word_1_683' title='bbox 2745 3313 2812 3352; x_wconf 91' lang='lat' dir='ltr'><strong>se</strong></span> <span class='ocrx_word' id='word_1_684' title='bbox 2843 3313 2876 3352; x_wconf 86' lang='lat' dir='ltr'><strong>a</strong></span> <span class='ocrx_word' id='word_1_685' title='bbox 2906 3297 3036 3352; x_wconf 74' lang='lat' dir='ltr'><strong>suis</strong></span> <span class='ocrx_word' id='word_1_686' title='bbox 3065 3297 3274 3352; x_wconf 89' lang='lat' dir='ltr'><strong>amicis</strong></span> <span class='ocrx_word' id='word_1_687' title='bbox 3303 3297 3702 3353; x_wconf 89' lang='lat' dir='ltr'><strong>arbitraretur</strong></span> <span class='ocrx_word' id='word_1_688' title='bbox 3721 3297 3748 3351; x_wconf 85' lang='lat'><strong>?</strong></span> 
     </span>
    </p>
   </div>
   <div class='ocr_carea' id='block_1_90' title="bbox 2073 3384 3750 3458">
    <p class='ocr_par' dir='ltr' id='par_1_90' title="bbox 2073 3384 3750 3458">
     <span class='ocr_line' id='line_1_91' title="bbox 2073 3384 3750 3458; baseline 0.001 -19"><span class='ocrx_word' id='word_1_689' title='bbox 2073 3384 2340 3458; x_wconf 91' lang='lat' dir='ltr'><strong>Denique</strong></span> <span class='ocrx_word' id='word_1_690' title='bbox 2371 3390 2646 3457; x_wconf 88' lang='lat' dir='ltr'><strong>parentes</strong></span> <span class='ocrx_word' id='word_1_691' title='bbox 2681 3402 2816 3442; x_wconf 91' lang='lat' dir='ltr'><strong>eum</strong></span> <span class='ocrx_word' id='word_1_692' title='bbox 2847 3386 2988 3442; x_wconf 75' lang='lat' dir='ltr'><strong>{iliis</strong></span> <span class='ocrx_word' id='word_1_693' title='bbox 3019 3387 3173 3455; x_wconf 90' lang='lat' dir='ltr'><strong>suis,</strong></span> <span class='ocrx_word' id='word_1_694' title='bbox 3206 3385 3310 3440; x_wconf 81' lang='lat' dir='ltr'><strong>filii</strong></span> <span class='ocrx_word' id='word_1_695' title='bbox 3341 3385 3750 3457; x_wconf 70' lang='lat' dir='ltr'><strong>prmferebant</strong></span> 
     </span>
    </p>
   </div>
   <div class='ocr_carea' id='block_1_91' title="bbox 2071 3475 3745 3548">
    <p class='ocr_par' dir='ltr' id='par_1_91' title="bbox 2071 3475 3745 3548">
     <span class='ocr_line' id='line_1_92' title="bbox 2071 3475 3745 3548; baseline 0 -20"><span class='ocrx_word' id='word_1_696' title='bbox 2071 3475 2440 3546; x_wconf 88' lang='lat' dir='ltr'><strong>parentibus.</strong></span> <span class='ocrx_word' id='word_1_697' title='bbox 2467 3475 2638 3532; x_wconf 87' lang='lat' dir='ltr'><strong>Unde</strong></span> <span class='ocrx_word' id='word_1_698' title='bbox 2668 3477 2931 3548; x_wconf 87' lang='lat' dir='ltr'><strong>graviter</strong></span> <span class='ocrx_word' id='word_1_699' title='bbox 2958 3475 3301 3547; x_wconf 88' lang='lat' dir='ltr'><strong>indignatus</strong></span> <span class='ocrx_word' id='word_1_700' title='bbox 3330 3475 3502 3544; x_wconf 87' lang='lat' dir='ltr'><strong>Saul,</strong></span> <span class='ocrx_word' id='word_1_701' title='bbox 3537 3490 3745 3547; x_wconf 88' lang='lat' dir='ltr'><strong>percu-</strong></span> 
     </span>
    </p>
   </div>
   <div class='ocr_carea' id='block_1_92' title="bbox 2069 3563 3753 3636">
    <p class='ocr_par' dir='ltr' id='par_1_92' title="bbox 2069 3563 3753 3636">
     <span class='ocr_line' id='line_1_93' title="bbox 2069 3563 3753 3636; baseline 0 -18"><span class='ocrx_word' id='word_1_702' title='bbox 2069 3567 2196 3619; x_wconf 88' lang='lat' dir='ltr'><strong>tere</strong></span> <span class='ocrx_word' id='word_1_703' title='bbox 2220 3564 2513 3619; x_wconf 84' lang='lat' dir='ltr'><strong>Jonathan</strong></span> <span class='ocrx_word' id='word_1_704' title='bbox 2545 3565 2727 3619; x_wconf 84' lang='lat' dir='ltr'><strong>tilium</strong></span> <span class='ocrx_word' id='word_1_705' title='bbox 2759 3565 2928 3619; x_wconf 87' lang='lat' dir='ltr'><strong>hasta</strong></span> <span class='ocrx_word' id='word_1_706' title='bbox 2950 3565 3172 3634; x_wconf 88' lang='lat' dir='ltr'><strong>voluit;</strong></span> <span class='ocrx_word' id='word_1_707' title='bbox 3205 3565 3340 3636; x_wconf 86' lang='lat' dir='ltr'><strong>quia</strong></span> <span class='ocrx_word' id='word_1_708' title='bbox 3363 3565 3564 3636; x_wconf 87' lang='lat' dir='ltr'><strong>pluris</strong></span> <span class='ocrx_word' id='word_1_709' title='bbox 3595 3563 3753 3635; x_wconf 84' lang='lat' dir='ltr'><strong>apud</strong></span> 
     </span>
    </p>
   </div>
   <div class='ocr_carea' id='block_1_93' title="bbox 2070 3652 3752 3725">
    <p class='ocr_par' dir='ltr' id='par_1_93' title="bbox 2070 3652 3752 3725">
     <span class='ocr_line' id='line_1_94' title="bbox 2070 3652 3752 3725; baseline 0 -17"><span class='ocrx_word' id='word_1_710' title='bbox 2070 3667 2204 3708; x_wconf 90' lang='lat' dir='ltr'><strong>eum</strong></span> <span class='ocrx_word' id='word_1_711' title='bbox 2227 3653 2424 3709; x_wconf 88' lang='lat' dir='ltr'><strong>valere</strong></span> <span class='ocrx_word' id='word_1_712' title='bbox 2448 3653 2630 3708; x_wconf 88' lang='lat' dir='ltr'><strong>David</strong></span> <span class='ocrx_word' id='word_1_713' title='bbox 2651 3653 2963 3708; x_wconf 88' lang='lat' dir='ltr'><strong>amicitiam</strong></span> <span class='ocrx_word' id='word_1_714' title='bbox 2977 3652 3302 3725; x_wconf 88' lang='lat' dir='ltr'><strong>judicabat,</strong></span> <span class='ocrx_word' id='word_1_715' title='bbox 3319 3669 3504 3724; x_wconf 87' lang='lat' dir='ltr'><strong>quam</strong></span> <span class='ocrx_word' id='word_1_716' title='bbox 3521 3653 3616 3710; x_wconf 90' lang='lat' dir='ltr'><strong>vel</strong></span> <span class='ocrx_word' id='word_1_717' title='bbox 3632 3654 3752 3724; x_wconf 89' lang='lat' dir='ltr'><strong>pie-</strong></span> 
     </span>
    </p>
   </div>
   <div class='ocr_carea' id='block_1_94' title="bbox 2069 3741 3748 3813">
    <p class='ocr_par' dir='ltr' id='par_1_94' title="bbox 2069 3741 3748 3813">
     <span class='ocr_line' id='line_1_95' title="bbox 2069 3741 3748 3813; baseline 0 -17"><span class='ocrx_word' id='word_1_718' title='bbox 2069 3743 2266 3811; x_wconf 86' lang='lat' dir='ltr'><strong>tatem,</strong></span> <span class='ocrx_word' id='word_1_719' title='bbox 2282 3742 2373 3797; x_wconf 88' lang='lat' dir='ltr'><strong>vel</strong></span> <span class='ocrx_word' id='word_1_720' title='bbox 2387 3743 2791 3797; x_wconf 88' lang='lat' dir='ltr'><strong>auctoritatem</strong></span> <span class='ocrx_word' id='word_1_721' title='bbox 2819 3746 3120 3813; x_wconf 90' lang='lat' dir='ltr'><strong>paternam</strong></span> <span class='ocrx_word' id='word_1_722' title='bbox 3138 3742 3346 3813; x_wconf 73' lang='lat' dir='ltr'><strong>(llleg.</strong></span> <span class='ocrx_word' id='word_1_723' title='bbox 3371 3759 3546 3812; x_wconf 83' lang='lat' dir='ltr'><strong>xvm,</strong></span> <span class='ocrx_word' id='word_1_724' title='bbox 3567 3743 3616 3812; x_wconf 88' lang='grc'><strong>1,</strong></span> <span class='ocrx_word' id='word_1_725' title='bbox 3641 3741 3748 3810; x_wconf 89' lang='grc'>10).</span> 
     </span>
    </p>
   </div>
   <div class='ocr_carea' id='block_1_95' title="bbox 2128 3825 3747 3887">
    <p class='ocr_par' dir='ltr' id='par_1_95' title="bbox 2128 3825 3747 3887">
     <span class='ocr_line' id='line_1_96' title="bbox 2128 3825 3747 3887; baseline -0.001 -2"><span class='ocrx_word' id='word_1_726' title='bbox 2128 3825 2230 3886; x_wconf 77' lang='grc'><strong>’2⁸7.</strong></span> <span class='ocrx_word' id='word_1_727' title='bbox 2265 3831 2492 3886; x_wconf 85' lang='lat' dir='ltr'><strong>Etenim</strong></span> <span class='ocrx_word' id='word_1_728' title='bbox 2529 3831 2603 3885; x_wconf 89' lang='lat' dir='ltr'><strong>ad</strong></span> <span class='ocrx_word' id='word_1_729' title='bbox 2651 3832 3011 3887; x_wconf 87' lang='lat' dir='ltr'><strong>incentivum</strong></span> <span class='ocrx_word' id='word_1_730' title='bbox 3041 3831 3346 3886; x_wconf 89' lang='lat' dir='ltr'><strong>charitatis</strong></span> <span class='ocrx_word' id='word_1_731' title='bbox 3399 3831 3747 3887; x_wconf 87' lang='lat' dir='ltr'><strong>communis</strong></span> 
     </span>
    </p>
   </div>
   <div class='ocr_carea' id='block_1_96' title="bbox 2069 3919 3746 3992">
    <p class='ocr_par' dir='ltr' id='par_1_96' title="bbox 2069 3919 3746 3992">
     <span class='ocr_line' id='line_1_97' title="bbox 2069 3919 3746 3992; baseline -0.001 -18"><span class='ocrx_word' id='word_1_732' title='bbox 2069 3919 2387 3990; x_wconf 87' lang='lat' dir='ltr'><strong>plurimum</strong></span> <span class='ocrx_word' id='word_1_733' title='bbox 2417 3920 2668 3991; x_wconf 82' lang='lat' dir='ltr'><strong>proﬁcit,</strong></span> <span class='ocrx_word' id='word_1_734' title='bbox 2700 3922 2754 3975; x_wconf 88' lang='lat' dir='ltr'><strong>si</strong></span> <span class='ocrx_word' id='word_1_735' title='bbox 2783 3920 2920 3992; x_wconf 90' lang='lat' dir='ltr'><strong>quis</strong></span> <span class='ocrx_word' id='word_1_736' title='bbox 2950 3920 3140 3976; x_wconf 89' lang='lat' dir='ltr'><strong>vicem</strong></span> <span class='ocrx_word' id='word_1_737' title='bbox 3158 3920 3501 3975; x_wconf 86' lang='lat' dir='ltr'><strong>amantibus</strong></span> <span class='ocrx_word' id='word_1_738' title='bbox 3521 3919 3746 3987; x_wconf 90' lang='lat' dir='ltr'><strong>reddat,</strong></span> 
     </span>
    </p>
   </div>
   <div class='ocr_carea' id='block_1_97' title="bbox 2067 4008 3746 4080">
    <p class='ocr_par' dir='ltr' id='par_1_97' title="bbox 2067 4008 3746 4080">
     <span class='ocr_line' id='line_1_98' title="bbox 2067 4008 3746 4080; baseline -0.001 -17"><span class='ocrx_word' id='word_1_739' title='bbox 2067 4024 2179 4063; x_wconf 89' lang='lat' dir='ltr'><strong>nec</strong></span> <span class='ocrx_word' id='word_1_740' title='bbox 2197 4008 2392 4063; x_wconf 90' lang='lat' dir='ltr'><strong>minus</strong></span> <span class='ocrx_word' id='word_1_741' title='bbox 2432 4009 2734 4064; x_wconf 77' lang='lat' dir='ltr'><strong>redamare</strong></span> <span class='ocrx_word' id='word_1_742' title='bbox 2758 4025 2825 4064; x_wconf 88' lang='lat' dir='ltr'><strong>se</strong></span> <span class='ocrx_word' id='word_1_743' title='bbox 2856 4009 3086 4080; x_wconf 91' lang='lat' dir='ltr'><strong>probet,</strong></span> <span class='ocrx_word' id='word_1_744' title='bbox 3121 4025 3296 4080; x_wconf 89' lang='lat' dir='ltr'><strong>quam</strong></span> <span class='ocrx_word' id='word_1_745' title='bbox 3327 4010 3464 4080; x_wconf 90' lang='lat' dir='ltr'><strong>ipse</strong></span> <span class='ocrx_word' id='word_1_746' title='bbox 3496 4012 3746 4076; x_wconf 89' lang='lat' dir='ltr'><strong>amatur,</strong></span> 
     </span>
    </p>
   </div>
   <div class='ocr_carea' id='block_1_98' title="bbox 2067 4095 3748 4169">
    <p class='ocr_par' dir='ltr' id='par_1_98' title="bbox 2067 4095 3748 4169">
     <span class='ocr_line' id='line_1_99' title="bbox 2067 4095 3748 4169; baseline 0 -19"><span class='ocrx_word' id='word_1_747' title='bbox 2067 4095 2244 4168; x_wconf 88' lang='lat' dir='ltr'><strong>idque</strong></span> <span class='ocrx_word' id='word_1_748' title='bbox 2274 4097 2546 4152; x_wconf 67' lang='lat' dir='ltr'><strong>amicitiae</strong></span> <span class='ocrx_word' id='word_1_749' title='bbox 2585 4097 2777 4152; x_wconf 81' lang='lat' dir='ltr'><strong>fidelis</strong></span> <span class='ocrx_word' id='word_1_750' title='bbox 2829 4101 3023 4168; x_wconf 89' lang='lat' dir='ltr'><strong>pateat</strong></span> <span class='ocrx_word' id='word_1_751' title='bbox 3069 4097 3358 4168; x_wconf 84' lang='lat' dir='ltr'><strong>exemplis</strong></span> <span class='ocrx_word' id='word_1_752' title='bbox 3408 4098 3551 4169; x_wconf 83' lang='lat'><strong>(37).</strong></span> <span class='ocrx_word' id='word_1_753' title='bbox 3598 4096 3748 4162; x_wconf 88' lang='lat' dir='ltr'><strong>Quid</strong></span> 
     </span>
    </p>
   </div>
   <div class='ocr_carea' id='block_1_99' title="bbox 2068 4185 3748 4259">
    <p class='ocr_par' dir='ltr' id='par_1_99' title="bbox 2068 4185 3748 4259">
     <span class='ocr_line' id='line_1_100' title="bbox 2068 4185 3748 4259; baseline 0.001 -19"><span class='ocrx_word' id='word_1_754' title='bbox 2068 4185 2226 4240; x_wconf 89' lang='lat' dir='ltr'><strong>enim</strong></span> <span class='ocrx_word' id='word_1_755' title='bbox 2247 4189 2362 4240; x_wconf 90' lang='lat' dir='ltr'><strong>tam</strong></span> <span class='ocrx_word' id='word_1_756' title='bbox 2385 4187 2688 4257; x_wconf 91' lang='lat' dir='ltr'><strong>pepulare,</strong></span> <span class='ocrx_word' id='word_1_757' title='bbox 2715 4203 2889 4258; x_wconf 86' lang='lat' dir='ltr'><strong>quam</strong></span> <span class='ocrx_word' id='word_1_758' title='bbox 2911 4187 3140 4259; x_wconf 83' lang='lat' dir='ltr'><strong>gratia?</strong></span> <span class='ocrx_word' id='word_1_759' title='bbox 3175 4187 3324 4252; x_wconf 86' lang='lat' dir='ltr'><strong>Quid</strong></span> <span class='ocrx_word' id='word_1_760' title='bbox 3341 4190 3466 4242; x_wconf 89' lang='lat' dir='ltr'><strong>tam</strong></span> <span class='ocrx_word' id='word_1_761' title='bbox 3501 4187 3748 4242; x_wconf 88' lang='lat' dir='ltr'><strong>insitum</strong></span> 
     </span>
    </p>
   </div>
   <div class='ocr_carea' id='block_1_100' title="bbox 2067 4274 3751 4348">
    <p class='ocr_par' dir='ltr' id='par_1_100' title="bbox 2067 4274 3751 4348">
     <span class='ocr_line' id='line_1_101' title="bbox 2067 4274 3751 4348; baseline 0.001 -19"><span class='ocrx_word' id='word_1_762' title='bbox 2067 4277 2313 4345; x_wconf 66' lang='lat' dir='ltr'><strong>naturas,</strong></span> <span class='ocrx_word' id='word_1_763' title='bbox 2347 4291 2522 4347; x_wconf 88' lang='lat' dir='ltr'><strong>quam</strong></span> <span class='ocrx_word' id='word_1_764' title='bbox 2551 4277 2613 4330; x_wconf 87' lang='lat' dir='ltr'><strong>ut</strong></span> <span class='ocrx_word' id='word_1_765' title='bbox 2633 4275 2988 4348; x_wconf 79' lang='lat' dir='ltr'><strong>diligentem</strong></span> <span class='ocrx_word' id='word_1_766' title='bbox 3007 4276 3268 4348; x_wconf 86' lang='lat' dir='ltr'><strong>diligas?</strong></span> <span class='ocrx_word' id='word_1_767' title='bbox 3295 4274 3451 4341; x_wconf 90' lang='lat' dir='ltr'><strong>Quid</strong></span> <span class='ocrx_word' id='word_1_768' title='bbox 3483 4279 3606 4330; x_wconf 90' lang='lat' dir='ltr'><strong>tam</strong></span> <span class='ocrx_word' id='word_1_769' title='bbox 3625 4276 3751 4330; x_wconf 85' lang='lat' dir='ltr'><strong>ino-</strong></span> 
     </span>
    </p>
   </div>
   <div class='ocr_carea' id='block_1_101' title="bbox 2068 4362 3752 4438">
    <p class='ocr_par' dir='ltr' id='par_1_101' title="bbox 2068 4362 3752 4438">
     <span class='ocr_line' id='line_1_102' title="bbox 2068 4362 3752 4438; baseline 0.001 -20"><span class='ocrx_word' id='word_1_770' title='bbox 2068 4362 2236 4419; x_wconf 90' lang='lat' dir='ltr'><strong>litum</strong></span> <span class='ocrx_word' id='word_1_771' title='bbox 2265 4366 2438 4436; x_wconf 90' lang='lat' dir='ltr'><strong>atque</strong></span> <span class='ocrx_word' id='word_1_772' title='bbox 2469 4365 2829 4436; x_wconf 87' lang='lat' dir='ltr'><strong>impressum</strong></span> <span class='ocrx_word' id='word_1_773' title='bbox 2859 4363 3171 4420; x_wconf 83' lang='lat' dir='ltr'><strong>affectibus</strong></span> <span class='ocrx_word' id='word_1_774' title='bbox 3220 4365 3524 4436; x_wconf 88' lang='lat' dir='ltr'><strong>humanis,</strong></span> <span class='ocrx_word' id='word_1_775' title='bbox 3573 4379 3752 4438; x_wconf 89' lang='lat' dir='ltr'><strong>quam</strong></span> 
     </span>
    </p>
   </div>
   <div class='ocr_carea' id='block_1_102' title="bbox 2071 4453 3754 4525">
    <p class='ocr_par' dir='ltr' id='par_1_102' title="bbox 2071 4453 3754 4525">
     <span class='ocr_line' id='line_1_103' title="bbox 2071 4453 3754 4525; baseline 0 -17"><span class='ocrx_word' id='word_1_776' title='bbox 2071 4456 2136 4508; x_wconf 88' lang='lat' dir='ltr'><strong>ut</strong></span> <span class='ocrx_word' id='word_1_777' title='bbox 2164 4468 2298 4508; x_wconf 90' lang='lat' dir='ltr'><strong>eum</strong></span> <span class='ocrx_word' id='word_1_778' title='bbox 2327 4468 2524 4508; x_wconf 89' lang='lat' dir='ltr'><strong>amare</strong></span> <span class='ocrx_word' id='word_1_779' title='bbox 2552 4453 2802 4508; x_wconf 85' lang='lat' dir='ltr'><strong>inducas</strong></span> <span class='ocrx_word' id='word_1_780' title='bbox 2831 4454 2892 4508; x_wconf 92' lang='lat' dir='ltr'><strong>in</strong></span> <span class='ocrx_word' id='word_1_781' title='bbox 2921 4453 3199 4523; x_wconf 89' lang='lat' dir='ltr'><strong>animum,</strong></span> <span class='ocrx_word' id='word_1_782' title='bbox 3233 4470 3266 4509; x_wconf 90' lang='lat' dir='ltr'><strong>a</strong></span> <span class='ocrx_word' id='word_1_783' title='bbox 3313 4469 3432 4525; x_wconf 89' lang='lat' dir='ltr'><strong>quo</strong></span> <span class='ocrx_word' id='word_1_784' title='bbox 3464 4458 3523 4509; x_wconf 89' lang='lat' dir='ltr'><strong>te</strong></span> <span class='ocrx_word' id='word_1_785' title='bbox 3563 4453 3754 4508; x_wconf 79' lang='lat' dir='ltr'><strong>amari</strong></span> 
     </span>
    </p>
   </div>
   <div class='ocr_carea' id='block_1_103' title="bbox 2072 4541 3752 4615">
    <p class='ocr_par' dir='ltr' id='par_1_103' title="bbox 2072 4541 3752 4615">
     <span class='ocr_line' id='line_1_104' title="bbox 2072 4541 3752 4615; baseline 0.001 -19"><span class='ocrx_word' id='word_1_786' title='bbox 2072 4541 2266 4597; x_wconf 83' lang='lat' dir='ltr'><strong>velis?</strong></span> <span class='ocrx_word' id='word_1_787' title='bbox 2293 4541 2499 4596; x_wconf 84' lang='lat' dir='ltr'><strong>Merito</strong></span> <span class='ocrx_word' id='word_1_788' title='bbox 2531 4542 2770 4612; x_wconf 88' lang='lat' dir='ltr'><strong>sapiens</strong></span> <span class='ocrx_word' id='word_1_789' title='bbox 2793 4542 2970 4597; x_wconf 91' lang='lat' dir='ltr'><strong>dicit:</strong></span> <span class='ocrx_word' id='word_1_790' title='bbox 3007 4542 3212 4597; x_wconf 68' lang='lat' dir='ltr'><strong>Per-de</strong></span> <span class='ocrx_word' id='word_1_791' title='bbox 3236 4543 3558 4614; x_wconf 85' lang='lat' dir='ltr'><strong>pecuniam</strong></span> <span class='ocrx_word' id='word_1_792' title='bbox 3605 4557 3752 4615; x_wconf 88' lang='lat' dir='ltr'><strong>pro-</strong></span> 
     </span>
    </p>
   </div>
   <div class='ocr_carea' id='block_1_104' title="bbox 2059 4630 3751 4703">
    <p class='ocr_par' dir='ltr' id='par_1_104' title="bbox 2059 4630 3751 4703">
     <span class='ocr_line' id='line_1_105' title="bbox 2059 4630 3751 4703; baseline 0.001 -19"><span class='ocrx_word' id='word_1_793' title='bbox 2059 4635 2202 4703; x_wconf 86' lang='lat' dir='ltr'><strong>pter</strong></span> <span class='ocrx_word' id='word_1_794' title='bbox 2221 4630 2476 4686; x_wconf 81' lang='lat' dir='ltr'><strong>fratrem</strong></span> <span class='ocrx_word' id='word_1_795' title='bbox 2497 4637 2556 4686; x_wconf 89' lang='lat' dir='ltr'><strong>et</strong></span> <span class='ocrx_word' id='word_1_796' title='bbox 2597 4632 2843 4686; x_wconf 85' lang='lat' dir='ltr'><strong>amicum</strong></span> <span class='ocrx_word' id='word_1_797' title='bbox 2875 4631 3090 4701; x_wconf 76' lang='lat' dir='ltr'><strong>(Eccli.</strong></span> <span class='ocrx_word' id='word_1_798' title='bbox 3128 4648 3292 4699; x_wconf 87' lang='grc' dir='ltr'>χχιχ,</span> <span class='ocrx_word' id='word_1_799' title='bbox 3319 4630 3428 4699; x_wconf 77' lang='grc'>13).</span> <span class='ocrx_word' id='word_1_800' title='bbox 3455 4631 3530 4686; x_wconf 82' lang='lat' dir='ltr'><strong>Et</strong></span> <span class='ocrx_word' id='word_1_801' title='bbox 3561 4631 3708 4686; x_wconf 87' lang='lat' dir='ltr'><strong>alibi</strong></span> <span class='ocrx_word' id='word_1_802' title='bbox 3739 4647 3751 4685; x_wconf 95' lang='lat'><strong>:</strong></span> 
     </span>
    </p>
   </div>
   <div class='ocr_carea' id='block_1_105' title="bbox 2063 4719 3751 4782">
    <p class='ocr_par' dir='ltr' id='par_1_105' title="bbox 2063 4719 3751 4782">
     <span class='ocr_line' id='line_1_106' title="bbox 2063 4719 3751 4782; baseline -0.001 -7"><span class='ocrx_word' id='word_1_803' title='bbox 2063 4720 2333 4775; x_wconf 81' lang='lat' dir='ltr'><strong>Amicum</strong></span> <span class='ocrx_word' id='word_1_804' title='bbox 2364 4719 2628 4774; x_wconf 81' lang='lat' dir='ltr'><strong>salutare</strong></span> <span class='ocrx_word' id='word_1_805' title='bbox 2659 4737 2770 4774; x_wconf 88' lang='lat' dir='ltr'><strong>non</strong></span> <span class='ocrx_word' id='word_1_806' title='bbox 2802 4721 3168 4782; x_wconf 79' lang='lat' dir='ltr'><strong>erubescam,</strong></span> <span class='ocrx_word' id='word_1_807' title='bbox 3205 4725 3264 4775; x_wconf 85' lang='lat' dir='ltr'><strong>et</strong></span> <span class='ocrx_word' id='word_1_808' title='bbox 3315 4736 3347 4774; x_wconf 90' lang='lat' dir='ltr'><strong>a</strong></span> <span class='ocrx_word' id='word_1_809' title='bbox 3378 4720 3542 4774; x_wconf 80' lang='lat' dir='ltr'><strong>faeie</strong></span> <span class='ocrx_word' id='word_1_810' title='bbox 3581 4719 3751 4774; x_wconf 81' lang='lat' dir='ltr'><strong>illius</strong></span> 
     </span>
    </p>
   </div>
   <div class='ocr_carea' id='block_1_106' title="bbox 2066 4807 3748 4881">
    <p class='ocr_par' dir='ltr' id='par_1_106' title="bbox 2066 4807 3748 4881">
     <span class='ocr_line' id='line_1_107' title="bbox 2066 4807 3748 4881; baseline -0.001 -18"><span class='ocrx_word' id='word_1_811' title='bbox 2066 4824 2178 4865; x_wconf 85' lang='lat' dir='ltr'><strong>non</strong></span> <span class='ocrx_word' id='word_1_812' title='bbox 2210 4825 2304 4863; x_wconf 86' lang='lat' dir='ltr'><strong>me</strong></span> <span class='ocrx_word' id='word_1_813' title='bbox 2331 4809 2686 4864; x_wconf 87' lang='lat' dir='ltr'><strong>abscondam</strong></span> <span class='ocrx_word' id='word_1_814' title='bbox 2719 4809 2931 4879; x_wconf 81' lang='lat' dir='ltr'><strong>(Ec-cli.</strong></span> <span class='ocrx_word' id='word_1_815' title='bbox 2963 4827 3108 4878; x_wconf 82' lang='lat' dir='ltr'><strong>xxu,</strong></span> <span class='ocrx_word' id='word_1_816' title='bbox 3141 4807 3248 4881; x_wconf 81' lang='grc'>31).</span> <span class='ocrx_word' id='word_1_817' title='bbox 3270 4809 3584 4880; x_wconf 88' lang='lat' dir='ltr'><strong>Siquidem</strong></span> <span class='ocrx_word' id='word_1_818' title='bbox 3610 4809 3748 4862; x_wconf 79' lang='lat' dir='ltr'><strong>vitae</strong></span> 
     </span>
    </p>
   </div>
   <div class='ocr_carea' id='block_1_107' title="bbox 2061 4897 3749 4954">
    <p class='ocr_par' dir='ltr' id='par_1_107' title="bbox 2061 4897 3749 4954">
     <span class='ocr_line' id='line_1_108' title="bbox 2061 4897 3749 4954; baseline -0.002 -1"><span class='ocrx_word' id='word_1_819' title='bbox 2061 4901 2119 4954; x_wconf 89' lang='lat' dir='ltr'><strong>et</strong></span> <span class='ocrx_word' id='word_1_820' title='bbox 2139 4897 2589 4952; x_wconf 89' lang='lat' dir='ltr'><strong>immortalitatis</strong></span> <span class='ocrx_word' id='word_1_821' title='bbox 2611 4897 3098 4953; x_wconf 87' lang='lat' dir='ltr'><strong>medicamentum</strong></span> <span class='ocrx_word' id='word_1_822' title='bbox 3136 4898 3196 4952; x_wconf 90' lang='lat' dir='ltr'><strong>in</strong></span> <span class='ocrx_word' id='word_1_823' title='bbox 3236 4897 3426 4951; x_wconf 85' lang='lat' dir='ltr'><strong>amico</strong></span> <span class='ocrx_word' id='word_1_824' title='bbox 3462 4913 3610 4952; x_wconf 84' lang='lat' dir='ltr'><strong>esse</strong></span> <span class='ocrx_word' id='word_1_825' title='bbox 3644 4911 3749 4951; x_wconf 90' lang='lat' dir='ltr'><strong>ec-</strong></span> 
     </span>
    </p>
   </div>
   <div class='ocr_carea' id='block_1_108' title="bbox 2063 4985 3748 5058">
    <p class='ocr_par' dir='ltr' id='par_1_108' title="bbox 2063 4985 3748 5058">
     <span class='ocr_line' id='line_1_109' title="bbox 2063 4985 3748 5058; baseline -0.001 -16"><span class='ocrx_word' id='word_1_826' title='bbox 2063 4987 2437 5042; x_wconf 89' lang='lat' dir='ltr'><strong>clesiasticus</strong></span> <span class='ocrx_word' id='word_1_827' title='bbox 2469 5001 2665 5042; x_wconf 90' lang='lat' dir='ltr'><strong>sermo</strong></span> <span class='ocrx_word' id='word_1_828' title='bbox 2695 4991 2944 5041; x_wconf 88' lang='lat' dir='ltr'><strong>testatur</strong></span> <span class='ocrx_word' id='word_1_829' title='bbox 2973 4986 3183 5058; x_wconf 68' lang='lat' dir='ltr'><strong>(Et-cli.</strong></span> <span class='ocrx_word' id='word_1_830' title='bbox 3211 5003 3290 5052; x_wconf 80' lang='lat' dir='ltr'><strong>vi,</strong></span> <span class='ocrx_word' id='word_1_831' title='bbox 3325 4985 3445 5058; x_wconf 54' lang='lat'><strong>&#39;16):</strong></span> <span class='ocrx_word' id='word_1_832' title='bbox 3491 4989 3551 5040; x_wconf 90' lang='lat' dir='ltr'><strong>et</strong></span> <span class='ocrx_word' id='word_1_833' title='bbox 3573 5001 3748 5040; x_wconf 89' lang='lat' dir='ltr'><strong>sum-</strong></span> 
     </span>
    </p>
   </div>
   <div class='ocr_carea' id='block_1_109' title="bbox 2059 5073 3746 5146">
    <p class='ocr_par' dir='ltr' id='par_1_109' title="bbox 2059 5073 3746 5146">
     <span class='ocr_line' id='line_1_110' title="bbox 2059 5073 3746 5146; baseline -0.002 -16"><span class='ocrx_word' id='word_1_834' title='bbox 2059 5091 2216 5130; x_wconf 91' lang='lat' dir='ltr'><strong>mum</strong></span> <span class='ocrx_word' id='word_1_835' title='bbox 2241 5075 2300 5130; x_wconf 93' lang='lat' dir='ltr'><strong>in</strong></span> <span class='ocrx_word' id='word_1_836' title='bbox 2321 5075 2602 5131; x_wconf 88' lang='lat' dir='ltr'><strong>charitate</strong></span> <span class='ocrx_word' id='word_1_837' title='bbox 2623 5074 2967 5146; x_wconf 63' lang='lat' dir='ltr'><strong>praesidium</strong></span> <span class='ocrx_word' id='word_1_838' title='bbox 2991 5090 3162 5129; x_wconf 90' lang='lat' dir='ltr'><strong>nemo</strong></span> <span class='ocrx_word' id='word_1_839' title='bbox 3183 5073 3567 5143; x_wconf 79' lang='lat' dir='ltr'><strong>dubitaverit,</strong></span> <span class='ocrx_word' id='word_1_840' title='bbox 3609 5089 3746 5128; x_wconf 89' lang='lat' dir='ltr'><strong>cum</strong></span> 
     </span>
    </p>
   </div>
   <div class='ocr_carea' id='block_1_110' title="bbox 2062 5163 3747 5236">
    <p class='ocr_par' dir='ltr' id='par_1_110' title="bbox 2062 5163 3747 5236">
     <span class='ocr_line' id='line_1_111' title="bbox 2062 5163 3747 5236; baseline -0.003 -15"><span class='ocrx_word' id='word_1_841' title='bbox 2062 5165 2384 5236; x_wconf 78' lang='lat' dir='ltr'><strong>Apostolus</strong></span> <span class='ocrx_word' id='word_1_842' title='bbox 2406 5164 2590 5219; x_wconf 87' lang='lat' dir='ltr'><strong>dicat:</strong></span> <span class='ocrx_word' id='word_1_843' title='bbox 2617 5164 2823 5219; x_wconf 83' lang='lat' dir='ltr'><strong>Omnia</strong></span> <span class='ocrx_word' id='word_1_844' title='bbox 2837 5163 3074 5232; x_wconf 86' lang='lat' dir='ltr'><strong>sull‘ert,</strong></span> <span class='ocrx_word' id='word_1_845' title='bbox 3092 5163 3282 5218; x_wconf 84' lang='lat' dir='ltr'><strong>omnia</strong></span> <span class='ocrx_word' id='word_1_846' title='bbox 3301 5163 3524 5233; x_wconf 83' lang='lat' dir='ltr'><strong>credit,</strong></span> <span class='ocrx_word' id='word_1_847' title='bbox 3547 5164 3747 5218; x_wconf 81' lang='lat' dir='ltr'><strong>omnia</strong></span> 
     </span>
    </p>
   </div>
   <div class='ocr_carea' id='block_1_111' title="bbox 2058 5304 3747 5391">
    <p class='ocr_par' dir='ltr' id='par_1_111' title="bbox 2058 5304 3747 5391">
     <span class='ocr_line' id='line_1_112' title="bbox 2058 5304 3747 5391; baseline -0.002 -31"><span class='ocrx_word' id='word_1_848' title='bbox 2058 5309 2412 5391; x_wconf 75' lang='lat' dir='ltr'><strong>agnoscunt,</strong></span> <span class='ocrx_word' id='word_1_849' title='bbox 2448 5305 3121 5391; x_wconf 64' lang='lat' dir='ltr'><strong>nequeeoureutieula:</strong></span> <span class='ocrx_word' id='word_1_850' title='bbox 3174 5305 3281 5391; x_wconf 72' lang='lat' dir='ltr'><strong>sed</strong></span> <span class='ocrx_word' id='word_1_851' title='bbox 3319 5321 3428 5391; x_wconf 73' lang='lat' dir='ltr'><strong>nec</strong></span> <span class='ocrx_word' id='word_1_852' title='bbox 3451 5304 3575 5391; x_wconf 41' lang='lat' dir='ltr'><strong>.ulli</strong></span> <span class='ocrx_word' id='word_1_853' title='bbox 3611 5319 3747 5391; x_wconf 49' lang='lat' dir='ltr'><strong>om:</strong></span> 
     </span>
    </p>
   </div>
   <div class='ocr_carea' id='block_1_112' title="bbox 2057 5377 3744 5450">
    <p class='ocr_par' dir='ltr' id='par_1_112' title="bbox 2057 5377 3744 5450">
     <span class='ocr_line' id='line_1_113' title="bbox 2057 5377 3744 5450; baseline -0.002 -17"><span class='ocrx_word' id='word_1_854' title='bbox 2057 5377 2197 5433; x_wconf 78' lang='lat' dir='ltr'><strong>nino</strong></span> <span class='ocrx_word' id='word_1_855' title='bbox 2230 5379 2475 5434; x_wconf 89' lang='lat' dir='ltr'><strong>verbum</strong></span> <span class='ocrx_word' id='word_1_856' title='bbox 2525 5377 2783 5447; x_wconf 76' lang='lat' dir='ltr'><strong>exstitit,</strong></span> <span class='ocrx_word' id='word_1_857' title='bbox 2835 5378 2994 5450; x_wconf 82' lang='lat' dir='ltr'><strong>quod</strong></span> <span class='ocrx_word' id='word_1_858' title='bbox 3037 5379 3096 5431; x_wconf 84' lang='lat' dir='ltr'><strong>in</strong></span> <span class='ocrx_word' id='word_1_859' title='bbox 3127 5377 3299 5431; x_wconf 82' lang='lat' dir='ltr'><strong>editis</strong></span> <span class='ocrx_word' id='word_1_860' title='bbox 3345 5377 3574 5447; x_wconf 78' lang='lat' dir='ltr'><strong>legitur</strong></span> <span class='ocrx_word' id='word_1_861' title='bbox 3603 5377 3744 5446; x_wconf 84' lang='lat' dir='ltr'><strong>post</strong></span> 
     </span>
    </p>
   </div>
   <div class='ocr_carea' id='block_1_113' title="bbox 2056 5457 3747 5592">
    <p class='ocr_par' dir='ltr' id='par_1_113' title="bbox 2056 5457 3747 5592">
     <span class='ocr_line' id='line_1_114' title="bbox 2056 5457 3747 5592; baseline -0.004 -16"><span class='ocrx_word' id='word_1_862' title='bbox 2056 5457 2398 5592; x_wconf 36' lang='lat' dir='ltr'><strong>“milia.</strong></span> <span class='ocrx_word' id='word_1_863' title='bbox 2423 5521 2711 5591; x_wconf 88' lang='lat' dir='ltr'><strong>nonnulli,</strong></span> <span class='ocrx_word' id='word_1_864' title='bbox 2731 5519 2909 5575; x_wconf 78' lang='lat' dir='ltr'><strong>faciat</strong></span> <span class='ocrx_word' id='word_1_865' title='bbox 2931 5518 3237 5592; x_wconf 83' lang='lat' dir='ltr'><strong>exemplis,</strong></span> <span class='ocrx_word' id='word_1_866' title='bbox 3259 5517 3520 5590; x_wconf 87' lang='lat' dir='ltr'><strong>quidam,</strong></span> <span class='ocrx_word' id='word_1_867' title='bbox 3541 5532 3747 5572; x_wconf 82' lang='lat' dir='ltr'><strong>exem-</strong></span> 
     </span>
    </p>
   </div>
   <div class='ocr_carea' id='block_1_114' title="bbox 278 5589 2235 5672">
    <p class='ocr_par' dir='ltr' id='par_1_114' title="bbox 278 5589 2235 5672">
     <span class='ocr_line' id='line_1_115' title="bbox 278 5589 2235 5672; baseline 0.001 -28"><span class='ocrx_word' id='word_1_868' title='bbox 278 5589 380 5644; x_wconf 88' lang='lat' dir='ltr'><strong>alii</strong></span> <span class='ocrx_word' id='word_1_869' title='bbox 422 5591 604 5672; x_wconf 86' lang='lat' dir='ltr'><strong>paulo</strong></span> <span class='ocrx_word' id='word_1_870' title='bbox 649 5589 1346 5672; x_wconf 30' lang='lat' dir='ltr'><strong>plurestconventieula</strong></span> <span class='ocrx_word' id='word_1_871' title='bbox 1403 5589 1680 5663; x_wconf 46' lang='lat' dir='ltr'><strong>fugiens&quot;;</strong></span> <span class='ocrx_word' id='word_1_872' title='bbox 1733 5594 1943 5672; x_wconf 74' lang='lat' dir='ltr'><strong>reliqui</strong></span> <span class='ocrx_word' id='word_1_873' title='bbox 2049 5589 2235 5664; x_wconf 76' lang='lat' dir='ltr'><strong>plum.</strong></span> 
     </span>
    </p>
   </div>
   <div class='ocr_carea' id='block_1_115' title="bbox 279 5663 1943 5738">
    <p class='ocr_par' dir='ltr' id='par_1_115' title="bbox 279 5663 1943 5738">
     <span class='ocr_line' id='line_1_116' title="bbox 279 5663 1943 5738; baseline 0.002 -22"><span class='ocrx_word' id='word_1_874' title='bbox 279 5663 537 5718; x_wconf 84' lang='lat' dir='ltr'><strong>maxime</strong></span> <span class='ocrx_word' id='word_1_875' title='bbox 572 5677 819 5722; x_wconf 88' lang='lat' dir='ltr'><strong>numero</strong></span> <span class='ocrx_word' id='word_1_876' title='bbox 856 5665 914 5721; x_wconf 91' lang='lat' dir='ltr'><strong>et</strong></span> <span class='ocrx_word' id='word_1_877' title='bbox 943 5663 1286 5720; x_wconf 80' lang='lat' dir='ltr'><strong>auctoritate</strong></span> <span class='ocrx_word' id='word_1_878' title='bbox 1315 5679 1506 5738; x_wconf 85' lang='lat' dir='ltr'><strong>neque</strong></span> <span class='ocrx_word' id='word_1_879' title='bbox 1537 5663 1943 5738; x_wconf 74' lang='lat' dir='ltr'><strong>arrogantiam</strong></span> 
     </span>
    </p>
   </div>
  </div>
