4128 6132
249 375 343 439 121

1159 372 1271 436 DE
1303 367 1658 437 OFFIO'IIS
1689 371 2299 440 MINISTRORUM
2335 375 2593 441 LIBER
2621 378 2699 441 II.

3519 380 3641 448 122

246 582 434 648 sperat,
473 579 660 633 omnia
708 579 1005 645 sustinet;
1053 580 1321 634 cIiaritas
1370 595 1657 652 nunquam
1706 578 1867 633 cadit
1895 556 1957 621 Α
1985 582 2201 649 ximus,
2233 580 2436 653 justus
2466 585 2523 638 et
2551 584 2833 653 prudens.
2867 586 3029 642 Facit
3060 588 3214 643 enim
3240 587 3470 661 justitia
3501 590 3639 662 (42),

244 669 289 739 (Ι
309 670 425 724 Cor.
455 686 576 737 xm,
611 669 643 723 ’7
675 675 733 723 et
762 669 934 741 seq.).

296 757 370 813 38.
401 759 527 813 Ideo
560 759 737 813 David
771 775 888 814 non
921 760 1151 829 cecidit,
1186 759 1322 831 quia
1365 760 1582 814 charus
1614 759 1723 814 fuit
1745 776 1865 814 om-

242 849 404 909 nibus,
450 852 504 902 et
546 849 712 920 diligi
759 865 792 902 a
840 849 1133 920 subjectis
1183 865 1358 920 quam
1404 850 1595 903 timeri
1638 849 1859 904 maluit.

238 938 405 992 Timor
430 940 581 991 enim
613 939 952 1007 temporalis
990 939 1291 992 tutaminis
1324 942 1524 992 servat
1553 939 1859 1009 excubias,

237 1026 395 1080 nescit
430 1026 820 1081 diuturnitatis
860 1028 1189 1081 custodiam
1230 1028 1363 1097 (38).
1408 1028 1606 1099 Itaque
1646 1028 1748 1081 ubi
1785 1028 1861 1081 ti-

238 1131 341 1169 mor
367 1114 702 1184 decesserit,
755 1117 1000 1170 audacia
1054 1117 1317 1187 obrepit;
1370 1117 1646 1188 quoniam
1684 1118 1861 1171 fidem

236 1220 329 1259 non
354 1205 515 1258 timor
543 1207 725 1273 cogit,
757 1206 865 1259 sed
885 1205 1135 1259 atfectus
1168 1206 1427 1260 exhibet.

288 1294 362 1346 39.
394 1293 578 1347 Prima
625 1310 772 1365 ergo
804 1295 875 1348 ad
925 1295 1493 1349 commendationem
1537 1296 1728 1349 nostri
1766 1299 1858 1350 est

236 1382 450 1435 charitas
480 1382 613 1451 (39).
650 1383 876 1437 Bonum
910 1388 999 1437 est
1030 1400 1175 1455 ergo
1209 1385 1608 1439 testimonium
1640 1384 1858 1440 habere

233 1470 287 1524 de
314 1470 677 1540 plurimorum
712 1472 1044 1526 dilectione.
1082 1473 1231 1526 Hinc
1264 1474 1529 1527 nascitur
1557 1464 1654 1527 80
1684 1475 1854 1543 fides,

230 1562 278 1611 ut
302 1560 641 1614 committere
673 1577 740 1614 se
772 1564 870 1615 tuo
901 1560 1135 1615 effectui
1177 1577 1293 1615 non
1327 1566 1645 1616 vereantur
1683 1564 1857 1617 etiam

232 1647 390 1717 alieni,
423 1665 593 1720 quem
624 1649 897 1719 pluribus
918 1651 1158 1704 charum
1176 1651 1553 1704 adverterint.
1576 1651 1857 1706 Similiter

230 1736 368 1789 etiam
397 1753 497 1806 per
526 1737 706 1791 fidem
736 1739 809 1791 ad
852 1738 1193 1792 charitatcm
1233 1740 1614 1810 pervenitur;
1663 1743 1727 1795 ut
1754 1742 1853 1812 qui

230 1825 306 1876 uni
332 1829 418 1877 aut
447 1826 683 1881 duobus
727 1827 1067 1897 praestiterit
1108 1828 1302 1897 ﬁdem,
1337 1832 1613 1899 tanquam
1653 1830 1855 1884 inﬂuat

228 1912 274 1964 in
297 1914 503 1968 animos
534 1917 975 1985 universorum,
1020 1919 1076 1970 et
1116 1917 1374 1971 omnium
1410 1918 1675 1987 acquirat
1709 1935 1850 1991 gra-

228 2000 353 2055 tiam.

804 2094 1055 2149 CAPUT
1090 2096 1231 2148 VIII.

226 2196 368 2253 Nihil
387 2200 466 2275 ad
487 2201 921 2275 conciliandam
951 2204 1207 2275 gratiam
1239 2204 1429 2274 magis
1459 2202 1659 2257 valere
1682 2220 1849 2275 quam

279 2272 528 2345 consilia:
580 2274 696 2328 sed
727 2274 818 2328 eis
849 2272 1148 2329 confidere
1172 2272 1349 2345 posse
1380 2272 1706 2341 neminem;
1731 2275 1851 2329 nisi

268 2342 480 2417 justitia
526 2347 802 2399 nitantur
844 2362 911 2399 ac
953 2342 1615 2417 prudentiaquantum
1656 2353 1847 2400 autem

277 2412 486 2488 hzedum
513 2417 777 2470 virtutes
795 2412 1097 2471 eluxérint
1119 2417 1182 2488 in
1210 2412 1538 2481 Salomone,
1565 2433 1644 2471 ex
1660 2418 1849 2488 ipsius

279 2484 651 2541 celeberrimo
667 2488 902 2558 judicio
924 2488 1117 2559 palam
1150 2487 1306 2542 ﬁeri.

277 2572 349 2625 40.
379 2573 498 2629 Duo
535 2577 726 2647 igitur
766 2577 894 2630 haec
934 2577 1005 2630 ad
1046 2576 1613 2631 commendationem
1656 2575 1842 2630 nostri

223 2658 489 2728 plurimum
519 2668 863 2734 operantur,
898 2666 1155 2720 charitas
1186 2670 1240 2720 et
1275 2666 1421 2720 fides
1451 2667 1564 2735 (40)
1592 2682 1605 2733 ;
1637 2669 1693 2720 et
1722 2668 1843 2719 ter-

224 2747 333 2802 tium
360 2750 480 2819 hoc,
507 2755 559 2806 si
585 2754 814 2809 habeas
837 2756 989 2826 quod
1014 2757 1074 2809 in
1106 2759 1160 2809 te
1191 2756 1576 2809 admiratione
1600 2755 1840 2826 dignum

225 2838 440 2910 plerique
471 2843 838 2912 existiment,
871 2844 1077 2914 etjure
1110 2844 1516 2898 honorandum
1546 2846 1768 2913 putent.

275 2926 344 2981 4t.
375 2929 439 2983 Et
479 2932 617 3001 quia
664 2933 1048 2987 consiliorum
1088 2950 1236 2988 usus
1279 2934 1533 2987 maxime
1571 2932 1845 2986 conciliat

224 3012 465 3087 homines,
496 3020 633 3075 ideo
668 3023 976 3091 prudentia
1017 3026 1073 3077 et
1106 3022 1337 3093 justitia
1379 3023 1439 3075 in
1486 3038 1842 3093 unoquoque

225 3101 560 3176 desideratur,
610 3114 672 3164 et
719 3127 788 3164 ea
839 3114 1257 3181 exspectantur
1288 3128 1320 3164 a
1351 3111 1659 3181 plucibus;
1693 3114 1754 3164 ut
1783 3111 1841 3164 in

224 3207 308 3261 quo
346 3213 406 3250 ea
442 3200 577 3268 sint,
616 3200 702 3253 illi
743 3200 1041 3255 deferatur
1084 3200 1232 3254 fides
1275 3200 1406 3268 (41),
1443 3200 1600 3270 quod
1650 3200 1843 3269 possit

222 3282 327 3337 utile
347 3288 654 3343 consilium
671 3305 739 3342 ac
765 3289 934 3343 fidele
953 3289 1311 3343 desideranti
1334 3289 1492 3343 dare.
1518 3287 1663 3353 Quis
1684 3288 1840 3342 enim

221 3371 259 3422 ei
283 3387 338 3427 se
365 3379 699 3446 committat,
720 3394 896 3448 quem
927 3394 1044 3432 non
1067 3381 1225 3448 putet
1255 3378 1389 3448 plus
1408 3393 1637 3447 sapere,
1664 3393 1838 3447 quam

222 3456 319 3527 ipse
345 3466 519 3534 sapiat
549 3466 653 3537 qui
690 3468 901 3537 quaerit
922 3468 1238 3521 consilium
1260 3470 1287 3521 ε)
1317 3467 1584 3520 Necesse
1607 3470 1699 3520 est
1728 3466 1839 3536 igi-

222 3549 292 3601 tur
332 3556 385 3605 ut
430 3557 813 3624 praestantior
864 3557 943 3610 sit
997 3573 1029 3610 a
1069 3572 1185 3627 quo
1236 3556 1550 3610 consilium
1598 3554 1833 3625 petitur,

222 3650 356 3705 quam
378 3642 467 3697 ille
498 3646 593 3698 est
626 3645 726 3715 qui
757 3645 917 3714 petit.
950 3644 1101 3709 Quid
1132 3645 1287 3699 enim
1329 3644 1609 3698 consulas
1642 3644 1836 3698 homi-

220 3740 340 3795 nem,
366 3739 531 3801 quem
564 3748 687 3787 non
714 3733 1021 3788 arbitreris
1053 3748 1234 3803 posse
1254 3732 1465 3786 melius
1487 3732 1709 3803 aliquid
1735 3748 1836 3787 re-

220 3816 389 3884 perire,
420 3836 593 3890 quam
634 3822 761 3891 ipse
799 3822 1127 3893 intelligis?

272 3904 341 3959 42.
367 3906 524 3972 Quod
555 3911 611 3964 si
646 3926 780 3964 eum
810 3911 1095 3964 inveniris
1126 3911 1227 3981 qui
1258 3910 1567 3977 vivacitate
1587 3910 1831 3983 ingenii,

218 3996 389 4048 mentis
418 3998 625 4068 vigore
655 4003 829 4069 atque
860 4000 1201 4053 auctoritate
1224 4001 1481 4069 praestet,
1510 4002 1565 4053 et
1595 3999 1835 4053 accedat

219 4093 271 4133 eo
295 4086 345 4136 ut
371 4088 636 4157 exemplo
668 4090 725 4141 et
754 4103 868 4142 usu
897 4089 1154 4158 paratior
1185 4089 1278 4153 sit,
1306 4088 1624 4157 praesentia
1642 4088 1835 4142 solvat

218 4171 452 4242 pericula,
483 4177 810 4246 prospiciat
854 4177 1066 4239 futura,
1104 4177 1405 4231 denuntiet
1449 4177 1829 4245 imminentia,

218 4267 576 4329 argumentum
611 4266 901 4335 expediat,
937 4266 1262 4321 remedium
1294 4265 1439 4319 ferat
1457 4266 1516 4319 in
1546 4269 1827 4336 tempore,

216 4352 411 4412 paratus
440 4353 514 4407 sit
543 4370 663 4408 non
693 4354 887 4408 solum
930 4354 1001 4407 ad
1035 4355 1486 4423 consulendum,
1520 4354 1627 4409 sed
1659 4353 1831 4408 etiam

215 4433 269 4487 ad
296 4438 742 4496 subveniendum
768 4459 783 4512 ;
823 4442 962 4498 huic
992 4443 1068 4496 ita
1101 4444 1250 4497 ﬁdes
1282 4442 1549 4510 habetur,
1585 4445 1648 4497 ut
1678 4442 1832 4495 dicat

217 4524 293 4590 qui
317 4531 614 4585 consilium
636 4532 777 4602 petit
802 4547 814 4587 :
847 4532 927 4586 Et
960 4532 1017 4585 si
1036 4531 1185 4586 mala
1218 4531 1365 4585 milii
1386 4531 1832 4601 evenerintper

218 4608 365 4681 illum,
394 4620 655 4674 sustineo
683 4620 897 4685 (Eccli.
930 4638 1074 4689 xxn,
1109 4620 1221 4689 31).

275 4701 341 4755 43.
372 4704 718 4776 Hujusmodi
772 4710 953 4781 igitur
990 4711 1116 4763 viro
1168 4708 1419 4763 salutem
1461 4710 1725 4762 nostram
1773 4710 1831 4762 et

220 4790 665 4850 existimationem
697 4798 1136 4865 committimus,
1172 4797 1272 4867 qui
1301 4797 1393 4867 sit,
1432 4800 1494 4850 ut
1524 4813 1704 4866 supra
1737 4797 1828 4850 di-

269 4932 491 5013 t33)Cic.
522 4939 632 4993 017'.
648 4940 757 5013 lib.
777 4958 835 5008 ιι,
856 4956 990 5009 pag.
1015 4941 1139 5007 3T7,
1173 4940 1273 4993 lin.
1309 4940 1374 4993 8:
1401 4962 1423 4987 «
1457 4939 1648 5013 Malus
1673 4940 1829 4995 enim

218 5010 381 5080 custos
407 5010 797 5065 diuturnitatis
828 5017 1039 5080 metus,
1088 5034 1107 5058 υ
1145 5014 1255 5064 etc-

246 5075 362 5155 um?!
393 5080 552 5144 Ibid.,
585 5099 719 5153 pag.
753 5083 876 5149 378,
903 5083 1003 5136 lin.
1025 5075 1125 5135 43:
1180 5105 1200 5127 «
1236 5082 1473 5135 Certum
1504 5081 1685 5155 igitur
1713 5081 1827 5155 hoc

220 5148 569 5225 gitnidqueget
588 5148 842 5222 primum
864 5148 930 5206 et
959 5154 1209 5207 maxime
1232 5148 1638 5207 necessarium
1662 5153 1827 5205 fami-

222 5208 450 5292 liaritates
483 5208 698 5277 hab'ere
730 5224 900 5278 fidas.
939 5245 960 5272 ››
996 5230 1109 5278 etc.

272 5287 365 5367 "ml
398 5292 559 5362 lbid.,
590 5311 724 5365 pag.
758 5295 882 5363 376,
914 5295 1014 5350 lin.
1044 5297 1151 5349 38:
1191 5318 1212 5341 α
1248 5295 1827 5367 Quaecunqueigitur

220 5349 458 5437 liquimus,
498 5349 836 5437 {etcfuem
869 5349 1015 5437 'pag.
1069 5367 1192 5431 378,
1240 5349 1341 5419 lin.
1375 5365 1474 5420 at:
1530 5349 1822 5419 ESui’mua

222 5430 361 5505 ‘83}{1'
384 5438 433 5505 et
456 5436 713 5505 perfecta
750 5430 937 5505 gloria
962 5430 1221 5505 constat,
1262 5458 1283 5485 »
1318 5440 1428 5490 etc.

272 5499 551 5578 (4t)llbid._,
580 5523 713 5578 pag.
753 5499 891 5575 ‘378,
934 5508 1035 5562 lin.
1069 5509 1172 5562 34:
1208 5499 1245 5557 ἀ
1296 5507 1472 5561 Fides
1523 5511 1717 5561 autem
1765 5509 1824 5560 ut

223 5560 732 5648 habeatur,id’uabiis
764 5560 951 5632 rebus
973 5560 1133 5632 effici
1162 5560 1385 5648 potest,
1418 5560 1533 5632 etc.

256 5640 357 5714 ﬁt?)
388 5644 548 5713 lbid.,
581 5648 677 5702 lin.
703 5649 804 5702 89:
855 5672 874 5698 α
904 5650 1100 5703 σιῐιιειίε
1142 5640 1336 5705 autem
1367 5640 1423 5703 et
1462 5649 1596 5703 fidis
1630 5648 1824 5703 homi-

227 5707 377 5779 nibus,
424 5715 478 5770 id
530 5707 619 5773 est
666 5720 910 5777 bonis...
956 5721 1177 5777 Harum
1233 5722 1415 5795 igitur
1460 5720 1706 5775 duarum
1753 5718 1828 5774 ad

1860 4494 1915 4556 D

1986 674 2046 724 ut
2077 671 2275 725 nullus
2305 673 2382 725 sit
2413 673 2637 727 fraudis
2672 677 2894 729 metus:
2930 676 3065 730 facit
3110 679 3282 733 etiam
3312 681 3639 751 prudentia,

1984 763 2046 813 ut
2076 761 2233 814 nulla
2264 762 2341 815 sit
2374 763 2595 815 erroris
2627 763 2911 832 suspicio.
2946 764 3280 836 Promptius
3308 771 3500 823 tamen
3532 785 3642 824 nos

1980 848 2144 920 justo
2178 850 2303 904 viro
2336 866 2507 920 quam
2538 851 2806 920 prudenti
2860 855 3299 924 committimus,
3333 861 3394 911 ut
3424 873 3642 912 secun-

1984 938 2118 991 dum
2146 955 2319 992 usum
2340 940 2505 1010 vulgi
2529 940 2753 1010 loquar.
2775 940 3062 996 Caeterum
3087 945 3418 1013 sapientum
3440 946 3645 1001 defini-

1979 1028 2159 1095 tione,
2196 1028 2255 1081 in
2294 1044 2410 1100 quo
2455 1044 2569 1082 una
2598 1030 2787 1083 virtus
2832 1033 2943 1099 est,
2989 1037 3348 1088 concurrunt
3388 1038 3640 1102 caeteraa,

1979 1132 2088 1170 nec
2120 1121 2314 1187 potest
2353 1119 2482 1172 sine
2520 1118 2749 1187 justitia
2791 1133 2930 1172 esse
2968 1121 3276 1189 prudentia
3306 1123 3440 1193 (43).
3474 1122 3643 1189 Quod

1978 1206 2151 1260 etiam
2185 1206 2242 1260 in
2273 1208 2497 1261 nostris
2520 1207 2889 1276 invenimus;
2922 1208 3063 1263 dicit
3092 1211 3246 1265 enim
3277 1212 3463 1266 David
3489 1228 3501 1267 :
3535 1213 3641 1267 Ju-

1977 1300 2107 1348 stus
2119 1297 2443 1349 miseretur
2465 1302 2522 1350 et
2546 1296 2783 1349 fenerat
2802 1295 2989 1363 (Psal.
3014 1313 3218 1368 xxxw,
3239 1296 3351 1368 21).
3376 1300 3524 1365 Quid
3555 1302 3642 1356 fe-

1976 1387 2141 1438 neret
2164 1383 2389 1454 justus,
2425 1384 2564 1438 alibi
2597 1384 2774 1437 dicit:
2809 1384 3111 1440 Jucundus
3145 1387 3239 1441 vir
3268 1390 3365 1460 qui
3396 1391 3642 1445 misere-

1978 1479 2076 1526 tur
2107 1480 2166 1527 et
2195 1473 2455 1542 fenerat,
2490 1473 2762 1544 disponet
2800 1489 3110 1529 sermones
3138 1492 3277 1531 suos
3316 1477 3381 1531 in
3406 1479 3640 1551 judicio

1976 1562 2164 1630 (Psal.
2198 1580 2315 1631 cxr,
2349 1565 2424 1631 5).

2044 1652 2131 1706 44.
2171 1652 2367 1721 Ipsum
2398 1650 2539 1705 illud
2556 1650 2752 1705 nobile
2783 1649 3420 1724 Salomonisjudicium
3441 1672 3636 1713 nonne

1974 1741 2278 1809 sapientia)
2303 1741 2537 1810 plenum
2560 1756 2628 1792 ac
2646 1738 2896 1809 justitiae
2919 1746 3009 1794 est
3025 1743 3053 1795 ‘?
3074 1742 3272 1815 Itaque
3294 1749 3634 1815 spectemus

1887 1870 1936 1931 Β
1970 1828 2112 1883 illud
2145 1831 2197 1883 si
2228 1832 2306 1883 ita
2338 1833 2447 1884 est.
2484 1830 2647 1897 Duae,
2669 1829 2875 1899 inquit,
2911 1830 3192 1886 mulieres
3223 1834 3282 1887 in
3305 1840 3630 1906 conspectu

1971 1920 2135 1989 regis
2187 1919 2521 1974 Salomonis
2572 1920 2878 1985 steterunt,
2912 1920 2969 1971 et
3010 1919 3156 1975 dixit
3199 1939 3314 1977 una
3352 1924 3423 1978 ad
3455 1940 3626 1981 eum:

1971 2008 2122 2061 Audi
2158 2025 2269 2078 me,
2316 2010 2570 2065 domine.
2605 2012 2733 2084 Ego
2773 2018 2830 2070 et
2858 2006 2946 2069 81
3002 2015 3131 2070 haec
3166 2015 3377 2069 mulier
3413 2014 3474 2068 in
3513 2029 3632 2069 uno

1969 2096 2300 2152 habitantes
2343 2100 2636 2168 cubiculo,
2663 2105 2796 2156 ante
2828 2103 2984 2158 diem
3006 2104 3239 2158 tertium
3256 2105 3427 2174 partu
3447 2102 3625 2171 edito,

1968 2187 2245 2257 singulos
2269 2187 2423 2241 filios
2457 2190 2858 2260 suscepimus,
2892 2195 2951 2245 et
2977 2208 3214 2246 eramus
3242 2207 3378 2260 una,
3410 2190 3633 2245 arbiter

1967 2274 2166 2329 nullus
2199 2275 2376 2345 domi,
2428 2293 2539 2331 nec
2570 2278 2686 2332 ulla
2729 2279 2840 2332 alia
2890 2280 3202 2353 nobiscum
3244 2278 3480 2348 femina,
3513 2278 3631 2332 nisi

1967 2379 2078 2417 nos
2110 2364 2256 2419 solae
2282 2380 2295 2418 :
2330 2367 2387 2419 et
2425 2369 2693 2421 mortuus
2725 2371 2817 2421 est
2847 2368 3005 2423 ﬁlius
3035 2368 3170 2439 ejus
3202 2368 3312 2422 hac
3340 2370 3532 2436 nocte,
3566 2369 3630 2421 ut

1968 2452 2324 2507 obdormivit
2355 2470 2537 2525 super
2567 2471 2738 2533 eum:
2772 2460 2829 2511 et
2851 2457 3112 2512 surrexit
3140 2457 3330 2511 media
3360 2459 3552 2527 nocte,
3574 2458 3631 2511 et

1963 2542 2189 2611 accepit
2218 2542 2402 2597 tilium
2431 2560 2623 2598 meum
2646 2545 2718 2599 de
2749 2545 2885 2600 sinu
2904 2544 3056 2615 meo,
3078 2549 3134 2601 et
3156 2546 3467 2600 collocavit
3490 2560 3626 2600 eum

1960 2630 2021 2683 in
2052 2633 2277 2702 gremio
2310 2649 2442 2698 suo,
2477 2638 2533 2687 et
2571 2634 2755 2688 ﬁlium
2795 2650 2970 2689 suum
3008 2637 3304 2690 mortuum
3335 2634 3534 2705 posuit
3563 2634 3624 2689 in

1961 2720 2097 2775 sinu
2129 2736 2279 2776 meo.
2317 2721 2386 2775 Et
2418 2723 2651 2777 surrexi
2685 2739 2874 2793 mane,
2909 2727 2969 2777 ut
2991 2724 3269 2778 lactarem
3290 2723 3622 2794 parvulum,

1960 2812 2017 2861 et
2045 2809 2242 2863 inveni
2276 2814 2588 2866 mortuum.
2627 2811 2696 2865 Et
2740 2812 3112 2867 consideravi
3148 2813 3312 2866 illum
3340 2812 3624 2881 diluculo,

1960 2901 2018 2951 et
2048 2914 2164 2952 non
2195 2902 2319 2952 erat
2348 2900 2505 2954 filius
2539 2916 2727 2955 meus.
2760 2901 2831 2954 Et
2862 2902 3167 2971 respondit
3195 2901 3376 2956 altera
3402 2916 3415 2955 :
3469 2900 3624 2969 Non,

1960 2987 2067 3041 scd
2100 2987 2257 3041 ﬁlius
2289 3003 2457 3042 meus
2508 2992 2620 3057 est,
2672 2990 2773 3061 qui
2805 2990 2949 3044 vivit
2979 3006 2991 3044 :
3047 2991 3203 3044 filius
3245 2992 3439 3046 autem
3466 2992 3626 3059 tuus,

1960 3076 2057 3146 qui
2081 3078 2351 3130 mortuus
2382 3081 2475 3131 est
2505 3077 2620 3145 (Ill
2646 3078 2792 3150 Reg.
2828 3096 2909 3149 ιιι,
2948 3078 3012 3133 16
3044 3085 3103 3132 et
3132 3080 3303 3151 seq.).

1881 3183 1932 3245 C
2029 3182 2118 3236 45.
2154 3182 2225 3236 Et
2270 3183 2399 3237 haec
2450 3187 2575 3238 erat
2610 3185 2927 3254 contentio,
2975 3200 3107 3240 cum
3149 3188 3396 3256 utraque
3437 3183 3623 3238 ﬁlium

1960 3271 2077 3325 sibi
2133 3271 2500 3326 vindicarent
2557 3273 2974 3342 superstitem:
3034 3272 3375 3327 defunctum
3428 3274 3623 3326 autem

1957 3374 2132 3413 suum
2163 3364 2467 3432 negarent.
2502 3361 2673 3415 Tunc
2704 3361 3008 3433 rexjussit
3030 3360 3226 3416 afferri
3247 3361 3623 3430 machaeram,

1955 3451 2011 3501 et
2033 3449 2312 3505 infantem
2333 3450 2534 3520 dividi,
2568 3466 2636 3504 ac
2656 3451 2926 3522 singulas
2949 3454 3147 3521 partes
3170 3450 3292 3504 dari
3317 3448 3575 3522 singulis
3602 3464 3615 3505 :

1953 3538 2254 3592 dimidiam
2286 3540 2406 3608 uni,
2439 3543 2495 3595 et
2526 3540 2832 3594 dimidiam
2863 3540 3050 3594 alteri.
3084 3538 3461 3595 Exclamabat
3492 3554 3624 3595 mu-

1952 3626 2062 3681 lier
2106 3643 2239 3698 quae
2282 3632 2406 3682 erat
2453 3644 2597 3683 vero
2642 3627 2856 3683 affectu
2901 3628 3163 3698 percita:
3212 3627 3619 3698 Nequaquam,

1952 3715 2218 3785 Domine,
2253 3717 2533 3771 infantem
2565 3717 2807 3771 dividas
2835 3733 2846 3771 :
2881 3717 3051 3771 detur
3071 3716 3268 3786 potius
3298 3715 3402 3785 illi,
3435 3718 3491 3770 et
3529 3716 3624 3771 vi-

1950 3808 2063 3869 vat,
2101 3809 2157 3860 et
2185 3822 2301 3859 non
2332 3806 2656 3860 interﬁcias
2683 3822 2838 3861 eum.
2865 3808 2939 3859 At
2959 3804 3058 3858 illa
3080 3804 3386 3876 respondit
3414 3804 3617 3861 altera:

1952 3894 2158 3966 Neque
2190 3909 2378 3964 meus,
2412 3909 2604 3965 neque
2636 3893 2818 3965 hujus
2851 3894 2928 3947 sit
2958 3893 3180 3963 infans,
3207 3892 3448 3948 dividite
3465 3908 3621 3949 eum.

1953 3983 2024 4036 Et
2055 3984 2257 4037 statuit
2285 3999 2389 4037 rex
2420 3983 2545 4036 dari
2574 3983 2852 4037 infantem
2882 3982 2932 4036 ei
2958 3982 3186 4036 mulieri
3207 3999 3338 4053 quae
3362 3982 3619 4037 dixerat:

1950 4071 2144 4126 Nolite
2173 4072 2505 4126 interficere
2535 4087 2688 4139 eum,
2722 4070 2830 4126 sed
2878 4071 3009 4125 date
3070 4086 3203 4126 eum
3232 4071 3317 4125 illi
3350 4071 3621 4141 mulieri;

1950 4161 2086 4230 quia
2120 4164 2270 4214 mota
2303 4163 2459 4227 sunt,
2518 4160 2724 4231 inquit,
2770 4160 3005 4214 viscera
3047 4158 3183 4231 ejus
3235 4160 3295 4216 in
3344 4158 3466 4217 ﬁlio
3506 4175 3620 4218 suo

1955 4249 2133 4319 (Ibid.
2167 4249 2236 4304 24
2274 4249 2447 4321 seq.).

2019 4356 2106 4411 46.
2141 4356 2339 4428 Itaque
2372 4372 2491 4411 non
2521 4357 2810 4411 immerito
2859 4357 3191 4411 testimatus
3242 4358 3335 4411 est
3382 4355 3618 4410 intelle-

1949 4448 2080 4500 ctus
2101 4446 2208 4500 Dei
2228 4446 2286 4499 in
2306 4461 2374 4500 eo
2389 4460 2555 4500 esse:
2583 4446 2859 4516 quoniam
2877 4461 3010 4517 quae
3038 4445 3267 4501 occulta
3290 4447 3429 4500 sunt
3446 4444 3569 4498 Deo
3589 4444 3619 4499 εν

1946 4535 2061 4605 (44)
2077 4534 2226 4600 Quid
2239 4537 2433 4589 autem
2452 4534 2740 4589 occultius
2754 4535 3122 4589 internarum
3138 4534 3438 4586 viscerum
3450 4531 3619 4587 testi—

1946 4624 2165 4691 monio,
2199 4624 2258 4677 in
2287 4639 2419 4693 qum
2462 4623 2746 4693 sapientis
2786 4623 3121 4676 intellectus
3169 4620 3332 4673 velut
3371 4619 3612 4691 quidam

1944 4712 2178 4781 pictatis
2208 4712 2513 4766 descendit
2543 4712 2782 4780 arbiter,
2819 4714 2875 4763 et
2903 4710 3063 4763 velut
3092 4709 3404 4783 quamdam
3435 4709 3614 4781 geni-

1945 4801 2079 4854 talis
2108 4801 2221 4853 alvi
2253 4816 2460 4854 vocem
2490 4801 2677 4867 eruit;
2713 4799 2848 4869 quia
2885 4801 3187 4852 maternus
3236 4797 3419 4867 patuit
3466 4794 3614 4852 affe-

1943 4942 2117 4997 ﬁdem
2150 4940 2479 4995 faciendam
2503 4938 2733 5010 justitia
2764 4940 2898 5010 plus
2928 4939 3127 5010 pollet,
3167 4960 3189 4990 ι
3226 4943 3338 4995 etc.

2013 5013 2127 5083 (43)
2160 5013 2327 5079 Ibid.,
2362 5012 2462 5066 lin.
2497 5012 2601 5065 46:
2641 5034 2662 5058 «ι
2698 5011 2813 5066 Sed
2864 5026 2936 5066 ne
2984 5011 3118 5082 quis
3168 5011 3246 5066 sit
3286 5010 3609 5083 admiratus

1942 5082 2049 5137 cur
2077 5100 2211 5137 eum
2249 5084 2401 5137 inter
2444 5098 2650 5138 omnes
2698 5083 3093 5153 philosophos
3140 5085 3461 5138 constet....
3501 5082 3601 5153 qui

1940 5171 2116 5208 unam
2146 5153 2407 5223 haberet,
2438 5178 2460 5201 »ι
2496 5157 2606 5207 etc.

2013 5225 2124 5294 (44)
2156 5222 2551 5296 Omnesedit.
2592 5242 2661 5280 ac
2699 5226 2870 5295 pauci
2920 5224 3188 5296 mss.,in
3228 5239 3337 5296 quo
3382 5222 3606 5296 occulta

1940 5302 2078 5350 sunt
2108 5296 2255 5359 Dei;
2278 5295 2373 5349 alii
2399 5312 2507 5350 sex
2524 5300 2622 5351 aut
2640 5293 2909 5367 septem”
2932 5295 3199 5367 quoniam
3223 5293 3348 5367 quae
3376 5293 3603 5367 occulta

1938 5372 2075 5422 sunt
2099 5367 2229 5435 Dei,
2264 5367 2580 5423 manifesta
2617 5366 2772 5423 facta
2813 5373 2949 5421 sunt
2990 5368 3065 5420 ci.
3110 5366 3331 5420 (ἰωιυνί
3386 5366 3599 5431 ferme,

1941 5439 2207 5510 quoniam
2230 5455 2353 5509 quae
2371 5440 2593 5493 occulta
2612 5446 2749 5493 sunt
2770 5439 2894 5510 Deo
2911 5441 3115 5510 patent
3136 5455 3153 5510 τ·
3177 5436 3283 5488 sed
3303 5450 3436 5510 cum
3466 5450 3604 5510 ver-

1936 5506 2077 5565 bum
2104 5506 2310 5580 patent
2341 5511 2725 5563 omittaturin
2753 5506 3206 5580 antiquissimis,
3228 5507 3327 5576 qui
3358 5508 3598 5559 senten-

1937 5581 2075 5633 tiam
2104 5576 2588 5653 interrogationis
2623 5580 2814 5653 forma
2838 5576 3193 5653 efferendum
3225 5592 3340 5629 non
3362 5586 3599 5653 perspe-

1938 5667 2099 5719 xcre,
2136 5651 2205 5705 de
2237 5648 2631 5721 suo'quisque
2662 5650 2818 5721 quod
2852 5648 3058 5704 sensui
3087 5648 3491 5702 necessarium
3507 5648 3595 5708 vi.

1942 5739 2074 5778 sum
2106 5725 2217 5792 est,
2252 5721 2618 5779 addiderunt.
