4002 6150
399 372 522 438 123

1845 364 1913 426 S.
1959 361 2403 426 AMBROSII.

3737 356 3856 423 124

407 574 559 643 ctus,
591 571 692 644 qui
721 570 968 644 eligeret
1002 569 1184 624 filium
1206 583 1382 625 suum
1403 567 1496 624 vel
1531 566 1686 638 apud
1715 565 1964 620 alienam
1987 563 2073 618 vi-
2103 541 2164 606 Α
2265 562 2493 644 reginae
2515 561 2691 617 Sabae
2711 566 3121 635 exponuntur;
3147 565 3265 617 tum
3290 560 3626 632 Joscplium,
3656 561 3715 612 et
3743 555 3859 611 Dav

407 676 569 731 vere,
602 677 778 732 quam
806 661 866 714 in
896 661 1219 729 conspectu
1259 659 1462 712 matris
1496 656 1715 711 necari.

415 769 424 778 ’
483 750 574 804 4'7.
605 749 918 820 Sapientia:
947 749 1130 820 igitur
1152 747 1260 802 fuit
1288 747 1534 800 latentes
1553 745 1920 817 distinguere
1938 759 2078 798 con-

411 838 715 908 scientias,
765 853 839 891 ex
883 837 1134 891 occultis
1179 851 1387 890 eruere
1427 835 1769 902 veritatem;
1815 837 1872 888 et
1920 833 2080 888 velut

407 926 659 999 quadam
692 926 1012 995 machaara,
1039 925 1113 978 ita
1148 925 1393 995 spiritus
1418 923 1615 996 gladio
1637 925 1945 994 penetrare
1962 937 2080 976 non

409 1015 606 1071 solum
632 1015 803 1084 uteri,
839 1014 946 1069 sed
992 1015 1165 1068 etiam
1203 1013 1414 1068 animae
1455 1016 1511 1066 et
1555 1013 1767 1066 mentis
1807 1011 2076 1065 viscera:

404 1102 653 1174 justitiaa
684 1118 941 1174 quoque,
976 1105 1038 1156 ut
1069 1117 1200 1172 qua
1246 1117 1422 1156 suum
1458 1102 1792 1167 necaverat,
1824 1099 2082 1153 alienum

411 1206 532 1246 non
559 1191 828 1261 tolleret;
873 1191 980 1246 sed
1023 1206 1164 1246 vera
1197 1192 1384 1245 mater
1412 1190 1704 1259 reciperet
1735 1203 1930 1242 suum.
1965 1187 2082 1242 De-

413 1281 591 1350 nique
623 1281 794 1334 etiam
824 1278 1126 1350 Scriptura
1175 1279 1287 1334 hoc
1325 1277 1758 1349 pronuntiavit:
1807 1276 1968 1330 Audi
1979 1277 2078 1341 vit,

413 1367 621 1438 inquit,
663 1369 853 1423 omnis
889 1368 1082 1422 Israel
1109 1369 1218 1423 hoc
1243 1367 1558 1439 judicium,
1601 1365 1754 1438 quod
1780 1364 2084 1435 judicavit

417 1472 532 1511 rex
556 1477 572 1512 :
604 1463 662 1512 et
696 1458 1019 1511 timuerunt
1050 1473 1082 1512 a
1122 1455 1280 1511 facie
1308 1455 1498 1526 regis,
1535 1470 1602 1509 eo
1634 1454 1784 1526 quod
1806 1451 2084 1508 intellec-

419 1550 512 1599 tus
532 1544 648 1600 Dei
676 1546 738 1600 in
761 1561 828 1600 eo
850 1551 1029 1608 esset,
1059 1549 1117 1600 ut
1150 1543 1690 1614 faceretjustitiam
1716 1541 1802 1602 (III
1817 1541 1964 1612 Reg.
1999 1557 2080 1609 in,

413 1631 526 1702 28).
561 1632 827 1705 Denique
860 1637 916 1688 et
955 1633 1086 1704 ipse
1117 1631 1395 1687 Salomon
1430 1631 1507 1686 ita
1540 1631 1816 1701 poposcit
1845 1629 2086 1700 sapien-

413 1721 574 1790 tiam,
609 1725 671 1776 ut
699 1721 936 1776 daretur
963 1721 1078 1776 sibi
1111 1737 1215 1776 cor
1240 1720 1504 1791 prudens
1526 1719 1729 1775 audire
1761 1720 1817 1773 et
1841 1717 2083 1790 judica-

416 1825 481 1866 re
511 1825 642 1866 cum
668 1809 901 1883 justitia
932 1809 1105 1880 (Ibid.
1145 1809 1224 1880 9).

1053 1916 1305 1971 CAPUT
1338 1915 1438 1969 IX.

426 2021 706 2090 Quamvis
745 2023 1071 2078 mdividuze
1111 2023 1232 2077 sint
1261 2021 1504 2091 justitia
1537 2027 1710 2092 atque
1734 2018 2078 2091 prudentia,

497 2095 660 2166 vulgi
700 2100 892 2148 tamen
946 2094 1288 2148 cardinales
1344 2091 2086 2163 virtutesdistinguentis

489 2166 734 2238 ingenio
756 2166 1146 2220 serviendum
1179 2179 1335 2220 esse.

487 2271 577 2326 48.
611 2272 822 2342 Liquet
851 2271 1035 2342 igitur
1064 2272 1236 2326 etiam
1261 2269 1587 2325 secundum
1608 2267 1968 2338 Scripturam
2001 2267 2086 2322 di-

421 2360 640 2430 vinam,
679 2376 812 2432 quae
850 2361 1144 2431 antiquior
1175 2364 1284 2423 est,
1320 2359 1664 2428 sapientiam
1697 2358 1828 2411 sine
1854 2355 2085 2427 justitia

423 2463 562 2504 esse
591 2463 710 2503 non
741 2463 958 2520 posse;
989 2448 1124 2518 quia
1155 2447 1254 2502 ubi
1285 2463 1401 2501 una
1434 2462 1633 2500 carum
1666 2445 1968 2513 virtutum,
2002 2443 2082 2497 ibi

421 2539 670 2607 utraque
692 2539 802 2590 est.
825 2536 1029 2589 Daniel
1060 2551 1295 2606 quoque
1325 2527 1422 2590 82
1454 2549 1630 2606 quam
1652 2534 1951 2603 sapienter
1969 2533 2084 2585 alta

421 2623 883 2696 interrogatione
915 2623 1302 2678 fraudulenta)
1332 2621 1730 2678 accusationis
1762 2620 2086 2691 deprehen-

420 2712 504 2767 dit
533 2712 922 2781 mendacium,
968 2715 1032 2766 ut
1075 2711 1560 2766 calumniatorum
1609 2709 1724 2764 sibi
1767 2709 2085 2779 responsio

421 2815 540 2854 non
582 2797 956 2855 conveniret!
1010 2799 1342 2854 Prudentiae
1383 2799 1565 2870 igitur
1603 2797 1711 2852 fuit
1749 2799 1917 2851 vocis
1959 2813 2086 2852 suae

418 2888 756 2943 testimonio
783 2903 918 2942 reos
939 2887 1192 2958 prodere
1214 2903 1226 2942 :
1246 2887 1496 2958 justitiaa
1517 2902 1774 2957 quoque,
1801 2889 2087 2940 nocentes

421 2977 713 3048 supplicio
761 2977 922 3046 dare,
973 2977 1343 3031 innocentem
1383 2975 1718 3030 subducere
1757 2974 1923 3046 (Dan.
1957 2991 2084 3044 xm,

419 3064 489 3122 48
520 3071 580 3120 et
608 3065 782 3138 seq.).

2115 1863 2165 1925 Β

2263 634 2504 690 nielem.

2260 725 2347 778 50.
2382 723 2853 779 Prudentissimo
2884 723 3096 792 cuique
3127 738 3366 776 causam
3403 728 3666 780 nostram
3700 741 3860 780 com-

2189 813 2496 882 mittimus,
2533 817 2588 866 et
2609 812 2681 866 ab
2705 827 2774 866 eo
2807 811 3120 865 consilium
3141 813 3472 882 promptius
3495 831 3669 884 quam
3690 830 3722 868 a
3745 831 3862 869 cm-

2190 901 2336 954 teris
2368 901 2694 972 poscimus.
2723 900 2972 953 Praestat
2992 903 3186 954 tamen
3207 901 3378 955 fidele
3399 902 3516 974 (Π)
3539 902 3690 974 justi
3719 919 3862 957 con-

2191 987 2388 1044 silium
2405 989 2534 1058 viri,
2560 993 2616 1044 et
2637 989 3065 1059 sapientissimi
3090 989 3330 1063 ingenio
3355 990 3696 1062 frequenter
3715 1008 3867 1062 prae-

2189 1079 2494 1150 ponderat.
2535 1078 2721 1132 Utilia
2744 1077 2859 1146 (-18)
2878 1079 3034 1131 enim
3063 1077 3305 1132 vulnera
3325 1081 3502 1134 amici
3531 1097 3697 1152 quam
3721 1079 3867 1135 alio-

2191 1185 2321 1222 rum
2353 1167 2548 1223 oscula
2575 1167 2783 1236 (Prov.
2817 1183 3000 1230 xxvn,
3035 1167 3110 1236 6).
3147 1167 3370 1222 Deinde
3413 1168 3551 1239 quia
3577 1168 3726 1240 justi
3754 1168 3864 1240 ju-

2191 1257 2410 1311 dicium
2440 1259 2549 1324 est,
2584 1255 2869 1326 sapientis
2918 1259 3111 1310 autem
3157 1260 3573 1329 argumentum
3601 1257 3756 1328 (49):
3799 1257 3865 1311 in

2192 1345 2292 1400 illo
2326 1360 2580 1400 censura
2609 1343 3076 1415 disceptationis,
3109 1345 3168 1400 in
3200 1345 3312 1400 hoc
3335 1345 3623 1401 calliditas
3645 1346 3866 1401 inven-

2194 1433 2393 1488 tionis.

2266 1522 2355 1576 51.
2405 1521 2572 1587 Quod
2615 1523 2669 1576 si
2718 1525 3034 1594 utrumque
3085 1526 3438 1593 connectas,
3487 1523 3597 1578 erit
3643 1539 3869 1596 magna

2198 1611 2579 1666 consiliorum
2603 1611 2948 1682 salubritas,
2975 1628 3108 1682 quae
3129 1611 3201 1665 ab
3224 1613 3526 1666 universis
3562 1615 3872 1683 spectatur

2196 1700 2580 1754 admiratione
2613 1701 2922 1770 sapientiae
2953 1704 3009 1755 et
3030 1716 3228 1754 amore
3246 1700 3498 1772 justitiae
3524 1717 3538 1771 ;
3569 1705 3633 1756 ut
3653 1717 3870 1756 omnes

2197 1792 2468 1860 quaerant
2495 1789 2699 1844 audire
2731 1789 3079 1859 sapientiam
3111 1787 3245 1860 ejus
3269 1789 3400 1858 viri,
3426 1789 3485 1842 in
3507 1805 3623 1860 quo
3645 1789 3873 1844 utrius-

2197 1893 2312 1948 que
2361 1878 2595 1932 virtutis
2642 1878 2850 1948 copula
2899 1878 3014 1932 sit:
3061 1877 3216 1932 sicut
3264 1878 3608 1948 quaerebant
3657 1891 3874 1933 omnes

2197 1981 2377 2038 reges
2409 1970 2583 2020 terrae
2615 1967 2817 2021 videre
2851 1966 3058 2020 faciem
3081 1966 3438 2034 Salomonis,
3464 1971 3519 2020 et
3549 1967 3754 2022 audire
3772 1983 3876 2021 sa-

2197 2056 2475 2125 pientiam
2505 2055 2670 2126 ejus;
2695 2056 2771 2109 ita
2793 2058 2855 2110 ut
2885 2059 2940 2109 et
2962 2054 3113 2109 Saba
3138 2054 3345 2126 regina
3363 2055 3589 2110 veniret
3611 2055 3682 2109 ad
3705 2071 3870 2122 eum,

2197 2147 2254 2198 et
2283 2146 2529 2198 tentaret
2561 2160 2693 2198 cum
2725 2144 2783 2197 in
2817 2143 3252 2214 quaestionibus
3282 2159 3293 2198 :
3327 2144 3410 2197 Et
3439 2145 3619 2214 venit,
3655 2151 3714 2198 et
3745 2162 3869 2199 om-

2198 2232 2294 2286 nia
2324 2231 2514 2287 loeuta
2546 2239 2640 2288 est
2670 2249 2796 2304 quae
2827 2232 3084 2286 habebat
3109 2235 3170 2286 in
3194 2233 3373 2288 corde
3393 2249 3516 2301 suo,
3553 2239 3610 2288 et
3633 2233 3874 2288 audivit

2199 2336 2426 2374 omnem
2466 2322 2821 2391 sapientiam
2859 2321 3213 2391 Salomonis,
3251 2337 3357 2376 nec
3397 2321 3574 2375 ullum
3620 2321 3869 2376 verbum

2192 2409 2540 2482 prazterivit
2573 2426 2697 2464 eam
2721 2409 2837 2477 (III
2863 2410 3008 2481 Reg.
3037 2427 3096 2479 x,
3131 2410 3164 2463 ‘2
3199 2415 3260 2464 et
3289 2409 3366 2480 3).

2267 2499 2356 2552 52.
2387 2497 2530 2563 Quae
2563 2500 2640 2552 sit
2681 2499 2812 2566 ista,
2856 2514 3031 2570 quam
3073 2499 3216 2552 nihil
3268 2501 3598 2570 praetereat,
3633 2515 3743 2552 nec
3793 2500 3880 2554 sit

2199 2586 2419 2657 aliquid
2449 2589 2606 2658 quod
2637 2588 2690 2642 ei
2735 2604 2850 2642 non
2888 2587 3322 2642 annuntiaverit
3354 2603 3534 2642 verus
3565 2587 3874 2656 Salomon,

2201 2691 2522 2747 cognosce,
2558 2693 2592 2731 o
2631 2677 2827 2744 homo,
2861 2692 2932 2730 ex
2974 2676 3068 2730 his
3111 2692 3244 2746 quae
3276 2676 3446 2730 audis
3488 2675 3831 2746 loquentem
3861 2692 3876 2731 :

2211 2763 2401 2819 Verus
2422 2772 2536 2834 est,
2553 2766 2758 2836 inquit,
2782 2780 2978 2820 sermo
2992 2781 3159 2836 quem
3172 2766 3311 2818 audi
3321 2765 3376 2818 vi
3389 2765 3450 2818 in
3466 2771 3632 2818 terra
3644 2781 3774 2819 mea
3798 2766 3880 2820 de

2199 2854 2580 2910 sermonibus
2600 2856 2717 2908 tuis
2740 2861 2797 2908 et
2829 2854 2904 2908 de
2919 2854 3245 2925 prudentia
3271 2859 3386 2921 tua,
3414 2861 3472 2908 et
3495 2871 3608 2908 non
3631 2853 3880 2908 credidi

2201 2942 2300 2996 his
2317 2943 2416 3015 qui
2435 2942 2716 2998 dicebant
2737 2943 2903 3012 mihi,
2930 2943 3115 2997 donec
3149 2943 3301 3010 veni,
3329 2949 3387 2996 et
3416 2943 3694 2997 viderunt
3719 2941 3882 2996 Oculi

2202 3032 2322 3087 mei
2335 3052 2352 3086 :
2378 3039 2436 3086 et
2451 3047 2603 3086 nune
2623 3046 2733 3088 non
2748 3037 2840 3086 est
2855 3047 2963 3085 nec
2983 3031 3229 3085 dimidia
3253 3031 3484 3103 quidem
3495 3047 3644 3102 pars
3661 3046 3882 3086 secun-

491 3119 582 3209 40.
615 3119 896 3226 iEis‘tlergo
928 3153 1299 3208 individuum
1321 3152 1625 3223 sapientiae
1647 3154 1822 3223 atque
1840 3150 2087 3222 justitim

2266 3139 2340 3176 im
2379 3137 2448 3176 ea
2481 3137 2607 3194 qum
2655 3119 3082 3175 annuntiabant
3122 3120 3287 3173 mihi.
3330 3119 3681 3191 Apposuisti
3721 3119 3877 3174 bona

2557 3211 2591 3226 ι.
2741 3225 2749 3226 ,
2808 3225 2821 3226 γ
2860 3225 2863 3226 ,
2897 3209 2934 3226 ι·
2988 3209 3000 3226 ,-
3037 3199 3132 3226 οε)
3189 3208 3233 3226 γ.-
3283 3213 3442 3226 Δ-μΑλ,ᾼ
3486 3223 3602 3226 μμ--
3673 3207 3872 3226 η--ι-,

423 3241 874 3298 contubernium
899 3258 912 3298 :
948 3242 1055 3298 sed
1075 3242 1240 3313 vulgi
1257 3257 1370 3296 usu
1387 3241 1667 3296 dividitur
1681 3256 1794 3295 una
1817 3239 2085 3312 quaedam

423 3331 612 3390 forma
651 3332 933 3385 virtutum
971 3329 1103 3401 (45),
1153 3334 1211 3384 ut
1255 3329 1636 3400 temperantia
1677 3329 1756 3383 sit
1792 3329 1852 3382 in
1883 3328 2087 3399 deSpi-

419 3419 646 3475 ciendis
679 3419 1109 3489 voluptatibus:
1154 3418 1430 3473 fortitudo
1460 3419 1839 3488 specteturin
1861 3417 2088 3472 labori-

421 3507 538 3564 bus
580 3511 638 3563 et
685 3508 1004 3578 periculis:
1055 3507 1364 3577 prudentia
1403 3507 1463 3561 in
1505 3507 1735 3562 delectu
1773 3506 2085 3576 bonorum,

421 3597 624 3656 sciens
659 3597 965 3652 commoda
1015 3599 1071 3651 et
1099 3597 1350 3650 adversa
1399 3595 1807 3668 distinguere:
1852 3593 2087 3666 justitia

337 3702 342 3707 ’
427 3701 561 3758 quae
590 3685 668 3740 sit
697 3685 849 3740 bona
881 3689 1085 3739 custos
1113 3684 1268 3754 juris
1291 3683 1486 3753 alieni,
1507 3687 1564 3739 et
1593 3685 1810 3738 vindex
1828 3683 2090 3754 proprie-

424 3775 581 3843 tatis,
617 3790 790 3828 suum
811 3774 1022 3844 cuique
1046 3788 1433 3828 conservans.
1454 3773 1540 3828 Sit
1561 3789 1706 3844 ergo
1735 3773 1910 3827 nobis
1934 3788 2092 3826 com-

421 3861 623 3918 munis
656 3863 954 3932 opinionis
987 3862 1174 3934 gratia
1207 3861 1627 3933 quadripartita
1659 3861 1788 3916 haec
1822 3861 1976 3918 facta
2008 3859 2094 3914 di-

419 3951 596 4020 visio,
629 3953 692 4004 ut
731 3951 803 4005 ab
847 3949 945 4004 illa
977 3949 1180 4004 subtili
1222 3950 1614 4020 disputatione
1661 3948 2092 4019 philosophicas

422 4039 747 4109 sapientiae,
791 4054 923 4110 quae
964 4038 1239 4094 limandaa
1279 4039 1544 4092 veritatis
1586 4053 1764 4092 causa
1805 4037 1978 4108 quasi
2017 4053 2094 4092 ex

421 4127 594 4198 adyto
624 4127 878 4198 quodam
907 4126 1133 4182 eruitur
1163 4126 1296 4198 (46),
1331 4126 1702 4182 retrahentes
1731 4125 1962 4197 pedem,
1996 4125 2091 4180 fo-

421 4231 662 4272 rensem
681 4231 856 4270 usum
878 4231 946 4269 ac
965 4215 1306 4286 papularem
1329 4231 1572 4270 sensum
1599 4230 1940 4286 sequamur.
1967 4214 2091 4268 [lac

420 4303 604 4378 igitur
618 4303 912 4360 divisione
930 4309 1188 4372 servata,
1211 4307 1580 4360 revertamur
1601 4304 1673 4358 ad
1696 4303 2088 4374 propositum.

1070 4409 1322 4465 CAPUT
1361 4410 1435 4464 X.

423 4514 689 4574 Salutem
719 4517 880 4589 justi
913 4516 1033 4571 viri
1063 4532 1229 4588 quam
1265 4515 1585 4589 prudentis
1617 4513 1868 4589 consilio
1901 4515 2094 4589 magis

497 4585 814 4660 committi:
839 4604 966 4643 eum
985 4585 1176 4660 autem
1201 4585 1299 4660 qui
1317 4587 1622 4660 justitiam
1637 4601 1704 4660 ac
1711 4585 2091 4660 prudentiam

497 4659 556 4714 in
569 4675 636 4714 se
657 4659 1056 4731 coniunxerit,
1075 4659 1148 4714 ab
1163 4656 1436 4731 omnibus
1449 4657 1654 4729 expeti
1665 4656 1894 4731 solere:
1917 4657 2092 4731 liuius

493 4731 592 4784 rei
603 4727 930 4802 exemplum
946 4727 1138 4786 fuisse
1151 4738 1272 4784 tum
1285 4727 1676 4798 Salomonem,
1695 4729 1770 4784 de
1783 4743 1892 4800 quo
1911 4727 2092 4782 verba

493 4869 604 4944 (45)
650 4869 906 4944 (Ἀελλὼ.
943 4889 1000 4942 η,
1032 4888 1169 4944 pag.
1203 4872 1339 4944 378,
1363 4871 1446 4925 lin
1495 4870 1601 4926 50:
1640 4891 1662 4919 ι
1696 4867 2092 4944 Quamobrem

421 4943 490 5067 ἒιῐ
510 4941 748 5063 vulgi'is,
779 4943 856 4995 ita
887 4939 997 4997 nos
1029 4939 1141 4998 hoc
1171 4939 1647 5014 loco’loquimur,
1679 4943 1742 4996 ut
1779 4939 1930 4994 alios
1963 4939 2090 4994 tor-

449 5026 536 5067 es.
576 5035 596 5060 η
632 5029 662 5066 e
693 5028 744 5066 c.

449 5026 536 5066 ΘΒ.
576 5035 596 5060 η
632 5018 744 5066 etc.

633 5054 806 5136 Daris
837 5083 973 5137 edit.
1013 5084 1310 5153 nonnulla,
1349 5100 1472 5154 quae
1508 5081 1890 5138 eliminandaa
1929 5081 2092 5136 veri-

426 5155 572 5210 tatis
617 5170 812 5209 causa.
848 5154 981 5208 Non
1015 5157 1162 5208 satis
1197 5160 1374 5210 recte.

497 5225 610 5308 (4’7)
639 5225 760 5308 (lic.
805 5225 905 5279 lib.
951 5243 988 5278 ιι
1033 5224 1226 5290 Offie.,
1269 5242 1404 5350 pag.
1447 5224 1572 5306 $78,
1615 5224 1724 5304 lin,
1761 5223 1934 5304 Μία
1975 5223 2090 5276 Ha-

501 5312 553 5349 m
583 5301 766 5350 lthlll‘
787 5297 1032 5350 duarum
1053 5297 1124 5350 ad
1149 5297 1321 5350 ﬁdem
1379 5295 1683 5350 aciendam
1701 5297 1929 5350 iustitia
1955 5295 2088 5350 plus

423 5293 553 5421 ruit]!
583 5293 1032 5421 igitui‘tduarum
1053 5297 1124 5351 ad
1149 5293 1321 5350 ﬁdem
1355 5293 1683 5350 faciendam
1701 5293 1929 5365 justitia
1953 5295 2088 5364 plus

423 5383 496 5421 no
545 5383 575 5421 e
607 5409 620 5421 .
659 5389 680 5412 ι»
729 5383 760 5421 e
789 5383 840 5420 c.

463 5371 620 5433 ollet,
659 5389 680 5412 ι»
729 5371 840 5421 etc.

419 5384 956 5508 Wfﬁédfttcéum
987 5453 1136 5492 mss.
1168 5437 1459 5508 pauculis,
1500 5435 1754 5508 Utiliora
1793 5435 2084 5508 (Amerb.,

428 5505 619 5577 utilia)
642 5509 796 5562 enim
827 5509 1070 5563 vulnera
1097 5505 1291 5571 amici,
1319 5523 1486 5578 quam
1508 5506 1841 5578 alienorum
1859 5505 2084 5578 oscula.

423 5579 574 5634 Mss.
600 5575 749 5634 vero
781 5579 960 5634 multo
991 5579 1198 5649 plures
1223 5595 1291 5631 ac
1324 5575 1700 5649 vetustiores,
1743 5575 1926 5649 Utilia
2072 5616 2086 5632 .

432 5666 599 5719 quam
620 5649 868 5704 aliorum
899 5647 1116 5704 oscula.
1153 5648 1324 5719 Hunc
1355 5647 1754 5719 versiculum,
1772 5647 1870 5717 qui
1895 5647 2090 5719 habe-

426 5717 522 5776 tur
551 5721 705 5790 apud
734 5719 899 5775 solos
933 5719 1090 5776 LXX
1121 5718 1300 5774 crebo
1331 5717 1496 5772 citari
1526 5717 1599 5772 ab
1630 5717 1946 5773 Ambrosio
1977 5717 2086 5772 ad-

2202 3226 2385 3282 super
2412 3211 2600 3265 omnia
2632 3225 2757 3282 quae
2795 3209 2934 3263 audi
2945 3209 3000 3261 vi
3036 3199 3134 3262 83
3177 3208 3238 3260 in
3280 3213 3446 3262 terra
3478 3223 3626 3262 mea.
3665 3207 3877 3262 Beataa

2202 3298 2488 3354 mulieres
2520 3305 2650 3366 tum,
2687 3303 2748 3352 et
2775 3297 2942 3351 beati
2965 3295 3143 3367 pueri
3176 3295 3260 3349 tui
3289 3295 3388 3368 qui
3407 3295 3700 3350 assistunt
3731 3295 3878 3366 tibi,

2203 3388 2302 3460 qui
2349 3387 2593 3442 audiunt
2641 3401 2866 3440 omnem
2894 3385 3272 3457 prudentiam
3319 3391 3475 3439 tuam
3514 3383 3754 3453 (Ibid.6
3808 3391 3874 3438 et

2202 3476 2372 3550 seq.).
2405 3475 2673 3547 Intellige
2705 3474 3042 3530 convivium
3083 3473 3208 3528 veri
3247 3471 3602 3544 Salomonis,
3649 3476 3706 3528 et
3734 3488 3879 3544 qua

2202 3568 2576 3636 apponuntur
2606 3567 2664 3618 in
2713 3579 2784 3619 eo
2817 3562 3109 3630 convivio,
3152 3562 3416 3634 intelligo
3463 3561 3782 3632 sapienter,
3820 3564 3883 3617 et

2204 3653 2517 3709 considera
2549 3654 2606 3706 in
2625 3669 2738 3724 qua
2761 3655 2912 3706 terra
2933 3651 3316 3723 congregatio
3339 3653 3639 3706 nationum
3669 3650 3885 3706 audie-

2201 3743 2279 3798 rit
2307 3741 2522 3796 famam
2550 3741 2856 3812 sapientiae
2886 3756 3044 3795 verte
3074 3743 3248 3812 atque
3272 3739 3540 3811 justitiae,
3575 3743 3632 3794 et
3649 3739 3879 3810 quibus

2206 3848 2340 3887 eum
2369 3831 2584 3886 viderit
2613 3829 2826 3899 oculis,
2851 3829 3386 3900 contemplantibus
3416 3829 3617 3900 utique
3647 3843 3714 3884 ea
3737 3843 3883 3900 quae

2203 3937 2323 3976 non
2352 3921 2645 3974 videntur.
2679 3917 2966 3984 Quoniam
3008 3934 3134 3990 quae
3187 3918 3484 3982 videntur,
3524 3917 3880 3988 temporalia

2203 4014 2383 4074 sunt;
2431 4024 2557 4081 quae
2595 4013 2790 4062 autem
2838 4021 2952 4062 non
3007 4005 3306 4076 videntur,
3356 4011 3589 4060 aeterna
3628 4004 3702 4076 (ll
3730 4004 3876 4061 Cor.

2203 4115 2282 4169 1v,
2317 4097 2428 4168 18).

2273 4185 2362 4242 53.
2393 4185 2535 4252 Quae
2566 4188 2705 4240 sunt
2751 4183 2940 4239 beata:
2971 4182 3274 4252 mulieres,
3307 4181 3426 4237 nisi
3472 4181 3589 4236 illa)
3626 4181 3699 4236 de
3731 4183 3878 4253 qui-

2201 4269 2318 4331 bus
2351 4275 2581 4344 dicitur,
2617 4275 2752 4346 quia
2799 4273 2997 4327 multae
3045 4271 3293 4326 verbum
3341 4271 3448 4325 Dei
3485 4271 3598 4340 (50)
3629 4271 3885 4326 audiunt

2204 4369 2262 4422 et
2291 4365 2523 4435 pariunt
2552 4364 2716 4433 (Luc.
2749 4379 2830 4432 xi,
2863 4361 2994 4432 28)?
3024 4361 3096 4415 Et
3122 4360 3261 4414 alibi
3286 4375 3298 4418 :
3348 4359 3685 4432 Quicunque
3715 4362 3883 4414 enim

2119 4467 2176 4530 D
2211 4453 2454 4508 verbum
2471 4453 2586 4507 Dei
2604 4451 2844 4520 fecerit,
2864 4451 2992 4522 ipse
3011 4465 3177 4504 meus
3195 4448 3394 4504 frater
3411 4455 3470 4504 et
3489 4463 3668 4503 soror
3687 4455 3747 4502 et
3763 4465 3890 4503 ma-

2208 4548 2303 4597 ter
2334 4547 2426 4597 est
2454 4541 2692 4610 (Matth.
2732 4556 2834 4608 xu,
2877 4539 2988 4606 50).
3030 4537 3138 4604 Qui
3179 4537 3354 4592 etiam
3395 4536 3560 4608 pueri
3601 4536 3686 4590 tui
3717 4535 3888 4592 beati

2205 4633 2307 4704 qui
2344 4631 2653 4700 assistunt,
2696 4627 2814 4683 nisi
2855 4627 3072 4682 Paulus
3113 4627 3214 4698 qui
3259 4625 3520 4680 dicebat:
3572 4625 3770 4698 Usque
3815 4627 3884 4680 in

2203 4721 2358 4776 hunc
2399 4719 2555 4774 diem
2592 4724 2686 4773 sto
2711 4723 3060 4789 protestans
3089 4714 3308 4770 minori
3347 4730 3414 4770 ae
3453 4713 3670 4786 majori
3705 4714 3878 4784 (Aet.

2203 4865 2402 4918 vertas
2429 4862 2601 4929 licet;
2652 4874 2890 4930 semper
2917 4861 3110 4913 autem
3161 4857 3447 4930 illumgita
3479 4855 3779 4930 exprimit,
3815 4859 3888 4930 _u_t

2201 4949 2308 5004 pro
2343 4927 2758 5004 utiliora’mss.
2784 4927 3163 5004 probatiores
3197 4928 3516 5004 exhibeant
3548 4927 3742 5004 utilia,
3768 4927 3882 4980 ubi

2203 4997 2962 5076 subintelligeia‘dverbium
2983 5004 3209 5074 magis;
3233 5003 3289 5053 at
3309 5015 3452 5054 vero
3481 5014 3589 5068 pro
3604 4997 3885 5076 aliorum

2203 5075 2420 5143 oscula,
2455 5070 2612 5146 quod
2642 5073 2740 5127 hic
2780 5070 3096 5142 scribitur;
3116 5086 3412 5142 nusquam
3448 5086 3564 5124 non
3601 5070 3884 5124 invenias

2209 5155 2538 5210 voluntaria
2571 5152 2765 5208 oscula
2797 5153 3044 5218 inimici,
3070 5157 3130 5206 ut
3152 5152 3330 5221 LXX,
3368 5151 3645 5204 nimirum
3665 5146 3886 5201 ἑκούσιοι

2201 5232 2314 5310 φιλή
2387 5254 2454 5288 τα
2476 5234 2683 5308 ἐχθροῦ.

2277 5255 2390 5379 (Χῖ)
2423 5307 2552 5372 Huc
2583 5319 2772 5374 usque
2818 5319 2944 5373 cap.
2975 5303 3010 5358 9
3041 5304 3106 5380 in
3143 5305 3257 5380 vet.
3295 5302 3435 5380 edit.
3472 5299 3891 5380 pro‘tendeba-

2202 5371 2298 5462 tur
2319 5394 2350 5462 ε.
2368 5371 2541 5459 quam
2574 5371 2762 5430 autem
2797 5371 2976 5445 rec—te,
3011 5375 3208 5446 quivis
3237 5374 3522 5428 lectorum
3566 5371 3744 5426 facile
3770 5371 3890 5442 ju—

2202 5450 2393 5590 (11ῖέἓῖ
2400 5454 2590 5573 tliam.
2625 5517 2760 5572 edit.
2783 5517 2932 5586 sola,
2960 5518 3161 5572 Beatee
3178 5532 3304 5590 eum
3330 5513 3576 5570 verbum
3595 5512 3727 5590 Dei,
3755 5515 3883 5590 etc.

2203 5583 2321 5646 Sed
2351 5583 2446 5645 hic
2474 5589 2796 5657 Scripturae
2825 5583 3092 5660 sensum,
3125 5588 3322 5660 potius
3347 5601 3524 5658 quam
3547 5583 3748 5654 verba,
3785 5583 3890 5637 ci-

2202 5663 2315 5718 tari
2344 5660 2724 5716 manifestum
2763 5663 2872 5715 est.
