4128 6132
239 362 365 425 125

1158 365 1268 426 DE
1312 363 1671 427 OFFICIIS
1717 364 2328 430 MINISTRORUM
2380 367 2631 430 LIBER
2672 369 2753 430 II.

3598 370 3718 438 126

246 580 416 630 xxvi,
440 562 555 632 22),
579 563 821 618 Simeon
863 564 963 634 qui
1005 565 1386 634 exspectabat
1414 564 1475 621 in
1520 566 1739 637 templo
1762 570 1823 621 ut
1853 548 2011 621 vi-A
2048 568 2194 638 ram)
2228 568 2570 623 castimonia
2621 572 2677 624 et
2722 569 2949 641 justitia
3000 572 3139 642 quid
3186 572 3414 643 dicam;
3466 589 3715 645 quarum

246 653 417 707 deret
444 654 919 709 consolationem
957 654 1140 707 Israel
1176 655 1341 721 (Luc.
1367 671 1426 722 ιι,
1464 653 1606 724 25)?
1634 656 1937 719 Quomodo

247 743 410 795 enim
446 742 659 795 dimitti
688 746 982 812 posceret,
1017 743 1130 796 nisi
1165 743 1299 813 quia
1332 744 1631 822 assistens
1664 745 1935 813 Domino,

247 830 605 883 discedendi
644 830 863 884 habere
886 831 1221 884 facultatem
1264 848 1382 885 non
1414 836 1657 902 poterat,
1685 834 1800 888 nisi
1829 850 1938 887 vo-

247 919 543 973 luntatem
602 919 836 973 Domini
875 921 1123 989 adeptus
1161 923 1367 974 esset?
1426 921 1694 991 Exempli
1757 938 1937 976 causa

245 1009 601 1078 pmpositus
650 1014 742 1061 est
780 1009 956 1063 nobis
986 1010 1283 1077 Salomon,
1337 1026 1369 1063 a
1418 1026 1535 1080 quo
1569 1013 1833 1065 certatim
1879 1016 1941 1066 ut

245 1097 561 1151 audiretur
590 1097 723 1169 ejus
742 1098 1048 1167 sapientia,
1076 1099 1504 1168 postulabatur.

318 1204 413 1258 ὀί.
456 1204 684 1262 Joseph
736 1203 849 1275 (51)
880 1220 1115 1275 quoque
1155 1221 1263 1259 nec
1312 1207 1372 1258 in
1418 1222 1657 1261 carcere
1689 1207 1935 1262 feriatus

245 1296 395 1361 erat,
449 1309 570 1364 quo
602 1294 799 1347 minus
856 1294 928 1347 de
979 1295 1159 1348 rebus
1210 1294 1451 1348 incertis
1502 1296 1932 1351 consuleretur.

242 1380 436 1452 Cujus
463 1382 779 1436 consilium
810 1382 1072 1453 Aﬁgypto
1095 1382 1408 1453 juniversae
1440 1384 1659 1453 profuit
1685 1400 1697 1453 ;
1723 1388 1785 1438 ut
1815 1402 1934 1440 non

251 1472 508 1524 sentiret
533 1475 760 1541 septem
800 1487 1088 1525 annorum
1119 1472 1503 1541 sterilitatem,
1529 1473 1796 1543 aliosque
1826 1490 1935 1544 po-

247 1561 428 1630 pulos
457 1561 699 1614 miserae
724 1560 895 1614 famis
926 1561 1147 1615 levaret
1174 1560 1406 1632 jejunio
1427 1561 1602 1631 (Gen.
1637 1580 1753 1632 xu,
1780 1561 1847 1617 10
1878 1568 1935 1617 οι

248 1650 426 1720 seq.).

316 1755 411 1808 55.
455 1755 661 1809 Daniel
712 1772 785 1809 ex
835 1756 1118 1826 captivis,
1178 1757 1465 1828 regalium
1527 1759 1933 1813 consultorum

247 1844 513 1897 arbitrer
532 1844 745 1913 factus,
766 1846 1038 1899 consiliis
1069 1844 1197 1898 suis
1230 1847 1562 1900 emendavit
1591 1849 1930 1917 praesentia,

2049 659 2226 711 altera
2262 658 2574 712 illecebras
2608 659 2827 713 heriles
2861 661 3109 729 respuit,
3146 661 3417 716 rcfutavit
3440 664 3711 733 praemia:

2050 748 2229 800 altera
2281 753 2524 801 mortem
2569 749 2941 817 contempsit,
2984 752 3202 803 metum
3245 751 3472 820 repulit,
3516 767 3716 805 carce-

2048 852 2171 889 rem
2199 838 2545 906 praeoptavit
2574 836 2745 904 (Gen.
2784 854 2989 907 xxxix,
3021 837 3053 890 8
3086 843 3143 891 et
3162 844 3311 909 seq.)
3333 840 3360 891 ?
3390 837 3532 903 Quis
3549 840 3706 895 hunc

2046 926 2292 994 privatae
2326 942 2524 980 causae
2557 926 2629 979 ad
2666 927 3094 980 consulendum
3118 927 3391 980 idoneum
3416 944 3533 982 non
3558 928 3716 998 judi-

2050 1017 2227 1081 caret,
2262 1014 2438 1084 cujus
2470 1013 2637 1067 ferax
2669 1015 2901 1070 animus
2935 1018 2991 1068 et
3022 1032 3191 1069 mens
3226 1015 3458 1084 fertilis,
3490 1019 3713 1086 tempo-

2049 1102 2132 1155 ris
2166 1103 2529 1157 sterilitatem
2553 1104 2805 1173 quodam
2829 1105 3216 1158 consiliorum
3238 1108 3294 1159 et
3313 1105 3513 1159 cordis
3532 1105 3714 1159 ubere

2048 1192 2385 1245 fecundavit
2409 1192 2582 1262 (Gen.
2618 1210 2736 1262 xm,
2772 1194 2838 1246 '25
2871 1199 2929 1247 et
2952 1194 3147 1264 seq.)?

2677 1352 2931 1407 CAPUT
2962 1354 3086 1407 XII.

2046 1481 2359 1536 Neminem
2393 1479 2466 1532 ab
2509 1479 2744 1533 nomine
2783 1479 2949 1532 viliis
2985 1480 3379 1533 contaminato
3409 1479 3717 1535 consilium

2114 1567 2402 1622 poscere:
2435 1568 2541 1603 nec
2564 1568 2777 1603 rursus
2810 1568 2840 1603 a
2864 1568 3093 1605 moroso
3124 1558 3180 1604 et
3212 1550 3479 1615 difficili;
3512 1551 3621 1605 sed
3642 1550 3716 1604 ab

2120 1639 2187 1676 eo
2217 1622 2543 1694 cujusmodi
2586 1622 2890 1693 exemplar
2930 1623 3213 1676 habemus
3252 1624 3313 1675 in
3356 1622 3712 1693 Scripturis.

2116 1766 2203 1821 60.
2241 1766 2575 1818 Avertimus
2609 1765 2789 1836 igitur
2819 1765 2976 1837 quod
3008 1765 3066 1818 in
3100 1765 3477 1835 acquirendis
3509 1764 3714 1818 consi-

2044 1855 2142 1908 liis
2190 1855 2503 1924 plurimum
2562 1854 2847 1925 adjungat
2902 1855 3039 1907 vitae
3098 1854 3381 1923 probitas,
3431 1854 3709 1924 virtutum

248 1934 627 1987 annuntiavit
655 1934 869 1987 futura.
897 1934 983 1988 Ex
1014 1935 1108 1988 his
1132 1936 1288 1988 enim
1315 1952 1446 2006 qum
1482 1935 1820 2006 frequenter
1842 1937 1932 1990 in-
1959 1924 2010 1986 Β
2046 1945 2457 2015 praerogativa,
2500 1924 2930 1997 benevolentia,
2981 1960 3151 2012 usus,
3190 1943 3487 1996 facilitatis
3521 1944 3711 2014 gratia

246 2026 610 2092 terpretatus
636 2024 973 2077 ostenderat
997 2024 1117 2076 veri
1150 2040 1216 2077 se
1250 2040 1386 2078 esse
1419 2027 1762 2078 annuntium
1797 2024 1929 2095 (5‘2),

247 2111 402 2166 ﬁdes
428 2112 483 2166 ei
506 2112 563 2165 in
587 2111 862 2166 omnibus
885 2112 1261 2167 deferebatur
1290 2113 1462 2183 (Dan.
1498 2132 1558 2183 ιι,
1590 2114 1652 2167 10
1676 2121 1731 2168 et
1756 2116 1929 2186 seen).

900 2255 1154 2309 CAPUT
1193 2255 1291 2309 XI.

256 2378 468 2451 Tertia
501 2378 761 2451 conditio
792 2380 1033 2451 quzeiacl
1080 2379 1255 2434 [idem
1294 2379 1473 2434 alicui
1509 2382 1933 2435 conciliandam

320 2450 521 2575 tvalfit,‘
547 2451 611 2503 in
648 2450 880 2523 MoySe,
906 2450 1156 2505 Daniele
1192 2468 1258 2505 ac
1287 2452 1539 2522 Joseplio
1560 2452 1807 2507 fulsisse
1835 2469 1932 2507 os-

347 2538 424 2575 eu
476 2539 494 2573 l
527 2538 617 2574 ur.

319 2644 410 2700 56.
437 2644 557 2699 Sed
591 2645 763 2698 etiam
784 2647 993 2699 tertius
1017 2647 1186 2700 locus
1217 2647 1287 2701 de
1310 2646 1406 2700 his
1431 2647 1530 2717 qui
1553 2648 1933 2702 admiratione

248 2734 419 2805 digni
453 2735 910 2802 aestimarentur,
944 2735 1167 2804 Joseph
1192 2736 1331 2803 (53),
1367 2736 1699 2789 Salomonis
1731 2740 1787 2789 et
1819 2737 1935 2789 Da-

246 2823 428 2876 nielis
493 2826 765 2891 exemplo
812 2823 1103 2877 decursus
1164 2825 1411 2879 videtur.
1480 2824 1627 2878 Nam
1669 2825 1807 2895 quid
1863 2826 1935 2880 de

248 2912 462 2981 Moyse
494 2912 724 2982 loquar,
760 2911 937 2981 cujus
968 2913 1159 2966 omnis
1184 2913 1363 2966 Israel
1396 2913 1655 2982 quotidie
1686 2913 1936 2967 consilia

246 3001 729 3069 praestolabatur,
756 3017 1005 3070 quorum
1036 3002 1153 3054 vita
1187 3002 1359 3055 fidem
1395 3001 1644 3055 faciebat
1674 3002 1935 3071 pruden-

248 3091 363 3155 tiae,
409 3090 981 3160 admirationemque
1034 3089 1166 3159 ejus
1215 3090 1513 3161 augebat?
1544 3089 1689 3153 Quis
1722 3106 1787 3144 se
1818 3106 1935 3144 non

251 3178 648 3231 committeret
699 3178 949 3232 consilio
1008 3179 1218 3247 Moysi,
1267 3180 1360 3231 cui
1393 3179 1686 3247 seniores,
1739 3180 1787 3233 si
1822 3195 1936 3249 qua

247 3284 433 3337 supra
458 3283 635 3320 suum
667 3267 1024 3321 intellectum
1049 3271 1103 3321 et
1121 3269 1395 3320 virtutem
1419 3283 1556 3321 esse
1581 3268 1934 3322 arbitraren-

242 3360 357 3419 tur,
397 3354 800 3425 adjudicanda
823 3356 1185 3410 servabant?

315 3463 411 3516 5'7.
455 3461 604 3526 Quis
654 3463 914 3516 Danielis
966 3463 1278 3517 consilium
1323 3462 1643 3534 refugeret,
1696 3462 1768 3516 de
1820 3478 1936 3533 quo

248 3552 415 3605 Deus
456 3553 590 3621 ipse
634 3551 815 3606 dixit:
861 3552 1005 3617 Quis
1044 3552 1295 3605 Danielc
1340 3551 1935 3623 sapientior/Enen.

248 3658 463 3710 xxvm,
498 3639 598 3707 3‘)?
640 3642 750 3693 Aut
779 3641 1073 3712 quomodo
1102 3640 1373 3694 homines
1416 3641 1486 3694 de
1535 3656 1739 3693 eorum
1771 3640 1939 3694 dubi-

248 3735 374 3784 tare
424 3731 724 3784 mentibus
762 3733 1030 3800 possent,
1075 3730 1292 3800 quibus
1336 3730 1494 3783 Deus
1543 3732 1758 3783 tantam
1794 3745 1938 3783 con-

251 3819 483 3874 ferebat
518 3820 811 3890 gratiam?
834 3818 1025 3889 Moysi
1056 3818 1306 3872 consilio
1347 3818 1503 3870 bella
1538 3818 1939 3871 conﬁcieban-

248 3912 394 3963 tur:
432 3908 632 3979 Moysi
680 3907 907 3961 meritis
963 3908 1033 3962 de
1094 3908 1246 3962 coelo
1305 3906 1584 3961 affluebat
1633 3907 1937 3977 alimonia,

247 4003 429 4069 potus
461 4014 495 4051 e
522 4002 706 4067 petra.

321 4106 415 4158 58.
449 4104 639 4168 Quam
684 4119 872 4173 purus
925 4102 1183 4157 Danielis
1231 4103 1500 4171 animus,
1547 4105 1610 4156 ut
1658 4101 1943 4156 mulceret

252 4193 550 4247 barbaros
591 4209 811 4261 mores,
866 4193 1160 4264 mitigaret
1194 4192 1399 4246 leones
1433 4191 1604 4259 (Dan.
1644 4207 1764 4258 xvx,
1806 4188 1936 4259 39)!

250 4283 399 4347 Quae
432 4284 490 4335 in
526 4282 625 4336 illo
657 4279 1071 4351 temperantia!
1105 4279 1330 4345 Quanta
1374 4280 1552 4333 animi
1583 4282 1638 4332 et
1670 4279 1940 4348 corporis

251 4377 354 4441 84
406 4369 805 4425 continentia!
867 4370 992 4425 Nec
1049 4369 1338 4423 immerito
1399 4367 1687 4421 mirabilis
1749 4366 1938 4421 factus

253 4457 571 4526 omnibus,
622 4457 857 4528 quando
905 4456 1097 4528 (quod
1147 4455 1529 4509 vehementer
1576 4451 1943 4505 admirantur

254 4546 560 4614 homines)
609 4546 915 4618 regalibus
968 4546 1152 4599 fultus
1200 4544 1508 4610 amicitiis,
1558 4556 1767 4594 aurum
1824 4555 1943 4594 non

2044 2035 2176 2105 (54).
2209 2034 2353 2097 Quis
2384 2034 2537 2087 enim
2572 2033 2629 2086 in
2662 2049 2830 2087 coeno
2862 2032 3081 2086 fontem
3126 2033 3428 2103 requirat?
3472 2031 3615 2096 Quis
3656 2034 3713 2085 et

2044 2124 2276 2177 turbida
2308 2138 2456 2193 aqua
2490 2126 2688 2191 potum
2722 2124 2924 2191 petat?
2970 2121 3170 2193 Itaque
3204 2122 3303 2174 ubi
3332 2121 3564 2174 luxuria
3595 2124 3708 2188 est,

2043 2213 2142 2266 ubi
2176 2211 2640 2281 intemperantia,
2677 2210 2773 2276 ubi
2806 2210 3083 2264 vitiorum
3107 2210 3542 2278 confusio(5'i);
3572 2209 3708 2279 quis

2045 2302 2180 2355 inde
2212 2301 2326 2355 sibi
2359 2300 2578 2370 aliquid
2611 2300 2997 2353 hauriendum
3037 2299 3379 2352 existimet?
3405 2297 3550 2361 Quis
3591 2311 3710 2349 non

2046 2390 2331 2460 despiciat
2361 2404 2587 2442 morum
2618 2388 3054 2442 colluvionem?
3082 2386 3225 2451 Quis
3272 2386 3474 2439 utilem
3505 2399 3705 2438 causa

2044 2480 2251 2533 alienae
2278 2478 2520 2548 judicet,
2555 2493 2728 2548 quem
2746 2477 2906 2530 videt
2924 2476 3182 2529 inutilem
3205 2475 3340 2528 vitae
3365 2490 3490 2528 suae
3511 2474 3538 2527 ?
3560 2470 3707 2537 Quis

2045 2568 2256 2621 iterum
2287 2566 2636 2636 improbum,
2670 2564 3040 2631 malevolum,
3076 2563 3566 2619 contumeliosum
3585 2577 3705 2616 non

2047 2656 2233 2727 fugiat
2265 2656 2397 2723 (56),
2432 2658 2487 2709 et
2516 2655 2587 2707 ad
2617 2654 2946 2708 nocendum
2968 2656 3253 2724 paratum;
3287 2651 3422 2723 quis
3443 2666 3561 2706 non
3578 2665 3713 2705 eum

2046 2745 2203 2799 omni
2237 2745 2433 2798 studio
2457 2744 2753 2797 declinet?

2118 2852 2205 2906 61.
2253 2850 2396 2915 Quis
2440 2868 2582 2905 vero
2636 2850 2906 2921 quamvis
2958 2850 3310 2903 instructum
3355 2847 3426 2900 ad
3476 2843 3712 2900 consilii

2048 2957 2237 3011 opem,
2273 2940 2499 2994 difﬁcili
2529 2944 2722 2994 tamen
2773 2954 3045 3007 accessu,
3081 2938 3336 3003 ambiat;
3377 2936 3436 2989 in
3474 2951 3590 3005 quo
3636 2933 3716 2987 sit

2049 3030 2211 3097 illud,
2254 3033 2527 3099 tanquam
2578 3030 2631 3082 si
2678 3028 2811 3099 quis
2861 3043 3030 3098 aquae
3080 3027 3299 3080 fontem
3346 3022 3714 3094 praecludat?

2047 3118 2195 3182 Quid
2229 3118 2383 3171 enim
2415 3119 2657 3187 prodest
2687 3117 2905 3171 habere
2927 3116 3296 3185 sapientiam,
3323 3113 3374 3167 si
3399 3112 3713 3166 consilium

2049 3224 2234 3279 neges
2257 3209 2285 3261 ?
2313 3206 2375 3260 Si
2408 3206 2756 3261 consulendi
2790 3204 3149 3259 intercludas
3173 3203 3422 3272 copiam,
3457 3199 3715 3254 clausis-

1955 3283 2013 3351 Ο
2051 3297 2093 3350 ti
2109 3296 2325 3351 fontem
2352 3312 2366 3363 ς
2393 3299 2453 3350 ut
2473 3311 2580 3349 nec
2604 3295 2736 3348 aliis
2762 3293 2982 3361 influat,
3011 3307 3119 3345 nec
3140 3291 3242 3344 tibi
3260 3290 3469 3360 prosit.

2118 3404 2206 3458 62.
2244 3403 2497 3458 Pulchre
2528 3404 2720 3455 autem
2742 3402 2797 3453 et
2818 3401 2888 3453 de
2920 3399 3023 3452 illo
3049 3397 3343 3464 convenit,
3367 3394 3466 3467 qui
3490 3393 3720 3458 habens
3784 3414 3785 3417 η

2047 3493 2435 3564 prudentiam,
2491 3489 2879 3545 commaculet
2929 3503 3055 3542 eam
3101 3487 3377 3540 vitiorum
3436 3483 3720 3538 sordibus

2049 3582 2181 3649 (57),
2216 3597 2284 3635 eo
2319 3580 2476 3651 quod
2506 3596 2674 3649 aquae
2709 3580 2930 3632 exitum
2964 3574 3339 3629 contaminet.
3378 3573 3721 3642 Degeneres

2050 3672 2280 3724 animos
2311 3670 2426 3722 vita
2457 3668 2652 3739 arguit
2680 3666 2811 3733 (58).
2847 3664 3151 3730 Quomodo
3197 3662 3354 3717 enim
3385 3677 3519 3715 eum
3552 3661 3721 3730 potes

2042 3758 2317 3831 judicare
2348 3758 2599 3811 consilio
2631 3755 3022 3825 superiorem,
3052 3768 3226 3823 quem
3246 3752 3453 3805 videas
3478 3738 3727 3802 inferio-

2050 3865 2176 3904 rem
2207 3847 2474 3901 moribus
2494 3848 2522 3898 ?
2552 3846 2741 3915 Supra
2774 3859 2867 3898 me
2898 3843 3071 3899 debet
3101 3856 3260 3909 esse,
3296 3855 3392 3894 cun
3430 3854 3524 3892 me
3557 3853 3725 3891 com-

2051 3937 2279 3991 mittere
2309 3950 2473 4005 paro.
2508 3936 2599 3987 An
2648 3949 2789 3987 vero
2841 3933 3115 3985 idoneum
3160 3946 3294 3983 eum
3340 3927 3579 3997 putabo,
3622 3926 3725 3997 qui

2051 4025 2191 4079 mihi
2226 4025 2322 4078 det
2367 4023 2704 4089 consilium,
2758 4020 2913 4092 quod
2962 4035 3081 4073 non
3128 4018 3224 4071 det
3266 4017 3419 4071 sibi:
3473 4018 3528 4070 ct
3576 4014 3720 4079 mihi

2052 4130 2187 4169 eum
2215 4129 2427 4167 vacare
2462 4112 2716 4179 credam,
2750 4110 2850 4181 qui
2882 4108 2995 4163 sibi
3030 4123 3149 4161 non
3180 4109 3379 4160 vacet:
3409 4104 3584 4174 cujus
3607 4103 3726 4157 ani-

2050 4219 2209 4257 mum
2267 4202 2596 4271 voluptates
2661 4200 2969 4268 occupent,
3023 4196 3206 4250 libido
3254 4193 3525 4249 devincat
3586 4191 3720 4262 (59),

2052 4292 2293 4346 avaritia
2317 4289 2621 4361 subjuget,
2657 4287 2948 4357 cupiditas
2986 4284 3312 4355 perturbet,
3346 4281 3566 4352 quatiat
3594 4295 3722 4333 me-

2051 4384 2148 4436 tus
2168 4382 2197 4435 ?
2227 4379 2532 4445 Quomodo
2564 4378 2660 4432 hic
2684 4375 2920 4431 consilii
2941 4375 3130 4441 locus,
3163 4371 3264 4425 ubi
3295 4369 3493 4424 nullus
3514 4366 3727 4438 quieti?

2121 4487 2210 4542 63.
2237 4484 2632 4540 Admirandus
2657 4483 2795 4537 mihi
2817 4485 2873 4537 et
2896 4477 3316 4550 suspiciendas
3342 4472 3722 4528 consiliarius

2053 4576 2186 4644 (lsa.
2223 4593 2304 4639 ιιι,
2335 4574 2412 4643 3),
2444 4589 2620 4644 quem
2659 4571 2951 4642 propitius
2982 4566 3270 4623 Dominus
3313 4561 3581 4631 patribus
3622 4560 3724 4644 de:

251 4634 586 4729 quimrebat,
620 4651 729 4729 nec
751 4635 1007 4729 delatum
1035 4635 1149 4688 sibi
1168 4634 1455 4729 liquor?!“
1484 4629 1671 4729 PII-mis
1692 4628 2013 4729 ίδθίξὼδίο
2053 4628 2755 4729 Voﬂ'e'nslus‘abstu‘lit.
2777 4628 2789 4642 .
2810 4656 3006 4727 Hujus
3056 4628 3328 4706 imitator—
3356 4648 3532 4704 debet
3580 4628 3733 4704 68εεῖ

251 4741 429 4795 quam
468 4723 832 4788 fidem.Quin
858 4725 1027 4778 etiam
1062 4722 1381 4793 periclitari
1405 4718 1655 4773 malebat
1681 4735 1785 4788 pro
1810 4718 1943 4790 lege

254 4813 517 4879 Domini,
543 4829 715 4883 quam
740 4829 849 4882 pro
872 4813 1059 4883 gratia
1090 4810 1348 4866 hominis
1379 4806 1619 4861 inﬂecti.

324 4917 416 4973 59.
465 4918 616 4972 Nam
651 4919 722 4972 de
759 4919 948 4973 sancti
984 4918 1207 4987 Joseph
1242 4918 1439 4987 (quem
1462 4928 1612 4984 pene
1642 4912 1942 4982 praeterie-

327 5059 447 5127 (51)
490 5061 551 5114 In
582 5061 993 5129 superioribus
1026 5061 1162 5115 edit.
1196 5060 1331 5113 hinc
1360 5055 1676 5125 incipiebat
1698 5070 1824 5129 cap.
1850 5053 1938 5129 tl,

254 5133 359 5185 sed
420 5133 595 5185 male.
630 5125 896 5203 Namque
948 5132 1057 5185 hoc
1102 5136 1156 5185 ct
1194 5145 1456 5199 sequens
1504 5125 1941 5203 exemplumad

258 5220 385 5271 cap.
426 5204 494 5256 10
512 5208 781 5271 spectare
802 5196 1042 5258 'constat
1076 5219 1087 5257 :
1129 5196 1333 5270 postea
1363 5215 1505 5253 vero
1537 5199 1608 5251 de
1641 5197 1807 5251 tertia
1846 5196 1942 5249 illa

256 5281 420 5344 parte
455 5276 577 5341 agi,
601 5291 732 5345 quae
756 5276 964 5344 capitis
987 5275 1018 5325 8
1043 5275 1202 5327 initio
1230 5272 1529 5342 proposita
1555 5272 1666 5345 est.

324 5349 444 5403 (5'3)
469 5341 883 5415 Mssfaliquot,
920 5362 1057 5398 vera
1082 5362 1147 5398 se
1170 5341 1306 5396 esse
1336 5341 1766 5415 annuntiajmu.

321 5418 439 5473 (53)
464 5418 587 5471 Cic.
619 5408 946 5483 Oili'libfu,
981 5433 1114 5487 pag.
1140 5416 1262 5480 379,
1298 5415 1397 5467 lin.
1431 5413 1547 5487 3:_u
1591 5408 1943 5487 Erahigitur

263 5502 334 5540 ex
364 5490 587 5557 tribus,
612 5504 743 5558 quae
775 5488 844 5541 ad
869 5481 1113 5559 gloriam
1146 5487 1458 5556 pertinent,
1494 5484 1606 5535 hoc
1628 5481 1884 5547 tertium,
1918 5502 1938 5525 η

262 5564 370 5614 etc.

331 5632 448 5691 (.34)
477 5630 700 5684 Omnes
749 5630 885 5683 edit.
931 5629 1300 5696 frugalitatis
1329 5626 1547 5699 gratia».
1594 5619 1943 5699 Elegantius

262 5718 402 5756 mss.
443 5718 629 5771 prope
670 5702 739 5753 ad
775 5717 973 5767 unum,
1017 5691 1352 5754 iaci/[latis
1369 5697 1602 5771 gratia;
1638 5691 1770 5771 nam
1801 5691 1944 5771 Afru-

262 5762 472 5848 galitas
497 5762 716 5827 invitae
748 5762 1033 5844 probitate
1084 5787 1266 5842 supra
1297 5762 1647 5837 continetur,
1683 5764 1753 5818 de
1795 5762 1945 5817 faci-

2054 4754 2151 4824 qui
2177 4755 2370 4823 potest
2400 4750 2713 4805 consilium
2737 4747 2959 4811 dare,ct
2985 4743 3237 4796 alienam
3267 4755 3299 4792 a
3329 4738 3491 4791 vitiis
3517 4738 3711 4790 custo-

2054 4843 2177 4896 dire
2201 4840 2583 4910 prudentiam,
2621 4836 2899 4907 quoniam
2931 4829 3461 4902 nihilinquinatum
3479 4826 3539 4880 in
3563 4825 3721 4879 illam

2055 4930 2320 4985 incurrit.

2052 5074 2209 5128 litate
2239 5086 2380 5125 vero
2406 5069 2557 5124 infra
2590 5068 2761 5139 etiam
2804 5061 3289 5139 acturusueAstHS.
3340 5057 3718 5139 ambrosius.

2123 5147 2235 5211 (55)
2266 5143 2385 5196 Cic.
2420 5142 2521 5195 lib.
2558 5158 2596 5193 ιι
2636 5138 2829 5201 ΟΙῙῖοη
2865 5153 3000 5207 pag.
3035 5134 3159 5211 3'79,
3204 5133 3307 5211 lin:
3342 5132 3409 5186 8:
3463 5131 3730 5211 «f‘D‘espi-

2056 5201 2438 5270 ciunt'autem
2470 5228 2574 5266 eos
2610 5214 2665 5265 et
2697 5201 3077 5263 contemnunt
3107 5207 3165 5258 in
3190 5204 3406 5274 quibus
3429 5201 3572 5255 nihil
3604 5201 3729 5252 vir-

2052 5288 2212 5345 tutis,
2256 5308 2276 5330 ι»
2312 5290 2423 5338 etc.

2123 5355 2572 5423 (56)1bid.,lin.
2612 5354 2711 5407 1οε
2753 5373 2775 5402 α
2834 5350 2981 5404 Nam
3034 5362 3185 5417 quos
3226 5344 3551 5414 improbos,
3599 5355 3726 5393 ma-

2052 5430 2299 5491 ledicos,
2340 5449 2360 5475 ι)
2400 5431 2509 5481 etc.
3148 5489 3159 5491 _
3258 5489 3263 5491 _
3317 5489 3322 5491 _
3457 5483 3513 5491 __
3614 5479 3653 5491 ..

2123 5479 2236 5569 (5‘7)
2259 5479 2428 5565 ibid,
2463 5498 2567 5551 lin.
2602 5496 2703 5549 15:
2748 5518 2767 5540 ιι
2804 5493 2951 5546 Nam
2986 5492 3039 5544 ct
3070 5489 3421 5557 voluptates,
3457 5479 3719 5537 blandis‘

2054 5572 2221 5625 simze
2246 5570 2573 5631 dominae,»
2611 5571 2722 5620 etc.
2913 5633 2974 5638 ___
3151 5629 3197 5638 _.
3291 5628 3300 5638 .

2124 5642 2234 5708 (.38)
2270 5626 2641 5693 Translatum
2674 5653 2747 5689 ex
2767 5634 2877 5708 illo
2913 5633 3086 5708 Virg.
3112 5626 3359 5683 .Eneid.
3407 5637 3501 5677 1v:

2138 5708 2141 5711 ’
2180 5703 2473 5772 Degeneres
2507 5709 2717 5772 animos
2743 5706 2897 5752 timor
2923 5703 3249 5772 arguit:....‘..
3309 5758 3318 5769 .
3410 5755 3417 5763 ἡ

2124 5775 2235 5845 (59)
2257 5758 2417 5827 Edit.
2451 5786 2519 5824 ac
2550 5769 2722 5842 pauci
2757 5782 2926 5834 mss.,
2962 5758 3149 5817 libido
3179 5758 3505 5816 devinciat.
