4002 6150
419 386 539 456 127
577 425 602 444 .

956 577 1054 646 85
1089 587 1342 646 CAPUT
1385 589 1540 646 xm.

415 694 992 769 Declaratadivinis
1023 695 1384 769 testimoniis
1412 696 1722 768 sapicntim
1753 695 2083 769 pulchritu-

489 766 759 850 dine._ad
791 766 1158 850 probandam
1192 767 1339 850 eius,
1389 766 1516 824 cum
1571 766 1897 825 virtutibus
1943 768 2084 824 aliis

492 843 837 894 societatem
873 843 1092 892 transit
1127 843 1335 894 oratio.

486 944 724 1010 6t.Quis
740 944 924 1016 igitur
938 948 1212 1016 tanquam
1227 945 1389 1000 vultu
1403 945 1664 1016 speciem
1678 946 1792 1016 (60)
1807 946 2083 1016 praal'erat

420 1032 900 1106 pulchritudinis,
933 1037 990 1088 et
1016 1033 1296 1089 belluinis
1331 1035 1763 1105 posterioribus
1784 1051 1852 1088 ac
1877 1035 2082 1090 ferinis

417 1121 722 1194 unguibus
737 1119 942 1176 formae
956 1122 1285 1193 superioris
1303 1122 1653 1179 dehonestet
1664 1125 1934 1196 gratiam:
1949 1139 2082 1178 cum

416 1199 546 1266 tam.
563 1209 927 1264 admirabilis
957 1212 1015 1264 et
1043 1210 1327 1281 praeclara
1369 1211 1556 1266 forma
1587 1212 1865 1267 virtutum
1895 1213 1992 1281 sit,
2026 1216 2084 1268 et

418 1298 755 1371 specialiter
783 1297 1158 1368 pulchritudo
1191 1301 1501 1371 sapientiae
1531 1301 1668 1372 (61),
1706 1300 1860 1356 sicut.
1889 1302 2081 1356 series

417 1387 738 1458 Scripturae
771 1385 1037 1442 indicat?
1072 1386 1177 1442 Est
1224 1388 1380 1443 enim
1409 1388 1538 1444 haec
1569 1389 1902 1459 speciosior
1929 1390 2078 1460 sole,

427 1479 484 1531 et
517 1491 700 1547 super
729 1490 960 1530 omnem
993 1475 1298 1530 stellarum
1325 1477 1773 1548 dispositionem
1797 1477 1914 1533 luci
1931 1493 2086 1533 com-

426 1567 622 1636 parata
645 1563 940 1618 invenitur
954 1563 1117 1634 prior
1137 1563 1268 1634 (62).
1295 1565 1515 1620 Lucem
1535 1567 1753 1622 etenim
1774 1567 1925 1622 hanc
1947 1583 2082 1623 sus-

419 1653 561 1724 cipit
589 1667 728 1721 nox,
762 1651 1106 1723 sapientiam
1125 1655 1318 1708 autem
1335 1670 1452 1710 non
1477 1655 1657 1710 vincit
1678 1655 1895 1710 malitia
1915 1656 2079 1729 (Sep.

416 1758 518 1813 vn,
551 1743 663 1812 30).

487 1831 578 1886 65.
612 1831 882 1885 Diximus
913 1830 984 1885 de
1016 1829 1150 1901 ejus
1181 1831 1636 1903 pulchritudine,
1668 1837 1724 1889 et
1763 1833 2083 1905 Scripturee

420 1919 760 1976 testimonio
794 1919 1344 1990 comprobavimus:
1377 1925 1652 1992 superest
1673 1926 1734 1977 ut
1765 1923 2083 1978 doceamus
2116 1952 2170 2016 Β

419 2007 742 2080 Scripturae
771 2008 1112 2063 auctoritate
1145 2008 1368 2063 nullum
1398 2009 1450 2064 ei
1481 2011 1929 2066 contubernium
1950 2027 2085 2067 cum

420 2096 584 2151 vitiis
613 2112 774 2165 esse,
817 2097 924 2151 sed
955 2096 1314 2152 individuam
1347 2113 1478 2152 cum
1511 2100 1746 2154 caeteris
1768 2100 2084 2155 virtutibus

420 2184 938 2257 conjunctionem:
983 2185 1160 2256 cujus
1203 2185 1450 2257 spiritus
1489 2192 1580 2241 est
1626 2188 1908 2257 disertus,
1953 2188 2084 2244 sine

416 2273 879 2345 inquinamento,
897 2277 1115 2342 certus,
1137 2279 1402 2346 sanctus,
1428 2291 1633 2331 ainans
1673 2277 1914 2343 bonum,
1939 2293 2084 2332 acu-

419 2364 540 2432 tus,
571 2361 672 2434 qui
699 2361 846 2416 nihil
877 2365 1033 2416 vetet
1061 2362 1434 2433 benefacere,
1469 2364 1790 2437 benignus,
1827 2365 2080 2435 stabilis,

417 2465 693 2520 securus,
739 2465 971 2505 omnem
1011 2449 1240 2506 habens
1280 2452 1574 2522 virtutem,
1615 2454 1809 2508 omnia
1846 2453 2084 2524 prospi-

416 2539 584 2594 ciens
615 2538 780 2610 (Sap.
814 2555 913 2606 vn,
945 2539 1016 2592 22
1047 2545 1105 2592 et
1139 2541 1309 2612 seq.).
1345 2541 1416 2595 Et
1462 2541 1611 2596 infra
1639 2558 1651 2597 :
1694 2543 2085 2599 Sobrietatem

414 2627 606 2697 docet,
639 2629 696 2682 et
719 2625 1010 2699 justitiam
1041 2630 1097 2681 et
1124 2629 1397 2684 virtutem
1435 2631 1548 2699 (63)
1580 2631 1745 2703 (Sap.
1779 2648 1902 2702 vm,
1933 2631 2010 2700 'i).
2115 2626 2125 2636 ’

1017 2714 1270 2772 CAPUT
1319 2717 1472 2773 XIV.

415 2802 808 2858 Prudentium
847 2820 976 2884 cum
1020 2803 1292 2858 omnibus
1343 2807 1667 2884 virtutibus
1713 2808 2079 2884 conjunctam

523 2889 680 2942 esse,
719 2878 974 2928 maxime
1011 2889 1152 2929 vero
1191 2891 1318 2929 cum
1351 2892 1516 2949 opum
1557 2878 1970 2950 despicientia.

487 2979 579 3035 66.
611 2979 815 3034 Omnia
863 2979 1044 3052 igitur
1090 2983 1367 3051 operatur
1407 2984 1714 3054 prudentia
1762 2986 1896 3057 (64),
1945 3002 2079 3042 cum

417 3068 694 3126 omnibus
723 3068 898 3124 bonis
940 3067 1114 3124 habet
1158 3071 1542 3127 consortium.
1591 3073 1739 3128 Nam
1783 3075 2078 3146 quomodo

417 3161 614 3230 potest
642 3157 781 3212 utile
812 3157 1126 3212 consilium
1159 3158 1319 3229 dare,
1353 3159 1469 3215 nisi
1519 3161 1729 3217 habeat
1764 3162 2074 3234 justitiam,

411 3250 476 3302 ut
504 3246 704 3302 induat
750 3245 1139 3300 constantiam
1184 3247 1318 3318 (65),
1353 3253 1600 3304 mortem
1649 3267 1768 3306 non
1805 3251 2080 3307 formidet

408 3335 542 3406 (66),
577 3334 739 3390 nullo
761 3336 1006 3404 terrore,
1033 3299 2079 3409 nullon-evocetur
2108 3299 2165 3371 α

407 3422 623 3483 latione
653 3439 686 3476 a
727 3439 870 3478 vero
915 3423 1343 3480 deﬂectendum
1388 3431 1582 3497 putet:
1637 3429 1912 3484 exsilium
1956 3446 2076 3485 non

407 3511 684 3585 refugiat,
746 3527 879 3582 qum
941 3513 1169 3566 noverit
1209 3514 1456 3585 sapienti
1507 3518 1751 3587 patriam
1796 3519 2077 3574 mundum

403 3615 584 3672 esse;
615 3603 940 3672 egestatem
969 3615 1087 3654 non
1119 3601 1336 3671 timeat,
1372 3620 1504 3675 qua;
1535 3605 1678 3660 nihil
1719 3607 1935 3662 deesse
1979 3625 2074 3662 sa-

404 3690 588 3766 pienti
619 3689 788 3758 sciat,
823 3687 916 3742 cui
948 3690 1107 3744 totus
1140 3691 1394 3746 mundus
1418 3693 1751 3750 divitiarum
1769 3697 1898 3751 est?
1919 3695 2073 3762 Quid

473 3835 586 3906 (60)
616 3832 854 3906 Era._et
902 3844 1032 3902 seq.
1085 3830 1246 3902 edit.,
1293 3839 1512 3906 tantam
1569 3835 1728 3891 vultu
1769 3838 2071 3906 speciem,-

404 3904 645 3980 Amerb.
687 3904 1061 3980 autem_9um_
1098 3918 1246 3960 mss.
1289 3905 1412 3980 fere
1456 3906 1754 3980 gmnibus,
1800 3904 2070 3980 tanquam

407 3971 567 4034 vultu
588 3975 865 4048 speciem.
893 3971 1024 4048 N99
1048 3973 1438 4048 incommode.
1455 3977 1674 4048 Confer
1695 3971 1851 4034 hunc
1874 3971 2071 4035 locum

401 4064 536 4106 eum
565 4042 730 4103 initio
760 4046 927 4097 tract.
963 4042 1260 4100 iloratiani
1294 4047 1368 4102 de
1396 4047 1551 4102 Arte
1581 4047 1756 4104 Poet.

472 4118 585 4189 (61)
623 4119 745 4173 Cic.
781 4113 882 4168 lib.
925 4130 970 4190 u_
1007 4113 1199 4190 01:130.,
1235 4135 1369 4190 pag.
1410 4118 1536 4190 879,
1575 4119 1676 4174 lin.
1713 4120 1819 4175 19:
1868 4143 1889 4169 α
1923 4120 2069 4186 Quis

398 4183 518 4317 poti}
539 4183 861 4316 admitretur
881 4183 1258 4256 splendorem
1288 4183 1784 4260 pulchritudinem
1815 4207 1928 4263 que
1948 4183 2072 4246 vir-

425 4279 460 4317 u
487 4277 561 4317 is.
599 4285 620 4310 η
657 4277 688 4316 e
717 4277 767 4316 c.

397 4261 561 4319 tutis.
599 4285 620 4310 η
657 4266 767 4316 etc.

413 4303 954 4416 ἰηξέῄᾗῖξέιηηθί
1001 4342 1130 4404 seq.
1165 4330 1303 4386 edit.
1337 4347 1472 4386 cum
1503 4348 1650 4387 mss.
1685 4332 2062 4406 quibusdam,

399 4403 714 4462 invenitur
735 4403 969 4475 purior.

469 4475 584 4546 (63)
614 4475 696 4530 Ita
728 4473 968 4546 Amerb.
1002 4477 1059 4530 et
1087 4487 1260 4546 mss.,
1293 4475 1555 4546 excepto
1585 4473 1743 4544 quod
1774 4475 2064 4544 nonnulli,

402 4543 719 4634 veritatem
759 4545 982 4634 legunt,
1006 4545 1489 4634 ‘np‘nnvirtutem.
1522 4543 1667 4634 Cum
1705 4549 1900 4634 autem
1938 4543 2070 4634 eam

397 4619 748 4674 sententiam
793 4614 923 4670 Era.
967 4618 1025 4670 et
1071 4614 1203 4671 Gill.
1246 4617 1672 4679 resecuisscnt,
1716 4617 1873 4670 illam
1924 4618 2062 4672 edit.

401 4687 572 4742 Rom.
604 4687 943 4742 restituerat
959 4687 1048 4740 sic
1071 4687 1464 4742 immutatam:
1500 4685 1578 4740 Et
1599 4658 1750 4741 alibi
1771 4707 1787 4740 .-
1821 4658 2068 4742 hiab’ri'e;
2100 4658 2158 4722 D

403 4764 584 4883 gutta?
614 4758 771 4813 enim
793 4765 850 4812 et
875 4757 1256 4829 prudentiam
1286 4757 1512 4826 edocet,
1527 4757 1830 4830 justitiam
1863 4765 1922 4814 et
1945 4757 2067 4814 for-

431 4845 449 4883 ι
484 4845 517 4882 u
561 4844 739 4883 mem.

431 4844 739 4884 ιειιαιηθιη.

470 4898 733 4972 (δῆρὶς).
767 4896 868 4972 lib.
897 4914 942 4972 ξι
977 4896 1171 4972 0_flic.,
1208 4915 1352 4972 pag.
1376 4897 1500 4966 3'19,
1535 4898 1637 4954 lin.
1671 4901 1769 4955 ‘25:
1805 4923 1826 4948 «ι
1865 4900 2065 4972 Itaque

398 4966 498 5024 illa
526 4966 634 5024 tria
667 4969 858 5024 omnia
885 4966 1116 5037 justitia
1148 4966 1403 5038 coniicit,
1443 4992 1464 5018 υ
1503 4973 1616 5024 etc.

412 5109 424 5120 .
472 5039 597 5122 (66).
619 5039 846 5122 Erasm.
877 5043 935 5122 et
965 5054 1104 5122 seq:
1131 5040 1268 5122 edit.
1301 5057 1370 5095 ac
1399 5057 1546 5096 mss.
1579 5041 1820 5114 aliquot,
1848 5041 2067 5097 habeat

385 5109 688 5182 justitiam
712 5109 916 5182 induat
937 5109 1354 5182 constantiam.

401 5179 414 5262 ὲ
465 5180 580 5262 (66)
608 5181 730 5236 Cic.
765 5180 872 5262 lib.
892 5197 929 5234 ιι
953 5179 1121 5262 Ql‘lic:
1148 5200 1202 5254 p.
1225 5183 1351 5262 379,
1375 5183 1477 5238 lin.
1503 5183 1604 5262 '29.:
1649 5207 1670 5231 «
1701 5184 1888 5240 Nemo
1912 5185 2069 5240 enim

387 5253 594 5323 justus
624 5267 762 5307 esse
781 5255 992 5323 potest.
1018 5253 1117 5323 qui
1151 5253 1416 5321 mortem,
1455 5275 1475 5301 ιι
1513 5259 1628 5310 etc.

465 5321 581 5397 (_67_)
630 5323 842 5397 Paris:
871 5321 1094 5397 aliquot
1117 5325 1298 5397 _edit.,
1351 5325 1534 5380 Docet
1582 5325 1774 5397 igitur
1817 5341 2061 5390 omnes;

393 5395 452 5448 et
479 5391 652 5456 infra.
689 5393 843 5448 Illud
871 5391 1062 5460 magis
1090 5391 1424 5454 (locut.etc.

464 5465 578 5534 (68)
621 5464 862 5542 Omnes_
887 5465 1050 5542 edit,
1102 5465 1386 5542 calculari
1426 5467 1808 5542 compendio:
1855 5473 2062 5542 contra

391 5549 544 5608 vero
570 5551 738 5608 mss,
765 5534 1430 5608 calcularico‘mpendia,
1456 5534 1636 5592 multo
1659 5539 2054 5594 commodius.

465 5605 578 5688 (69)
611 5605 733 5688 Cic.
765 5607 867 5662 lib.
898 5623 916 5688 ξ
952 5605 1145 5688 Ollio?
1191 5605 1499 5688 pag.__378,
1549 5609 1650 5688 lin.
1693 5608 1795 5664 9.6:
1843 5632 1869 5688 ιε
1914 5608 2060 5673 Quae

395 5676 635 5760 quidem
664 5676 1074 5760 beqevolentia
1113 5676 1422 5760 beneficiis
1461 5679 1689 5748 capitur
1717 5679 1991 5735 maxime.
2033 5701 2056 5730 ι

397 5744 541 5802 item
570 5763 707 5822 pag.
754 5748 881 5820 382,
932 5747 1034 5805 lin.
1068 5765 1124 5806 ιε
1181 5769 1204 5800 α
1248 5744 1682 5826 Nonnunquam
1723 5754 1917 5809 tamen
1963 5755 2058 5808 est

1861 388 1926 452 S.
1973 386 2418 453 AMBROSII.

3743 383 3862 451 128

2111 575 2166 639 Α
2199 591 2352 647 enim
2375 589 2724 662 praecelsius
2748 590 2845 646 illo
2873 590 3024 660 viro,
3057 587 3156 662 qui
3188 604 3332 644 auro
3367 587 3590 644 moveri
3613 586 3863 653 nesciat,

2200 684 2597 752 contemptum
2641 680 2853 736 habeat
2890 679 3292 751 pecuniarum,
3336 681 3394 733 et
3424 677 3583 732 velut
3621 693 3696 731 ex
3725 691 3866 730 arce

2197 771 2446 843 quadam
2481 769 2768 840 despiciat
2802 769 3102 824 hominum
3148 767 3496 839 cupiditates
3517 764 3730 831 ?Quod
3761 763 3866 836 qui

2197 859 2424 929 fecerit,
2458 859 2613 916 hunc
2653 859 2922 914 homines
2973 873 3153 928 supra
3197 855 3494 911 hominem
3526 870 3663 912 esse
3699 854 3864 908 arbi-

2195 950 2456 1003 trantur:
2486 947 2629 1013 Quis
2659 955 2772 1016 est,
2808 947 3014 1017 inquit,
3049 945 3165 1012 bic,
3191 951 3251 1000 et
3285 944 3651 1017 laudabimus
3682 943 3864 1017 eum?

2193 1019 2364 1074 Fecit
2406 1021 2562 1073 enim
2590 1013 2904 1073 mirabilia
2923 1018 2984 1071 in
3002 1013 3130 1070 rita
3170 1032 3274 1070 sua
3317 1014 3530 1087 (Eccii.
3585 1031 3748 1083 xxxx,
3781 1013 3862 1083 9).

2193 1107 2498 1173 Quomodo
2534 1107 2688 1162 enim
2719 1123 2836 1161 non
2863 1105 3266 1174 admirandus,
3297 1104 3400 1176 qui
3429 1103 3664 1158 divitias
3687 1117 3867 1173 sper-

2193 1196 2296 1264 nit,
2339 1197 2434 1260 86
2465 1212 2614 1267 quas
2637 1196 2902 1266 plerique
2933 1195 3106 1249 saluti
3142 1196 3398 1265 propriae
3431 1191 3867 1264 praetulerunt?

2265 1276 2354 1330 67.
2399 1277 2780 1348 Decetigitur
2809 1291 3014 1330 omnes
3046 1275 3159 1346 (67)
3199 1289 3451 1329 censura
3481 1271 3867 1343 frugalitatis,

2194 1364 2570 1420 continentiae
2591 1365 2933 1434 auctoritas,
2953 1369 3008 1419 et
3040 1364 3290 1418 maxime
3323 1379 3456 1417 eum
3490 1361 3592 1432 qui
3635 1359 3867 1414 honore

2190 1457 2450 1524 praestet,
2493 1469 2567 1509 ne
2603 1453 3081 1524 praeminentem
3121 1453 3312 1508 virum
3352 1450 3613 1505 thesauri
3660 1446 3870 1519 possi-

2191 1543 2365 1598 deant
2396 1544 2510 1612 sui,
2561 1547 2618 1598 et
2652 1543 2922 1614 pecuniis
2963 1541 3202 1611 serviat,
3245 1540 3342 1612 qui
3366 1541 3585 1611 praeest
3628 1536 3864 1591 liberis.

2193 1633 2337 1686 Illud
2383 1633 2575 1704 magis
2623 1632 2812 1699 decet,
2844 1634 2906 1685 ut
2950 1645 3130 1701 supra
3160 1629 3504 1684 thesaurum
3533 1626 3611 1681 sit
3639 1626 3863 1693 animo,

2191 1720 2415 1776 etinfra
2436 1721 2688 1774 amicum
2721 1719 3030 1790 obsequio.
3067 1718 3377 1772 Humilitas
3408 1715 3564 1771 enim
3613 1713 3868 1788 gratiam

2191 1812 2387 1882 auget.
2416 1809 2557 1863 Haec
2580 1809 2748 1878 plena
2771 1808 2963 1862 laudis
2985 1811 3040 1862 et
3061 1806 3238 1878 digna
3270 1804 3546 1876 primario
3568 1803 3715 1871 viro,
3741 1818 3866 1856 non

2194 1913 2564 1953 communem
2586 1913 2718 1952 cum
2736 1897 2931 1967 Tyriis
2961 1895 3428 1968 negotiatoribus
3456 1897 3512 1947 et
3541 1891 3867 1948 Galaaditis

2193 1987 2622 2042 mercatoribus
2671 1985 2890 2041 habere
2937 1985 3127 2056 turpis
3173 1984 3322 2038 lucri
3362 1981 3714 2053 cupidinem,
3751 1994 3869 2033 nec

2194 2091 2366 2132 omne
2395 2076 2617 2131 bonum
2649 2075 2844 2131 locare
2875 2075 2933 2128 in
2962 2073 3232 2145 pecunia,
3253 2078 3304 2128 et
3325 2075 3598 2142 tanquam
3630 2083 3867 2124 merce-

2193 2166 2360 2220 nario
2391 2180 2631 2219 munere
2662 2163 3035 2234 quotidianos
3068 2176 3375 2216 numerare
3413 2163 3700 2230 quaestus,
3735 2156 3867 2210 cal-

2194 2255 2379 2311 culari
2408 2253 2752 2325 compendia
2776 2251 2909 2320 (68).

2825 2358 3076 2413 CAPUT
3113 2357 3238 2412 XV.

2192 2468 2282 2524 De
2304 2466 2627 2522 liberalile.
2653 2465 3011 2531 Quibusnam
3030 2464 3400 2536 potissimum
3423 2461 3818 2536 impertienda
3849 2478 3864 2517 :

2265 2545 2323 2594 et
2371 2555 2478 2610 qua
2516 2536 2939 2610 rationegillam
2989 2535 3283 2589 tenuioris
3327 2550 3542 2589 census
3590 2535 3868 2588 homines

2265 2607 2438 2682 opera
2462 2614 2519 2664 et
2549 2607 2819 2663 consiliis
2848 2613 3190 2662 exerceant.

2263 2715 2353 2771 68.
2393 2715 2556 2780 Quod
2583 2715 2632 2768 si
2655 2715 2728 2768 ab
2760 2713 2854 2767 his
2891 2713 3158 2767 sobrium
3205 2727 3413 2784 gerere
3441 2711 3696 2766 animum
3727 2711 3867 2764 lau-

2193 2805 2385 2861 dabile
2415 2807 2526 2875 est,
2560 2807 2776 2876 quanto
2807 2803 2946 2858 illud
2980 2802 3357 2873 praestantius
3391 2801 3442 2854 si
3487 2799 3866 2854 dilectionem

2192 2894 2580 2950 multitudinis
2600 2893 2944 2948 liberalitate
2967 2890 3242 2962 acquiras
3271 2887 3406 2959 (69).
3429 2904 3618 2959 neque
3652 2903 3872 2958 super-

2192 2984 2308 3040 flua
2346 2983 2503 3038 circa
2540 2983 2930 3054 importunos,
2961 2995 3154 3052 neque
3185 2979 3454 3033 restricta
3501 2978 3656 3031 circa
3703 2975 3866 3031 indi-

2191 3071 2649 3218 geg:sl’!lurima
2697 3163 2890 3216 autem
2919 3173 3138 3231 genera
3177 3156 3544 3212 liberalitatis
3565 3152 3864 3222 sunt(70),

2190 3267 2309 3308 non
2339 3251 2530 3307 solum
2554 3247 2893 3322 quotidiana
2915 3251 3152 3318 sumptu
3181 3245 3516 3318 egentibus,
3541 3261 3658 3316 quo
3679 3244 3869 3298 vitam

2189 3341 2488 3396 sustinere
2535 3355 2704 3394 suam
2741 3337 2994 3409 possint,
3045 3336 3362 3406 disponere
3393 3350 3461 3388 ac
3509 3334 3869 3404 dispensare

2189 3429 2565 3498 alimoniam;
2596 3443 2802 3483 verum
2848 3426 3018 3480 etiam
3049 3424 3144 3478 his
3165 3424 3266 3496 qui
3286 3423 3519 3494 publice
3551 3437 3728 3494 egere
3750 3436 3868 3476 ve-

2188 3518 2604 3580 recundantur.
2620 3515 2932 3572 consulere
2950 3530 3018 3568 ac
3032 3513 3373 3580 subvenire,
3391 3514 3680 3583 quatenus
3697 3525 3869 3566 com—

2187 3607 2384 3663 munis
2407 3623 2730 3680 egenorum
2760 3604 3035 3659 alimonia
3082 3618 3198 3657 non
3229 3600 3626 3656 exhauriatur.
3670 3598 3754 3654 De
3787 3615 3867 3654 eo

2187 3697 2345 3752 enim
2373 3696 2586 3770 loquor
2632 3695 2731 3768 qui
2783 3695 3002 3766 praeest
3042 3690 3214 3747 alicui
3261 3689 3510 3760 muneri,
3543 3691 3605 3744 ut
3634 3689 3688 3744 si
3719 3687 3867 3744 offi-

2185 3838 2577 3910 largiendum,
2616 3858 2638 3888 ι
2665 3840 2776 3893 etc.

2255 3903 2383 3982 (Ἷο)
2408 3903 2578 3982 Ibid,,
2613 3925 2748 3982 pag.
2786 3905 2910 3976 383,
2944 3907 3060 3982 li_n._
3089 3905 3186 3963 12:
3228 3927 3248 3954 ι
3291 3905 3368 3982 ln_
3401 3903 3500 3982 illo
3531 3905 3867 3982 autem-ge-

2183 3973 2756 4052 nere'largiendifn
2801 3973 2912 4052 etc.
2947 3978 3124 4052 Multa
3171 3980 3310 4052 sunt
3355 3973 3867 4052 inihmbrosiano

2181 4055 2346 4134 textu
2377 4044 2514 4134 quin
2539 4067 2658 4106 non
2673 4044 3110 4134 perfunctorie,
3134 4049 3240 4104 sed
3269 4047 3548 4134 attentius
3579 4044 3871 4134 videntur

2183 4115 2590 4188 observ-unda;
2621 4115 2812 4192 primo
2833 4123 2988 4176 enim
3011 4115 3148 4175 hinc
3179 4118 3565 4192 cognoscitur
3593 4115 3866 4192 antiquis

2182 4193 2302 4249 illis
2331 4186 2640 4264 episcopis
2665 4193 2818 4248 haud
2851 4192 3136 4264 mediocri
3159 4186 3318 4245 curia
3351 4189 3539 4244 fuisse
3580 4186 3864 4264 nequis,

2180 4265 2276 4340 vel
2315 4257 2628 4320 manifesto
2667 4265 2769 4340 _vel
2807 4263 3142 4340 clanculum
3182 4278 3251 4340 a_c
3301 4263 3552 4340 secreto,
3588 4257 3870 4340 indigen-

2180 4335 2325 4390 tium
2373 4335 2718 4391 necessario
2753 4334 2825 4388 ad
2876 4333 3322 4389 sustentandam
3364 4332 3540 4385 vitam
3581 4327 3868 4384 subsidio

2181 4406 2628 4473 destitueretur;
2653 4405 2863 4460 deinde
2887 4406 3163 4460 constitui
3195 4403 3406 4458 solitos
3428 4401 3646 4473 quibus
3669 4411 3738 4454 ea
3757 4399 3868 4454 de-

2180 4477 2558 4532 mandaretur
2594 4471 2917 4546 provincia,
2971 4476 3100 4530 sive
3132 4475 3215 4528 illi
3259 4491 3291 4528 e
3334 4471 3709 4546 sacerdotum
3739 4487 3870 4546 Vnu-

2181 4564 2343 4620 mero
2387 4541 2783 4620 eligerentur,
2834 4541 2991 4616 quod
3045 4547 3156 4620 etsi
3209 4543 3576 4620 frequentius
3625 4545 3752 4596 erat
3797 4541 3868 4596 in

2181 4618 2450 4675 Ecclesia
2474 4615 2794 4680 'orientali,
2847 4615 3039 4673 tamen
3086 4618 3146 4672 in
3213 4615 3559 4671 occidentali
3618 4628 3867 4684 quoque

2179 4705 2600 4762 nonnunquam
2618 4706 2731 4744 usu
2753 4689 2993 4744 venisse
3017 4705 3090 4744 ex
3121 4689 3233 4743 hoc
3265 4691 3321 4742 et
3350 4684 3618 4762 sequenti
3662 4684 3861 4762 capite

2178 4754 2566 4833 intelligimus
2585 4777 2605 4833 ;
2648 4762 2776 4833 sive
2805 4764 3258 4833 assumerentur
3303 4774 3378 4813 ex
3418 4754 3623 4833 erdine
3659 4754 3870 4809 diaco-

2178 4829 2412 4901 noruni,
2446 4832 2602 4903 quod
2650 4831 2775 4886 fere
2811 4831 3146 4903 obtinuisse
3181 4845 3287 4900 per
3320 4829 3696 4903 Occidentem
3739 4841 3870 4881 non

2178 4904 2354 4958 modo
2383 4899 2516 4974 quin
2549 4906 2792 4958 sanctus
2823 4902 3044 4973 praesul
3087 4899 3430 4974 frequenter
3452 4900 3562 4974 hoc
3586 4899 3646 4974 in
3677 4912 3868 4974 opere
3925 4922 3936 4928 ~

2179 4974 2251 5029 de
2282 4968 2453 5028 beato
2484 4968 2962 5040 Laurentiofnec
2986 4989 3103 5027 non
3133 4968 3571 5027 et'Prudentius
3594 4969 3653 5022 in
3678 4968 3863 5039 hym-

2177 5061 2253 5100 no
2275 5045 2347 5100 de
2369 5045 2578 5100 eodem
2606 5048 2881 5114 martyre,
2923 5045 3178 5112 tradunt,
3211 5044 3402 5114 palam
3452 5042 3674 5096 faciunt
3688 5054 3713 5114 ;_
3734 5055 3867 5114 _ve-

2176 5133 2310 5170 rum
2337 5116 2507 5171 etiam
2541 5115 2698 5186 quod
2729 5110 2892 5185 Sulp.
2927 5110 3187 5170 Severus
3215 5110 3281 5168 in
3317 5113 3445 5168 Vita
3474 5113 3665 5186 sancti
3696 5110 3867 5164 Mar-

2176 5187 2279 5241 tini
2305 5187 2378 5241 ab
2401 5202 2470 5242 eo
2493 5183 2972 5241 archidiacohum
2993 5203 3164 5240 suum
3189 5184 3487 5240 eimuueri
3508 5183 3867 5254 praefectum

2179 5257 2372 5313 fuisse
2420 5261 2856 5312 commemorat.
2908 5259 3276 5312 Postremum
3325 5253 3522 5310 autem
3569 5253 3710 5309 illud
3764 5259 3871 5308 est

2179 5329 2337 5400 quod
2369 5328 2506 5383 hinc
2522 5329 2816 5392 advertas,
2842 5329 3297 5400 dispensatores
3331 5327 3464 5400 illos
3502 5342 3618 5400 non
3652 5340 3758 5392 pro
3780 5322 3864 5377 li-

2179 5398 2322 5468 bito,
2355 5401 2460 5454 sed
2494 5416 2567 5454 ex
2590 5399 2874 5469 epismpi.
2906 5401 2976 5453 ad
3011 5415 3183 5469 quem
3215 5398 3408 5453 omnia
3439 5398 3663 5451 referre
3691 5410 3866 5469 Acon-

2180 5467 2516 5537 sueverant,
2551 5467 2693 5526 nutu
2715 5475 2770 5525 et
2797 5467 3090 5525 voluntate
3122 5474 3332 5526 cuncta
3355 5469 3628 5540 gessisse
3633 5482 3677 5540 ἐ
3687 5467 3764 5540 ita
3792 5470 3867 5522 ut

2179 5543 2324 5597 nihil
2347 5542 2406 5596 in
2435 5536 2570 5612 ejus
2609 5545 2895 5612 potestate
2945 5557 3062 5595 non
3103 5544 3266 5596 esset
3301 5536 3580 5610 positum.
3633 5536 3724 5612 Et
3741 5536 3866 5612 hoc

2181 5629 2326 5668 sane
2366 5605 2580 5683 oppido
2609 5605 2855 5683 quadrat
2896 5629 3029 5667 cum
3062 5605 3466 5682 apostolorum
3499 5627 3627 5664 can.
3661 5605 3751 5675 39,
3784 5607 3866 5662 40

2182 5687 2240 5739 et
2267 5684 2356 5751 41,
2391 5683 2602 5754 synodi
2634 5683 2870 5738 Laodic.
2906 5698 3036 5738 can.
3067 5683 3156 5746 5'7,
3189 5687 3246 5738 et
3268 5683 3644 5754 sequentium
3680 5694 3860 5735 conc.

2185 5754 2629 5813 definitionibus
2649 5769 2832 5830 prope
2853 5754 3201 5811 innumeris.
