4128 6132
201 249 316 312 1‘29

201 445 354 498 cium
389 441 720 497 sacerdotis
753 443 939 512 gerat,
971 441 1068 494 aut
1099 438 1554 509 dispensatoris,
1591 440 1655 492 ut
1677 438 1746 492 de
1775 437 1872 493 his
1891 441 1944 504 Α

203 537 495 605 suggerat
527 532 839 601 episcopo,
876 545 982 583 nec
1016 529 1292 598 reprimat
1323 528 1377 580 si
1411 542 1585 598 quem
1617 527 1876 597 positum

200 624 255 677 in
288 622 652 676 necessitate
683 619 876 689 aliqua
907 617 1272 688 cognoverit,
1299 619 1397 670 aut
1426 614 1720 686 dejeetum
1753 616 1876 686 opi-

200 712 311 766 bus
344 711 421 763 ad
454 709 670 778 inopiae
704 708 1118 762 necessitatem
1151 706 1452 759 redactum
1487 721 1499 760 :
1545 703 1796 759 maxime
1821 704 1874 758 si

199 817 314 855 non
369 798 663 852 etl'usione
709 796 1126 850 adolescentiae
1184 794 1333 862 (Ἠ),
1385 793 1492 847 sed
1548 793 1874 862 direptione

197 888 463 958 alicujus
512 892 566 940 et
614 885 938 938 amissione
988 883 1323 953 patrimonii
1354 882 1410 936 in
1441 897 1569 936 eam
1600 881 1877 936 reciderit

197 978 508 1047 injuriam,
534 979 592 1028 ut
610 978 908 1043 sumptum
935 988 1215 1026 exercere
1240 971 1513 1025 diurnum
1537 987 1654 1026 non
1677 973 1872 1041 queat.

265 1069 360 1120 '70.
388 1066 630 1119 Summa
645 1065 818 1117 etiam
838 1061 1181 1127 liberalitas,
1205 1063 1406 1130 captos
1431 1060 1719 1114 redimere
1739 1058 1872 1129 (7'2),

199 1156 438 1226 eripere
469 1170 546 1208 ex
576 1153 836 1207 hostium
857 1151 1151 1220 manibus,
1169 1150 1519 1204 subtrahere
1535 1150 1666 1204 neci
1690 1150 1876 1204 homi-

197 1261 331 1313 nes,
367 1248 424 1298 et
444 1243 699 1296 maxime
725 1240 976 1295 feminas
998 1239 1361 1310 turpitudini,
1387 1239 1636 1293 reddere
1669 1253 1878 1309 paren-

199 1335 364 1388 tibus
398 1333 648 1398 liberos,
683 1333 962 1400 parentes
1012 1328 1238 1397 liberis,
1275 1328 1438 1381 cives
1469 1328 1671 1397 patriae
1707 1327 1877 1381 resti-

197 1428 392 1478 tuere.
452 1421 606 1475 Nota
655 1423 794 1473 sunt
841 1418 969 1472 haec
1016 1417 1194 1471 nimis
1243 1416 1458 1487 Illyrici
1506 1417 1776 1470 vastitate
1823 1418 1880 1470 et

198 1511 479 1566 Thracia:
530 1509 644 1577 ('73)
700 1525 714 1563 :
764 1507 967 1578 quanti
1013 1506 1236 1577 ubique
1282 1505 1524 1560 venales
1570 1506 1666 1569 87
1715 1507 1880 1559 erant

196 1605 318 1655 toto
353 1598 576 1668 captivi
608 1597 770 1663 orbe,
796 1611 948 1666 quos
963 1595 1015 1648 si
1046 1610 1314 1660 revoces,
1347 1595 1524 1648 unius
1555 1592 1878 1664 provinciae

198 1703 521 1744 numerum
545 1686 785 1755 explere
824 1699 939 1738 non
964 1683 1197 1754 possint
1223 1683 1234 1737 !
1270 1683 1530 1738 Fuerunt
1560 1687 1752 1736 tamen
1779 1681 1881 1752 qui

201 1782 252 1833 et
282 1793 443 1849 quos
483 1775 770 1829 Ecclesiae
802 1773 1199 1841 redemerunt,
1235 1773 1292 1826 in
1324 1773 1668 1826 servitutem
1700 1786 1876 1825 revo-

201 1883 338 1920 care
373 1865 617 1933 vellent,
643 1864 772 1933 ipsa
803 1862 1115 1934 graviores
1146 1862 1497 1931 captivitate,
1532 1860 1632 1931 qui
1655 1860 1878 1914 invide-

201 1961 335 2010 rent
367 1955 623 2008 alienam
651 1951 1143 2006 misericordiam.
1177 1951 1296 2020 Ipsi
1320 1952 1370 2004 si
1394 1951 1454 2005 in
1485 1949 1879 2020 captivitatem

199 2045 543 2110 venissent,
570 2042 868 2096 servirent
898 2039 1069 2094 liberi
1102 2054 1115 2094 :
1148 2041 1201 2093 si
1225 2039 1444 2094 venditi
1468 2039 1882 2106 fuissent,ser-

199 2135 408 2187 vitutis
439 2131 840 2185 ministerium
871 2145 988 2184 non
1017 2133 1396 2197 recusarent;
1429 2131 1486 2182 et
1514 2128 1716 2182 volunt
1734 2127 1880 2181 alie-

202 2239 339 2278 nam
372 2221 712 2276 libertatem
745 2218 1123 2287 rescindere,
1177 2218 1277 2288 qui
1323 2233 1490 2271 suam
1537 2217 1881 2271 servitutem

202 2329 320 2366 non
356 2313 617 2382 possent
640 2307 1005 2377 rescindere,
1031 2306 1145 2360 nisi
1165 2306 1316 2360 forte
1345 2305 1594 2376 pretium
1615 2305 1881 2375 recipere

205 2401 462 2471 emptori
513 2398 774 2469 placeret
808 2413 822 2454 :
863 2397 924 2450 in
976 2411 1092 2468 quo
1125 2398 1319 2449 tamen
1358 2411 1475 2450 non
1522 2393 1883 2450 rescinditur

205 2491 498 2557 servitus,
534 2487 643 2541 sed
675 2485 1000 2541 redimitur.

267 2579 358 2633 ‘it.
389 2576 704 2646 Praecipua
729 2578 821 2630 est
853 2575 1032 2646 igitur
1053 2573 1398 2642 liberalitas,
1426 2572 1714 2627 redimere
1745 2587 1882 2640 cap-

200 2670 380 2736 tivos,
417 2671 479 2721 et
503 2665 758 2719 maxime
789 2664 862 2718 ab
895 2664 1064 2718 hoste
1099 2663 1374 2730 barbaro,
1409 2662 1506 2733 qui
1547 2661 1692 2715 nihil
1715 2660 1880 2714 defe-

197 2764 288 2813 rat
322 2753 715 2811 humanitatis
764 2753 835 2806 ad
870 2752 1360 2820 misericordiam,
1414 2751 1530 2804 nisi
1562 2750 1717 2821 quod
1749 2765 1883 2803 ava-

197 2849 332 2902 ritia
380 2842 794 2900 reservaverit
827 2841 898 2895 ad
950 2841 1456 2911 redemptionem:
1493 2854 1580 2893 aes
1629 2837 1882 2892 alienum

198 2937 433 3002 subire,
472 2934 524 2987 si
557 2933 790 2987 debitor
819 2929 1103 2985 solvendo
1144 2944 1262 2983 non
1294 2930 1390 2997 sit,
1423 2931 1597 2998 atque
1626 2929 1884 2981 arctetur

199 3027 271 3080 ad
308 3024 706 3090 solutionem,
739 3036 870 3091 qua:
901 3018 1124 3089 sitjure
1155 3018 1368 3087 debita,
1393 3021 1449 3071 et
1480 3017 1674 3086 inopia
1697 3016 1884 3070 desti-

203 3119 319 3169 tuta
356 3129 370 3168 :
410 3111 682 3166 enutrirc
714 3108 1014 3180 parvulos,
1038 3107 1295 3176 pupillos
1326 3106 1475 3160 tueri
1508 3106 1642 3176 (Ἡ),

269 3204 358 3257 7:2.
396 3202 557 3256 Sunt
588 3201 761 3253 etiam
801 3198 899 3268 qui
947 3197 1214 3268 virgines
1253 3196 1488 3250 orbatas
1540 3193 1883 3264 parentibus
1912 3183 1964 3246 Ο

201 3292 444 3347 tuendae
465 3288 769 3360 pudicitiae
788 3286 974 3358 gratia
1019 3285 1539 3353 connubiolocent,
1566 3299 1673 3337 nec
1693 3283 1884 3336 solum

198 3382 433 3448 studio,
455 3379 567 3432 sed
601 3377 772 3430 etiam
789 3378 1024 3444 sumptu
1044 3373 1346 3444 adjuvent.
1370 3372 1473 3427 Est
1495 3373 1669 3426 etiam
1693 3386 1884 3443 genus

203 3469 346 3523 illud
372 3466 755 3522 liberalitatis
788 3463 944 3535 quod
968 3463 1288 3533 Apostolus
1321 3461 1491 3516 docet
1523 3477 1534 3516 :
1578 3461 1652 3514 Ut
1683 3459 1888 3531 siquis

202 3558 410 3613 ﬁdelis
433 3556 621 3625 habet
661 3554 887 3622 viduas,
912 3551 1397 3606 submininistret
1421 3550 1564 3616 illis,
1601 3555 1657 3603 ut
1682 3564 1885 3603 earum

202 3647 517 3702 alimoniis
541 3641 816 3697 Ecclesia
853 3657 964 3696 non
994 3646 1310 3712 gravetur,
1344 3645 1402 3694 ut
1435 3639 1531 3694 his
1568 3655 1692 3711 quae
1745 3653 1887 3693 vere

207 3737 409 3790 viduae
443 3740 606 3801 sunt,
639 3730 896 3786 sufﬁciat
928 3730 982 3799 (Ι
1017 3729 1138 3784 Tim
1171 3745 1228 3798 v,
1263 3728 1370 3800 16).

281 3878 400 3946 (Ἠ)
431 3877 561 3930 Cic.
596 3874 695 3928 lib.
730 3873 959 3943 101ﬁc.,
1010 3889 1146 3946 pag.
1191 3871 1315 3939 378,
1365 3871 1466 3925 lin.
1604 3886 1682 3946 :fr
1739 3870 1888 3946 Pro-

203 3941 464 4021 pensior
500 3947 912 4021 benignitas...
948 3941 1068 4021 niSi
1102 3945 1251 4021 forte
1294 3941 1679 4021 erpntdigni,
1718 3944 1886 4021 nete.

283 4022 399 4084 (72)
427 4019 600 4085 lbid.,
635 4012 733 4070 lin.
768 4018 837 4069 25
870 4031 882 4070 :
921 4038 940 4064 α
973 4018 1160 4085 Atque
1193 4015 1322 4067 haec
1357 4013 1696 4084 benignitas
1718 4012 1891 4065 etiam

202 4095 358 4161 reip.
396 4091 568 4143 utilis
600 4092 710 4161 est,
747 4087 1004 4161 r_edi_mie
1030 4087 1315 4161 servitute
1347 4088 1572 4161 captos,
1612 4105 1631 4130 η
1668 4087 1777 4161 ete.

277 4154 403 4230 {'73)
432 4161 599 4214 Hanc
623 4158 1240 4229 IllyriciThmcizeque
1265 4155 1699 4230 populationem
1721 4154 1893 4230 Baro-

200 4227 344 4288 nius
381 4225 618 4285 'auc-tor
660 4225 749 4284 est
795 4245 949 4282 anno
994 4225 1280 4298 reparatae
1319 4227 1529 4279 salutis
1569 4225 1890 4298 887Aconti-

198 4303 642 4377 gisse.\'erum
681 4301 792 4354 hoc
824 4300 954 4377 loco
987 4295 1103 4377 non
1134 4299 1280 4377 satis
1305 4297 1661 4377 cehzerentia
1695 4295 1890 4377 loqui-

200 4367 302 4430 ἴω·
335 4373 668 4428 cardinalis
699 4371 1160 4425 eruditissimus.
1195 4370 1422 4423 Etenim
1454 4369 1504 4421 si
1541 4369 1652 4421 hoc
1686 4367 1892 4420 eodem

196 4464 371 4500 anno
426 4445 676 4498 conﬂata
711 4447 765 4496 et
809 4442 1142 4496 venundata
1190 4441 1409 4494 fuerint
1455 4439 1528 4491 ab
1577 4437 1893 4492 Ambrosio

1150 241 1263 304 DE
1310 231 1666 304 OFFICIIS
1711 233 2324 306 MINISTRORUM
2371 235 2627 306 LIBER
2668 238 2693 306 Ῐ

1898 1818 1948 1881 Β

3521 242 3642 312 130

2054 440 2143 495 '73.
2176 441 2350 496 Utilis
2381 441 2560 514 igitur
2604 441 2948 514 hujusmodi
2996 444 3340 516 liberalitas,
3375 446 3481 501 sed
3522 464 3641 502 non

1982 531 2310 584 communis
2344 531 2638 585 omnibus.
2665 531 2812 585 Sunt
2842 532 2994 586 enim
3025 533 3289 605 plerique
3321 535 3491 590 etiam
3528 536 3640 590 viri

1982 617 2143 688 boni,
2179 620 2277 689 qui
2309 623 2520 674 tenues
2553 623 2691 674 sunt
2722 635 2928 688 censu,
2965 623 3221 676 contenti
3252 624 3487 694 quidem
3519 627 3642 679 exi-

1985 723 2102 778 guo
2150 708 2223 761 ad
2275 709 2370 761 sui
2401 725 2595 775 usum,
2632 709 2736 762 sed
2783 725 2901 762 non
2950 710 3144 764 idonei
3198 712 3267 764 ad
3309 712 3643 768 subsidium

1983 795 2248 850 levandae
2282 798 2642 867 paupertatis
2675 798 2920 867 alienae;
2968 801 3160 852 tamen
3192 801 3448 870 suppetit
3486 802 3643 856 aliud

1982 885 2389 940 beneﬁcentiae
2413 902 2626 957 genus,
2649 903 2764 957 quo
2792 886 3002 957 juvare
3024 888 3258 958 possint
3279 889 3639 954 inferiorem.

1982 972 2087 1026 Est
2117 974 2271 1027 enim
2289 974 2505 1044 duplex
2527 975 2847 1029 liberalitas
2882 976 2988 1045 (75)
3022 991 3034 1031 :
3070 993 3182 1030 una
3205 993 3337 1047 quae
3369 977 3641 1034 subsidio

1983 1062 2066 1116 rei
2098 1062 2360 1133 adjuvat,
2395 1064 2450 1116 id
2483 1068 2594 1131 est,
2630 1081 2742 1118 usu
2777 1064 3083 1134 pecuniae;
3115 1065 3293 1119 altera
3326 1082 3459 1136 quae
3497 1082 3643 1135 ope-

1981 1166 2111 1204 rum
2145 1151 2454 1205 collatione
2486 1152 2598 1222 ('76)
2650 1153 3034 1223 impenditur,
3081 1153 3260 1208 multo
3307 1153 3649 1226 frequenter

1983 1239 2370 1310 splendidior,
2404 1239 2705 1312 multoque
2739 1241 2971 1296 clarior.

2053 1327 2140 1382 74.
2186 1327 2410 1394 Quanto
2469 1329 2758 1384 illustrius
2825 1331 3123 1386 Abraham
3175 1335 3406 1402 captum
3461 1332 3643 1389 armis

1981 1415 2567 1488 victricibusrecepit
2597 1422 2869 1488 nepotem
2899 1418 3072 1488 (Gen.
3098 1437 3219 1490 xxv,
3249 1421 3358 1491 16),
3393 1438 3569 1493 quam
3589 1423 3645 1477 si

1982 1503 2386 1560 redemisset?
2407 1505 2633 1570 Quanto
2663 1508 2866 1562 utilius
2890 1524 3094 1580 regem
3122 1509 3482 1564 Pharaonem
3508 1527 3645 1566 san-

1985 1597 2116 1648 ctus
2160 1594 2384 1664 Joseph
2441 1596 2690 1650 consilio
2739 1597 3123 1667 providentiae
3165 1598 3340 1669 juvit,
3389 1616 3561 1670 quam
3593 1600 3648 1654 si

1987 1683 2337 1737 contulisset
2367 1685 2675 1753 pecuniam
2710 1683 2722 1739 l
2760 1687 3015 1740 Pecunia
3058 1687 3212 1741 enim
3244 1688 3419 1742 unius
3442 1689 3649 1743 civita-

1981 1772 2059 1825 tis
2117 1788 2234 1826 non
2285 1773 2532 1828 redemit
2581 1774 2906 1828 ubertatem
2948 1791 2959 1829 :
2995 1777 3415 1846 prOSpicientia
3463 1778 3645 1834 totius

1982 1861 2228 1932 Egypti
2259 1878 2363 1931 per
2383 1863 2848 1934 quinquennium
2871 1863 3084 1918 famem
3103 1865 3314 1936 repulit
3342 1864 3621 1936 (’77)(Gen
3638 1908 3651 1923 .

1982 1967 2098 2018 xm,
2133 1947 2200 2003 33
2235 1956 2292 2004 et
2321 1952 2492 2022 seq.).

2055 2038 2142 2092 75.
2178 2038 2372 2093 Facile
2411 2043 2603 2094 autem
2654 2041 2904 2111 pecunia
2953 2044 3358 2112 consumitur,
3403 2043 3650 2099 consilia

1986 2126 2286 2181 exhauriri
2319 2129 2593 2184 nesciunt
2612 2131 2744 2200 ('78).
2780 2131 2922 2185 Haec
2945 2147 3060 2185 usu
3089 2135 3382 2204 augentur
3416 2148 3426 2188 :
3467 2149 3649 2203 pecu-

1987 2215 2082 2269 nia
2114 2216 2426 2287 minuitur,
2462 2222 2519 2272 et
2549 2219 2663 2273 cito
2696 2219 2910 2288 deficit,
2959 2223 3134 2291 atque
3170 2221 3359 2291 ipsam
3390 2221 3653 2276 destituit

1985 2304 2408 2376 benignitatem
2434 2321 2448 2373 ;
2479 2310 2541 2360 ut
2570 2322 2686 2378 quo
2716 2307 2987 2377 pluribus
3021 2308 3226 2380 largiri
3256 2309 3539 2379 volueris,
3574 2325 3645 2364 eo

1987 2395 2301 2464 pauciores
2314 2394 2588 2465 adjuves,
2610 2399 2666 2450 et
2686 2411 2848 2466 saepe
2869 2397 2972 2450 tibi
3006 2397 3160 2451 desit
3177 2398 3332 2468 quod
3361 2399 3493 2452 aliis
3511 2415 3651 2452 con-

1989 2483 2297 2537 ferendum
2319 2485 2639 2553 putaveris.
2674 2484 2924 2539 Consilii
2955 2485 3054 2549 88
3096 2489 3288 2541 autem
3331 2486 3647 2558 operisque

1988 2571 2242 2640 collatio,
2277 2587 2394 2643 quo
2426 2572 2485 2626 in
2516 2573 2719 2642 plures
2740 2572 3105 2643 diffunditur,
3130 2589 3200 2630 eo
3233 2575 3654 2631 redundantior

1988 2663 2201 2729 manet,
2237 2664 2292 2714 et
2324 2662 2381 2714 in
2415 2677 2589 2716 suum
2611 2661 2832 2716 fontem
2855 2663 3125 2717 recurrit.
3161 2664 3224 2718 In
3257 2679 3322 2719 se
3361 2665 3518 2719 enim
3551 2680 3650 2720 re-

1989 2750 2115 2804 tluit
2143 2750 2384 2805 ubertas
2427 2751 2753 2821 prudentize
2789 2766 2801 2806 :
2835 2755 2892 2806 et
2930 2766 3047 2824 quo
3093 2751 3364 2823 pluribus
3395 2753 3652 2828 ﬂuxerit,

1991 2854 2062 2894 eo
2093 2839 2412 2894 exercitius
2444 2841 2507 2894 tit
2528 2856 2698 2894 omne
2720 2841 2876 2911 quod
2909 2844 3190 2896 remanet.

2591 2964 2864 3020 CAPUT.
2905 2965 3057 3021 XVI.

1992 3071 2228 3127 Modum
2260 3071 2320 3125 in
2343 3070 2711 3144 liberalitate
2732 3073 3114 3141 servandum,
3153 3087 3226 3128 ne
3255 3072 3655 3144 profundatur

2061 3144 2122 3196 in
2144 3144 2424 3223 indignes
2459 3143 2608 3214 quod
2627 3143 3006 3223 dignioribns
3037 3143 3406 3223 debebitur}
3443 3152 3655 3223 nonta-

2061 3231 2194 3268 men
2229 3215 2407 3267 nimis
2439 3229 2623 3284 parce
2668 3230 2734 3267 ac
2777 3215 2984 3268 timide
3023 3216 3456 3270 ministrandas
3492 3215 3653 3271 elec—

2061 3301 2307 3358 moynas
2337 3300 2352 3358 7:
2388 3285 2497 3339 sed
2524 3285 2878 3358 imitandum
2911 3285 3146 3358 beatum
3193 3286 3410 3358 Josepli
3431 3327 3444 3350 ,
3493 3286 3660 3358 cuius

2056 3355 2377 3428 prudentia
2397 3355 2830 3427 prolixioribus
2855 3356 3060 3411 verbis
3081 3355 3542 3411 commendatur.

2064 3464 2153 3518 '76.
2189 3463 2398 3533 Liquet
2420 3462 2602 3533 igitur
2621 3461 2838 3516 debere
2852 3462 3374 3517 esseliberalitatis
3398 3463 3656 3518 modum.

1996 3569 2070 3608 ne
2093 3553 2190 3606 fiat
2220 3551 2444 3605 inutilis
2485 3551 2728 3622 largitas
2760 3549 2895 3620 (79).
2929 3551 3234 3606 Sobrietas
3267 3552 3514 3606 tenenda
3547 3554 3658 3620 est,

1994 3642 2249 3697 maxime
2281 3640 2716 3709 sacerdotibus,
2741 3642 2801 3693 ut
2823 3655 2940 3694 non
2965 3656 3072 3710 pro
3095 3639 3399 3711 jactantia,
3427 3640 3534 3694 sed
3554 3654 3662 3710 pro

1990 3731 2220 3803 justitia
2272 3729 2640 3799 dispensent.
2698 3728 3006 3800 Nusquam
3065 3729 3221 3784 enim
3278 3728 3470 3800 major
3534 3729 3664 3782 avi-

1995 3876 2154 3940 vant,
2192 3893 2214 3921 »
2250 3875 2362 3926 etc.

2070 3944 2376 4024 (751mm,,
2411 3957 2548 4024 pa‘g.
2599 3941 2698 4024 38d
2729 3985 2742 4011 ,
2793 3940 2896 3998 lin.
2954 3943 3024 4024 33
3085 3958 3096 3999 :
3167 3965 3187 3992 α
3240 3943 3538 4024 Deinceps
3579 3941 3668 4024 ‘de

1998 4015 2390 4070 beneﬁcentia
2463 4014 2778 4068 dicendum
2850 4031 2861 4069 :
2919 4014 3096 4086 cujus
3163 4019 3256 4069 est
3331 4017 3478 4069 ratio
3563 4014 3668 4068 du-

2041 4087 2159 4151 lex,
2201 4107 2220 4133 n
2257 4090 2368 4139 etc.

2000 4105 2448 4226 pl?')i‘t’i)”E£i-bcsm.
2483 4159 2539 4210 et
2569 4172 2696 4226 seq.
2724 4156 2884 4226 edit.,
2916 4155 3054 4222 Quae
3076 4173 3314 4228 Operam
3336 4156 3667 4211 collatione.

2075 4227 2190 4297 (Π)
2220 4228 2352 4282 Gill.
2379 4228 2437 4280 in
2461 4243 2648 4298 marg.
2682 4231 2738 4280 et
2779 4229 2947 4282 Rom.
2992 4227 3129 4281 edit.
3169 4228 3227 4282 in
3260 4243 3529 4297 corpore,
3559 4240 3672 4298 per

2005 4300 2396 4370 septennium.
2449 4299 2563 4351 Sed
2597 4297 2731 4351 cum
2780 4299 2909 4352 aliae
2944 4315 3151 4353 omnes
3183 4317 3251 4353 ac
3282 4315 3428 4352 mss.
3453 4297 3673 4370 praefe—

2005 4367 2136 4424 rant
2167 4371 2645 4441 quinquennium,
2678 4371 2959 4423 credibile
3009 4373 3101 4424 est
3141 4374 3408 4424 sanctum
3439 4367 3671 4441 antisti—

2003 4445 2122 4516 tem
2153 4439 2228 4494 ita
2260 4439 2560 4516 posuisse,
2595 4441 2750 4516 quod
2798 4441 3093 4516 putaverit
3129 4441 3406 4516 populum
3439 4439 3674 4516 rEgyp-

196 4535 358 4572 vasa
398 4530 596 4580 sacra,
635 4514 975 4605 necessapio
1008 4512 1548 4605 hineLeruitrqEDnon
1597 4509 1714 4563 nisi
1752 4510 1896 4605 1ppst
1924 4542 1978 4605 υ
2005 4511 2402 4605 tiu‘m,‘salte_m
2433 4512 2643 4605 primi‘s
2695 4509 2928 4566 duobus
2961 4512 3154 4605 ann‘is,
3207 4513 3512 4605 victitasse
3549 4509 3672 4576 pri-

196 4591 615 4644 memoratum
648 4601 863 4638 annum
895 4584 1079 4638 hosce
1112 4583 1297 4636 libros
1321 4581 1668 4636 Ofﬁciorum
1700 4580 1890 4633 editos

200 4676 356 4715 esse
401 4674 414 4712 :
442 4674 581 4711 cum
613 4660 805 4709 tamen
840 4656 1006 4724 ipsos
1036 4658 1156 4707 toto
1195 4653 1484 4707 deeennio
1517 4652 1682 4724 prius
1714 4651 1771 4703 in
1803 4649 1896 4703 lu-

199 4749 341 4786 cem
369 4728 707 4800 prodiisse.
726 4727 798 4780 ad
820 4721 1036 4800 annum
1055 4724 1569 4800 377aftirmaverit.
1601 4721 1895 4800 Caeterum

198 4793 404 4857 multo
438 4798 810 4870 probabilius
843 4797 1076 4870 videtur
1105 4795 1328 4870 cladem
1361 4795 1531 4862 hanc,
1575 4793 1751 4870 cujus
1784 4793 1896 4870 hoc

199 4875 350 4928 loco
385 4864 656 4925 m'eminit
675 4871 919 4922 sanctus
944 4867 1320 4932 Ambrosius,
1340 4870 1597 4918 atrocem
1631 4864 1892 4917 Valentis

201 4943 606 5013 imperatoris
639 4940 858 5013 exitum
889 4942 1153 5013 secutam
1183 4952 1361 5013 esse;
1397 4952 1550 5001 cum,
1575 4935 1774 5013 ipsius
1797 4934 1902 5013 du-

201 5004 394 5069 citius
427 5012 693 5082 Trajano
725 5010 1163 5086 et_Seba_st_iano
1191 5008 1396 5086 caesis,
1433 5004 1708 5086 omnique
1755 5006 1903 5086 adeo

201 5087 495 5141 exercitu
517 5077 920 5136 internecione
945 5081 1156 5146 deleto,
1181 5080 1376 5135 Gotthi
1406 5079 1621 5148 aliique
1646 5077 1901 5144 barbari,

202 5161 455 5211 vastato
497 5154 732 5224 Illyrico
756 5167 945 5222 usque
973 5152 1043 5204 ad
1070 5152 1249 5224 Alpes
1274 5150 1539 5204 Julianas
1561 5164 1636 5224 ac_
1656 5148 1904 5224 Veneto-

202 5245 350 5284 rum
383 5219 725 5297 regionem,
756 5219 950 5297 omnia
982 5225 1118 5293 igne
1141 5219 1428 5297 ferroque
1464 5219 1718 5297 pqpnlati
1744 5222 1900 5286 sunt,

202 5305 272 5355 ut
307 5291 853 5370 posthmmianum
885 5291 1109 5370 litare,
1136 5294 1436 5370 Socratem
1459 5333 1492 5370 ,.
1515 5291 1908 5370 Sozomenum

203 5361 394 5442 atq-ue
429 5367 875 5442 Theodoretum
899 5365 1190 5419 Baronius
1215 5366 1342 5442 ipse
1375 5362 1599 5442 scripto
1622 5361 1900 5442 prpdi'dit.

207 5432 335 5497 Adi
363 5441 546 5496 etiam
580 5438 654 5492 cl.
714 5454 769 5492 v.
817 5432 1251 5506 Hermannum,
1286 5435 1345 5489 in
1394 5433 1705 5489 Ambrosii
1759 5432 1907 5503 Vita,

206 5513 325 5571 lib.
354 5529 418 5571 ιι.
452 5527 586 5571 cap.
625 5509 714 5564 12.

287 5529 418 5659 ᾖῗὶ
444 5527 714 5637 ἕῗέξιῖξῖ
734 5576 1056 5659 _n_0rr_r_ic_.,_
1079 5593 1214 5652 pag.
1247 5575 1593 5659 382,1i_n.15
1626 5591 1637 5631 :
1669 5599 1690 5623 ει
1730 5574 1911 5659 Libe-

207 5647 618 5714 nles'autem
650 5652 752 5721 qui
780 5647 1282 5721 facultatib‘us'aut
1323 5651 1526 5721 captos
1557 5662 1590 5721 a
1620 5647 1913 5721 pradoni-

209 5729 343 5794 bus
374 5717 747 5793 redimunt...
796 5725 896 5785 aut
930 5722 991 5784 in
1018 5720 1273 5786 ﬁliarum
1309 5717 1704 5786 collocatione
1738 5717 1914 5804 adju-

2006 4584 2157 4637 vatis
2189 4582 2500 4650 fructibus,
2525 4585 2835 4652 antequam
2859 4599 2993 4635 eum
3015 4582 3085 4634 ad
3109 4582 3271 4652 regia
3306 4581 3677 4652 horreacon-

2006 4655 2216 4726 fugere
2249 4654 2444 4726 fames
2477 4649 2735 4726 cogeret.
2789 4654 2941 4706 Sane
2992 4652 3129 4704 huic
3185 4649 3397 4705 sensui
3446 4649 3679 4726 videtur

2006 4722 2205 4780 favere
2243 4724 2401 4794 quod
2433 4722 2666 4794 legitur,
2693 4733 2778 4782 καὶ
2801 4728 3146 4806 ἐγένετο-λιμὸς
3168 4729 3217 4782 ἐν
3238 4730 3368 4806 nico
3390 4733 3534 4806 γῇ
3557 4728 3604 4806 ἐν
3626 4722 3677 4779 δὲ

2006 4813 2141 4889 πάθῃ
2171 4817 2233 4889 τῇ
2254 4817 2317 4889 γῇ
2341 4811 2591 4889 Λίγίπτρυ
2614 4804 2743 4889 ᾖσαν
2773 4791 2940 4882 ἄρ’τοι.
2991 4791 3156 4889 Licet
3188 4791 3688 4889 dissifnlilahdum

2008 4873 2130 4940 noxi
2157 4871 2234 4942 sit
2264 4871 2487 4942 'l'iaberi
2539 4883 2597 4935 in
2621 4871 2816 4935 'mss.'
2842 4882 3162 4950 nonnullis,
3221 4891 3309 4943 οὐκ
3331 4883 3462 4947 ἦσαν
3503 4907 3674 4962 api-oc,

2011 4967 2108 5020 cui
2148 4969 2319 5022 etiam
2355 4963 2611 5019 concinit
2641 4962 2881 5031 Syriaca
2903 4963 3125 5016 versio.
3155 4963 3266 5018 Sed
3289 4963 3536 5015 aliarum
3560 4977 3681 5014 om-

2011 5039 2194 5104 nium,
2246 5039 2554 5108 ipsiusque
2594 5037 2790 5087 textus
2831 5033 3109 5108 Ilebraici
3162 5049 3519 5108 consensus,
3570 5045 3680 5108 nec

2011 5124 2130 5162 non
2185 5102 2478 5164 orationis
2535 5105 2666 5175 ipsa
2723 5105 2951 5173 series,
3003 5105 3175 5159 aliam
3224 5106 3435 5159 astruit
3474 5102 3684 5156 lectio-

2013 5195 2167 5235 nem.

2085 5251 2198 5322 (78)
2231 5250 2352 5306 Cic.
2377 5250 2478 5304 lib.
2513 5265 2551 5301 ιι
2579 5246 2772 5322 Ome,
2807 5245 3100 5322 p‘ag._38_t,
3132 5245 3234 5300 lin.
3267 5246 3334 5322 3_'l
3372 5261 3384 5300 :
3415 5265 3436 5296 ι
3471 5243 3687 5322 Largi-

2014 5315 2214 5393 tio'qu'e
2249 5339 2381 5394 quae
2414 5322 2475 5375 fit
2504 5335 2578 5394 ex
2598 5335 2661 5374 re
2695 5315 2988 5391 familiari,
3023 5315 3244 5374 fontem
3291 5318 3485 5389 ipsum
3516 5315 3690 5371 beni-

2016 5392 2579 5468 gnitatis—exhaurit,
2606 5395 2796 5468 lete,
2896 5462 2928 5468 _
3071 5461 3102 5468 _
3287 5458 3304 5468 _
3612 5455 3622 5468 .

2093 5467 2205 5534 ('79)
2229 5466 2399 5521 Ibid..
2433 5458 2572 5536 pag.
2603 5459 2728 5538 389.,
2761 5463 2862 5538 lin.
2896 5462 2965 5538 '7_:
3007 5483 3028 5510 α
3063 5458 3454 5538 Quamobrem
3471 5458 3687 5538 necuita

2021 5530 2348 5594 claudenda
2397 5530 2634 5609 est'res
2684 5530 3023 5609 familiaris,
3076 5537 3140 5592 ut
3179 5548 3308 5592 eam
3346 5530 3685 5605 benignitas

2021 5611 2253 5691 aperire
2284 5625 2402 5668 non
2422 5607 2637 5688 possit,
2673 5629 2694 5656 υ
2722 5611 2832 5670 etc.
