4002 6150
415 243 534 304 131

1890 229 1950 297 S.
1993 232 2436 296 AMBROSII.

3753 229 3880 296 132

427 442 578 496 ditas
602 438 715 510 (80)
745 435 1066 509 petitionis.
1100 435 1357 492 Veniunt
1386 435 1584 505 validi,
1608 434 1852 489 veniunt
1875 415 2171 489 nullamA
2207 433 2302 488 dat
2334 433 2614 488 sacculis.
2650 431 2812 487 Sicut
2845 431 3028 504 igitur
3045 431 3256 487 modus
3279 431 3648 487 liberalitatis
3671 435 3882 488 tenen-

433 544 672 584 causam
707 527 821 582 nisi
851 525 1104 599 vagandi
1138 525 1446 594 habentes,
1481 528 1538 579 et
1579 524 1786 578 volunt
1827 523 2096 577 subsidia

435 632 724 672 evacuare
779 631 1137 686 pauperum,
1198 614 1502 668 exinanire
1562 615 1860 683 sumptum
1923 628 1937 667 ι
1987 627 2097 666 nec

433 707 651 778 exiguo
683 703 960 770 contenti,
994 701 1219 774 majora
1251 705 1544 772 quaerunt,
1579 701 1800 755 ambitu
1842 701 2095 754 vestium

435 797 738 866 captantes
775 792 1074 863 petitionis
1119 789 1490 863 suffragium,
1525 793 1582 844 et
1605 790 1882 844 natalium
1911 790 2100 843 simu-

431 884 648 940 latione
677 881 1343 936 licitantesincrementa
1371 882 1707 951 questuum,
1741 879 1852 932 llis
1882 879 1934 932 si
1965 877 2100 950 quis

441 971 613 1027 facile
637 969 861 1025 deferat
892 970 1085 1039 ﬁdem,
1112 969 1226 1024 cito
1257 968 1529 1022 exhaurit
1557 983 1880 1038 pauperum
1899 966 2102 1021 alimo-

445 1062 560 1116 niis
592 1059 896 1130 profutura
945 1058 1310 1128 compendia.
1356 1057 1566 1112 Modus
1599 1056 1887 1128 largiendi
1927 1057 2101 1125 adsit,

446 1151 509 1205 ut
540 1164 646 1204 nec
670 1148 752 1202 illi
776 1149 984 1202 inanes
1005 1147 1302 1215 recedant,
1329 1162 1520 1218 neque
1541 1145 1969 1200 transcribatur
1989 1145 2108 1198 vita

445 1253 769 1311 pauperum
793 1237 852 1290 in
886 1235 1074 1306 spolia
1105 1235 1630 1290 fraudulentorum.
1667 1235 1746 1288 Ea
1777 1249 1920 1306 ergo
1951 1249 2110 1288 men-

446 1343 584 1383 sura
619 1327 716 1395 sit,
750 1327 811 1380 ut
829 1340 1019 1396 neque
1046 1325 1380 1379 humanitas
1413 1324 1740 1394 deseratur,
1789 1338 1898 1378 nec
1929 1322 2110 1377 desti-

449 1419 644 1472 tuatur
675 1415 1026 1469 necessitas.

520 1506 608 1559 ἿἺ.
645 1505 916 1574 Plerique
951 1504 1228 1557 simulant
1271 1503 1485 1557 debita.
1533 1501 1620 1556 Sit
1666 1503 1790 1557 veri
1840 1515 2107 1570 examen,

450 1593 678 1649 Exutos
727 1608 793 1646 se
835 1607 940 1662 per
993 1591 1298 1645 latrocinia
1351 1591 1657 1661 deplorant
1698 1607 1712 1646 :
1764 1595 1861 1644 aut
1896 1589 2113 1662 injuria

453 1683 624 1738 ﬁdem
661 1681 854 1750 faciat,
875 1683 971 1734 aut
1004 1680 1262 1752 cognitio
1287 1696 1581 1750 personae,
1607 1695 1722 1750 quo
1757 1678 2113 1750 propensius

2211 522 2323 576 dus
2355 525 2465 593 est,
2501 523 2576 576 ita
2627 523 2798 576 etiam
2848 521 3042 574 calcar
3091 521 3437 593 plerumque
3485 521 3885 576 adhibendum

2213 611 2464 664 videtur.
2499 610 2710 665 Modus
2729 609 2838 679 (8'5)
2871 609 3023 678 ideo,
3058 613 3120 664 ut
3151 614 3291 680 quot
3311 609 3634 681 henet‘aeis,
3658 611 3713 664 id
3731 625 3886 681 quo-

2213 699 2355 753 tidie
2386 698 2582 753 facere
2614 699 2818 768 possis
2851 698 2999 768 (86);
3031 713 3104 752 ne
3151 698 3470 756 subtrahas
3516 699 3884 768 necessitati,

2215 787 2371 859 quod
2403 787 2724 841 indulseris
2775 785 3088 841 etTusioni:
3126 787 3321 841 calcar
3367 791 3698 858 propterea,
3745 789 3888 860 quia

2215 876 2430 930 melius
2455 877 2730 946 operatur
2760 877 3011 945 pecunia
3043 877 3100 929 in
3131 877 3408 946 pauperis
3433 877 3586 945 cibo,
3620 893 3795 948 quam
3826 877 3890 931 in

2218 965 2418 1018 divitis
2449 964 2710 1019 sacculo.
2744 963 2900 1018 Cave
2932 981 3004 1018 ne
3037 964 3185 1018 intra
3229 965 3460 1024 loculos
3507 968 3643 1019 tuas
3686 965 3888 1020 inclu-

2219 1053 2324 1108 das
2360 1053 2606 1107 salutem
2639 1054 2898 1123 inopum,
2935 1057 2990 1108 et
3018 1056 3294 1125 tanquam
3327 1054 3384 1108 in
3414 1055 3654 1108 tumulis
3705 1070 3893 1125 sepe-

2218 1142 2329 1196 lias
2360 1143 2536 1195 vitam
2565 1157 2908 1212 pauperum.

2289 1231 2378 1285 '79.
2414 1231 2608 1284 Potuit
2639 1231 2858 1284 donare
2891 1229 3114 1301 Joseph
3151 1233 3303 1286 totas
3337 1230 3583 1303 XEgypti
3614 1247 3780 1303 opes,
3835 1235 3899 1287 et

2222 1318 2524 1374 effundere
2555 1319 2870 1373 thesauros
2902 1319 3105 1392 regios
3131 1335 3145 1388 ;
3178 1320 3569 1374 noluittamen
3593 1321 3664 1376 de
3694 1321 3896 1376 alieno

2223 1408 2450 1463 ellusus
2481 1407 2702 1462 videri:
2737 1409 2940 1462 maluit
2971 1407 3262 1463 frumenta
3285 1409 3560 1480 vendere,
3582 1427 3756 1480 quam
3777 1412 3893 1464 do-

2222 1513 2362 1552 nare
2383 1496 2806 1564 esurientibus;
2829 1497 2963 1567 quia
2983 1497 3034 1550 si
3051 1499 3257 1566 paucis
3281 1497 3582 1564 donasset,
3601 1498 3882 1568 plurimis

2225 1585 2534 1640 defuisset.
2561 1585 2700 1639 Eam
2724 1585 3130 1640 liberalitatem
3154 1587 3442 1656 probavit,
3477 1603 3592 1658 quo
3627 1587 3899 1642 abunda-

2223 1679 2313 1730 ret
2342 1675 2638 1729 omnibus.
2673 1674 2956 1728 Patefecit
2987 1675 3220 1743 horrea,
3263 1679 3326 1730 ut
3372 1692 3578 1730 omnes
3627 1681 3904 1730 emerent

446 1773 749 1845 juventur.
776 1769 865 1824 Ab
891 1769 1156 1824 Ecclesia
1177 1769 1457 1839 relegatis
1482 1769 2194 1860 (81)sumptusimpar-B
2225 1765 2559 1818 subsidium
2613 1762 3055 1817 frumentarium
3107 1763 3278 1832 (Gen.
3341 1781 3456 1833 xu,
3505 1766 3598 1834 56,
3646 1765 3756 1834 5'7),
3816 1781 3901 1820 ne

447 1861 706 1926 tiendus,
758 1858 811 1912 si
850 1859 1002 1912 desit
1041 1858 1128 1912 eis
1160 1857 1351 1911 alendi
1393 1857 1580 1927 copia.
1629 1857 1826 1927 Itaque
1859 1856 1961 1924 qui
1993 1871 2116 1910 mo-

454 1951 594 2006 dum
625 1951 842 2015 servat,
876 1963 1092 2001 avarus
1116 1947 1278 2014 nulli,
1305 1947 1411 2000 sed
1444 1947 1648 2016 largus
1678 1946 1954 2000 omnibus
1985 1948 2112 1998 est:

456 2054 574 2094 non
607 2037 761 2091 enim
793 2036 955 2090 solas
985 2051 1162 2090 aures
1193 2035 1459 2106 praebere
1492 2034 1776 2088 debemus
1808 2033 2117 2088 audiendis

455 2125 821 2199 precantium
851 2124 1124 2192 vocibus,
1161 2124 1265 2177 sed
1297 2124 1469 2178 etiam
1493 2123 1698 2177 oculos
1731 2123 2119 2176 consideran-

459 2217 552 2271 dis
577 2213 1058 2270 necessitatibus.
1085 2212 1228 2266 Plus
1261 2211 1470 2266 clamat
1506 2211 1797 2282 operatori
1826 2211 1982 2265 bono
2014 2210 2119 2264 de-

455 2304 676 2372 bilitas,
701 2317 875 2374 quam
903 2317 1020 2356 vox
1041 2301 1340 2371 pauperis.
1375 2301 1581 2371 Neque
1605 2315 1745 2354 vero
1769 2300 1895 2354 ﬁeri
1925 2301 2122 2370 potest

459 2396 522 2448 ut
553 2409 670 2446 non
701 2393 1011 2462 extorquet
1049 2389 1302 2458 amplius
1343 2389 1752 2458 importunitas
1785 2389 2120 2442 vociferan-

455 2483 600 2536 tium
633 2497 645 2536 :
672 2481 780 2535 sed
820 2495 938 2534 non
968 2494 1204 2548 semper
1251 2477 1628 2548 impudentiae
1661 2478 1828 2531 locus
1875 2477 1949 2531 sit
1982 2475 2116 2546 (82).

458 2569 764 2624 Videndus
813 2571 905 2622 est
937 2567 1032 2621 ille
1072 2567 1170 2637 qui
1200 2569 1256 2620 te
1296 2581 1413 2621 non
1451 2566 1610 2620 videt
1653 2581 1667 2621 :
1726 2565 2120 2636 requirendus

457 2659 558 2714 ille
589 2657 691 2730 qui
719 2657 1019 2711 erubescit
1047 2656 1256 2710 videri.
1291 2655 1392 2709 llle
1421 2655 1594 2708 etiam
1627 2655 1868 2708 clausus
1907 2655 1966 2708 in
1990 2670 2122 2708 car-

466 2762 601 2802 cere
633 2749 906 2801 occurrat
926 2744 1026 2798 tibi
1057 2760 1070 2813 ;
1104 2743 1201 2798 ille
1223 2741 1469 2797 affectus
1491 2743 1840 2815 egritudine
1870 2745 2123 2798 mentem

461 2840 618 2890 tuam
642 2837 940 2905 personet,
975 2833 1075 2904 qui
1105 2848 1282 2886 aures
1303 2847 1421 2886 non
1445 2835 1656 2902 potest.

531 2924 621 2979 '78.
655 2923 780 2988 Quo
813 2922 945 2993 plus
985 2924 1040 2976 te
1090 2921 1324 2991 operari
1363 2921 1576 2974 viderit
1605 2920 1878 2990 populus,
1927 2921 2120 2991 magis

467 3012 713 3086 dilliget.
746 3012 882 3065 Seio
895 3011 1212 3082 plerosque
1232 3009 1596 3079 sacerdotes,
1621 3025 1736 3080 quo
1754 3010 1889 3080 plus
1914 3012 2122 3064 contu-

455 3103 669 3166 lerunt,
705 3101 838 3170 plus
869 3099 1234 3167 abundasse;
1256 3099 1531 3169 quoniam
1555 3099 1890 3170 quicunque
1904 3099 2122 3152 bonum

460 3190 794 3261 operarium
806 3188 984 3257 videt,
1019 3187 1133 3257 ipsi
1151 3187 1543 3258 confertquod
1558 3187 1654 3251 89
1679 3187 1775 3241 ille
1793 3203 1903 3241 suo
1921 3187 2120 3242 officio

453 3279 760 3348 dispenset
778 3277 1174 3344 (83),securus
1197 3275 1354 3345 quod
1377 3277 1446 3328 ad
1466 3291 1784 3346 pauperem
1802 3291 1908 3329 sua
1923 3291 2125 3346 perve-

454 3369 575 3422 niat
597 3365 1004 3420 misericordia
1031 3379 1042 3418 :
1067 3379 1238 3418 nemo
1259 3364 1413 3418 enim
1429 3365 1569 3432 vult,
1594 3365 1706 3418 nisi
1733 3365 1972 3434 pauperi
1997 3381 2125 3434 pro-

453 3457 632 3511 ﬁcere
672 3470 840 3508 suam
899 3453 1270 3507 collationem
1325 3453 1458 3523 (8t).
1503 3453 1651 3507 Nam
1704 3453 1755 3506 si
1803 3468 1976 3523 quem
2027 3456 2125 3507 aut

457 3545 911 3599 immoderatum
959 3546 1056 3596 aut
1113 3543 1290 3596 nimis
1329 3545 1595 3596 tenacem
1652 3542 2124 3611 dispensatorem

455 3634 690 3702 viderit,
722 3635 1034 3703 utrumque
1067 3631 1392 3700 despiciet:
1430 3631 1482 3685 si
1515 3633 1611 3685 aut
1635 3631 1956 3700 superﬂuis
1987 3646 2124 3685 ero-

456 3723 796 3796 gationibus
821 3721 1072 3792 dissipet
1093 3721 1268 3774 alieni
1289 3720 1516 3782 fructus
1535 3719 1780 3790 laboris,
1803 3723 1900 3773 aut
1919 3735 2126 3774 recon-

529 3865 640 3936 (80)
667 3866 810 3919 Mss.
838 3862 1608 3936 aliquot,majoravidilas.
1645 3862 1974 3936 Petilianis
2002 3880 2128 3936 can-5

459 3952 524 3992 sa
553 3933 792 3992 veniunt
817 3933 1020 3988 validi.
1053 3935 1123 3988 Et
1163 3933 1438 3988 continuo
1472 3937 1624 4003 post,
1657 3933 1754 3986 alii
1777 3935 1969 4004 pauci,
2005 3935 2126 3988 nisi

468 4008 716 4062 rat-andi
742 4006 1050 4059 habentes.

537 4077 650 4150 (81)
680 4077 775 4132 Sic
799 4077 935 4130 edit.
953 4091 1180 4150 omnes,
1201 4078 1256 4128 et
1276 4073 1468 4150 major
1487 4075 1792 4150 potiorque
1814 4095 1955 4150 pars
1977 4093 2124 4150 mss.

453 4149 651 4219 Aliqui
710 4152 901 4200 tamen
962 4145 1434 4219 :tAbi'ecclesia
1511 4145 1836 4217 relegatis.—
1902 4149 2126 4213 Quaeri-

469 4217 786 4274 tur'autem
822 4219 880 4271 in
913 4217 1097 4287 prima
1138 4218 1418 4285 lectione,
1465 4219 1702 4286 quinam
1735 4224 1873 4274 sunt
1899 4221 2002 4289 illi,
2054 4219 2128 4273 ab

464 4290 740 4345 Ecclesia
765 4290 1066 4360 relegati?
1089 4289 1412 4342 Voluerunt
1433 4289 1826 4360 nonnullieos
1851 4293 1960 4345 hoc
1995 4293 2124 4345 loco

461 4359 906 4432 intelligendos
931 4360 1031 4429 qui
1061 4363 1300 4432 propter
1333 4360 1512 4432 ﬁdem
1556 4359 1628 4412 ab
1679 4359 1969 4418 Ecelesiis
1999 4362 2127 4416 suis

465 4430 741 4488 exsulare
775 4430 1348 4503 coactitessent.Sed
1375 4446 1670 4500 nunquam
1705 4434 1818 4486 tam
1853 4449 2027 4503 parce
2059 4449 2128 4486 ac

463 4505 714 4558 tenuiter
745 4503 816 4556 de
849 4503 941 4555 his
973 4501 1281 4555 locuturus
1314 4505 1436 4554 erat
1471 4505 1714 4555 sanctus
1744 4501 1978 4558 Doctor.
2007 4504 2126 4558 Eos

463 4591 606 4647 ergo
631 4574 1014 4647 intelligimus
1029 4573 1126 4643 qui
1151 4573 1222 4647 ab
1249 4571 1534 4647 Ecclesiae
1558 4574 1748 4647 sacr_is
1771 4575 2126 4644 poenitentiae

461 4644 641 4700 causa
673 4645 905 4698 fuerant
936 4645 1227 4712 separati;
1263 4645 1484 4713 quibus
1515 4645 1624 4697 etsi
1671 4644 2126 4700 Ecclesiasticas

470 4717 880 4790 eleemosynas
912 4715 1132 4770 auferri
1165 4715 2128 4790 consuevissetesteturAugusti-

465 4803 600 4854 nus,
633 4791 824 4840 tamen
857 4788 915 4840 in
944 4792 1204 4840 extrema
1237 4787 1593 4840 necessitate
1627 4787 2128 4843 christiana'libe-

465 4857 668 4930 ralitas
698 4873 834 4930 non
881 4857 1100 4930 deerat.
1146 4858 1344 4930 Potest
1375 4857 1548 4911 etiam
1596 4859 1668 4930 ita
1711 4859 2016 4930 explicari,
2066 4861 2130 4913 ut

463 4926 537 5000 al}
557 4927 834 5000 Ecclesia
855 4927 1145 5000 referatur
1159 4929 1231 4982 ad
1253 4929 1704 5000 i'inliai'ticndus,
1731 4926 1966 4985 minime
1982 4926 2126 4985 vero

465 4998 537 5052 ad
570 4997 882 5069 relegatis,
917 4999 972 5052 id
1005 5003 1095 5052 est
1118 4997 1450 5053 exsulibus.

534 5069 647 5138 (8‘2)
705 5069 983 5134 Quaedam
1035 5069 1170 5124 edit.
1233 5070 1444 5140 Paris.,
1495 5072 1910 5143 imprmlentize
1968 5071 2130 5127 locus

461 5141 562 5195 sit.

531 5209 642 5280 (83)
662 5210 793 5282 Non
826 5227 968 5266 sane
1001 5213 1340 5282 properanti
1363 5213 1534 5267 oculo
1565 5215 2014 5269 transmittenda
2039 5217 2130 5269 est

460 5280 775 5338 laudabilis
807 5299 873 5338 ea
907 5280 1294 5349 consuetudo,
1338 5300 1449 5354 qua
1485 5286 1666 5354 prisci
1706 5285 1787 5340 illi
1819 5286 2127 5340 christiani

467 5354 775 5426 pecuniam
809 5371 976 5408 suam
1027 5369 1334 5409 meonomo
1385 5356 1780 5424 dispensatori
1842 5357 2128 5412 Ecclesiae

465 5427 524 5481 in
556 5443 766 5480 manus
797 5427 1122 5491 tradebant,
1155 5427 1226 5480 ab
1251 5426 1456 5498 eodem
1483 5432 1685 5496 postea
1717 5429 1974 5498 fidelium
1996 5445 2130 5498 pau-

503 5513 666 5552 erum
690 5498 978 5571 gregibus
1004 5497 1794 5571 distribuendam,Insignis
1820 5501 1928 5554 hac
1959 5497 2030 5554 de
2063 5515 2126 5555 re

487 5584 644 5640 ocus
667 5569 838 5624 estin
861 5569 1016 5624 beati
1036 5569 1254 5623 Justini
1268 5569 1558 5640 Apologia
1578 5569 1840 5625 secunda
1856 5573 2126 5640 proxime

465 5644 598 5722 ante
620 5639 818 5722 tinem,
840 5639 1015 5722 cuius
1038 5640 1356 5722 verbanon
1389 5639 1617 5722 pigebit
1646 5639 2122 5722 hic_subjicere‘:

471 5733 495 5771 ι
527 5709 822 5776 Caeterum
841 5709 941 5798 qui
954 5709 1375 5792 locupletiores
1391 5709 1556 5791 sunt,
1579 5712 1789 5795 inquit,
1822 5716 1880 5775 et
1890 5709 2122 5802 'volunt,

2226 1855 2411 1926 gratis
2481 1852 2860 1922 accipiendo,
2945 1852 3138 1906 cultus
3213 1855 3500 1906 terrarum
3571 1853 3902 1924 relinque-

2227 1945 2391 2010 rent;
2448 1942 2722 2013 quoniam
2777 1941 2874 2012 qui
2929 1941 3120 1996 alieno
3176 1942 3390 2011 utitur,
3448 1959 3621 1996 suum
3669 1943 3904 2014 negli-

2227 2033 2331 2104 git.

2298 2121 2386 2174 80.
2433 2120 2632 2191 Itaque
2683 2119 2934 2189 primum
2985 2122 3246 2176 omnium
3297 2121 3665 2176 coacervavit
3706 2137 3907 2190 pecu-

2229 2210 2380 2277 nias,
2423 2208 2634 2262 deinde
2687 2209 3072 2262 instrumenta
3123 2213 3356 2279 caetera,
3407 2210 3480 2262 ad
3529 2213 3908 2280 postremum

2224 2297 2361 2370 jura
2391 2301 2679 2352 terrarum
2710 2299 2840 2368 regi
2871 2300 3206 2369 acquisivit,
3241 2315 3358 2353 non
3389 2303 3450 2352 ut
3477 2315 3683 2353 omnes
3702 2315 3910 2353 exue-

2229 2390 2318 2442 ret
2347 2403 2477 2456 suo,
2514 2387 2620 2440 sed
2652 2385 2918 2442 fulciret:
2953 2387 3550 2456 publicumtributum
3571 2389 3683 2456 (87)
3707 2403 3901 2442 cons-

2229 2477 2481 2542 titueret,
2517 2491 2632 2546 quo
2664 2490 2771 2529 sua
2802 2476 2984 2529 tutius
3017 2476 3234 2530 habere
3266 2480 3513 2546 possent
3551 2476 3683 2545 (88).
3726 2476 3915 2540 Quod

2229 2565 2307 2619 ita
2337 2564 2444 2618 fuit
2478 2568 2710 2636 gratum
2743 2564 3018 2618 omnibus
3056 2565 3274 2636 quibus
3318 2569 3508 2620 terras
3555 2565 3910 2636 ademerat;

2231 2657 2293 2709 ut
2341 2670 2460 2708 non
2504 2653 2900 2707 venditionem
2961 2654 3056 2708 sui
3106 2653 3298 2725 juris,
3364 2654 3471 2708 sed
3528 2655 3912 2724 redemptio-

2231 2759 2365 2798 nem
2405 2742 2614 2796 salutis
2652 2745 2940 2812 putarent.
2985 2743 3248 2814 Denique
3308 2743 3610 2797 dixerunt:
3667 2743 3916 2798 Sanes-

2234 2833 2280 2886 ti
2299 2848 2422 2901 nos,
2447 2831 2783 2885 invenimus
2803 2832 3060 2900 gratiam
3082 2832 3143 2885 in
3162 2838 3477 2903 conspectu
3497 2831 3734 2886 Domini
3759 2848 3916 2887 nos-

2235 2921 2317 2975 tri
2347 2919 2522 2988 (Gen.
2565 2937 2744 2988 van,
2788 2921 2897 2990 ‘25).
2931 2920 3079 2974 Nam
3127 2923 3183 2974 et
3229 2921 3299 2975 de
3347 2921 3702 2992 proprietate
3753 2921 3923 2977 nihil

2230 3009 2567 3077 amiserant,
2601 3009 2704 3079 qui
2729 3008 2830 3079 jus
2863 3013 3239 3078 receperant:
3275 3013 3331 3064 et
3360 3010 3431 3064 de
3471 3010 3716 3064 utilitate
3748 3010 3917 3066 nihil

2230 3098 2626 3169 perdiderant,
2661 3098 2760 3168 qui
2791 3099 3191 3167 aequisierant
3216 3099 3678 3169 perpetuitatem.

2303 3188 2388 3240 8t.
2422 3187 2467 3241 Ο
2499 3189 2688 3240 virum
2719 3203 2996 3258 magnum
3029 3187 3162 3256 (89),
3205 3189 3303 3258 qui
3345 3203 3462 3242 non
3484 3187 3777 3259 largitatis
3813 3205 3930 3243 su-

2231 3277 2473 3346 perﬂuae
2504 3275 2883 3344 temporalem
2917 3277 3169 3345 captavit
3218 3277 3486 3349 gloriam,
3525 3276 3631 3330 sed
3680 3293 3924 3347 perpe-

2231 3369 2385 3419 tuam
2419 3365 2888 3418 commoditatem
2922 3366 3226 3419 constituit
3256 3363 3678 3435 providentiae!
3735 3365 3924 3421 Fecit

2231 3454 2384 3508 enim
2424 3458 2487 3508 ut
2526 3453 2760 3507 tributis
2807 3453 3007 3522 populi
3051 3469 3116 3508 se
3159 3453 3438 3525 juvarent
3485 3455 3635 3524 suis,
3681 3471 3796 3508 nec
3855 3457 3926 3511 in

2231 3547 2493 3612 tempore
2525 3542 2922 3611 necessitatis,
2955 3542 3142 3597 aliena
3169 3544 3437 3598 subsidia
3460 3544 3914 3599 desiderarent.

2234 3631 2444 3686 Melius
2464 3632 2618 3685 enim
2643 3630 2747 3684 fuit
2767 3631 3036 3686 conferre
3059 3632 3276 3704 aliquid
3292 3633 3363 3688 de
3386 3632 3697 3699 fructibus,
3723 3648 3930 3704 quam

2232 3724 2415 3776 totum
2447 3720 2517 3774 de
2559 3719 2695 3790 jure
2742 3719 3026 3774 amittere.
3071 3719 3342 3786 Quintam
3393 3722 3722 3792 portionem
3778 3723 3926 3778 col-

2234 3879 2338 3934 pro
2363 3862 2604 3916 arbitrio
2625 3861 2878 3934 quisque
2902 3879 3012 3917 suo
3032 3863 3186 3934 quod
3208 3863 3400 3918 visum
3419 3866 3530 3932 est,
3554 3863 3925 3922 conferunt:

2234 3933 2289 3988 et
2319 3935 2473 4005 quod
2507 3935 2582 3987 ita
2613 3933 2930 4004 colligitur,
2965 3933 3115 4003 apud
3140 3936 3525 4004 praepositum
3548 3935 3885 4004 deponitur
3913 3953 3928 3992 :

2235 4009 2406 4076 atque
2440 4005 2536 4058 ille
2567 4005 2700 4058 inde
2741 4005 3058 4074 opitulatur
3088 4007 3327 4076 pupillis
3361 4011 3416 4060 et
3455 4006 3670 4075 viduis,
3709 4010 3767 4060 et
3818 4007 3932 4062 his

2236 4077 2335 4148 qui
2384 4079 2624 4148 propter
2669 4077 3086 4148 morbumiaut
3135 4077 3390 4148 aliquam
3440 4077 3611 4130 aliam
3659 4093 3937 4134 causam

2237 4147 2433 4218 egent,
2455 4147 2671 4217 quique
2699 4147 2764 4200 in
2786 4147 3039 4200 vinculis
3063 4152 3218 4212 sunt,
3239 4147 3297 4201 et
3318 4164 3520 4218 peregi
3537 4163 3568 4202 e
3591 4148 3941 4204 advenien-

2236 4218 2396 4272 tibus
2417 4218 2798 4291 hospitibus;
2833 4223 2886 4272 et
2920 4225 2980 4271 ut
3011 4219 3358 4288 simpliciter
3388 4220 3598 4288 dicam,
3631 4219 3937 4291 indigen-

2237 4291 2377 4344 tium
2413 4290 2464 4344 is
2497 4289 2754 4342 omnium
2788 4293 3024 4342 curator
3053 4294 3162 4344 est.
3212 4313 3232 4337 η

2309 4361 2421 4429 (8-1)
2480 4360 2761 4414 Nonnulli
2819 4376 2990 4429 mss.,
3044 4377 3207 4414 suam
3258 4359 3736 4416 consolationem.
3791 4361 3940 4418 Sed

2239 4433 2475 4486 omnino
2509 4447 2641 4504 cum
2671 4431 2802 4484 aliis
2834 4439 3005 4502 atque
3038 4432 3174 4504 edit.
3218 4432 3554 4504 legendum,
3588 4448 3753 4486 suam
3786 4436 3941 4488 eol-

2155 4512 2210 4576 D
2243 4504 2538 4569 lationem,
2573 4503 2630 4555 id
2670 4505 2760 4576 est
2802 4517 2969 4576 suam
3009 4503 3468 4576 eteemosynam.
3502 4519 3674 4576 quam
3721 4505 3940 4561 colle-

2241 4579 2390 4628 ctam
2438 4577 2606 4627 vocat
2657 4573 3000 4642 Apostolus.
3035 4574 3102 4627 Et
3147 4573 3298 4628 intra
3330 4574 3432 4628 ubi
3471 4573 3609 4628 edit.
3651 4589 3721 4626 ac
3753 4592 3934 4633 mss.

2238 4663 2356 4700 non
2387 4645 2578 4715 pauci,
2617 4649 2920 4716 utrumque
2951 4645 3282 4716 despiciet;
3314 4645 3542 4700 Thuan.
3575 4649 3631 4700 et
3658 4645 3758 4700 alii
3811 4648 3940 4704 ali-

2239 4721 2381 4788 quot
2411 4717 2760 4788 praet'erunt,
2798 4723 3102 4788 utrumque
3143 4716 3439 4788 displicet.

2310 4785 2427 4862 (‘85)
2462 4785 2662 4862 Codex
2698 4785 3045 4862 'Fhuan._et_
3075 4788 3180 4862 alii
3224 4785 3341 4862 non
3369 4803 3572 4862 parvo
3615 4803 3893 4862 numero
3919 4834 3937 4862 ,

2243 4859 2440 4913 calcar
2462 4858 2828 4928 pleramque.
2855 4857 3252 4928 Arrdliibendus
3282 4857 3519 4912 videtur
3545 4859 3772 4928 modus,
3801 4857 3943 4919 etc'.

2315 4875 2440 4911 tear
2510 4875 2828 4928 laremque.
2855 4875 3252 4912 Aamnenaus
3282 4875 3519 4912 Videtur
3545 4875 3772 4928 moaus,
3801 4875 3943 4919 etc.

2312 4929 2424 4999 (86)
2455 4875 2576 4983 ϐία.
2620 4927 2721 5002 lib.
2749 4945 2795 5002 in
2833 4927 3028 4997 01170.,
3080 4945 3214 5002 pag.
3267 4930 3391 5002 382,
3441 4929 3542 4984 lin.
3573 4929 3646 5002 3;
3699 4953 3722 4977 «ι
3757 4932 3946 4998 Quid

2238 5006 2429 5055 autem
2461 5003 2551 5054 est
2599 4999 2858 5070 stultius,
2901 4999 3096 5070 quam’
3125 4999 3282 5073 quod
3331 5001 3582 5056 libenter
3621 5001 3850 5059 facias.
3913 5028 3940 5056 ι

2239 5076 2350 5126 etc.

2311 5142 2419 5218 (8'7)
2455 5141 2600 5218 Mss.
2625 5141 2866 5214 aliquot,
2900 5143 3010 5200 sed
3044 5143 3286 5199 fulcirct
3313 5143 3632 5216 publicam,
3670 5143 3769 5200 vel
3805 5163 3950 5218 ριι-

2240 5214 2396 5269 blico
2417 5233 2432 5266 :
2469 5213 2772 5274 tributum,
2799 5218 2909 5268 etc.

2313 5287 2423 5354 (88)
2453 5285 2549 5339 Sic
2583 5285 2683 5338 lib.
2722 5303 2761 5358 n
2815 5285 3011 5355 017ic.,
3043 5304 3178 5358 pag.
3223 5286 3350 5356 885,
3384 5286 3486 5341 lin.
3518 5286 3590 5341 3:
3644 5287 3954 5358 {Danda

2241 5362 2326 5411 est
2383 5372 2556 5426 opera
2593 5357 2848 5423 omnino,
2899 5359 2950 5410 si
2991 5357 3202 5428 possit,
3242 5383 3262 5407 ιι
3319 5365 3429 5412 etc.
3481 5359 3620 5412 Item
3659 5357 3766 5412 lin.
3807 5361 3938 5419 ‘15:

2246 5451 2265 5478 α
2306 5428 2504 5500 Danda
2537 5428 2706 5481 etiam
2740 5444 2916 5498 opera
2949 5433 3058 5500 est,
3093 5446 3232 5486 ne...
3277 5430 3555 5485 tributum
3586 5429 3661 5484 sit
3694 5428 3949 5490 confe-

2239 5499 2508 5566 rendum,
2549 5519 2570 5548 ι
2605 5503 2716 5554 etc.

2311 5570 2424 5642 (89)
2454 5570 2623 5642 lbid.,
2657 5587 2792 5655 pag.
2844 5571 2968 5646 386,
2999 5571 3102 5634 lin.
3147 5571 3252 5633 33:
3292 5572 3340 5632 0
3383 5574 3572 5631 virum
3610 5587 3952 5655 magnum,

2234 5641 2616 5722 dignamque,
2653 5641 2764 5705 elc'.
2943 5641 2962 5646 ’⁷
3394 5661 3398 5666 ‘
