4128 6132
251 189 377 252 133
1253 186 1366 255 DE
1398 191 1748 259 OFFICIIS
1780 188 2397 262 MINISTRORUM
2429 191 2687 263 LIBER
2713 196 2795 264 II.

3606 209 3726 276 134

256 388 504 481 lationis
522 390 736 481 statuit
764 390 888 481 (90)
935 395 991 447 et
1018 392 1077 447 in
1106 393 1473 463 providendo
1502 393 1935 466 perspicacior,
1958 374 2017 441 Α
2125 397 2212 452 85.
2237 395 2406 454 Unde
2422 401 2628 456 merito
2651 402 2704 456 ei
2722 404 3154 474 apatredicitur
3173 406 3388 462 :Filius
3402 409 3717 481 ampliatus

255 482 313 531 et
344 480 408 532 in
438 479 661 534 tributo
718 480 1039 535 liberalior.
1074 482 1341 554 Denique
1387 499 1689 556 nunquam
1730 488 1939 556 postea
2050 502 2219 542 meus
2233 488 2449 561 Joseph
2465 489 2770 559 (94),!ilius
2786 493 3098 564 ampliatus
3114 511 3297 565 meus,
3322 479 3545 554 zelotes
3563 500 3722 557 filius

258 566 572 639 {Egyptus
602 569 949 640 hujusmodi
984 570 1195 626 famem
1230 572 1486 641 pertulit.

326 675 421 730 ΒΞ.
448 674 637 740 Quam
653 677 940 746 praclare
962 681 1153 732 autem
1175 679 1415 750 collegit
1429 678 1651 737 futura!
1677 680 1937 735 Primum

255 781 439 836 quam
470 770 681 836 argute
703 766 927 837 regalis
959 768 1250 838 interpres
1270 769 1485 822 somnii
1516 768 1820 823 veritatem
1841 784 1939 823 ex-

253 851 520 923 pressit!
552 854 859 908 Somnium
889 855 1052 927 regis
1085 856 1334 926 primum
1370 857 1482 912 hoc
1512 858 1619 911 fuit
1652 873 1664 912 :
1699 857 1936 928 Septem

247 940 538 1013 juvenem
583 943 985 998 ascendebant
1015 945 1086 998 de
1120 945 1378 1014 ﬂumine,
1412 962 1548 1001 Vlsu
1579 945 1843 1014 decoras,
1880 949 1937 1001 et

253 1032 521 1103 pingues
552 1048 799 1102 corpore
817 1074 832 1101 ,
858 1035 915 1087 et
943 1034 1014 1086 ad
1044 1050 1206 1088 oram
1225 1035 1622 1104 pascebantur
1650 1035 1931 1089 ﬂuminis.

254 1120 410 1175 Alim
437 1136 677 1192 quoque
694 1121 897 1176 vitulaa
916 1121 1052 1176 visu
1074 1121 1374 1178 deformes
1391 1139 1459 1178 ac
1476 1122 1704 1194 jejunae
1727 1140 1935 1195 corpo-

260 1224 330 1263 re
346 1206 434 1275 (91
446 1211 631 1279 ),post
646 1208 1088 1281 illasjuveneas
1111 1212 1206 1275 90
1228 1212 1630 1266 ascendebant
1651 1212 1723 1266 de
1746 1212 1935 1266 flumi-

261 1301 427 1366 ne,et
443 1297 619 1368 juxta
642 1313 744 1353 eas
767 1298 823 1353 in
844 1299 976 1369 ipso
993 1301 1252 1370 riparum
1267 1300 1437 1355 thoro
1450 1301 1864 1371 pascebantur:
1879 1303 1937 1356 et

252 1388 407 1441 visae
431 1391 574 1441 sunt
592 1386 684 1441 bna
702 1386 901 1441 vitulaa
923 1390 1132 1443 tenues
1159 1391 1334 1460 atque
1355 1389 1544 1444 exiles
1563 1389 1848 1445 devorare
1867 1389 1935 1443 il-

256 1475 348 1529 las
371 1491 511 1546 qum
548 1476 910 1545 praestabant
935 1479 992 1531 et
1017 1475 1205 1531 forma
1226 1480 1282 1532 et
1304 1479 1511 1549 gratia.
1538 1477 1609 1531 Et
1638 1478 1932 1533 somnium

264 1564 604 1618 secundum
626 1564 738 1619 hoc
770 1564 913 1620 fuit:
939 1564 1173 1635 Septem
1210 1567 1393 1636 spicae
1416 1567 1703 1638 pingues,
1729 1567 1933 1622 electm

255 1656 313 1708 et
341 1652 523 1707 bona;
545 1653 619 1707 de
651 1656 805 1707 terra
828 1654 1155 1725 surgebant
1177 1653 1289 1725 (92)
1312 1670 1325 1709 :
1352 1658 1408 1709 et
1423 1658 1558 1725 post
1578 1671 1681 1709 eas
1704 1659 1932 1726 septem

2048 592 2214 630 meus
2236 577 2742 634 adolescentior...
2759 580 2921 651 Adju
2932 583 3012 635 vit
3033 587 3089 636 te
3103 583 3261 638 Deus
3278 601 3460 656 meus,
3478 594 3535 641 et
3548 588 3723 645 bene-

2050 665 2207 719 dixit
2232 672 2290 720 te
2306 666 2725 723 benediclione
2739 669 2877 724 caeli
2902 686 2933 723 a
2952 686 3200 741 summo,
3224 680 3281 727 et
3304 674 3720 734 benedictione

2053 758 2255 820 terrae,
2287 761 2471 810 terra;
2483 756 2767 814 habentis
2785 760 2997 826 omnia,
3008 767 3255 831 prapter
3270 762 3721 822 benedictiones

2042 844 2241 915 patris
2263 844 2349 897 tui
2373 850 2431 898 et
2445 846 2677 900 matris.
2705 846 2849 901 Prae
2863 847 3042 902 valuit
3064 865 3244 919 super
3264 850 3716 912 benedictiones

2046 932 2328 986 montium
2346 934 2707 987 manentium
2724 975 2737 997 ,
2778 941 2837 990 et
2859 936 3167 991 desideria
3190 939 3420 994 callium
3454 947 3715 999 aeterno-

2047 1019 2523 1091 rum(Gen.xmx,
2541 1022 2739 1093 22-26),
2763 1028 2818 1077 et
2836 1024 2894 1077 in
2918 1024 3397 1082 Deuteronomio:
3427 1028 3537 1094 Qui
3557 1032 3722 1089 visus

2049 1124 2132 1171 es,
2150 1109 2425 1180 inquit,in
2447 1111 2684 1181 rubo,ut
2712 1114 2916 1168 venias
2931 1130 3112 1185 super
3133 1122 3300 1188 caput
3319 1117 3724 1190 Joseph,etsu-

2040 1213 2156 1269 per
2186 1200 2470 1253 verticem
2492 1200 2701 1279 ipsius.
2723 1200 3102 1258 Honorilicus
3122 1204 3288 1259 inter
3324 1206 3556 1263 fratres
3577 1211 3716 1282 pri-

2045 1286 2181 1340 miti
2189 1303 2293 1341 vus
2316 1290 2476 1342 tauri
2510 1289 2693 1344 decus
2717 1290 2847 1363 ejus
2865 1332 2879 1361 ,
2916 1308 3133 1347 cornua
3158 1294 3463 1351 unicoruis
3495 1313 3713 1356 cornua

2046 1374 2258 1446 ipsius.
2284 1375 2351 1430 In
2374 1377 2564 1448 ipsius
2586 1394 2768 1433 cornu
2782 1385 2997 1451 gentes
3015 1382 3329 1437 ventilabit
3342 1385 3523 1440 simul
3536 1403 3716 1461 usque

2047 1464 2124 1519 ad
2163 1471 2492 1520 extremum
2529 1473 2730 1522 terrm.
2773 1467 2896 1540 Ipsi
2934 1469 3136 1524 decem
3176 1471 3359 1526 millia
3408 1474 3709 1546 Ephraem,

2048 1559 2109 1607 et
2139 1554 2257 1626 ipsi
2285 1554 2472 1609 millia
2501 1555 2819 1610 Manasses
2848 1557 2962 1628 (95)
2993 1558 3187 1627 (Deut.
3217 1577 3425 1631 χχχιιι,
3460 1563 3674 1637 16-17).

2577 1681 2663 1744 91
2701 1679 2956 1736 CAPUT
2995 1682 3175 1738 XVII.

253 1742 1844 1857 ῗὲῗίἓῗῗῒζ¹¹ῗὶἓῖἶῗῗῘῗῖἐῗίῖῗ¹ῗῗὲῗὶ⁸ῗῖἷ¹ἶ¹ξῗ⁵ἐῗθῗίῗῗῖ
1865 1750 2017 1857 ῗῗβ
2050 1774 2206 1842 θυαε
2234 1772 2489 1831 virm“
2516 1776 2578 1831 ίη
2603 1794 2670 1857 θρ
2700 1794 2866 1857 quem
2885 1779 3274 1857 ςοηειιιαιηιιβν
3307 1781 3510 1839 inesse
3540 1801 3709 1857 opor-

252 1831 569 1903 subjicere
604 1831 1029 1887 moliebantur:
1054 1834 1112 1886 et
1140 1833 1337 1887 visum
1368 1835 1461 1887 est
1489 1833 1647 1904 quod
1678 1833 1845 1889 laetas
1877 1837 1935 1889 et

250 1920 482 1974 uberes
496 1920 697 1991 spicas
715 1921 952 1976 steriles
972 1922 1154 1991 spicm
1173 1924 1229 1976 et
1249 1924 1459 1976 tenues
1477 1922 1929 1978 devoraverunt.

324 2008 418 2063 83.
463 2009 592 2063 Hoc
628 2010 925 2064 somnium
957 2010 1035 2064 ita
1055 2010 1284 2081 aperuit
1305 2013 1550 2065 sanctus
1580 2011 1826 2082 Joseph,
1861 2026 1932 2067 eo

252 2098 416 2170 quod
442 2102 675 2168 septem
692 2098 971 2169 juvenem
995 2103 1220 2169 septem
1239 2100 1377 2153 anni
1397 2099 1605 2168 forent,
1631 2103 1688 2154 et
1705 2103 1932 2171 septem

254 2189 449 2258 spica:
470 2187 747 2241 similiter
768 2192 995 2257 septem
1026 2188 1164 2242 anni
1185 2188 1393 2258 forent,
1418 2203 1493 2243 ex
1509 2188 1631 2243 fetu
1653 2192 1711 2243 et
1736 2187 1932 2243 fructu

250 2278 658 2346 interpretans
691 2280 973 2347 tempora.
1007 2276 1186 2331 Fetus
1218 2278 1371 2332 enim
1397 2276 1679 2349 juvenem
1714 2292 1931 2332 annum

254 2366 563 2436 exprimit,
595 2368 652 2420 et
680 2364 911 2419 fructus
940 2366 1165 2438 segetis
1197 2382 1416 2421 annum
1446 2369 1817 2421 consummat
1844 2366 1933 2420 in-

254 2459 516 2527 tegrum.
563 2452 705 2519 Quae
756 2454 887 2509 ideo
919 2454 1319 2509 ascendebant
1350 2455 1421 2509 de
1471 2454 1741 2526 flumine,
1774 2455 1932 2526 quod

252 2543 408 2613 dies,
446 2544 608 2613 anni,
638 2559 706 2597 ac
728 2545 989 2614 tempora
1022 2544 1326 2598 fluminum
1347 2546 1705 2614 praetereunt
1732 2544 1928 2614 modo,

250 2636 307 2687 et
358 2633 592 2687 cursim
624 2632 919 2687 labuntur.
968 2635 1173 2687 Annos
1204 2633 1399 2703 itaque
1443 2635 1667 2703 septem
1698 2632 1931 2703 priores

250 2722 464 2776 uberis
497 2725 675 2776 terrm
707 2721 935 2775 fertiles
964 2738 1032 2775 ac
1064 2721 1354 2776 fecundos
1387 2722 1646 2776 declarat
1675 2721 1927 2777 futuros:

248 2811 630 2881 posteriores
647 2813 839 2864 autem
862 2810 1012 2865 alios
1035 2813 1262 2881 septem
1284 2826 1473 2865 annos
1497 2810 1733 2865 steriles
1756 2813 1931 2881 atque

251 2899 651 2969 infecundos,
704 2915 953 2969 quorum
1005 2900 1287 2955 sterilitas
1349 2899 1733 2970 absumptura
1782 2899 1933 2954 foret

251 2988 593 3043 ubertatem
644 2990 1039 3059 superiorum.
1072 2988 1194 3053 Qua
1229 2990 1415 3061 gratia
1448 2988 1931 3059 prospiciendum

2120 1853 2243 1925 teat
2264 1855 2364 1925 :_et
2388 1864 2495 1925 qua
2516 1849 2753 1925 ratione
2782 1850 2996 1905 iisdem
3028 1851 3244 1925 Joseph
3274 1868 3341 1908 ac
3370 1849 3595 1912 Paulus
3623 1873 3713 1914 or-

2116 1920 2243 1973 nati
2271 1919 2551 1973 fuerint?

2114 2007 2201 2062 86.
2235 2006 2396 2063 Talis
2429 2007 2625 2079 itaque
2655 2008 2830 2065 debet
2881 2025 3021 2066 esse
3050 2011 3150 2083 qui
3184 2014 3498 2071 consilium
3540 2018 3710 2075 alteri

2043 2096 2159 2167 det,
2186 2099 2248 2150 ut
2269 2111 2336 2150 se
2359 2097 2557 2167 ipsum
2581 2096 2828 2152 formam
2846 2098 2981 2155 aliis
3004 2101 3265 2171 praebeat
3286 2104 3356 2157 ad
3381 2106 3714 2177 exemplum

2042 2186 2335 2241 bonorum
2367 2201 2630 2257 operum,
2654 2187 2714 2241 in
2744 2187 3029 2258 doctrina,
3054 2190 3115 2243 in
3135 2190 3487 2263 integritate,
3508 2194 3567 2249 in
3583 2211 3713 2267 gra-

2041 2275 2243 2345 vitate;
2263 2278 2324 2329 ut
2345 2274 2420 2329 sit
2444 2274 2577 2347 ejus
2597 2290 2795 2330 sermo
2817 2276 3078 2332 salubris
3092 2281 3266 2349 atque
3287 2280 3713 2351 irreprehensi-

2042 2362 2204 2433 bilis,
2226 2362 2543 2418 consilium
2559 2364 2719 2433 utile,
2736 2364 2854 2419 vita
2872 2364 3141 2436 honesta,
3163 2369 3452 2423 sententia
3471 2368 3705 2427 decora.

2113 2451 2200 2506 8'7.
2236 2451 2395 2506 Talis
2441 2454 2567 2506 erat
2611 2452 2851 2523 Paulus,
2885 2453 2986 2524 qui
3016 2455 3332 2511 consilium
3380 2457 3556 2513 dabat
3583 2461 3709 2515 vir-

2042 2541 2285 2614 ginibus
2317 2540 2369 2610 (l
2398 2540 2533 2597 Cor.
2567 2557 2682 2611 vu,
2717 2542 2808 2612 25)
2838 2542 3248 2615 magisterium
3295 2547 3708 2606 sacerdotibus

2042 2630 2166 2699 (Tit
2195 2648 2256 2701 ιι,
2288 2631 2366 2700 '7),
2394 2632 2457 2684 ut
2485 2630 2739 2701 primum
2769 2645 2837 2685 se
2868 2631 3064 2701 ipsum
3082 2632 3330 2688 formam
3362 2635 3535 2692 nobis
3558 2653 3710 2708 prae-

2039 2719 2208 2775 beret
2238 2720 2311 2774 ad
2341 2719 2704 2774 imitandum.
2748 2719 2886 2775 Ideo
2917 2723 2974 2775 et
3005 2720 3303 2777 humiliari
3331 2726 3578 2797 sciebat,
3617 2727 3707 2782 si-

2041 2813 2140 2864 cut
2169 2809 2346 2864 scivit
2376 2811 2432 2863 et
2463 2808 2710 2879 Joseph,
2744 2808 2846 2879 qui
2876 2825 3108 2866 summo
3141 2815 3307 2867 ortus
3341 2815 3708 2883 patriarcha-

2039 2915 2170 2954 rum
2194 2913 2435 2971 genere,
2462 2913 2578 2952 non
2592 2898 2947 2969 dedignatus
2962 2898 3323 2971 degenerem
3341 2904 3705 2977 servitutem,

2040 2987 2358 3043 exhibebat
2412 3002 2540 3041 eam
2596 2987 2944 3058 obsequiis,
2996 2988 3327 3044 illustrabat
3366 2991 3706 3050 virtutibus.

249 3077 586 3146 admonuit,
618 3081 681 3131 ut
703 3077 1086 3132 uberioribus
1111 3079 1283 3132 annis
1302 3080 1769 3150 eongregaretur
1797 3078 1934 3132 sub-
1963 3104 2016 3177 ό
2039 3076 2224 3133 Scivit
2254 3075 2545 3130 humiliari
2573 3116 2587 3145 ,
2633 3076 2732 3147 qui
2767 3079 2822 3130 et
2870 3077 3233 3132 venditorem
3281 3083 3337 3133 et
3382 3084 3706 3150 emptorem

249 3167 481 3221 sidium
514 3166 982 3236 frumentarium,
1013 3169 1170 3238 quod
1208 3170 1544 3222 sustentare
1574 3170 1782 3237 posset
1803 3168 1930 3223 ino-

246 3257 409 3326 piam
442 3255 666 3310 futurse
696 3256 1157 3311 infecunditatis.

315 3344 415 3398 84.
437 3343 592 3408 Quid
617 3344 869 3414 primum
910 3346 1128 3400 mirer?
1158 3346 1466 3417 Ingenium
1496 3361 1614 3417 quo
1644 3345 1704 3400 in
1734 3345 1930 3416 ipsum

246 3434 480 3487 veritas
532 3433 842 3488 descendit
890 3434 1083 3488 cubile
1114 3449 1129 3489 ε
1166 3450 1239 3487 an
1285 3434 1600 3489 consilium
1646 3450 1763 3505 quo
1813 3437 1929 3488 tam

250 3524 423 3594 gravi
475 3524 652 3592 atque
700 3523 994 3577 diuturnae
1038 3507 1349 3594 prospexit
1399 3523 1778 3578 necessistati
1808 3537 1821 3578 :
1855 3539 1930 3577 an

248 3611 625 3683 vigilantiam
656 3615 831 3682 atque
855 3611 1176 3683 justitiam;
1209 3627 1457 3683 quarum
1488 3612 1698 3681 altera,
1733 3611 1927 3682 impo-

251 3702 371 3754 sito
404 3700 528 3754 sibi
566 3702 725 3755 tanto
751 3716 1012 3762 munere.
1041 3701 1556 3773 congregavittam
1573 3700 1930 3771 multiplices

253 3793 627 3843 commeatus
653 3805 666 3843 :
701 3790 998 3860 alteraque
1030 3790 1421 3860 aequalitatem
1442 3805 1549 3860 per
1570 3805 1779 3845 omnes
1809 3804 1931 3843 ser-

251 3878 460 3931 vavit?
493 3878 644 3931 Nam
692 3878 764 3932 de
797 3878 1274 3949 magnanimitate
1304 3878 1445 3949 quid
1486 3879 1737 3950 loquar;
1770 3877 1929 3949 quod

251 3967 538 4021 venditus
569 3981 601 4019 a
629 3965 913 4020 fratribus
937 3968 995 4020 in
1018 3969 1384 4037 servitutem,
1411 3982 1527 4021 non
1549 3967 1745 4021 retulit
1772 3966 1928 4037 inju-

252 4057 425 4122 riam,
447 4055 559 4108 sed
585 4054 796 4108 famem
819 4055 1078 4125 depulit?
1095 4055 1243 4121 Quid
1263 4057 1336 4110 de
1361 4058 1669 4125 suavitate,
1690 4071 1805 4127 qua
1836 4055 1928 4109 di-

250 4143 387 4198 lecti
415 4143 619 4197 fratris
642 4145 1020 4213 prazsentiam
1056 4145 1150 4215 pia
1188 4144 1394 4199 fraude
1417 4145 1714 4216 qumsivit,
1752 4159 1928 4216 quem

250 4233 536 4286 simulato
563 4249 671 4302 per
688 4233 1039 4304 elegantiam
1063 4233 1241 4303 furto,
1269 4249 1432 4288 reum
1452 4234 1654 4288 statuit
1682 4234 1926 4304 rapinm,

248 4326 315 4375 ut
349 4322 626 4376 obsidem
656 4325 882 4376 teneret
902 4323 1109 4395 gratiae
1138 4322 1311 4393 (Gen.
1337 4339 1494 4392 κων,
1517 4323 1552 4377 2
1575 4327 1633 4378 et
1655 4325 1804 4395 seq.)
1826 4323 1855 4376 ?

2038 3180 2259 3238 passus
2291 3167 2402 3235 est,
2428 3166 2484 3219 et
2500 3164 2801 3219 dominum
2818 3165 3150 3235 appellabat
3172 3182 3326 3221 eum.
3350 3170 3499 3223 Audi
3519 3169 3710 3225 humi-

2039 3256 2277 3310 liantem
2320 3268 2386 3307 se
2441 3268 2453 3308 :
2498 3252 2569 3307 Si
2598 3253 2882 3307 Dominus
2924 3270 3091 3308 meus
3126 3262 3374 3326 prepter
3421 3272 3515 3311 me
3557 3258 3716 3314 nihil

2038 3345 2154 3399 scit
2175 3345 2236 3397 in
2259 3343 2426 3398 domo
2446 3357 2568 3406 sua,
2595 3342 2706 3413 (96)
2730 3347 2787 3396 et
2811 3343 3001 3397 omnia
3020 3358 3371 3416 quaecunque
3388 3345 3587 3415 habet,
3609 3347 3705 3402 de-

2040 3434 2128 3489 dit
2148 3433 2211 3486 in
2230 3448 2437 3486 manus
2456 3447 2638 3500 meas,
2664 3446 2850 3503 neque
2871 3431 3240 3486 subtractum
3259 3440 3350 3487 est
3368 3449 3399 3488 a
3422 3449 3515 3490 me
3533 3435 3706 3507 quid-

2040 3537 2208 3594 quam
2244 3527 2474 3592 praeter
2505 3526 2586 3590 te,
2620 3520 2755 3592 quia
2791 3535 2941 3575 uxor
2968 3520 3135 3575 illius
3167 3538 3264 3583 es;
3306 3524 3582 3594 quomodo
3611 3525 3707 3580 fa-

2038 3610 2188 3664 ciam
2218 3608 2461 3664 verbum
2482 3608 2696 3663 malum
2718 3608 2826 3664 hoc
2843 3649 2857 3678 ,
2883 3614 2941 3663 et
2952 3609 3212 3681 peccabo
3236 3626 3433 3665 coram
3459 3612 3708 3670 Domino

2037 3699 2212 3769 (Gen.
2261 3714 2469 3766 χχχιχ,
2503 3696 2557 3767 8,
2606 3696 2710 3767 9)?
2744 3697 2920 3751 Plena
2962 3714 3083 3753 vox
3112 3698 3489 3770 humilitatis,
3531 3702 3705 3771 plena

2037 3787 2528 3854 honoriﬁcentiae,
2556 3786 2729 3856 plena
2750 3786 3115 3841 castimonia
3139 3802 3152 3843 :
3179 3787 3544 3860 humilitatis,
3567 3791 3706 3862 quia

2038 3876 2275 3931 domino
2306 3874 2610 3930 deferebat
2637 3874 2783 3947 (97);
2818 3875 3283 3931 honoriﬁcentia
3306 3918 3321 3947 ,
3353 3879 3492 3947 quia
3541 3879 3700 3934 refe-

2035 3965 2204 4019 rebat
2253 3964 2503 4037 gratiam
2554 3979 2566 4019 :
2616 3964 2790 4035 plena
2840 3979 3075 4035 quoque
3126 3966 3511 4036 castimoniae,
3564 3968 3705 4038 quia

2038 4056 2192 4124 turpi
2226 4054 2446 4125 flagitio
2479 4054 2862 4108 contaminari
2892 4069 3075 4125 grave
3104 4058 3408 4124 peceatum
3438 4056 3697 4126 putabat.

2111 4144 2199 4198 88.
2253 4143 2414 4197 Talis
2472 4142 2656 4214 igitur
2713 4142 2888 4197 debet
2944 4158 3084 4197 esse
3142 4144 3541 4213 consiliarius,
3601 4147 3705 4217 qui

2039 4231 2188 4287 nihil
2236 4230 2630 4301 nebulosum,
2680 4231 2931 4301 habeat,
2984 4231 3130 4286 nihil
3179 4232 3394 4302 fallax,
3440 4232 3585 4287 nihil
3614 4234 3703 4288 si-

2034 4321 2356 4392 mulatum,
2391 4320 2505 4392 (98)
2536 4320 2693 4391 quod
2724 4322 2902 4375 vitam
2933 4320 3069 4393 ejus
3112 4336 3181 4374 ae
3213 4337 3409 4376 mores
3441 4320 3699 4394 refellat;

324 4464 449 4531 (90)
482 4463 629 4536 Mss.
666 4464 929 4532 nonnuli,
957 4465 1288 4535 portionem
1319 4463 1653 4520 collativam
1695 4466 1924 4521 statuit.
1950 4473 2006 4536 ο
2033 4463 2267 4518 biscum
2294 4462 2547 4536 faciunt;
2581 4463 2799 4535 quibus
2831 4462 3003 4536 etiam
3034 4462 3351 4536 bebraicus
3382 4464 3578 4517 textus
3606 4478 3702 4536 pa-

325 4536 442 4603 (9l)
479 4535 623 4607 Mss.
661 4551 774 4607 non
808 4537 997 4604 pauci,
1031 4552 1097 4590 ac
1116 4536 1328 4607 jejuno
1357 4552 1623 4607 corpore.

322 4607 442 4679 (9:2)
476 4606 623 4679 itas.
656 4606 895 4679 aliquot.
933 4608 1006 4679 de
1040 4606 1221 4661 terrm
1253 4606 1582 4679 surgebant
1612 4608 1765 4662 sinu.

317 4677 438 4745 (93)
474 4676 701 4750 Thuan.
736 4682 793 4730 et
822 4677 918 4750 alii
949 4678 1172 4748 aliquot
1204 4676 1379 4746 mss.,
1408 4684 1701 4750 corruptae
1719 4695 1787 4733 ac
1815 4697 1930 4736 ma-

250 4749 437 4873 gidai,
464 4748 565 4871 altii
586 4763 703 4801 non
725 4749 917 4818 pauci,
938 4754 1232 4820 corrupta:
1254 4766 1321 4803 ac
1341 4748 1607 4819 mucidae,
1632 4752 1790 4821 quod
1808 4768 1926 4808 non

293 4836 388 4873 ISD
421 4834 512 4872 nee
545 4860 558 4872 .

293 4821 558 4874 isnlicet.

320 4889 442 4958 (94)
466 4890 608 4944 Haec
639 4889 756 4943 duo
789 4891 1122 4945 testimonia
1144 4906 1176 4945 e
1210 4890 1428 4946 Genesi
1468 4907 1537 4946 ac
1560 4892 1925 4949 Deuterono-

248 4962 366 5018 mio
385 4961 568 5031 paulo
582 4961 751 5015 aliter
773 4962 1023 5017 citantur
1040 4963 1140 5017 lib.
1166 4962 1242 5017 de
1264 4962 1574 5018 Benedict.
1600 4964 1926 5019 Patriarch

248 5050 378 5103 cap.
418 5032 506 5100 ll,
542 5048 700 5086 num.
732 5032 802 5087 46
832 5036 887 5087 et
916 5034 1003 5088 53.
1042 5034 1199 5088 Satis
1237 5038 1430 5088 autem
1472 5035 1585 5089 hoc
1607 5035 1737 5090 loco
1778 5051 1923 5091 con-

249 5104 499 5177 veniunt
522 5108 651 5177 ant.
676 5103 813 5157 edit.
840 5119 973 5177 cum
1005 5120 1177 5174 mss.,
1202 5105 1317 5159 nisi
1341 5106 1498 5176 quod
1534 5106 1751 5161 habent
1783 5106 1921 5177 illm,

246 5176 478 5230 zelotes
500 5175 664 5250 filius
679 5190 861 5250 meus,
887 5175 1048 5229 [ilius
1068 5175 1707 5250 meus_adolescentior.
1731 5175 1926 5250 Adjué

256 5253 352 5302 ret
374 5245 903 5321 te..._etbenedicat
929 5247 1121 5321 te...in
1143 5246 1311 5321 rubo.
1326 5248 1523 5302 veniat
1544 5245 1924 5321 supercaput,

249 5323 363 5373 etc.
408 5316 535 5390 Sed
575 5317 1024 5390 easvarietates
1056 5318 1210 5373 sicut
1248 5322 1314 5390 et
1345 5333 1495 5390 quas
1536 5316 1759 5374 addidit
1787 5316 1925 5377 edit.

251 5391 429 5471 Rom.
464 5388 542 5442 ad
574 5388 838 5460 scriptos
872 5389 1002 5445 cod.
1024 5393 1080 5445 et
1106 5388 1459 5445 maxime—ad
1487 5389 1714 5446 Thuan.
1746 5392 1930 5447 casti-

325 5476 555 5515 VImUS.

245 5477 805 5607 “(ggtg’ommdit
831 5532 980 5602 sola,
1002 5547 1111 5607 pse
1130 5531 1349 5607 decem
1388 5532 1575 5607 millia
1602 5533 1927 5607 Epliraim,

246 5610 305 5664 et
330 5602 473 5681 ipse
492 5602 686 5662 millia
706 5602 1042 5664 Manassae.
1068 5605 1142 5662 At
1162 5619 1368 5665 omnes
1397 5606 1528 5663 aliae
1551 5619 1619 5663 ac
1649 5602 1799 5667 inse.
1832 5602 1932 5669 nos

2035 4536 2376 4589 trocinatur.
2441 4533 2617 4589 LXX
2642 4550 2784 4588 vero
2830 4533 3153 4604 praeferunt
3206 4550 3217 4588 :
3261 4534 3425 4614 ᾼῦται
3464 4535 3701 4614 μυριάδες

2037 4620 2275 4704 Ἐιξραῖμ
2301 4624 2389 4675 καὶ
2411 4614 2568 4704 αὗται
2588 4615 2817 4694 χιλιάδας
2838 4625 3124 4684 Μανασσῆ
3158 4616 3215 4668 θῐ
3276 4613 3370 4667 his
3410 4612 3700 4670 aCCédunt

2034 4696 2280 4749 reliquae
2309 4696 2641 4749 versiones.

2108 4711 2142 4748 ιι
2188 4711 2280 4749 uas
2309 4711 2641 4749 versmnes.

2108 4711 2221 4836 (ὦ)
2274 4765 2425 4819 Edit.
2472 4768 2587 4819 vet.
2635 4768 2691 4819 et
2720 4763 2989 4834 quaedam
3032 4762 3221 4819 Paris.
3250 4806 3264 4831 ,
3312 4779 3445 4819 cum
3492 4763 3700 4835 paucis

2035 4853 2207 4902 mss.,
2235 4844 2466 4908 praeter
2494 4852 2592 4908 me
2618 4836 2774 4889 nihil
2798 4836 3029 4903 scit,....
3076 4852 3200 4908 quas
3239 4852 3387 4891 uxor
3423 4837 3589 4891 illius
3609 4852 3696 4892 es.

2042 4910 2192 4963 Rom
2224 4907 2356 4963 cum
2386 4907 2600 4977 potiori
2628 4909 2789 4976 parte
2821 4922 2966 4961 mss.
2992 4910 3078 4978 ut
3109 4907 3168 4960 in
3213 4911 3377 4962 textu
3412 4923 3425 4962 :
3476 4911 3535 4962 et
3563 4909 3701 4978 qui-

2034 4979 2166 5033 dem
2201 4978 2567 5033 commodius
2594 5019 2607 5046 ,
2641 4994 2772 5031 cum
2817 4978 2873 5031 id
2905 4977 3202 5041 reddatur,
3235 4978 3392 5049 quod
3423 4981 3515 5033 est
3544 4977 3702 5049 apud

2035 5050 2057 5104 Ι
2067 5049 2218 5122 axx,
2244 5057 2301 5112 οὐ
2322 5056 2558 5130 γινώσκει
2578 5051 2644 5110 δι’
2670 5053 2753 5131 ἐμέ
2776 5051 2932 5109 οὐδὲν.
3040 5051 3128 5109 διὰ
3148 5054 3205 5110 τό
3228 5076 3284 5111 σε
3304 5065 3520 5130 γυναῖκα
3542 5057 3702 5112 αὐτοῦ

2033 5156 2184 5191 ιιναι.

2107 5211 2221 5282 (9Ἷ)
2263 5208 2345 5264 Ita
2374 5225 2521 5264 mss.
2573 5208 2777 5280 optimi
2806 5208 3025 5282 quique
3071 5209 3699 5282 acquumerosissimi:

2035 5280 2219 5353 aliqui
2248 5283 2442 5335 tamen
2489 5283 2546 5336 et
2577 5284 2805 5353 cunctae
2828 5280 3007 5351 edit.,
3055 5280 3372 5336 deferebat
3409 5280 3703 5337 honoriﬁ-

2035 5352 2312 5425 centiam,
2347 5353 2479 5425 quia
2512 5352 2831 5425 referebat
2851 5353 3129 5425 gratiam.

2106 5423 2218 5495 (98)
2239 5419 2461 5495 omnes
2497 5424 2658 5494 edit.,
2705 5419 2874 5478 nihil
2890 5422 3096 5495 fallax,
3132 5422 3289 5479 nihil
3314 5419 3648 5495 labulesum
3678 5433 3697 5475 :

2034 5496 2143 5551 sed
2174 5496 2334 5552 nihil
2376 5494 2704 5568 labulosum
2750 5495 2809 5549 in
2849 5509 3006 5568 mss.
3048 5494 3225 5568 longe
3268 5494 3539 5567 plurimis
3587 5506 3699 5548 nec

2035 5582 2152 5625 non
2182 5567 2615 5645 antiquissimis
2646 5566 3129 5642 praetermittitur.
