4002 6150
431 221 552 296 135

1894 215 1960 291 's.
2005 213 2447 292 AMBROSIl.

3761 229 3873 294 136

436 431 582 488 nihil
614 429 946 500 improbum
975 444 1046 483 ac
1095 428 1469 499 malevolum,
1505 429 1662 500 quod
1711 431 1933 484 avertat
1962 407 2186 484 con-A
2219 428 2571 498 corporalis,
2599 428 2706 484 sed
2743 429 3072 500 spiritualis
3105 432 3198 485 est
3235 430 3499 500 satietas,
3533 445 3706 502 quam
3736 445 3870 502 ope-

434 521 719 576 sulentes.
753 518 884 572 Alia
927 521 1066 574 sunt
1097 519 1253 573 enim
1301 535 1434 590 quae
1485 519 1794 590 fugiuntur
1823 517 1958 589 (99),
1991 518 2108 572 alia

435 624 569 680 quae
601 609 1073 662 contemnuntur.
1109 607 1394 678 Fugimus
1427 623 1494 662 ea
1547 623 1680 678 quae
1711 609 1965 678 possunt
1995 623 2106 661 no-

436 712 592 765 cere,
642 711 776 766 quae
821 695 1111 750 malitiose
1171 699 1425 765 possunt
1465 695 1524 749 in
1571 712 1786 751 noxam
1817 711 2100 766 serpere;

433 789 498 841 ut
525 785 580 840 si
609 784 662 840 is
693 785 794 856 qui
838 783 1192 853 consulitur,
1233 784 1412 838 dubia
1440 785 1518 839 sit
1564 784 1700 855 ﬁde,
1733 788 1789 840 et
1834 785 2104 856 pecuniae

435 871 666 942 avidus,
692 875 754 926 ut
782 873 975 942 possit
1021 873 1209 942 pretio
1241 874 1489 928 mutari:
1526 875 1580 928 si
1621 873 1974 944 injuriosus,
2007 873 2104 928 hic

431 961 659 1034 fugitur
685 976 753 1014 ac
771 960 1118 1016 declinatur.
1141 959 1251 1026 Qui
1272 977 1414 1018 vero
1446 961 1874 1032 voluptuarius,
1900 962 2106 1017 intem-

436 1065 692 1122 perans;
725 1049 838 1104 etsi
868 1049 1100 1105 alienus
1129 1065 1160 1104 a
1191 1049 1418 1118 fraude,
1450 1054 1644 1104 tamen
1675 1067 1892 1105 avarus
1925 1055 1982 1105 et
2012 1067 2106 1106 cu-

431 1139 628 1211 pidior
672 1137 822 1192 lucri
869 1138 1083 1209 turpis,
1139 1137 1236 1193 hic
1285 1139 1696 1194 contemnitur.
1730 1138 1898 1205 Quod
1947 1139 2104 1194 enim

430 1227 737 1298 specimen
792 1226 1124 1297 industriae,
1158 1243 1332 1298 quem
1364 1227 1618 1282 fructum
1665 1228 1889 1284 laboris
1921 1228 2100 1284 edere

434 1319 650 1388 potest,
685 1331 860 1387 quam
889 1314 1156 1387 recipere
1186 1316 1380 1372 animo
1411 1332 1611 1372 curam
1641 1333 1710 1372 ac
1758 1317 2104 1372 sollicitudi-

431 1421 588 1473 nem,
621 1405 724 1476 qui
753 1419 820 1459 se
851 1404 1072 1474 torpori
1105 1404 1332 1460 dederit
1361 1408 1536 1477 atque
1565 1407 1822 1478 ignaviae
1842 1408 1870 1461 ‘?

506 1493 596 1548 89.
629 1493 766 1548 Ideo
797 1492 938 1548 boni
968 1494 1060 1547 vir
1089 1493 1515 1550 consiliidicit:
1553 1495 1683 1566 Ego
1705 1495 1860 1550 enim
1893 1495 2100 1566 didici,

429 1583 494 1639 in
541 1581 756 1655 quibus
805 1598 953 1651 sum,
1007 1581 1318 1637 sufﬁciens
1369 1599 1504 1638 esse
1534 1583 1822 1656 (Philipp.
1875 1584 2098 1654 iv,11).

431 1671 668 1727 Sciebat
697 1671 853 1726 enim
882 1671 1140 1725 omnium
1174 1672 1460 1726 malorum
1489 1673 1749 1727 radicem
1786 1688 1923 1728 esse
1956 1689 2102 1727 ava-

2219 520 2384 572 ratur
2427 517 2694 573 scientia.
2745 518 2816 572 Et
2863 521 3071 574 merito
3104 519 3352 574 scientia
3392 535 3542 590 Opus
3573 523 3702 589 est;
3746 521 3872 592 quia

2219 622 2332 661 non
2353 607 2414 660 in
2427 621 2583 678 pane
2604 606 2729 662 solo
2756 607 2907 660 vivit
2928 608 3115 677 homo,
3148 609 3257 664 sed
3287 608 3348 662 in
3381 610 3538 663 omni
3566 609 3744 664 verba
3767 609 3877 663 Dei

2219 695 2414 763 (Deut.
2447 711 2570 765 vm,
2603 696 2678 764 3).
2714 695 2872 768 Ergo
2902 697 3002 767 qui
3034 697 3124 751 sic
3154 697 3382 752 sciebat
3413 697 3671 752 saturari
3703 702 3757 752 et
3787 699 3874 752 sic

2217 783 2468 852 esurire,
2505 783 2731 838 sciebat
2759 789 2820 838 ut
2849 800 3086 855 semper
3113 801 3266 840 nova
3287 789 3599 864 quaereret,
3627 787 3876 840 esuriret

2218 871 2424 940 Deum,
2459 871 2649 928 sitiret
2677 873 2737 926 in
2771 873 3079 928 Dominum
3110 874 3206 942 (2).
3239 873 3474 929 Sciebat
3505 875 3751 944 esurire,
3777 875 3875 946 qui

2217 961 2446 1016 sciebat
2495 961 2631 1032 quia
2677 963 3012 1016 esurientes
3059 963 3496 1018 manducabunt
3542 965 3776 1032 (Matth.
3816 981 3873 1034 v,

2215 1049 2270 1119 6)
2297 1065 2308 1104 :
2343 1049 2571 1104 sciebat
2593 1053 2649 1104 et
2677 1053 2904 1120 poterat
2933 1051 3256 1120 abundare,
3297 1052 3397 1122 qui
3428 1052 3574 1106 nihil
3605 1052 3874 1122 habebat,

2213 1141 2270 1193 et
2299 1137 2646 1209 possidebat
2675 1139 2868 1194 omnia
2899 1139 2969 1209 (ll
2995 1139 3130 1196 Cor.
3165 1157 3244 1210 γι,
3278 1140 3386 1210 10).

2799 1243 3052 1302 CAPUT
3087 1245 3295 1300 XVIII.

2217 1331 2504 1406 Quantum
2534 1333 2724 1406 iniqui
2743 1405 2752 1406 ί
2773 1331 3086 1389 consiliari
3113 1334 3315 1406 damni
3361 1333 3638 1401 all'erant,
3675 1353 3877 1392 exem-

2277 1405 2379 1476 plo
2407 1405 2609 1460 decem
2636 1405 2902 1459 tribuum
2936 1421 2966 1459 a
2987 1420 3132 1476 rege
3164 1405 3420 1461 Roboam
3453 1408 3878 1464 decisccntium

2283 1483 2377 1530 sat
2407 1476 2689 1548 intelligi.

2281 1582 2371 1638 93.
2399 1582 2654 1654 Egregie
2676 1583 2870 1653 itaque
2911 1582 3074 1637 viros
3109 1583 3285 1638 alicui
3317 1585 3708 1654 praesidentes
3739 1603 3874 1641 mu-

2211 1672 2341 1726 neri
2354 1670 2959 1742 commendatjustitia
2973 1668 3076 1740 (3):
3105 1675 3303 1726 contra
3322 1673 3601 1744 iniquitas
3615 1674 3881 1730 destituit

432 1761 626 1816 ritiam
654 1759 710 1831 (l
735 1759 878 1814 Tim.
925 1777 1004 1828 vi,
1039 1760 1149 1830 10),
1185 1763 1240 1815 et
1269 1761 1400 1816 ideo
1451 1777 1562 1816 suo
1593 1765 1903 1816 contentus
1953 1765 2096 1831 erat,
2131 1796 2186 1860 Β
2211 1764 2384 1832 atque
2425 1760 2746 1831 impugnat.
2774 1759 3057 1828 Exemplo
3095 1759 3270 1815 nobis
3291 1765 3382 1816 est
3412 1762 3712 1833 Scriptura
3743 1780 3878 1835 quin

433 1849 688 1904 alienum
747 1863 866 1902 non
916 1847 1273 1919 requirebat.
1325 1849 1480 1903 Satis
1539 1850 1679 1904 mihi
1730 1853 1840 1918 est,
1892 1849 2100 1922 inquit,

433 1937 592 2009 quod
625 1936 816 1992 habeo
846 1951 860 2006 ;
894 1937 1022 1991 sive
1054 1953 1281 2007 parum,
1315 1938 1443 1993 sive
1483 1938 1798 2008 plurimum
1829 1938 2100 2008 habeam,

434 2025 579 2081 mihi
609 2025 924 2096 plurimum
983 2029 1094 2080 est.
1129 2025 1494 2097 Expressius
1539 2027 1758 2098 aliquid
1789 2027 2103 2082 dicendum

435 2114 689 2170 videtur.
723 2113 968 2186 Signata
1001 2115 1186 2168 verbo
1217 2131 1366 2170 usus
1399 2118 1522 2170 est:
1557 2115 1788 2170 Sufficit
1821 2117 1984 2185 mihi,
2004 2116 2100 2170 in-

434 2203 580 2276 quit,
613 2203 673 2258 in
702 2218 818 2274 quo
851 2219 984 2257 sum
1015 2203 1130 2272 (1);
1161 2203 1219 2257 id
1251 2207 1362 2272 est,
1398 2219 1506 2258 nec
1537 2204 1722 2274 deest,
1759 2220 1867 2259 nec
1899 2220 2104 2275 super-

434 2292 581 2348 ﬂuit.
644 2291 778 2346 Non
835 2290 1022 2362 deest,
1058 2291 1194 2363 quia
1250 2292 1396 2347 nihil
1429 2309 1632 2364 quaero
1663 2293 1915 2364 amplius
1941 2309 1952 2348 :
1982 2309 2101 2348 non

427 2379 766 2452 superﬂuit,
802 2379 938 2452 quia
969 2395 1087 2436 non
1109 2381 1304 2437 solum
1353 2381 1498 2436 mihi
1519 2381 1730 2452 habeo,
1783 2381 1889 2437 sed
1907 2381 2096 2453 pluri-

429 2470 567 2526 bus.
585 2468 710 2524 Hoc
725 2468 797 2524 de
827 2469 1098 2541 pecunia.

509 2562 607 2631 92
637 2563 725 2621 90.
777 2565 1071 2624 Cmterum
1119 2567 1192 2622 de
1236 2568 1512 2624 omnibus
1563 2568 1676 2626 dici
1725 2573 1920 2644 potest
1959 2575 2099 2641 quia

431 2661 810 2719 sufﬁciebant
837 2658 941 2726 illi_
969 2657 1306 2727 praesentia.
1343 2657 1456 2712 hoc
1503 2662 1613 2730 est,
1645 2677 1764 2717 non
1810 2664 2096 2720 honorem

429 2749 740 2823 majorem,
776 2763 895 2803 non
925 2745 1214 2816 obsequia
1233 2745 1506 2800 uberiora
1529 2747 1942 2822 desiderabat;
1978 2770 2098 2809 non

429 2839 640 2914 gloriae
685 2835 1018 2892 immodica:
1065 2835 1336 2904 cupidus,
1386 2839 1484 2889 aut
1541 2838 1790 2908 gratiam
1837 2841 2096 2898 indebite

431 2927 736 3002 querebat
761 2941 772 2981 :
810 2923 917 2980 sed
947 2923 1127 2977 debiti
1158 2922 1332 2977 tinem
1353 2925 1712 2997 certaminis,
1739 2929 1968 2998 patiens
2005 2931 2095 2986 la-

433 3016 622 3086 boris,
657 3029 910 3071 securus
942 3011 1134 3066 meriti
1162 3011 1651 3081 praestolabatur:
1687 3016 1846 3087 Scio,
1881 3019 2090 3090 inquit,

427 3103 511 3162 Et
541 3103 850 3161 humiliari
891 3099 1174 3173 (Philipp.
1209 3117 1287 3168 iv,
1324 3100 1430 3169 1‘2).
1483 3101 1616 3157 Non
1662 3119 1808 3177 ergo
1858 3107 2093 3164 indocta

404 3193 746 3262 humilitas,
772 3192 876 3247 sed
897 3206 1030 3262 quae
1057 3189 1269 3243 habeat
1288 3189 1382 3243 sui
1414 3191 1762 3248 modestiam
1793 3199 1850 3251 et
1891 3199 2092 3253 scicn-

422 3285 585 3354 tiam,
619 3281 776 3337 laudi
819 3280 1008 3334 datur.
1045 3277 1150 3332 Est
1197 3278 1353 3332 enim
1384 3277 1684 3336 humilitas
1731 3282 2089 3358 formidinis,

424 3375 517 3428 est
546 3369 858 3442 imperitiae
889 3371 1063 3440 atque
1110 3365 1495 3439 ignorantiae;
1539 3373 1594 3424 et
1625 3371 1756 3426 ideo
1789 3373 2092 3444 Scriptura

425 3461 541 3516 ait:
577 3460 658 3515 Et
692 3457 948 3514 humiles
975 3457 1198 3528 spiritu
1227 3455 1492 3519 salvabit
1522 3457 1710 3527 (Psal.
1746 3477 1952 3532 χχχιιι,
1979 3464 2087 3534 19).

421 3547 715 3605 Praeclare
747 3563 892 3619 ergo
923 3545 1105 3600 dixit:
1145 3544 1283 3599 Scio
1305 3551 1362 3599 et
1385 3545 1714 3619 humiliari,
1749 3549 1805 3604 id
1837 3554 1947 3622 est,
1973 3569 2091 3624 quo

417 3635 480 3693 in
511 3637 664 3707 loco,
705 3652 819 3707 qua
849 3633 1270 3704 moderatione,
1305 3649 1421 3704 quo
1453 3634 1588 3705 tiae,
1619 3637 1680 3690 in
1711 3653 1827 3708 quo
1867 3639 2086 3712 ofﬁcio,

421 3724 484 3780 in
517 3741 634 3798 quo
667 3739 930 3780 munere.
965 3722 1234 3777 Nescivit
1250 3723 1589 3779 Pharismus
1613 3725 1930 3798 humiliari,
1955 3729 2090 3784 ideo

425 3815 697 3886 dejectus
729 3817 858 3868 est:
915 3812 1092 3868 scivit
1121 3811 1496 3884 publicanus,
1547 3813 1680 3870 ideo
1724 3815 2090 3887 justiticatus

417 3907 510 3960 est
535 3903 696 3971 (Luc.
728 3918 893 3972 xvm,
928 3899 1142 3969 11-14).

487 3989 576 4046 91.
613 3991 851 4046 Sciebat
881 3993 937 4044 et
967 3989 1268 4045 abundare
1301 3991 1540 4062 Paulus,
1575 3995 1673 4064 qui
1697 3995 1957 4050 animum
1979 3995 2087 4051 ha-

419 4080 598 4136 bebat
627 4080 907 4149 divitem;
959 4079 1070 4133 etsi
1111 4079 1455 4134 thesaurum
1503 4081 1704 4136 divitis
1754 4099 1870 4138 non
1903 4085 2089 4140 habe-

415 4169 537 4224 bat.
599 4167 837 4224 Sciebat
881 4167 1200 4236 abundare,
1251 4169 1352 4238 qui
1380 4184 1499 4224 non
1545 4172 1848 4241 quaerebat
1893 4173 2091 4229 datum

422 4259 486 4313 in
513 4257 784 4329 pecunia,
819 4255 926 4311 sed
947 4257 1284 4326 requirebat
1315 4255 1568 4312 fructum
1602 4259 1661 4313 in
1693 4261 1899 4332 gratia.
1937 4263 2088 4318 Pos-

417 4361 630 4402 sumus
676 4349 732 4400 et
775 4345 864 4400 sic
911 4343 1262 4417 intelligere,
1311 4347 1446 4416 quia
1489 4348 1716 4402 sciebat
1761 4350 2082 4422 abundare,

428 4435 532 4508 qui
561 4438 789 4506 poterat
835 4435 1066 4490 dicere:
1123 4433 1204 4488 Os
1251 4442 1518 4490 nostrum
1557 4443 1726 4509 patet
1774 4439 1850 4494 ad
1885 4457 2004 4512 vos,
2055 4455 2088 4496 0

422 4524 747 4592 Corinthii,
775 4539 878 4579 cor
893 4526 1156 4578 nostrum
1176 4519 1484 4578 dilatatam
1503 4532 1594 4580 est
1613 4525 1688 4595 (ll
1702 4527 1836 4583 Cor.
1862 4546 1942 4598 vi,
1967 4527 2080 4599 11).

482 4612 642 4669 92.In
657 4611 933 4669 omnibus
947 4612 1362 4682 eratimbutus,
1389 4616 1443 4668 et
1475 4616 1725 4670 saturari
1745 4619 1801 4670 et
1832 4617 2082 4686 esurire,

418 4699 637 4756 Beatus
655 4701 756 4774 qui
778 4701 1006 4756 sciebat
1027 4701 1280 4756 saturari
1298 4701 1356 4754 in
1377 4702 1633 4757 Christo.
1652 4703 1785 4758 Non
1808 4721 1952 4778 ergo
1987 4707 2086 4761 illa

488 4839 602 4924 (99)
645 4842 766 4898 Cic.
812 4843 914 4898 lib.
963 4859 1005 4898 ιι
1039 4843 1232 4924 Ol'lie.,
1279 4841 1572 4924 pag._3‘l9,
1608 4845 1726 4924 .lin.
1759 4847 1830 4902 9:
1858 4870 1894 4924 _«
1951 4847 2084 4924 Non

421 4916 577 4988 enim
610 4929 816 4969 omnes
847 4929 952 4970 eos
985 4920 1381 4986 contemnunt,
1403 4917 1474 4970 de
1523 4916 1740 4988 quibus
1761 4919 1911 4973 male
1933 4920 2088 4974 exis-

421 4985 648 5052 timant,
687 5007 707 5032 η
744 4989 854 5040 etc.

492 5055 996 5134 (1)_\'etustis__s_imi
1018 5057 1172 5128 cod.,
1211 5057 1414 5112 Efﬁcit
1429 5059 1596 5128 mihi,
1629 5059 1838 5133 inquit,
1947 5060 2080 5134 quia

421 5125 766 5182 efﬁciebant
798 5128 944 5182 illis.

491 5198 570 5267 (2)
591 5197 809 5273 anes
834 5199 1260 5273 edit.,_esurire
1281 5205 1338 5254 et
1361 5201 1539 5256 sitire
1563 5201 1730 5257 Domi
1737 5219 1898 5273 unm;
1925 5219 2074 5258 mss.

420 5269 708 5336 nonnulli,
725 5271 965 5324 esurire
991 5271 1197 5338 Deum,
1219 5273 1446 5340 sitiret,
1487 5277 1584 5327 aut
1606 5275 1784 5328 sitire
1805 5282 1863 5329 et
1887 5269 2083 5330 Domi-

419 5356 590 5416 num;
613 5341 710 5394 alii
737 5358 950 5416 magno
973 5359 1240 5412 numero,
1279 5344 1742 5416 esuriretlwum
1781 5347 1984 5400 sitiret
2017 5346 2080 5400 in

413 5407 724 5539 Diqminum
750 5454 764 5486 ,
795 5407 864 5469 ἱιῖ
887 5430 1136 5486 quorum
1167 5407 1364 5468 tamen
1391 5413 1688 5486 aliquibus
1735 5417 1798 5471 in
1827 5433 1946 5472 non
1992 5415 2082 5472 le-

413 5501 457 5539 ιι
507 5501 594 5539 ur.

507 5501 594 5540 lll‘.

413 5501 576 5630 .8123;
582 5525 725 5630 .Cie.
745 5555 848 5614 lib.
879 5572 920 5612 ιι
957 5555 1148 5630 οίῆοη
1181 5571 1318 5630 pag.
1349 5553 1474 5628 385,
1507 5556 1609 5630 lin.
1637 5556 1744 5630 40:
1782 5579 1803 5607 α
1840 5557 2080 5626 Nullum

413 5624 832 5714 igitur-"vitium
888 5624 1392 5714 tetrius...'qﬁam
1442 5624 1706 5706 avaritia,
1745 5624 2080 5712 praesertim

411 5695 475 5765 ίιῖ
502 5697 894 5784 principibus,
931 5723 954 5757 υ
990 5702 1102 5764 etc.

2130 3151 2184 3216 Ο

2210 1849 2351 1904 dicit
2371 1849 2507 1920 quia
2531 1865 2663 1904 cum
2687 1848 2942 1919 populus
2966 1849 3146 1904 Israel
3172 1855 3306 1920 post
3329 1854 3576 1906 mortem
3602 1851 3880 1908 Salomo-

2210 1939 2306 1993 nis
2327 1940 2606 2009 rogasset
2635 1937 2819 1991 tilium
2851 1935 2986 2008 ejus
3020 1938 3305 2008 Roboam,
3331 1943 3392 1993 ut
3411 1939 3700 1996 relevaret
3739 1957 3880 1996 cer-

2207 2027 2375 2082 vices
2417 2042 2622 2081 eorum
2651 2043 2686 2080 a
2725 2027 3008 2080 servitute
3039 2027 3204 2096 dura,
3258 2031 3314 2082 et
3357 2029 3584 2098 paterni
3632 2031 3866 2101 imperii

2205 2118 2558 2188 temperaret
2572 2117 2993 2183 austeritatem,
3015 2115 3197 2185 illum,
3219 2120 3418 2186 spreto
3433 2119 3606 2173 senili
3625 2121 3881 2177 consilio

2209 2207 2285 2261 de
2315 2205 2706 2278 suggestione
2734 2204 3196 2259 adolescentium
3227 2221 3586 2277 responsum
3628 2209 3875 2265 dedisse

2208 2295 2574 2366 hujusmodi,
2625 2294 2760 2365 quia
2793 2298 2848 2348 et
2897 2309 3048 2348 onus
3079 2293 3364 2365 adjiceret
3413 2313 3596 2366 super
3622 2299 3880 2367 patrium

2202 2383 2438 2456 jugum,
2497 2385 2556 2437 et
2610 2383 2834 2437 leviora
2863 2383 3243 2454 gravioribus
3285 2384 3594 2455 suppliciis
3625 2391 3882 2443 mutaret

2207 2475 2300 2546 (Ill
2328 2475 2473 2545 Heg.
2506 2490 2609 2542 χιι,
2644 2473 2779 2541 1-4).

2277 2563 2366 2618 9t.
2381 2561 2506 2628 Quo
2519 2577 2813 2632 responso
2837 2561 3168 2632 exasperati
3189 2563 3622 2632 responderunt
3637 2566 3874 2636 pepuli:

2203 2654 2338 2709 Non
2361 2657 2454 2707 est
2472 2650 2647 2706 nobis
2661 2651 2860 2721 portio
2881 2666 3008 2704 cum
3031 2650 3118 2704 Da
3130 2650 3246 2720 vid,
3266 2667 3450 2724 neque
3467 2653 3797 2709 haeredilas
3811 2656 3882 2710 in

2203 2742 2351 2798 {iliis
2372 2742 2566 2796 Jesse.
2595 2740 2935 2794 Revertere
2971 2741 3364 2812 unusquisque
3397 2741 3458 2794 in
3487 2742 3881 2800 tabernacula

2207 2839 2320 2895 tua,
2339 2828 2715 2898 Israel(lbid.
2737 2827 2854 2896 16);
2887 2829 3164 2899 quoniam
3197 2828 3293 2882 hic
3321 2829 3884 2904 homo(4)nequcin

2203 2920 2552 2993 principem,
2585 2933 2776 2988 neque
2809 2917 2868 2970 in
2899 2917 3107 2970 ducem
3137 2917 3249 2976 erit
3295 2919 3491 2974 nobis.
3523 2921 3723 2992 Itaque
3772 2923 3886 2978 de-

2204 3013 2450 3065 sertusa
2486 3005 2702 3078 populo
2724 3021 2793 3060 ac
2831 3005 3168 3075 destitutus,
3191 3007 3291 3061 vix
3331 3008 3578 3064 duarum
3607 3011 3884 3068 tribuum

2202 3101 2446 3170 propter
2475 3095 2662 3150 David
2702 3094 2973 3150 meritum
3020 3094 3239 3150 habere
3269 3099 3454 3166 potuit
3501 3099 3880 3157 societatem.

2735 3193 2830 3256 93
2882 3201 3134 3257 CAPUT
3177 3203 3332 3258 XIX.

2201 3294 2536 3365 Justitiaet
2589 3290 3008 3365 benevolentia
3041 3296 3102 3365 et
3159 3291 3546 3365 affabilitate,
3568 3292 3879 3365 plurimos

2309 3363 2654 3418 conciliari:
2687 3361 2796 3416 sed
2831 3361 2982 3416 hanc
3012 3364 3310 3417 sinceram
3345 3380 3478 3419 esse
3509 3361 3759 3422 debere.

2271 3451 2360 3507 95.
2384 3453 2576 3506 Clarct
2607 3467 2750 3522 ergo
2773 3451 3051 3522 quoniam
3071 3455 3127 3505 et
3148 3453 3396 3523 aequitas
3435 3453 3679 3524 imperia
3712 3471 3875 3510 con-

2201 3543 2412 3610 ﬁrmet,
2462 3544 2518 3595 et
2567 3539 2858 3612 injustitia
2906 3539 3197 3595 dissolvat
3242 3539 3340 3610 (ὅ).
3377 3541 3524 3596 Nam
3570 3546 3884 3614 quomodo

2199 3634 2394 3700 potest
2443 3629 2661 3683 malitia
2709 3644 2960 3700 regnum
3008 3629 3342 3698 possidere,
3396 3647 3528 3702 quae
3559 3648 3632 3686 ne
3688 3649 3888 3690 unam

2199 3720 2435 3792 quidem
2467 3719 2752 3788 privatam
2783 3720 2978 3787 potest
3008 3733 3218 3790 regere
3249 3719 3528 3774 familiam
3547 3722 3574 3774 ‘2
3625 3721 3886 3779 Summa

2199 3809 2382 3880 igitur
2409 3807 2772 3878 benignitate
2812 3821 2962 3876 opus
3005 3811 3115 3878 est,
3148 3809 3210 3861 ut
3239 3825 3356 3863 non
3397 3809 3592 3864 solum
3624 3811 3882 3880 publica

2197 3896 2620 3970 gubernacula,
2692 3896 2799 3950 sed
2867 3896 3040 3958 etiam
3098 3897 3322 3966 privata
3374 3897 3511 3969 jura
3566 3901 3878 3956 tueamur.

2200 3986 2522 4041 Plurimum
2547 3984 2718 4057 juvat
2762 3984 3196 4054 benevolentia,
3244 4002 3377 4056 quae
3427 4003 3633 4042 omnes
3665 3989 3887 4045 studet

2197 4075 2508 4132 beneﬁciis
2539 4073 2830 4145 amplecti,
2867 4075 3180 4129 devincere
3202 4075 3438 4146 ofﬁciis,
3472 4076 3883 4148 Oppignerare

2195 4166 2405 4238 gratia.

2267 4253 2356 4308 96.
2400 4252 2812 4307 Al‘fabilitatem
2863 4268 3098 4324 quoque
3147 4253 3442 4308 sermonis
3491 4254 3756 4309 diximus
3797 4256 3884 4312 ad

2197 4343 2626 4398 conciliandam
2658 4342 2905 4412 gratiam
2954 4342 3152 4397 valere
3182 4341 3516 4412 plurimum.
3563 4342 3679 4398 Sed
3714 4343 3884 4400 hanc

2194 4432 2469 4487 volumus
2502 4446 2640 4486 esse
2673 4431 2967 4484 sinceram
2997 4446 3066 4484 ac
3098 4431 3380 4500 sobriam,
3415 4433 3545 4486 sine
3565 4431 3682 4486 ulla
3715 4433 3882 4488 adu-

2119 4509 2174 4572 D
2195 4521 2410 4575 latione
2441 4519 2537 4590 (ti),
2571 4535 2644 4574 ne
2692 4519 3126 4589 simplicitatem
3156 4535 3224 4572 ac
3247 4520 3581 4590 pluritatem
3611 4521 3876 4593 alloquii

2195 4610 2476 4665 dedeceat
2506 4609 2800 4663 sermonis
2849 4607 3102 4662 adulatio
3142 4608 3260 4678 ('i);
3312 4609 3500 4662 forma
3530 4610 3687 4663 enim
3722 4625 3878 4666 esse

2194 4699 2480 4754 debemus
2534 4697 2766 4752 caeteris
2815 4713 2932 4752 non
2963 4697 3158 4751 solum
3207 4697 3267 4752 in
3297 4713 3494 4768 opere,
3546 4698 3652 4752 sed
3684 4700 3880 4756 etiam

2263 4841 2360 4910 (4).
2399 4840 2679 4906 Quoniam
2701 4839 2799 4892 hic
2835 4839 3024 4911 homo,
3061 4842 3196 4910 etc.,
3231 4855 3348 4895 non
3380 4842 3760 4911 reperiuntur
3809 4845 3880 4899 in

2191 4912 2394 4966 bibliis
2421 4927 2434 4978 ;
2467 4914 2623 4984 sicut
2652 4925 2762 4964 nec
2791 4910 2992 4964 ultima
3024 4911 3224 4980 verba,
3261 4913 3378 4966 erit
3413 4910 3602 4977 nobis,
3649 4914 3712 4967 in
3736 4914 3880 4984 plu-

2189 4984 2360 5037 ribus
2392 4982 2840 5056 potioribusque
2877 4998 3046 5051 mss.,
3073 4999 3322 5056 quorum
3346 4985 3516 5056 etiam
3539 4982 3877 5056 aliqui—pro

2191 5070 2380 5126 neque
2397 5055 2458 5126 in
2489 5053 2713 5126 ducem,
2746 5053 2952 5126 legunt
2984 5068 3169 5126 neque
3190 5054 3261 5126 in
3282 5055 3568 5126 iudicem.

2262 5123 2480 5195 (5)t.1ic.
2515 5124 2618 5178 lib.
2652 5141 2691 5176 ιι
2721 5123 2919 5195 Οίϊίοη
2968 5123 3104 5194 pag.
3137 5123 3412 5193 378,1in.
3443 5126 3510 5180 8:
3550 5149 3570 5175 α
3625 5126 3773 5191 Qua:
3817 5128 3876 5183 si

2193 5197 2411 5268 populo
2433 5197 2614 5269 Rom.
2646 5194 2888 5269 injuste,
2929 5215 2966 5269 »_
2987 5201 3098 5269 etc.
3125 5197 3270 5269 Item
3302 5212 3435 5267 pag.
3469 5195 3592 5269 379,
3629 5199 3734 5254 lin.
3761 5201 3873 5256 43:

2195 5265 2217 5316 ἆ
2253 5265 2398 5323 Cum
2429 5267 2608 5339 igitur
2635 5270 2802 5339 tanta
2824 5265 3192 5339 visqjustitiae
3213 5265 3322 5339 _sit,
3359 5265 3530 5322 nvetc.

2261 5339 2337 5409 (6)
2368 5337 2538 5407 Ibid,
2573 5353 2707 5408 pag.
2739 5337 2862 5402 380,
2899 5337 3000 5392 lin.
3031 5338 3101 5393 9:
3141 5361 3162 5386 «ι
3198 5337 3382 5403 Quam
3428 5339 3717 5410 praeclare
3751 5341 3874 5398 So-

2192 5416 2385 5466 crates
2417 5410 2570 5464 hanc
2611 5411 2832 5464 viam...
2864 5413 2929 5482 rut
2979 5411 3170 5482 qualis
3219 5410 3426 5465 haberi
3469 5412 3664 5482 vellet,
3718 5415 3872 5470 talis

2190 5487 2372 5538 esset.
2392 5481 2575 5554 Quod
2607 5481 2658 5554 si
2691 5483 2792 5553 qui
2818 5481 3214 5554 simulatione,
3252 5503 3274 5533 ν
3311 5485 3422 5538 etc.

2265 5555 2342 5626 (Ἰ)
2388 5553 2520 5634 Edit
2559 5553 2760 5634 ultima
2811 5553 3000 5612 Puris.
3054 5553 3392 5630 cum’pauci
3439 5571 3613 5634 mss.,
3658 5555 3875 5618 deleat

2185 5625 2484 5689 sermonis
2504 5625 2784 5693 adulatio.
