4002 6150
212 367 296 432 137
1071 357 1182 422 DE
1215 357 1572 424 OFFICIIS
1601 355 2212 422 MINISTRORUM
2249 355 2505 420 LIBER
2532 357 2612 421 II.

3441 358 3565 425 138

201 570 241 624 in
263 579 496 632 sermone,
525 562 582 616 in
611 561 880 616 castitate
911 560 1138 617 ac'tide.
1179 560 1396 626 Quales
1435 561 1641 616 haberi
1670 577 1778 616 vo-
1810 545 1864 610 Α
1896 560 2065 615 Unde
2098 560 2316 616 factum
2348 565 2439 615 est
2471 565 2531 616 ut
2561 562 2659 634 qui
2693 561 2882 618 fuerat
2912 564 3116 620 socius
3147 569 3558 624 conversatio-

202 658 358 720 lumus,
384 653 512 707 tales
538 652 726 706 simus
753 667 765 705 :
800 653 857 705 et
889 651 1123 722 qualem
1157 649 1432 704 affectum
1465 650 1773 720 habemus,

191 746 314 799 tatem
337 742 654 813 aperiamus.
693 741 903 812 Neque
937 739 1210 794 dicamus
1263 741 1324 794 in
1357 739 1535 793 corde
1572 744 1777 793 nostro

198 833 379 886 verbum
406 831 671 901 iniquum,
705 831 863 900 quod
894 827 1178 884 abscondi
1211 831 1485 898 putemus
1506 827 1778 897 silentio;

199 922 296 993 quia
321 920 451 974 audit
477 920 528 972 in
573 918 806 973 occulto
838 919 1013 987 dicta,
1061 917 1198 990 quia
1230 917 1460 972 occulta
1512 916 1685 971 fecit:
1721 919 1780 972 et

195 1009 432 1080 cognoscit
470 1011 694 1062 secreta
723 1007 1046 1076 viscerum,
1094 1007 1194 1078 qui
1227 1021 1474 1061 sensum
1521 1005 1775 1060 visceri-

191 1100 273 1152 bus
306 1097 498 1152 infudit.
546 1097 708 1168 Ergo
759 1099 1033 1167 tanquam
1082 1096 1194 1150 sub
1239 1095 1430 1150 oculis
1477 1094 1779 1150 constituti

185 1188 368 1258 judicis,
394 1185 666 1256 quidquid
713 1185 1003 1257 gerimus,
1045 1185 1106 1238 in
1155 1184 1285 1240 luce
1314 1184 1575 1254 Positum
1601 1186 1773 1254 pute-

189 1293 298 1343 mus,
325 1278 374 1329 ut
401 1275 662 1330 omnibus
694 1275 1126 1330 manifestatur.

737 1397 991 1454 CAPUT
1023 1399 1150 1452 XX.

183 1523 644 1578 Omniliusmultmn
661 1524 954 1595 prodesse
971 1523 1255 1595 bonorum
1273 1521 1772 1595 familiaritatem,

227 1597 432 1649 maxime
466 1612 606 1649 vero
637 1593 1158 1648 adolescentibus:
1191 1595 1300 1647 hoc
1331 1594 1474 1648 Jesu
1505 1593 1676 1646 Nave
1712 1609 1780 1646 ac

224 1666 401 1738 Moysi,
429 1666 676 1738 aliisque
710 1665 1002 1738 exemplis
1029 1664 1281 1736 probari
1299 1664 1512 1738 quibus
1528 1664 1776 1738 subjici-

227 1735 401 1808 turqui
423 1735 600 1791 aetate
631 1744 768 1790 sunt
797 1735 1093 1808 dispares,
1127 1735 1350 1790 virtute
1369 1735 1668 1808 interdum
1683 1750 1783 1805 pa-

229 1805 469 1870 res'esse.
505 1815 564 1862 ut
598 1808 828 1862 Petrus
859 1805 926 1860 ae
947 1807 1209 1862 Joannes
1233 1805 1626 1877 patefaciunt.

1889 650 2003 716 nis,
2052 651 2218 704 fieret
2264 666 2590 705 successor
2645 655 2954 722 potestatis
2995 654 3192 725 (Deut.
3239 673 3445 726 xxxxv,
3476 655 3553 728 9).

1895 739 2101 794 Merito
2133 739 2225 792 vir
2252 739 2592 811 hujusmodi
2628 743 2836 804 evasit,
2871 745 2934 796 ut
2982 743 3221 798 sisteret
3251 745 3558 801 ﬂuminum

1893 843 2110 882 cursus
2141 828 2341 896 (Josue
2364 845 2446 898 in,
2472 829 2688 898 15—17),
2723 830 2973 886 diceret:
3018 831 3142 886 Stet
3189 833 3303 903 sol,
3337 836 3394 889 et
3424 837 3552 890 sta-

1893 919 1980 970 ret
1999 916 2088 971 sol
2113 916 2285 988 quasi
2308 916 2444 987 ejus
2467 921 2766 988 spectator
2802 919 3068 974 victoriae
3103 923 3334 976 noctem
3355 921 3558 978 differ-

1892 1009 2001 1074 ret,
2027 1005 2182 1060 diem
2211 1006 2565 1076 produceret
2595 1007 2796 1074 (Josue
2820 1025 2877 1077 x,
2904 1008 2991 1076 1‘2,
3019 1007 3142 1078 13):
3173 1008 3348 1081 quid!
3375 1009 3559 1082 (quod

1895 1095 2090 1166 Moysi
2121 1097 2398 1166 negatum
2432 1097 2546 1166 est)
2593 1097 2762 1152 solus
2795 1098 3134 1169 eligeretur,
3183 1100 3248 1152 ut
3277 1099 3558 1170 populum

1895 1183 2296 1238 introduceret
2325 1185 2384 1238 in
2416 1187 2630 1239 terram
2659 1186 3170 1256 repromissionis.
3195 1187 3449 1260 Magnus
3469 1189 3564 1243 vir

1894 1272 2030 1326 fidei
2062 1273 2383 1342 miraculis,
2416 1275 3022 1346 magnustriumphis.
3056 1275 3225 1330 Illius
3245 1277 3562 1349 augustio-

1894 1378 1959 1414 ra
1990 1377 2190 1431 opera,
2221 1361 2406 1432 hujus
2435 1364 2836 1434 prosperiore.
2871 1365 3134 1436 Uterque
3163 1365 3347 1438 igitur
3360 1366 3561 1422 divina

1895 1449 2193 1504 subnixus
2225 1451 2430 1522 gratia,
2453 1453 2603 1506 ultra
2621 1452 2934 1508 humanam
2951 1454 3250 1524 processit
3269 1455 3566 1512 conditio-

1896 1554 2057 1594 nem:
2084 1539 2182 1592 ille
2205 1541 2348 1594 mari
2370 1540 2586 1609 (Exod.
2629 1558 2750 1610 xiv,
2772 1540 2884 1612 21),
2919 1542 3016 1597 hic
3039 1542 3192 1598 caelo
3227 1543 3557 1614 imperavit.

1965 1627 2086 1682 100.
2123 1628 2373 1682 Pulchra
2407 1629 2600 1700 itaque
2631 1631 2840 1700 copula
2871 1631 3174 1686 seniorum
3203 1634 3380 1704 atque
3410 1635 3559 1689 ado-

1892 1716 2243 1772 lescentium
2266 1719 2312 1784 (l
2331 1719 2398 1781 1).
2426 1718 2541 1772 Alii
2563 1719 2918 1790 testimonio,
2937 1721 3259 1778 aliisolatio
3277 1725 3416 1778 sunt
3431 1739 3448 1793 ;
3462 1723 3564 1778 alii

1897 1805 2261 1877 magisterio,
2297 1806 2395 1860 alii
2425 1807 2818 1864 delectationi.
2863 1809 3076 1864 Omitto
3107 1811 3267 1882 quod
3305 1811 3564 1868 Abrahae

215 1931 283 1986 97.
337 1933 644 1986 Plurimum
695 1933 890 2003 itaque
937 1931 1183 2002 prodest
1229 1930 1550 2002 unicuique
1599 1930 1774 1984 bonis
1813 1924 1860 1982 Β
1895 1895 2801 2003 ﬁlim?“Alf°£_afl?l?scénmlu§
2829 1899 3560 2003 eiiﬁinflnﬂscePﬁSqen'

174 2019 834 2092 jungiAdolescentibus
884 2035 1118 2091 quoque
1167 2020 1330 2088 utile,
1380 2024 1442 2074 ut
1491 2019 1687 2073 claros
1723 2022 1780 2073 et

173 2112 409 2180 sapientes
427 2111 502 2181 (8)
525 2111 695 2164 viros
719 2114 1080 2181 sequantur;
1113 2109 1389 2180 quoniam
1411 2109 1512 2180 qui
1535 2123 1780 2180 congre-

173 2197 289 2252 ditur
311 2200 689 2269 sapientibus;
723 2200 965 2269 sapiens
999 2203 1120 2252 est:
1154 2198 1251 2270 qui
1284 2201 1478 2252 autem
1517 2199 1779 2252 cohaeret

171 2287 608 2356 imprudentibus,
659 2288 1005 2358 imprudens
1037 2287 1402 2358 agnoscitur.
1438 2286 1508 2340 Et
1546 2287 1618 2340 ad
1648 2287 1778 2340 ins-

167 2378 448 2430 tructionem
473 2378 674 2450 itaque
699 2377 1013 2447 plurimum
1042 2375 1273 2446 prolicit
1307 2376 1404 2446 (9),
1441 2379 1496 2428 et
1525 2375 1597 2429 ad
1633 2391 1774 2446 pro-

172 2464 318 2519 bitatis
358 2467 777 2520 testimonium.
820 2465 1150 2520 Ostendunt
1180 2465 1336 2519 enim
1368 2465 1780 2518 adolescentes

169 2569 322 2609 eorum
349 2571 408 2610 se
435 2556 768 2610 imitatores
801 2571 960 2624 esse,
993 2555 1214 2626 quibus
1248 2553 1586 2623 adhaerent;
1623 2557 1678 2607 et
1710 2569 1777 2607 ea

170 2644 465 2697 convalescit
495 2644 726 2716 opinio,
761 2644 917 2714 quod
949 2643 1022 2696 ab
1057 2643 1150 2697 his
1182 2642 1421 2696 vivendi
1443 2641 1780 2712 acceperint

165 2733 565 2801 similitudinem,
611 2750 746 2787 cum
793 2733 1010 2804 quibus
1045 2732 1439 2787 conversandi
1473 2731 1781 2786 hauserint

169 2822 498 2890 cupiditatem.
1381 2817 1386 2822 I

213 2910 428 2966 98.1nde
464 2915 670 2965 tantus
706 2911 886 2966 Jesus
936 2911 1118 2980 Nave,
1153 2911 1310 2982 quod
1362 2927 1496 2964 eum
1528 2927 1644 2964 non
1675 2925 1778 2964 so~

164 2996 249 3050 lum
266 3001 593 3054 erudivxtad
627 3001 810 3071 Legis
844 2999 1151 3054 scientiam
1187 3000 1373 3069 Moysi
1409 2999 1636 3069 copula,
1681 3015 1781 3051 vc-

162 3103 252 3140 rum
277 3090 434 3143 etiam
485 3089 889 3143 sanctiticavit
919 3087 991 3140 ad
1042 3088 1308 3158 gratiam.
1352 3089 1615 3159 Denique
1649 3103 1782 3141 cum

167 3176 203 3227 in
225 3178 338 3246 ejus
367 3179 759 3233 tabernaculo
790 3177 987 3231 divina
1018 3175 1316 3249 refulgere
1347 3177 1666 3246 praesentia
1701 3177 1780 3228 vi-

163 3262 352 3321 deretur
367 3267 661 3339 majestas
687 3266 798 3334 (lO)
827 3264 1079 3330 Domini,
1101 3265 1269 3320 solus
1293 3270 1416 3320 erat
1437 3266 1496 3318 in
1517 3266 1786 3320 tabcrna-
1814 3289 1864 3350 Ο

161 3363 260 3416 culo
274 3364 436 3419 Iesus
465 3367 662 3420 Nave.
686 3365 926 3434 Moyses
956 3381 1091 3419 cum
1122 3365 1244 3419 Deo
1277 3354 1374 3419 94
1403 3364 1772 3435 loquebatur.

160 3448 297 3507 Iesus
322 3455 536 3525 pariter
565 3455 728 3508 nube
765 3470 936 3508 sacra
977 3454 1308 3526 tegebatur.
1354 3452 1692 3524 Presbyteri
1727 3454 1785 3506 et

161 3542 364 3610 populus
409 3544 699 3598 deorsum
745 3543 1015 3610 stabant;
1064 3541 1245 3596 Jesus
1277 3558 1410 3596 cum
1451 3542 1656 3612 Moyse
1699 3541 1773 3594 ad

159 3631 506 3700 accipiendam
523 3634 754 3706 Legem
768 3632 1128 3686 ascendebat
1149 3631 1368 3700 (Exod.
1385 3647 1548 3698 xxiv,
1571 3630 1777 3700 13-18).

158 3716 316 3773 Omnis
359 3723 620 3792 populus
659 3723 810 3775 intra
842 3725 1035 3774 castra
1075 3724 1218 3790 erat,
1268 3721 1449 3775 Jesus
1481 3723 1647 3774 extra
1681 3735 1782 3774 ca-

159 3811 246 3859 stra
273 3808 323 3862 in
349 3811 736 3866 tabernaculo
788 3810 1131 3866 testimonii.
1183 3810 1328 3864 Cum
1362 3810 1634 3869 columna
1666 3826 1779 3863 nu-

156 3893 224 3948 bis
250 3898 649 3968 descenderet,
699 3903 756 3954 et
805 3901 1146 3971 loqueretur
1186 3916 1318 3954 cum
1343 3899 1566 3969 Moyse,
1602 3899 1772 3970 quasi

159 3983 276 4038 tidus
302 3989 528 4044 astabat
557 3989 838 4044 minister
863 4004 873 4043 :
926 4005 1036 4043 nec
1068 3989 1268 4043 exibat
1297 3988 1368 4042 de
1401 3987 1781 4042 tabernaculo

153 4069 370 4146 juvenis;
403 4095 539 4132 cum
573 4079 853 4132 seniores
883 4077 1060 4149 longe
1087 4077 1266 4148 positi
1295 4077 1491 4130 divina
1522 4076 1782 4146 trepida-

156 4167 252 4214 rent
277 4165 574 4221 miracula.

303 4253 532 4328 Ubique
580 4256 764 4328 igitur
803 4255 953 4311 inter
1000 4255 1340 4310 admiranda
1373 4271 1550 4326 opera
1601 4257 1658 4309 et
1686 4271 1786 4309 rc-

153 4343 368 4397 veieuda
388 4349 628 4400 secreta
652 4349 858 4399 sancto
877 4345 1064 4416 Moysi
1081 4345 1423 4398 individuus
1442 4343 1782 4398 adhaerebat

203 4485 270 4536 ἐκ)
295 4486 411 4541 Cic.
443 4489 550 4542 lib.
587 4505 628 4542 ιι
663 4487 856 4556 Ol‘lie.,
888 4504 1024 4558 pag.
1059 4486 1185 4556 380,
1220 4487 1322 4540 lin.
1355 4486 1464 4542 38:
1504 4509 1526 4534 ιι
1563 4485 1790 4540 Facilli-

151 4569 222 4632 me
249 4562 521 4626 autem...,
557 4559 975 4614 adolescentes
1025 4560 1125 4630 qui
1155 4574 1222 4613 se
1265 4559 1338 4612 ad
1372 4559 1566 4612 claros
1599 4562 1655 4612 et
1686 4574 1786 4612 sa-

153 4633 366 4696 pientes,
407 4655 428 4676 π
465 4637 586 4684 etc.
665 4671 702 4690 -

206 4697 653 4774 iBtSuperiores
701 4701 876 4770 Edit.,
927 4701 1126 4774 itaque
1170 4701 1344 4756 bonis
1379 4701 1559 4774 jungi
1591 4699 1787 4772 pluri-

153 4781 274 4842 mum
295 4772 559 4842 prolicit.

204 4840 306 4896 ιιοί
337 4842 486 4896 Edit.
518 4860 665 4916 cum
695 4859 868 4910 mss.,
903 4843 1238 4916 rel‘ulgeret
1261 4844 1589 4915 praesentia
1611 4848 1668 4897 et
1712 4842 1792 4895 ri-

155 4907 372 4965 deretur
399 4915 715 4981 maiestas,
752 4907 864 4969 etc;

204 4982 302 5053 illi
330 4985 450 5039 Cic.
489 4986 600 5039 lib.
633 4987 707 5039 de
727 4987 1048 5040 Senectute
1079 5003 1216 5057 pag.
1247 4986 1372 5050 409,
1406 4985 1510 5042 lin.
1545 4985 1616 5039 9:
1668 5007 1689 5034 cz
1722 4983 1790 5038 Et

151 5065 258 5106 eum
274 5057 761 5111 adolescentibus
783 5057 935 5110 bona
955 5057 1148 5112 indole
1162 5057 1427 5127 praeditis
1449 5057 1750 5126 sapientes
1776 5071 1788 5110 :

159 5136 308 5196 senes
337 5127 731 5196 delectantur,
769 5152 790 5174 ιι
827 5131 937 5182 etc.

205 5193 304 5254 uti;
339 5199 512 5252 ltom.
550 5199 689 5252 edit.
718 5193 1135 5267 'resecaverat,
1187 5204 1246 5252 et
1277 5215 1382 5252 sua
1432 5214 1589 5270 voce,
1633 5197 1792 5270 quod

157 5267 313 5321 tamen
345 5269 402 5322 in
434 5271 579 5324 aliis
613 5271 747 5323 edit.
782 5273 838 5323 et
871 5271 1099 5324 cunctis
1133 5286 1279 5324 mss.
1312 5267 1662 5338 reperimus.

212 5337 306 5390 .13-
337 5341 458 5394 Cic.
497 5341 606 5394 lib.
641 5359 676 5394 ll
711 5341 882 5394 ()I'lie.
906 5339 1186 5412 pag.381,
1232 5337 1456 5394 lin.‘£9:
1489 5363 1508 5388 α
1539 5341 1790 5412 Maxime

151 5415 308 5494 autem
339 5412 625 5494 ct'glm‘ia
679 5413 902 5494 paritut‘
930 5411 1200 5494 et’gratia
1236 5411 1710 5494 defensionibus,
1767 5436 1788 5458 ιι

155 5485 240 5531 etv.
261 5484 416 5544 Quod
441 5488 644 5536 autem
665 5485 741 5536 ait
764 5483 1140 5550 Ambrosius,
1158 5484 1231 5537 de
1247 5486 1438 5536 morte
1460 5483 1794 5536 damnatum

157 5563 321 5624 (ruas,
337 5553 408 5607 de
431 5554 552 5607 hoc
577 5555 753 5608 adeas
777 5555 932 5621 licet,
956 5570 1088 5624 quis
1110 5570 1221 5608 nos
1243 5557 1401 5608 tomo
1427 5551 1450 5606 1
1479 5554 1700 5623 Expos.
1719 5553 1795 5607 ita

157 5623 276 5686 past.
305 5641 510 5692 cxvm,
548 5639 730 5680 serm.
764 5625 819 5692 8,
855 5623 1013 5680 num.
1053 5625 1142 5680 41.
1177 5625 1650 5680 subnotavimus.
1686 5625 1796 5679 Hic

159 5702 278 5768 fere
300 5695 356 5750 id
385 5711 584 5768 unum
615 5695 756 5752 libet
783 5695 1067 5768 adjicere,
1103 5696 1433 5768 cautionem
1465 5695 1798 5768 appositam

159 5757 246 5822 hoc
265 5763 389 5829 loco
408 5767 564 5827 hinc
585 5757 990 5844 promouisse,
1015 5757 1176 5848 quod
1196 5783 1329 5829 cum
1349 5757 1644 5830 interdum
1665 5767 1794 5848 epi-

395 5901 666 5968 PAmL.
705 5900 862 5976 XVI.

1808 4651 1864 4714 D

1894 2000 1994 2038 xu.
2032 1985 2110 2053 4),
2161 2000 2232 2039 ne
2265 1985 2414 2040 forte
2465 1985 2579 2041 hoc
2627 1988 3082 2059 propinquitatis
3129 1987 3323 2062 magis
3371 1989 3564 2046 fuisse

1893 2073 2281 2142 existimetur,
2316 2078 2372 2128 et
2403 2077 2765 2130 necessariae
2781 2077 2979 2148 potius
3001 2092 3180 2150 quam
3208 2079 3558 2136 voluntariae

1893 2162 2312 2234 adjunctionis.
2363 2162 2512 2228 Quid
2565 2164 2750 2219 Eliam
2795 2169 2970 2238 atque
3016 2167 3300 2224 Eliseeum
3345 2167 3559 2240 loqua-

1893 2253 2068 2306 mur?
2098 2251 2260 2306 Licet
2291 2267 2407 2306 non
2438 2267 2728 2322 expresse
2762 2253 3043 2310 Elisaaum
3061 2255 3346 2327 juvenem
3367 2257 3564 2329 Scrip-

1893 2344 2022 2395 tura
2053 2339 2500 2412 signilicaverit,
2532 2341 2894 2398 advertimus
2919 2346 3121 2399 tamen.
3143 2347 3201 2400 et
3221 2344 3564 2418 colligimus

1888 2429 2186 2500 juniorem
2221 2428 2410 2483 fuisse
2442 2429 2715 2504 (lIIReg.
2741 2446 2862 2501 xxx,
2893 2431 3006 2501 2-1).
3041 2433 3106 2488 1n
3133 2434 3366 2490 actibus
3388 2451 3563 2507 apos-

1895 2519 2148 2573 tolorum
2183 2517 2486 2573 Barnabas
2517 2519 2780 2574 Marcum
2829 2521 3177 2592 assumpsit,
3213 2523 3434 2580 Paulus
3466 2523 3566 2580 Si-

1894 2609 2029 2671 lam,
2064 2607 2285 2662 Paulus
2317 2607 2708 2679 Timotheum,
2758 2609 2980 2664 Paulus
3011 2610 3204 2666 Titum
3249 2613 3409 2684 (Aet.
3460 2628 3560 2686 xv,

1893 2697 1983 2765 39,
2015 2696 2124 2765 40;
2159 2713 2278 2764 xvr,
2309 2696 2381 2764 3;
2419 2695 2610 2752 Galul.
2643 2711 2702 2766 ιι,
2741 2698 2813 2767 1).

1967 2785 2088 2840 101.
2115 2785 2232 2840 Sed
2262 2785 2380 2839 illis
2409 2787 2822 2856 superioribus
2839 2787 3110 2846 videmus
3132 2789 3324 2846 divisa
3343 2789 3560 2864 ofﬁcia,

1895 2879 1955 2930 ut
1977 2891 2249 2930 seniores
2273 2875 2526 2930 consilio
2557 2876 2967 2949 praevalerent,
2987 2879 3262 2951 juniores
3300 2881 3566 2937 ministe-

1897 2965 2004 3019 rio.
2059 2964 2411 3034 Plerumque
2461 2965 2634 3018 etiam
2681 2967 3000 3022 virtutibus
3045 2984 3242 3039 pares,
3289 2970 3563 3041 dispares

1896 3054 2189 3122 aetatibus,
2224 3053 2316 3107 sui
2349 3053 2716 3109 delectantur
2747 3057 2978 3126 copula,
3013 3059 3169 3114 sicut
3197 3059 3570 3116 delectaban-

1894 3145 1990 3198 tur
2021 3142 2230 3196 Petrus
2260 3145 2316 3196 et
2348 3142 2632 3198 Joannes.
2665 3143 2816 3198 Nam
2837 3146 3276 3202 adolescentem
3305 3148 3566 3220 legimus

1895 3232 1956 3285 in
1988 3231 2311 3303 Evangelio
2342 3231 2630 3286 Joannem
2661 3235 2718 3286 et
2745 3249 2853 3288 sua
2885 3251 3031 3290 voce
3062 3235 3196 3306 (12),
3230 3236 3367 3292 licet
3389 3237 3566 3292 meri-

1895 3321 1974 3375 tis
2033 3323 2090 3375 et
2137 3320 2425 3390 sapientia
2455 3319 2598 3374 nulli
2655 3321 2834 3376 fuerit
2881 3323 3185 3379 seniorum
3233 3326 3560 3398 secundus,

1897 3412 2024 3464 erat
2054 3409 2212 3464 enim
2267 3409 2327 3463 in
2357 3424 2426 3464 eo
2487 3413 2768 3465 senectus
2830 3413 3190 3468 venerabilis
3220 3430 3451 3470 morum
3507 3417 3568 3471 et

1897 3516 2041 3555 cana
2085 3497 2416 3570 prudentia.
2453 3498 2582 3553 Vita
2635 3501 2790 3554 enim
2838 3501 3206 3559 immaculata
3255 3503 3430 3560 bonae
3460 3519 3564 3561 se-

1895 3589 2150 3644 nectutis
2183 3587 2539 3658 stipendium
2571 3593 2680 3644 est.

2512 3677 2764 3733 CAPUT
2795 3679 2946 3735 XXI.

1897 3767 2228 3823 Plurimum
2265 3765 2468 3821 valere
2499 3767 2575 3822 ad
2587 3769 3166 3838 commendationem,
3195 3771 3255 3826 si
3269 3767 3566 3829 defendas

1967 3838 2276 3914 infirmos,_
2293 3843 2390 3914 aut
2416 3841 2778 3914 peregrinos
2802 3843 3117 3914 suscipias,
3154 3842 3456 3898 similiave
3477 3845 3565 3899 of-

1969 3910 2101 3986 ficia
2132 3909 2442 3986 exhibeas,
2495 3909 3016 3986 etilioemaxinie
3067 3915 3222 3968 viris
3264 3915 3558 3986 probatis.

1975 3981 2090 4037 Ubi
2108 3981 2340 4057 injecta
2371 3981 2648 4057 avaritiae
2685 3983 3149 4057 vituperatione,
3181 3981 3559 4057 potissimum

1968 4051 2365 4126 prodiga/itus
2396 4053 2456 4105 in
2488 4051 2906 4109 sacerdotibus
2935 4051 3324 4128 improbatur.

1971 4142 2092 4197 102.
2155 4140 2413 4212 Adjuvat
2471 4139 2584 4196 hoc
2615 4158 2849 4215 quoque
2899 4144 2973 4198 ad
3016 4144 3346 4216 profectum
3391 4146 3566 4202 bonae

1899 4239 2377 4309 existimationis,
2421 4239 2476 4292 si
2507 4239 2578 4294 de
2614 4241 2871 4310 potentis
2903 4233 2998 4297 95
3028 4245 3303 4300 manibus
3345 4244 3563 4316 eripias

1899 4332 2134 4402 inOpem
2149 4327 2281 4399 (13),
2297 4327 2369 4382 de
2383 4331 2570 4383 morte
2585 4329 2919 4387 damnatum
2933 4337 3416 4406 eruas,quantum
3432 4333 3562 4388 sine

1900 4472 2089 4542 scopi,
2115 4469 2313 4545 clerici
2351 4471 2447 4545 vel
2479 4471 2653 4526 etiam
2693 4474 2962 4528 monachi
3000 4475 3356 4530 ferventiore
3388 4488 3565 4545 quam

1899 4543 2431 4616 prudentiorcaelo
2463 4559 2600 4598 reos
2624 4545 2934 4616 suppliciis
2961 4547 3190 4616 eripere
3212 4543 3560 4616 niterentur,

1899 4614 1997 4670 aut
2028 4614 2450 4687 seditionibus,
2475 4617 2574 4668 aut
2605 4614 2813 4687 saltem
2837 4614 3130 4687 gravibus
3157 4614 3556 4687 judicumim-é

1900 4686 2208 4758 perialium
2231 4685 2490 4755 querelis
2520 4701 2726 4740 ansam
2757 4685 2990 4740 dabant.
3019 4685 3184 4742 Adde
3205 4687 3362 4758 quod
3389 4689 3565 4744 etiam

1900 4758 2026 4814 tieri
2059 4760 2305 4827 poterat,
2332 4758 2394 4809 ut
2415 4771 2566 4830 quos
2589 4772 2694 4830 per
2718 4759 3154 4830 corruptionem
3195 4759 3310 4830 ipsi
3341 4759 3565 4815 libera-

1899 4834 2394 4900 verant.ieos_per
2416 4829 2534 4900 vim
2549 4827 2645 4900 _ab_
2669 4828 2970 4900 episcOpis
3005 4827 3556 4900 raptos—causaren-

1899 4906 2014 4956 tur.
2039 4897 2324 4972 'l‘ollcndo
2347 4897 2528 4972 igitur
2549 4897 2686 4951 huic
2723 4897 3386 4972 m‘alo’leges'nonnullsa
3403 4919 3568 4972 repe-

1902 4973 2132 5026 riuntur
2163 4969 2311 5043 datae
2342 4969 2903 5043 abimpcratoribus
2929 4969 3037 5039 {ut
3065 4976 3199 5043 puta
3229 4990 3264 5028 a
3294 4969 3568 5030 Theodo-

1901 5043 1991 5098 sio
2015 5046 2070 5096 et
2093 5039 2344 5094 Arcadio
2391 5039 2492 5092 lib.
2517 5056 2598 5093 xv
2618 5044 2675 5095 et
2713 5058 2833 5094 xvn
2864 5043 2939 5098 de
2961 5039 3187 5100 Pennis.
3220 5045 3407 5101 Porro
3434 5062 3566 5101 mo-

1901 5131 2027 5187 rem
2060 5113 2216 5187 hunc
2247 5127 2364 5187 quo
2393 5110 2594 5187 clerici
2643 5127 2715 5187 ac
2765 5115 3036 5187 monachi
3083 5117 3376 5187 supplicio
3421 5133 3564 5173 reos

1901 5185 2049 5260 alias
2070 5181 2425 5260 eximebant,
2450 5181 2754 5260 Gujacius,
2776 5185 3052 5260 Paratitlo
3084 5181 3218 5260 cod:
3267 5188 3342 5244 de
3357 5187 3564 5260 Epise.

1903 5257 2226 5322 audientia,
2260 5257 2518 5330 autumat
2550 5259 2746 5330 ortum
2773 5256 3022 5312 duxisse
3055 5259 3128 5312 ab
3159 5256 3430 5330 exemplo
3461 5277 3568 5330 pa-

1902 5325 2652 5401 ganorymsacriﬁciorum
2673 5342 2687 5393 ;
2712 5327 2847 5401 _h_oc
2877 5331 3034 5383 enim
3063 5345 3133 5384 eo
3177 5325 3566 5401 jure-potitos

1903 5397 2042 5455 esse
2072 5397 2278 5464 Taciti,
2312 5398 2575 5450 Suetonii
2624 5401 2679 5452 et
2711 5399 3011 5454 Plutarchi
3073 5397 3382 5457 autoritate
3413 5402 3567 5457 idem

1903 5473 2134 5526 astruit.
2168 5470 2453 5541 Superest
2481 5473 2672 5522 autem
2707 5470 3022 5541 etiamnum
3052 5472 3205 5541 apud
3239 5489 3350 5528 nos
3379 5473 3566 5526 vesti-

1905 5544 2068 5615 gium
2099 5537 2394 5615 quoddam
2425 5541 2640 5615 prisca:
2673 5537 2866 5615 hujus
2907 5537 3378 5615 consuetudinis,
3428 5543 3566 5615 dum

1909 5611 2266 5683 Rothomagi
2297 5611 2554 5683 singulis
2589 5611 2788 5683 annis,
2841 5613 2994 5670 festo
3027 5614 3420 5683 Ascensionis
3450 5611 3565 5681 die,

1905 5701 2062 5741 unus
2093 5683 2169 5766 de
2197 5681 2319 5740 reis
2348 5681 2672 5766 homicidii,
2705 5683 3302 5766 postquamsolemni
3330 5681 3442 5766 ritu
3469 5697 3570 5766 se?

1906 5770 2075 5819 crum
2125 5753 2376 5820 Romani
2405 5752 2674 5833 episcopi
2705 5752 3005 5816 'teret'rum
3035 5752 3302 5815 humeris
3350 5753 3574 5826 subivit
