4128 6132
401 367 528 434 139

1860 357 1932 421 s.
1975 356 2420 425 AMBROSII.
2503 308 2509 320 ’

3738 360 3860 431 140

405 563 846 640 perturbatione
878 562 1009 618 ﬁeri
1038 563 1266 632 potest;
1311 575 1384 616 ne
1432 559 1739 614 videamur
1776 558 2076 631 jactantiae
2112 535 2174 608 λ
2267 561 2395 615 1οἻ.
2423 561 2486 614 In
2507 560 2726 616 officiis
2756 564 2947 617 autem
2977 563 3394 635 hospitalibus,
3417 565 3692 620 omnibus
3725 567 3858 638 qui-

352 686 366 696 ~
407 654 603 726 magis
625 669 803 708 causa
827 652 1042 717 facere,
1079 665 1254 722 quam
1285 649 1736 718 misericordiae,
1761 652 1818 704 et
1841 650 2076 721 gravio-

406 760 471 799 ra
491 743 712 798 inferre
752 743 1020 810 vulnera,
1049 740 1188 802 dum
1225 738 1550 794 levioribus
1583 738 1802 792 mederi
1835 739 2074 794 deside-

2191 649 2324 704 dem
2355 650 2689 706 humanitas
2721 651 3104 722 impertienda
3126 656 3218 708 est
3243 669 3255 708 :
3285 653 3468 724 justis
3501 659 3692 710 autem
3715 655 3858 710 ube-

2189 740 2313 794 rior
2329 739 2648 794 deferenda
2668 739 3118 795 honorificentia
3135 740 3250 812 (18)
3276 757 3288 798 :
3336 741 3680 816 Quicunque
3703 746 3858 798 enim

406 848 629 888 ramus.
651 831 1216 900 Jamsioppressum
1229 827 1443 899 opibus
1469 827 1747 898 potentis,
1777 830 1833 880 et
1862 827 2072 882 factio-
2177 834 2406 899 Justum
2423 829 2725 900 receperit
2745 829 2808 883 in
2823 829 3236 902 nominejusti,
3263 832 3860 905 mercedemjustiac-

403 937 479 976 ne
505 921 697 992 magis
727 935 902 990 quam
921 917 1169 974 sceleris
1194 917 1290 972 sui
1317 917 1504 987 pretio
1535 919 1842 988 gravatum
1870 915 2078 971 libera-

405 1010 594 1080 veris,
630 1011 894 1080 egregiae
929 1006 1294 1063 convalescit
1326 1005 1623 1075 opinionis
1650 1005 2071 1059 testimonium.

481 1099 604 1152 103.
627 1096 1011 1152 Commendat
1027 1095 1347 1166 plerosque
1360 1093 1532 1147 etiam
1549 1093 1921 1163 hospitalitas
1939 1093 2072 1162 (14).

409 1187 518 1242 Est
549 1187 707 1242 enim
735 1185 974 1256 publica
1022 1184 1258 1254 species
1297 1181 1695 1252 humanitatis,
1729 1184 1792 1236 ut
1817 1181 2078 1254 peregri-

405 1293 522 1332 nus
545 1275 809 1346 hospitio
839 1290 957 1329 non
979 1275 1170 1344 egeat,
1189 1271 1552 1341 suscipiatur
1578 1270 1870 1340 ofﬁciose,
1885 1273 2078 1342 pateat

411 1363 946 1436 advenientijanua
961 1363 1093 1432 (15).
1113 1361 1364 1416 Valdeid
1384 1361 1664 1415 decorum
1679 1359 1858 1414 totius
1879 1363 1970 1414 est
1983 1375 2077 1414 or-

403 1454 502 1510 bis
536 1453 993 1521 existimatione,
1027 1451 1379 1522 peregrinos
1403 1465 1537 1504 cum
1568 1449 1793 1504 honore
1825 1447 2072 1519 suscipi,

406 1560 526 1599 non
557 1543 737 1598 desse
768 1553 994 1596 mensae
1025 1539 1442 1610 hospitalitatis
1467 1523 1734 1611 gratiam,
1760 1552 2075 1593 occurrere

417 1632 637 1694 officiis
669 1630 1060 1699 liberalitatis,
1095 1628 1405 1698 explorare
1431 1627 1722 1682 adventus
1753 1626 2072 1696 hospitum.

485 1719 608 1777 104.
633 1719 800 1786 Quod
830 1718 1088 1774 Abrahae
1116 1717 1278 1772 laudi
1305 1719 1398 1772 est
1427 1716 1644 1785 datum,
1695 1715 1797 1786 qui
1825 1718 1959 1770 ante
1983 1713 2075 1786 ja-

405 1827 586 1868 nuam
607 1826 776 1865 suam
817 1806 1254 1879 speculabatur,
1287 1821 1360 1860 ne
1382 1804 1532 1860 forte
1555 1805 1876 1875 praeteritet
1907 1819 2075 1875 pere-

2189 917 2370 988 cipiet
2431 917 2669 986 (Matth.
2719 935 2779 988 x,
2814 917 2924 988 41),
2976 922 3041 974 ut
3093 919 3379 975 Dominus
3435 923 3853 991 pronuntiavit.

2189 1005 2370 1060 Tanta
2401 1009 2596 1061 autem
2630 1010 2722 1062 est
2754 1007 2906 1078 apud
2939 1007 3126 1062 Deum
3175 1008 3594 1080 hospitalitatis
3647 1012 3855 1083 gratia,

2191 1097 2253 1149 ut
2281 1111 2354 1150 ne
2384 1098 2560 1166 potus
2593 1095 2830 1166 quidem
2861 1112 3031 1167 aquae
3059 1097 3294 1169 frigidae
3325 1114 3355 1152 a
3377 1100 3640 1169 praemiis
3671 1117 3859 1156 remu-

2190 1183 2514 1238 nerationis
2545 1183 2824 1240 immunis
2854 1185 2950 1240 sit.
2985 1185 3164 1241 Vides
3183 1187 3320 1258 quia
3351 1187 3646 1242 Abraham
3671 1189 3856 1244 Deum

2191 1273 2416 1344 recepit
2445 1273 2723 1344 hospitio,
2755 1273 2892 1328 dum
2923 1273 3191 1345 hospites
3223 1277 3482 1346 quaerit?
3515 1275 3696 1332 Vides
3718 1279 3856 1350 quia

2195 1361 2304 1416 Lot
2333 1361 2580 1434 angelos
2609 1362 2882 1433 recepit?
2911 1363 3080 1418 Unde
3111 1364 3236 1418 scis
3267 1381 3340 1419 ne
3371 1369 3427 1420 et
3455 1368 3518 1420 tu
3551 1381 3683 1422 cum
3711 1383 3853 1422 sus-

2193 1450 2343 1521 cipis
2373 1449 2690 1520 hominem,
2727 1451 3026 1521 suscipias
3057 1450 3355 1507 Christum
3387 1451 3550 1524 (19)?
3600 1455 3764 1510 Licet
3793 1456 3853 1511 in

2192 1539 2426 1610 hOSpite
2455 1540 2533 1594 sit
2559 1539 2834 1594 Christus
2861 1555 2874 1610 ;
2907 1539 3042 1612 quia
3072 1539 3348 1596 Christus
3371 1533 3464 1597 96
3495 1544 3556 1597 in
3587 1560 3846 1616 paupere

2193 1631 2304 1698 est,
2337 1629 2494 1683 sicut
2521 1627 2650 1698 ipse
2682 1629 2796 1683 ait:
2853 1627 2917 1682 In
2950 1645 3254 1685 carcerem
3287 1647 3469 1702 eram,
3506 1637 3565 1686 et
3601 1633 3858 1689 venistis

2193 1719 2269 1774 ad
2289 1733 2380 1772 me
2403 1737 2420 1772 :
2451 1717 2642 1772 nudus
2672 1733 2854 1786 eram,
2889 1723 2948 1773 et
2979 1719 3304 1801 aperuistis
3337 1735 3430 1776 me
3445 1721 3686 1792 (Matth.
3711 1740 3854 1794 xxv,

2191 1806 2302 1875 36).

403 1901 619 1974 grinus
637 1899 880 1970 aliquis:
917 1899 973 1953 et
1001 1896 1318 1968 diligenter
1346 1893 1748 1966 praetendebat
1768 1893 2073 1964 excubias,
2118 1915 2172 1980 Β
2265 1895 2386 1950 108.
2421 1893 2614 1953 Suave
2661 1897 2754 1951 est
2791 1895 2973 1976 igitur
3020 1913 3139 1952 non
3167 1899 3460 1970 pecuniae,
3510 1901 3618 1956 sed
3647 1901 3856 1974 gratiae

404 1994 470 2046 ut
500 1990 858 2058 occurreret,
881 1989 944 2042 ut
964 1985 1339 2057 praeveniret,
1372 1986 1436 2038 ut
1474 1985 1733 2056 rogaret,
1749 1998 1822 2038 ne
1860 1981 2076 2036 transi-

401 2084 496 2136 ret
525 2081 770 2150 hospes,
805 2077 1045 2132 dicens:
1079 2075 1326 2130 Domine
1347 2073 1404 2128 si
1432 2072 1642 2127 inveni
1659 2071 1917 2145 gratiam
1940 2077 2078 2126 ante

409 2175 487 2240 te,
524 2184 599 2224 ne
622 2167 1009 2240 prmterieris
1032 2179 1281 2236 puerum
1313 2169 1468 2216 tuum
1501 2160 1678 2231 (Gen.
1703 2178 1867 2231 xvm,
1902 2161 1978 2231 3).
2005 2159 2076 2214 Et

404 2259 540 2314 ideo
568 2272 676 2328 pro
707 2252 1124 2325 hospitalitatis
1155 2251 1428 2307 mercede
1459 2250 1718 2306 fructum
1765 2250 2078 2321 posterita-

404 2348 484 2402 tis
514 2344 758 2416 recepit.

483 2435 606 2491 105.
641 2435 753 2490 Lot
782 2447 1018 2506 quoque
1047 2447 1235 2504 nepos
1267 2429 1402 2502 ejus
1444 2445 1562 2485 non
1593 2429 1787 2485 solum
1833 2443 2076 2501 genere,

419 2527 531 2582 sed
563 2525 734 2580 etiam
765 2525 982 2578 virtute
1013 2521 1343 2592 proximus,
1376 2522 1617 2590 propter
1663 2518 2079 2588 hospitalitatis

416 2615 690 2674 affectum
723 2613 1102 2668 Sodomitana
1131 2627 1163 2665 a
1193 2626 1260 2666 se
1291 2610 1538 2681 suisque
1571 2607 1862 2678 supplicia
1893 2607 2080 2662 detor-

408 2705 486 2762 sit
514 2704 686 2775 (Gen.
708 2720 830 2772 xix,
863 2702 996 2771 3-9).

479 2794 603 2850 106.
665 2794 846 2848 Decet
887 2791 1072 2863 igitur
1117 2787 1470 2860 hospitalem
1519 2803 1678 2858 esse,
1727 2785 2075 2858 benignum,

400 2880 654 2957 justum,
687 2897 807 2936 non
853 2879 1030 2934 alieni
1061 2878 1336 2948 cupidum
1363 2893 1375 2931 :
1429 2877 1544 2931 imo
1575 2876 1648 2930 de
1679 2891 1790 2931 suo
1817 2874 1952 2946 jure
1985 2889 2080 2928 ce-

411 2975 645 3030 dentem
663 2971 860 3041 potius
882 2969 1100 3038 aliqua,
1121 2967 1174 3020 si
1197 2965 1374 3020 fuerit
1394 2965 1713 3020 lacessitus
1741 2961 1874 3036 (16).
1901 2979 2078 3034 quam

413 3063 604 3118 aliena
623 3059 761 3132 jura
781 3058 1133 3130 pulsantem,
1150 3055 1500 3126 fugitantem
1528 3053 1737 3123 litium,
1759 3053 2076 3108 abhorren-

406 3155 524 3208 tem
539 3168 571 3205 a
585 3149 828 3222 jurgiis,
880 3147 1265 3201 redimentem
1297 3143 1675 3199 concordiam
1693 3146 1750 3197 et
1762 3141 2083 3214 tranquilli-

409 3244 548 3298 tatis
576 3240 846 3312 gratiam.
881 3235 1184 3306 Siquidem
1217 3233 1289 3288 de
1321 3249 1432 3288 suo
1457 3231 1594 3304 jure
1624 3233 1817 3286 virum
1855 3231 2080 3286 bonum

408 3331 632 3402 aliquid
663 3328 950 3396 relaxare,
999 3340 1118 3378 non
1149 3323 1343 3377 solum
1390 3321 1780 3391 liberalitatis,
1813 3321 1920 3374 sed
1951 3321 2080 3390 ple-

409 3434 662 3490 rumque
696 3417 867 3471 etiam
892 3411 1322 3468 commoditatis
1345 3413 1456 3464 est.
1485 3410 1743 3464 Primum
1767 3409 2076 3479 dispendio

2121 3277 2173 3342 C

2193 1985 2454 2040 studere.
2504 1983 2722 2039 Verum
2768 1984 2882 2040 hoc
2928 1985 3148 2040 malum
3190 1986 3538 2058 jamdudum
3583 1989 3859 2046 humanis

2202 2073 2434 2128 inﬂuxit
2464 2073 2782 2143 mentibus,
2816 2075 2879 2128 ut
2905 2075 3158 2144 pecunia
3199 2075 3407 2132 honori
3445 2078 3540 2149 sit,
3574 2083 3630 2134 et
3677 2081 3858 2134 animi

2194 2161 2496 2218 hominum
2510 2161 2844 2216 divitiarum
2857 2163 3242 2220 admiratione
3257 2181 3319 2220 ca
3329 2166 3416 2238 pia
3424 2165 3702 2240 ntur(20).
3718 2168 3859 2224 Inde

2194 2268 2260 2308 se
2281 2251 2570 2306 immersit
2609 2251 2873 2321 avaritia,
2896 2251 3080 2306 veluti
3117 2254 3387 2324 quaedam
3416 2254 3708 2312 bonorum
3738 2257 3842 2312 ario

2193 2341 2346 2395 ditas
2365 2339 2698 2394 ofﬁciorum
2714 2381 2729 2410 ,
2759 2343 2822 2395 ut
2842 2339 3114 2396 homines
3156 2342 3433 2398 damnum
3451 2346 3658 2414 putent
3699 2346 3862 2418 quid-

2193 2431 2332 2502 quid
2365 2432 2582 2500 praeter
2609 2444 2833 2484 morem
2864 2429 3238 2500 impenditur.
3293 2431 3409 2486 Sed
3439 2433 3612 2488 etiam
3657 2433 3717 2489 in
3745 2434 3859 2490 hoc

2192 2519 2486 2574 adversus
2507 2519 2832 2590 avaritiam,
2853 2535 2927 2574 ne
2957 2520 3112 2590 quod
3134 2517 3344 2576 afferre
3384 2523 3578 2592 possit
3605 2522 3858 2594 impedi-

2191 2611 2472 2678 mentum,
2507 2608 2814 2678 prospexit
2843 2608 3146 2679 Scriptura
3194 2611 3574 2682 venerabilis,
3609 2612 3854 2669 dicens:

2197 2697 2342 2762 Quia
2355 2697 2569 2752 melior
2591 2703 2683 2751 est
2704 2697 3084 2769 hospitalitas
3103 2715 3230 2753 cum
3253 2699 3739 2772 oleribus(Prov.
3755 2719 3857 2773 xv,

2194 2785 2302 2856 1'7).
2339 2785 2409 2840 Et
2437 2785 2588 2839 infra
2615 2806 2632 2841 :
2678 2786 2902 2841 Melior
2930 2792 3022 2842 est
3061 2789 3241 2860 panis
3268 2789 3332 2842 in
3383 2790 3682 2845 suavitate
3730 2808 3858 2846 cum

2187 2891 2334 2948 pace
2367 2874 2574 2946 (Prov.
2610 2891 2750 2946 xvu,
2788 2875 2862 2946 1).
2903 2875 3038 2930 Non
3069 2877 3226 2932 enim
3273 2877 3562 2952 prodigos
3612 2896 3723 2936 nos
3754 2881 3859 2936 do-

2195 2968 2287 3019 cet
2316 2979 2456 3018 esse
2486 2963 2810 3034 Scriptura,
2843 2964 2948 3018 sed
2981 2963 3282 3021 liberales.

2265 3050 2386 3108 109.
2415 3051 2734 3124 Largitatis
2767 3052 2924 3107 enim
2962 3054 3078 3108 duo
3097 3057 3236 3109 sunt
3275 3071 3495 3128 genera
3518 3057 3636 3128 (21:
3675 3075 3854 3114 unum

2190 3141 2560 3198 liberalitatis
2593 3139 2728 3212 (22),
2751 3141 2999 3197 alterum
3024 3144 3292 3216 prodigae
3319 3144 3859 3218 etl‘usionis.;Libe-

2190 3233 2314 3287 rale
2335 3234 2427 3286 est
2453 3230 2711 3300 hospitio
2737 3231 3024 3302 recipere,
3059 3233 3281 3288 nudum
3310 3235 3550 3306 vestire,
3567 3236 3858 3292 redimere

2193 3321 2480 3392 captivos,
2524 3335 2644 3375 non
2681 3319 2968 3375 habentes
2995 3324 3233 3392 sumptu
3268 3320 3512 3395 juvare;
3543 3325 3859 3398 prodigum

2193 3409 2690 3480 est,sumptuosis
2717 3409 3068 3465 efﬂuescere
3101 3411 3488 3483 conviviis,et
3513 3413 3652 3470 vino
3669 3415 3857 3486 pluri-

407 3509 532 3566 litis
581 3521 803 3574 carere,
838 3519 956 3558 non
989 3501 1284 3556 mediocre
1316 3503 1408 3553 est
1435 3499 1697 3568 lucrum;
1733 3499 1944 3553 deinde
1977 3513 2080 3552 ac-
2190 3499 2708 3570 mozundelegisti:
2728 3498 3157 3572 Prodigumest
3180 3500 3395 3571 vinum,
3411 3507 3468 3556 et
3483 3502 3861 3560 contumelio-

413 3597 570 3656 cedit
617 3595 690 3650 ad
737 3594 993 3648 fructum
1043 3591 1201 3662 quod
1248 3591 1500 3661 augetur
1520 3587 1794 3656 amicitia,
1843 3603 1920 3643 ex
1965 3603 2081 3660 qua

415 3688 685 3746 oriuntur
721 3682 989 3754 plurimae
1023 3679 1491 3748 commoditates,
1523 3694 1656 3750 quae
1687 3678 2084 3732 contemnenti

415 3778 614 3849 aliquo
645 3775 706 3829 in
734 3776 1016 3842 tempore,
1048 3771 1255 3840 postea
1276 3766 1599 3822 fructuosa:
1621 3769 1793 3821 erunt
1809 3765 1940 3837 (17).

416 3917 766 3976 absolvitur.
799 3913 1101 3970 Aureliani
1133 3926 1370 3982 quoque
1391 3925 1546 3964 novo
1576 3909 1858 3979 episcopo
1876 3909 1936 3962 in
1959 3923 2086 3962 eam

414 3993 628 4047 urbem
647 3987 1004 4060 ingredienti
1026 3983 1304 4060 quisquis
1329 3982 1674 4060 occurrerit,
1698 3983 1752 4034 si
1778 3996 1976 4060 rerum
1991 3995 2090 4060 ca-

417 4062 684 4135 pitalium
715 4051 1205 4135 hoxa__teneatur,
1240 4053 1451 4135 eadem
1501 4053 1750 4135 donatur
1781 4051 2091 4135 impunita-

417 4123 509 4192 te:
545 4131 722 4204 cujus
752 4125 1342 4204 privilegiiipeminit
1370 4125 1759 4204 vaACarnotL,
1793 4126 1964 4204 epist.
1998 4123 2090 4204 50.

417 4260 432 4267 ,
493 4195 1788 4274 (14)'Cic._lib.»u'0flie.pag.-386_,lim-3'1;
1845 4215 1868 4244 α
1910 4195 2090 4274 Recte

422 4265 598 4333 etiam
627 4291 659 4328 a
691 4272 1101 4342 Theophrasto
1125 4265 1467 4342 estlaudata
1491 4265 1884 4342 hospitalitas,
1922 4288 1944 4313 ι»
1974 4268 2085 4320 etc.

493 4349 607 4418 (15)
624 4337 879 4418 Quidam
891 4358 1062 4410 mss.,
1075 4341 1282 4418 janua.
1306 4340 1530 4403 Quanta
1545 4337 1749 4418 gratia
1775 4342 1833 4418 et
1854 4351 2090 4418 merces

425 4407 537 4488 est,
560 4407 936 4504 quihospitcs
951 4419 1008 4467 et
1019 4407 1396 4504 etincg‘rinqs‘
1393 4407 1618 4504 suscipi
1623 4415 1662 4462 t.
1685 4408 1863 4490 Valde
1876 4407 1958 4481 id,
1977 4410 2088 4461 etc.

499 4481 614 4559 (16)
647 4481 816 4556 lbidi,
851 4501 986 4556 pag.
1019 4481 1294 4559 '383,lii_i.
1493 4502 1513 4529 α
1550 4481 1612 4533 In
1645 4481 1802 4559 omni
1850 4494 1920 4559 re
1948 4494 2093 4559 con-

422 4550 812 4618 trahendam.
854 4550 1094 4627 aequum
1147 4550 1208 4606 et
1239 4552 1489 4623 facilem,
1549 4551 1729 4606 multa
1759 4551 1960 4604 multis
2020 4550 2091 4604 de

425 4649 537 4688 suo
562 4632 715 4704 jure
732 4629 1133 4704 decedentem,
1171 4645 1192 4675 »
1246 4629 1356 4678 etc.

497 4692 610 4776 (1'7)
671 4701 822 4755 Edit.
885 4692 1129 4776 omnes,"
1177 4713 1300 4768 quae
1348 4694 1748 4776 contemnenti
1794 4693 1986 4764 aliquo
2031 4692 2095 4745 in

429 4765 711 4846 tempore.
734 4777 938 4843 postea
971 4765 1290 4846 fructuosae
1311 4765 1474 4821 sint?
1505 4782 1652 4846 mss.
1673 4781 1828 4846 .vero
1865 4779 2094 4844 omnes,

426 4852 496 4902 ut
526 4835 585 4900 in
617 4835 893 4898 contextu
920 4857 933 4910 ;
985 4841 1034 4894 si
1069 4844 1262 4894 tamen
1308 4853 1490 4892 unum
1521 4837 1592 4891 ad
1625 4837 1885 4910 alterum
1929 4835 2094 4890 exci-

426 4919 580 4990 pias,
613 4916 714 4970 ubi
745 4907 979 4985 legitur,
1005 4927 1128 4984 qna.-
1158 4911 1558 4990 contemnenti
1575 4907 1768 4980 aliquo
1785 4909 1846 4960 in
1872 4913 2094 4978 tempo-

427 4987 516 5054 re,
547 4987 755 5061 postea
786 4987 1318 5061 lr_uetnosa___erunt.

501 5047 616 5130 (1'8)
644 5059 766 5112 Cic.
801 5057 901 5110 lib.
936 5073 975 5108 ιι
1011 5055 1360 5130 ()l'tic.,pag.
1395 5051 1520 5130 38-1,
1554 5051 1657 5130 l_i_n.
1692 5047 1759 5104 22
1786 5065 1858 5130 :_
1897 5049 2096 5120 Itaque

426 5121 610 5204 vulgo
641 5131 962 5200 loquuntur
992 5143 1058 5181 se
1090 5125 1149 5178 in
1172 5121 1480 5178 beneﬁciis
1500 5121 1864 5177 collocandis
1897 5136 2094 5174 mores

428 5203 752 5271 hominum,
793 5224 814 5246 η
851 5203 961 5274 ctc_.
1106 5270 1113 5274 _
1234 5267 1244 5274 _
1271 5267 1283 5274 ,
1647 5263 1681 5274 Α
1741 5264 1750 5274 .
1860 5263 1869 5272 .

501 5275 614 5346 (19)
651 5263 859 5346 Plures
891 5271 1029 5346 edit.
1065 5270 1118 5322 et
1149 5267 1387 5346 quidam
1417 5281 1590 5331 mss.,
1639 5263 1750 5346 Qui
1765 5263 2008 5346 .scisoan
2039 5268 2098 5346 et

431 5335 650 5402 tu‘cu'm
695 5342 953 5414 suspicis
996 5335 1306 5412 hospitem.
1335 5379 1348 5392 .
1378 5379 1390 5392 .
1419 5378 1430 5392 .
1481 5353 1606 5390 cum
1637 5337 1698 5388 in
1751 5335 1984 5406 hospite
2014 5335 2096 5387 sit

433 5419 736 5474 Christus.

501 5490 613 5558 (20)
643 5488 768 5541 Cic.
799 5485 902 5558 lib.
953 5502 994 5538 ιι
1042 5481 1242 5558 _0_flic._,
1275 5496 1411 5558 pag.
1457 5479 1590 5558 {381,
1626 5477 1726 5558 lin.
1762 5476 1866 5532 23:
1907 5499 1929 5524 α
1980 5475 2098 5530 Sed

429 5551 567 5636 quis
589 5551 682 5615 est
698 5557 933 5636 tandem
955 5554 1058 5636 qui
1077 5551 1574 5636 inopis’et‘pptim‘i
1595 5551 1706 5636 viri
1748 5565 1946 5636 causae
1975 5563 2096 5603 non

427 5623 766 5704 anteponat,
808 5623 993 5704 »μειοῖ
1014 5627 1155 5704 Item
1186 5625 1287 5704 lin.
1320 5625 1486 5704 1³η
1523 5623 1653 5704 Sed
1673 5623 1935 5704 corrupti
1963 5636 2093 5677 mo-

427 5720 532 5765 res
563 5694 982 5776 depravatique
1008 5696 1568 5776 suntadmiratioqe
1599 5694 1954 5776 divitiarum.
1993 5711 2016 5741 ι

443 5781 448 5788 ·
503 5765 805 5858 (21)Ϊ1)ἱᾱ.,
829 5765 966 5852 pag.
999 5771 1124 5850 882,
1155 5769 1258 5830 lin.
1291 5769 1396 5835 12;
1432 5790 1456 5826 α
1508 5767 1758 5830 Omnino
1809 5765 1925 5826 duo
1954 5765 2096 5825 sunt

717 5905 750 5968 ζ

2192 3605 2258 3644 sa
2275 3589 2543 3644 ebrietas
2569 3587 2755 3643 Prov.
2779 3605 2880 3658 xx,
2906 3587 2978 3657 1).
3013 3588 3337 3661 Prodigum
3354 3593 3446 3644 est
3457 3591 3762 3662 popularis
3774 3593 3860 3648 fa-

2193 3678 2360 3734 voris
2382 3678 2570 3750 gratia
2590 3677 2896 3731 exinanire
2926 3677 3198 3748 proprias
3223 3693 3368 3750 opes
3394 3695 3406 3734 :
3442 3681 3601 3751 quod
3636 3681 3862 3737 faciunt

2195 3767 2298 3840 qui
2344 3767 2502 3820 ludis
2535 3764 2929 3836 circensibus,
2980 3765 3074 3820 vel
3121 3767 3294 3822 etiam
3337 3768 3746 3838 theatralibus,
3799 3774 3858 3827 et

2195 3925 2416 3984 genera
2446 3908 2768 3981 largorum,
2799 3924 3049 3984 quorum
3061 3909 3233 3984 alteri
3253 3910 3485 3984 prodigi
3503 3911 3802 3984 dicuntur,
3833 3934 3854 3963 υ

2197 3981 2307 4036 etc.
2356 3981 2499 4056 Quae
2559 3984 2752 4056 autem
2808 3981 3554 4056 prodigalitatisexempla
3601 3981 3862 4056 subjecit

2197 4057 2442 4126 sanctus
2466 4052 2842 4126 Ambrosius,
2865 4051 3070 4106 eadem
3087 4052 3208 4126 jam
3226 4055 3428 4126 priore
3451 4051 3610 4126 tomo
3635 4051 3859 4126 saepius

2197 4125 2634 4199 exagitaveratt
2668 4123 2972 4199 enimvero
3004 4124 3410 4199 conviviorum
3452 4125 3654 4199 luxum
3684 4123 3860 4199 atque

2197 4194 2546 4250 effusionem
2570 4210 2703 4266 cum
2727 4194 2868 4247 alibi
2889 4210 3006 4248 non
3027 4195 3232 4259 semel,
3271 4201 3390 4250 tum
3411 4197 3684 4266 plurimis
3708 4194 3860 4253 locis

2197 4266 2555 4340 lib.ideE_1ia
2579 4271 2637 4340 et
2654 4265 2912 4340 Jejunio,
2941 4265 3072 4340 suis
3105 4265 3739 4340 coloribusdescripta
3767 4286 3860 4324 re-

2195 4339 2424 4410 peries;
2447 4337 2519 4391 de
2542 4337 2683 4410 circi
2705 4339 2897 4410 autem
2915 4351 2984 4391 ac
3017 4337 3230 4392 theatri
3246 4340 3612 4410 __spectaculis
3630 4337 3863 4410 praeci—

2197 4407 2311 4480 pue
2335 4409 2521 4462 habes
2543 4409 2602 4480 in
2623 4407 2774 4480 psal.
2814 4423 3016 4476 cxvm,
3041 4423 3222 4462 serm.
3241 4407 3305 4476 5,
3338 4425 3474 4480 pag.
3502 4407 3663 4466 1025.
3691 4411 3863 4476 Quod

2199 4479 2394 4534 autem
2420 4480 2482 4532 in
2532 4479 2922 4550 gladiatorum
2944 4549 2949 4550 γ
2970 4495 3214 4534 munera
3261 4479 3380 4534 non
3409 4479 3488 4535 ita
3517 4483 3726 4537 crebro
3767 4483 3863 4537 in-

2199 4552 2456 4625 vehitur,
2477 4549 2614 4603 hinc
2637 4549 2786 4625 forte
2809 4549 3024 4625 merito
3042 4550 3379 4625 collexeris,
3409 4553 3732 4625 Mediolani
3761 4570 3864 4625 pa-

2125 4635 2180 4700 D
2202 4639 2330 4677 rum
2355 4594 2634 4700 usitatum
2660 4620 2850 4674 fuisse
2885 4621 3123 4675 crudele
3163 4594 3740 4680 illudoblecta-tioh‘is
3759 4594 3862 4696 EE-

2199 4710 2334 4764 nus,
2370 4693 2526 4764 quod
2585 4707 2885 4762 nunquam
2915 4707 3034 4746 non
3087 4708 3320 4748 summo
3378 4709 3509 4749 cum
3555 4693 3862 4751 stomacho

2201 4765 2472 4819 detestati
2497 4767 2634 4818 sunt
2655 4763 2879 4834 antiqui
2912 4763 3140 4817 Patres.
3186 4764 3266 4818 De
3300 4765 3644 4835 hujusmodi
3677 4772 3866 4821 certa-

2200 4837 2461 4891 minibus
2479 4839 2696 4906 praeter
2716 4841 2950 4890 veteres
2972 4841 3246 4889 auctores
3266 4851 3296 4889 e
3317 4838 3751 4892 recentioribus
3773 4854 3866 4892 ac-

2203 4907 2576 4962 curatissime
2601 4906 2995 4977 disputavitJ.
3030 4906 3271 4976 Lipsius
3303 4906 3403 4961 lib.
3440 4907 3618 4963 duob.
3655 4909 3864 4964 Satur-

2201 4981 2446 5033 nalium:
2479 4979 2763 5045 llosinus,
2789 4980 2847 5032 in
2865 4978 3071 5049 Antiq.
3095 4980 3259 5032 llom.
3284 4979 3584 5049 nonnulla,
3613 4981 3867 5035 Lauren-

2200 5052 2318 5104 tius
2348 5051 2408 5103 in
2443 5051 2802 5120 Polymathia
2834 5049 3012 5104 multa
3062 5050 3387 5120 congessit.
3425 5049 3702 5105 Ultimum
3729 5056 3864 5106 tan-

2203 5122 2333 5174 dem
2358 5121 2590 5192 prodigi
2627 5125 2898 5190 sumptus
2933 5120 3268 5192 exemplum
3301 5122 3464 5190 ponit
3494 5123 3860 5192 venationes,

2204 5193 2509 5264 circenses
2527 5190 2818 5264 videlicet,
2845 5192 2902 5244 in
2925 5190 3144 5264 quibus
3177 5190 3336 5246 feras
3357 5193 3630 5247 insolitas
3651 5209 3759 5264 per
3776 5190 3864 5249 to;

2203 5267 2320 5336 tam
2348 5263 2610 5336 Africam
2641 5263 2904 5336 aliasque
2937 5263 3355 5336 dissitissimas
3385 5263 3669 5336 regiones
3690 5265 3872 5319 maxi-

2203 5335 2316 5388 mis
2347 5335 2636 5404 impensis
2691 5333 3058 5404 conquisitas
3104 5336 3318 5404 pOpulo
3360 5333 3757 5391 exhibebant:
3791 5336 3866 5392 de

2203 5421 2318 5478 qua
2367 5406 2622 5461 venandi
2668 5404 3123 5478 ratione__multa
3167 5410 3305 5460 sunt
3335 5408 3490 5476 apud
3540 5407 3867 5462 Martialem

2203 5474 2624 5550 epigrammata
2649 5491 2675 5550 ;Δ
2707 5474 2988 5550 nonnulla
3025 5491 3262 5548 quoque
3311 5474 3863 5550 habetSuetonius,

2200 5547 2374 5620 atque
2405 5549 2536 5604 alii:
2573 5547 2682 5602 sed
2709 5547 3182 5620 adeundusdprae
3218 5550 3462 5620 caeteris
3493 5549 3738 5606 Tertull.
3789 5547 3864 5608 de

2202 5618 2688 5694 SpectaculisLet
2715 5618 2968 5675 Cassiod
2996 5618 3101 5674 lib.
3134 5634 3174 5673 v
3217 5618 3348 5676 Var.

2273 5688 2386 5772 (2ft)
2415 5689 2559 5748 Cod.
2585 5688 2726 5772 "Big.
2757 5693 2894 5772 post
2921 5704 3131 5772 vocem
3159 5706 3383 5772 genere
3414 5691 3749 5772 subjungit,
3774 5691 3868 5756 De

2203 5761 2430 5829 duabus
2453 5761 2786 5844 generibus
2810 5761 3140 5843 largitatis.
3161 5761 3292 5828 Sed
3320 5779 3398 5826 ex
3425 5761 3720 5848 margine.
