4128 6132
231 361 347 424 141

1122 355 1235 423 DE
1292 358 1650 424 OFFICIIS
1708 358 2320 426 MINISTRORUM
2377 359 2633 422 LIBER
2686 356 2764 421 II.

3572 362 3692 425 142

236 561 590 615 muneribus
608 561 999 632 gladiatoriis,
1034 561 1129 616 vel
1170 562 1347 616 etiam
1379 561 1793 616 venationibus
1823 577 1923 631 pa-
1952 540 2010 603 Α
2045 562 2101 614 et
2133 560 2185 614 si
2223 575 2399 631 quem
2439 559 2797 613 advertisset
2859 559 3022 632 regis
3069 559 3293 631 judicia
3344 564 3707 632 quaerentem

233 650 580 703 trimonium
611 650 932 719 dilapidant
967 666 1163 719 suum,
1186 654 1250 705 ut
1276 652 1514 705 vincant
1544 650 1919 721 superiorum

235 738 645 807 celebritates;
680 755 815 793 cum
835 742 1019 793 totum
1052 740 1195 794 illud
1228 740 1305 794 sit
1326 740 1689 811 inane,quod
1713 742 1915 811 agunt.

232 826 723 898 Quandoquidem
755 829 930 882 etiam
965 828 1257 883 bonorum
1297 844 1541 899 operum
1581 827 1917 898 sumptibus

231 917 687 971 immoderatum
715 933 856 971 esse
881 932 997 971 non
1029 917 1253 972 deceat.

301 1004 428 1059 110.
458 1005 712 1059 Pulchra
765 1006 1088 1060 liberalitas
1128 1007 1241 1078 (23)
1282 1008 1453 1077 (Dist.
1495 1006 1583 1075 86,
1609 1022 1736 1076 cap.
1767 1004 1917 1059 Pul-

237 1094 408 1162 chra)
440 1109 587 1165 erga
616 1094 783 1164 ipsos
807 1110 1043 1166 quoque
1073 1111 1366 1166 pauperes
1390 1111 1726 1150 mensuram
1756 1098 1918 1149 tene-

226 1199 291 1236 re
328 1184 468 1253 (24),
511 1183 879 1254 ut|abundes
909 1184 1180 1254 pluribus
1214 1201 1226 1240 :
1270 1202 1389 1240 non
1426 1184 1780 1239 conciliandi
1826 1183 1917 1237 fa-

229 1273 397 1326 voris
428 1273 621 1344 gratia
643 1273 794 1327 ultra
824 1273 1064 1327 modum
1103 1274 1307 1328 ﬂuere.
1350 1273 1645 1344 Quidquid
1676 1288 1752 1327 ex
1779 1270 1918 1326 aﬂ‘e-

227 1363 326 1414 ctu
375 1376 528 1430 puro
559 1377 629 1414 ac
676 1362 916 1415 sincero
966 1363 1274 1431 promitur,
1316 1361 1430 1416 hoc
1460 1365 1553 1416 est
1588 1361 1866 1416 decorum
1900 1374 1913 1415 :

229 1464 351 1504 non
380 1451 721 1520 superﬂuas
754 1450 1179 1505 zediﬁcatienes
1202 1451 1451 1524 aggredi
1469 1451 1604 1522 (“25),
1638 1466 1748 1505 nec
1770 1465 1918 1521 prae-

238 1539 567 1594 termittere
599 1540 997 1595 necessarias.

296 1628 425 1681 111.
473 1627 544 1681 Et
585 1628 839 1683 maxime
881 1629 1178 1683 sacerdoti
1206 1628 1321 1684 hoc
1368 1628 1666 1696 convenit,
1706 1644 1916 1683 ornare

228 1717 336 1771 Dei
368 1717 656 1788 templum
696 1718 911 1772 decore
959 1733 1247 1791 congruo,
1279 1722 1343 1773 ut
1387 1719 1559 1773 etiam
1590 1718 1703 1787 hoc
1753 1717 1917 1772 cultu

228 1806 363 1860 aula
406 1807 647 1861 Domini
685 1806 1065 1876 resplendeat
1098 1823 1110 1863 :
1146 1807 1451 1877 impensas
1489 1806 1916 1861 misericordiae

224 1896 657 1950 convenientes
689 1894 1066 1966 frequentare
1094 1912 1106 1950 :
1132 1899 1415 1966 quantum
1436 1898 1700 1966 oporteat
1729 1895 1913 1966 largi-

218 1986 271 2038 ri
302 1984 686 2055 peregrinis;
718 2000 838 2038 non
860 1985 1182 2054 superﬂua,
1216 1985 1321 2039 sed
1339 1984 1725 2055 competentia
1757 2000 1769 2038 :
1795 2000 1912 2038 non

220 2073 641 2141 redundantia,
686 2073 794 2127 sed
839 2089 1102 2144 congrua
1148 2073 1528 2141 humanitati;
1559 2089 1632 2128 ne
1676 2076 1914 2143 sumptu

223 2179 560 2233 pauperum
593 2162 845 2216 alienam
877 2162 993 2216 sibi
1016 2165 1242 2233 quierat
1263 2164 1532 2234 gratiam,
1565 2178 1674 2217 nec
1703 2162 1914 2216 restri-

222 2254 478 2307 ctiorem
521 2267 667 2323 erga
704 2252 958 2305 clericos
997 2255 1095 2306 aut
1138 2252 1635 2323 indulgentiorem
1665 2267 1731 2306 se
1762 2267 1915 2321 pra:-

220 2341 377 2396 beat.
434 2341 706 2395 Alterum
746 2340 902 2394 enim
955 2340 1358 2410 inhumanum,
1408 2340 1654 2395 alterum
1708 2340 1911 2410 prodi-

221 2447 408 2503 gum;
442 2431 498 2484 si
519 2435 618 2484 aut
650 2435 926 2500 sumptus
960 2429 1112 2484 desit
1139 2430 1484 2485 necessitati
1523 2445 1726 2485 eorum
1758 2445 1910 2500 quos

220 2536 252 2573 a
274 2520 549 2575 sordidis
574 2519 993 2591 negotiationis
1016 2519 1287 2590 aucupiis
1316 2519 1618 2574 retrahere
1649 2519 1868 2574 debeas
1894 2534 1906 2573 :

223 2612 323 2663 aut
355 2609 649 2680 voluptati
672 2599 1013 2679 superﬂuat.

751 2715 845 2780 97
888 2714 1142 2769 CAPUT
1180 2714 1360 2769 XXII.

220 2814 466 2868 Modum
497 2814 663 2868 inter
692 2816 931 2870 nimiam
971 2818 1387 2872 remissionem
1419 2833 1486 2871 ac
1516 2818 1907 2873 severitatem

288 2902 432 2961 esse
475 2887 885 2961 statuendum;
920 2904 1020 2961 eos
1043 2891 1200 2943 enim
1240 2890 1339 2961 qui
1386 2888 1663 2943 affectata
1695 2891 1908 2945 remis-

287 2959 464 3031 sione
494 2958 559 3009 in
591 2958 839 3031 aliorum
868 2959 1108 3019 animos
1137 2958 1414 3031 irrepere
1444 2961 1784 3028 moliuntur,
1810 2977 1909 3015 so-

284 3028 489 3104 1id_um_
512 3044 584 3081 ac
616 3028 965 3104 duraturum
1000 3031 1156 3104 nihil
1186 3028 1466 3104 consequi
1489 3047 1501 3086 :
1539 3033 1689 3104 quod
1715 3032 1909 3087 Abes-

282 3100 522 3154 salonis
548 3100 877 3171 exemplum
899 3102 1051 3155 satis
1082 3103 1364 3157 ostendit.

286 3225 415 3279 112.
461 3222 618 3288 Quin
649 3225 823 3279 etiam
845 3225 1162 3280 verborum
1195 3226 1463 3298 ipsorum
1494 3230 1551 3282 et
1580 3231 1906 3299 praecepto-

211 3330 344 3368 rum
374 3329 526 3368 esse
562 3328 901 3368 mensuram
925 3315 1231 3385 convenit;
1257 3332 1329 3370 ne
1358 3319 1457 3372 aut
1489 3317 1665 3371 nimia
1688 3318 1902 3373 remis-

211 3404 305 3458 sio
338 3402 647 3471 videatur,
698 3407 796 3457 aut
835 3404 1012 3457 nimia
1063 3405 1375 3459 severitas.
1427 3406 1700 3478 Plerique
1750 3408 1907 3462 enim

214 3492 611 3547 remissiores
667 3492 891 3546 malunt
930 3509 1067 3548 esse
1114 3494 1252 3564 (‘26),
1305 3498 1367 3549 ut
1410 3495 1719 3551 videantur
1768 3496 1909 3551 boni

214 3598 354 3636 esse
382 3598 397 3637 :
439 3580 552 3635 sed
585 3580 729 3634 nihil
777 3582 1116 3636 simulatum
1148 3586 1205 3637 et
1251 3584 1453 3638 ﬁctum
1482 3602 1642 3640 vera:
1674 3586 1908 3641 virtutis

212 3687 354 3727 esse
390 3674 627 3725 certum
675 3673 804 3738 est;
857 3672 999 3741 quin
1045 3673 1217 3726 etiam
1252 3673 1591 3728 diuturnum
1621 3690 1760 3729 esse
1791 3692 1910 3731 non

211 3762 393 3815 solet.
442 3760 508 3813 In
561 3759 852 3829 principio
903 3765 1127 3829 vernat,
1189 3761 1248 3815 in
1297 3778 1587 3832 processu
1633 3767 1910 3836 tanquam

210 3848 515 3903 ﬂosculus
552 3848 877 3917 dissipatur
905 3854 959 3903 et
981 3850 1230 3905 solvitur
1256 3866 1268 3904 :
1303 3852 1460 3922 quod
1491 3855 1684 3907 autem
1703 3869 1909 3908 verum

212 3954 286 3992 ac
316 3939 652 4004 sincerum,
686 3938 799 3991 alta
823 3938 1021 3993 radice
1054 3939 1350 3994 fundatur.

290 4026 419 4081 113.
464 4026 539 4080 Et
560 4029 622 4080 ut
654 4028 942 4096 exemplis
992 4029 1359 4084 assertiones
1416 4033 1656 4085 nostras
1686 4031 1906 4101 probe-

214 4133 388 4182 mus,
438 4115 720 4187 quoniam
753 4132 887 4187 quae
933 4118 1203 4171 simulata
1252 4122 1409 4189 sunt,
1457 4120 1727 4175 diuturna
1769 4136 1907 4175 esse

216 4222 339 4259 non
360 4208 647 4275 possunt,
680 4206 788 4259 sed
827 4210 1104 4277 tanquam
1135 4208 1208 4261 ad
1250 4211 1483 4279 tempus
1513 4209 1761 4263 virentia
1793 4209 1906 4263 cito

214 4294 527 4362 decidunt,
561 4310 637 4348 ex
673 4310 743 4348 ea
790 4293 1007 4349 familia
1053 4312 1129 4349 ex
1168 4313 1282 4367 qua
1330 4298 1505 4352 nobis
1546 4299 1795 4368 plurima
1834 4298 1909 4353 ad

212 4383 461 4437 virtutis
514 4382 846 4453 profectum
908 4386 1174 4455 exempla
1225 4387 1674 4456 accersivimus,
1728 4404 1907 4442 unum

210 4472 625 4527 simulationis
649 4475 705 4526 et
726 4472 954 4527 fraudis
982 4474 1356 4544 proferamus
1376 4476 1795 4531 testimonium.

290 4559 417 4615 115.
491 4560 852 4615 Abessalom
910 4568 1033 4616 erat
1096 4563 1305 4617 David'
1336 4565 1499 4637 regis
1551 4565 1743 4635 ﬁlius,
1808 4566 1907 4620 dc-

214 4666 359 4705 core
403 4650 693 4720 insignis,
729 4651 1011 4723 egregius
1052 4651 1259 4722 forma,
1300 4657 1595 4723 praestans
1619 4653 1904 4725 juventa;

216 4740 291 4792 ita
336 4742 399 4792 ut
430 4738 532 4791 vir
571 4738 709 4792 talis
758 4738 817 4791 in
858 4738 1038 4794 Israel
1086 4757 1204 4795 non
1244 4742 1639 4813 reperiretur,
1701 4759 1733 4797 a
1773 4760 1907 4799 ves-

214 4829 360 4900 tigio
386 4827 563 4898 pedis
595 4843 789 4898 usque
809 4828 882 4881 ad
904 4830 1185 4884 verticem
1217 4830 1625 4886 immaculatus
1658 4832 1741 4901 (II
1754 4834 1902 4904 Reg.

212 4935 355 4986 xix,
428 4917 548 4985 25).
628 4916 685 4970 Is
758 4916 894 4970 fecit
967 4919 1083 4972 sibi
1160 4936 1372 4974 currus
1443 4925 1499 4976 et
1563 4937 1790 4993 equos,
1850 4926 1907 4977 et

156 5034 163 5038 -
212 5007 383 5061 viros
431 5006 909 5078 quinquaginta,
963 5008 1062 5078 qui
1113 5014 1549 5079 praecurrerent
1586 5014 1718 5065 ante
1748 5027 1902 5066 eum.

212 5096 519 5168 Surgebat
578 5095 860 5165 diluculo,
914 5100 969 5150 et
1006 5097 1197 5152 stabat
1244 5101 1642 5170 ante.portam
1692 5100 1752 5154 in
1788 5101 1901 5172 via,

282 5238 401 5303 (ΞΒ)
430 5239 625 5314 Gra_t.,
662 5237 923 5292 Pulchra
960 5240 1136 5294 etiam
1175 5240 1519 5296 liberalitas
1557 5248 1651 5297 est
1679 5242 1742 5296 in
1778 5243 1906 5314 ipso

210 5312 499 5381 pauperis
522 5309 664 5362 dato
684 5326 1022 5381 mensuram
1055 5318 1283 5367 tenere.

282 5380 393 5451 (21)
427 5382 557 5436 Cic.
586 5380 689 5433 lib.
714 5380 969 5454 "AOf/ie”
1002 5398 1135 5454 pag.
1170 5383 1295 5453 383,
1328 5383 1429 5439 lin.
1463 5384 1530 5440 31
1567 5400 1578 5440 :
1609 5406 1630 5435 α
1667 5385 1903 5441 Haben-

216 5451 283 5505 da
311 5458 512 5507 autem
535 5456 632 5506 est
663 5452 810 5506 ratio
844 5453 925 5507 rei
960 5451 1288 5521 familiaris,
1326 5475 1347 5504 ι
1381 5459 1492 5510 etc.

280 5524 391 5601 (ᾧ)
428 5523 610 5585 lbid.,
658 5523 762 5601 lin.
919 5547 938 5572 σι
985 5527 1175 5601 Atque
1225 5527 1397 5581 etiam
1438 5526 1555 5582 illa;
1613 5528 1901 5601 impensae

217 5595 495 5668 meliores
527 5598 693 5668 sunt,
727 5595 1182 5668 mur_i,__nava]ia,
1215 5602 1444 5668 portus,
1476 5603 1588 5654 etc.

280 5668 388 5741 (26)
419 5666 550 5741 Cic.
588 5666 693 5741 lib.
731 5683 772 5722 ιι
826 5666 1016 5741 Ofﬁe.,
1064 5666 1359 5741 pag.‘380,
1399 5670 1501 5726 lin.
1528 5670 1589 5727 11
1631 5688 1644 5729 :
1675 5695 1697 5722 α
1732 5671 1903 5740 Quod

218 5738 272 5797 Ii
291 5737 393 5821 qui
424 5737 1105 5818 simulatione,‘etinaui
1123 5737 1536 5821 ostentatione,
1575 5764 1597 5796 υ
1623 5737 1774 5805 θεαί
1834 5794 1837 5799 λ

2036 649 2355 703 accedebat
2383 649 2456 702 ad
2487 665 2642 717 eum,
2678 648 2883 702 dicens
2920 664 2931 702 :
2969 648 3056 702 Ex
3096 666 3208 720 qua
3251 651 3481 705 civitate
3504 666 3570 705 es
3599 652 3707 704 tu?

2036 738 2459 808 Respondebat
2492 738 2589 792 ille
2625 754 2637 791 :
2678 737 2765 791 Ex
2796 753 2909 791 una
2949 738 3103 792 tribu
3149 755 3283 792 sum
3311 739 3382 793 de
3430 740 3705 793 tribubus

2032 826 2234 895 Israel,
2273 842 2487 881 servus
2518 831 2675 881 tuus.
2728 826 3046 881 Referebat
3090 827 3467 882 Abessalon:
3512 828 3706 882 Verba

2030 917 2128 969 tua
2160 915 2314 969 bona
2347 918 2485 970 sunt
2533 919 2589 970 et
2639 916 2882 985 directa,
2914 919 2971 969 et
3009 915 3110 986 qui
3141 919 3197 969 te
3225 916 3422 969 audiat
3461 933 3579 970 non
3615 920 3708 970 est

2029 1004 2137 1057 tibi
2166 1004 2337 1058 datus
2376 1020 2409 1057 a
2450 1019 2614 1081 rege.
2665 1002 2809 1069 Quis
2843 1004 3161 1058 constituet
3200 1019 3292 1058 me
3317 1002 3600 1075 judicem,
3652 1008 3710 1058 et

2031 1092 2306 1163 quisquis
2335 1092 2408 1146 ad
2452 1108 2545 1146 me
2584 1093 2799 1160 veniet,
2835 1092 3166 1163 cuicunque
3206 1092 3384 1147 fuerit
3418 1091 3707 1163 judicium

2031 1182 2459 1250 necessarium,
2504 1180 2848 1252 justiﬁcabo
2884 1182 3091 1237 illum?
3123 1181 3366 1236 Talibus
3413 1180 3710 1235 delinebat

2031 1271 2307 1343 singulos
2349 1271 2750 1325 sermonibus.
2785 1270 2855 1324 Et
2903 1287 3035 1325 cum
3080 1271 3431 1325 accederent
3461 1270 3708 1324 adorare

2030 1375 2184 1428 eum,
2211 1360 2537 1414 extendens
2567 1375 2780 1414 manus
2813 1375 2977 1427 suas,
3016 1359 3496 1430 apprehendebat
3535 1362 3708 1429 atque

2031 1449 2413 1504 osculabatur
2445 1464 2551 1503 eos
2582 1448 2670 1518 (II
2697 1449 2844 1520 Reg.
2880 1466 2979 1518 xv,
3005 1446 3148 1516 1-6).
3192 1448 3290 1504 Sic
3332 1448 3621 1503 convertit
3649 1448 3711 1502 in

2030 1554 2097 1593 se
2146 1539 2324 1592 corda
2359 1539 2639 1607 omnium,
2684 1538 2821 1592 dum
2850 1538 3149 1593 blanditiae
3196 1537 3540 1609 hujusmodi
3576 1537 3710 1591 inti-

2027 1643 2258 1681 morum
2279 1630 2527 1698 tangunt
2557 1628 2856 1681 viscerum
2888 1642 3154 1681 sensum.

2099 1715 2222 1771 115.
2265 1716 2381 1771 Sed
2413 1716 2645 1770 delicati
2676 1716 2776 1770 isti
2820 1720 2878 1770 et
2911 1716 3211 1771 ambitiosi
3251 1715 3559 1789 elegerunt
3596 1715 3707 1771 ho-

2025 1805 2313 1860 norabilia
2344 1808 2401 1859 et
2430 1808 2597 1877 grata
2626 1805 2700 1859 ad
2746 1807 2984 1875 tempus
3015 1808 3072 1859 et
3108 1804 3411 1876 jucunda:
3443 1805 3546 1860 ubi
3577 1822 3708 1876 par-

2029 1910 2100 1947 va
2150 1894 2448 1965 processit
2495 1895 2715 1963 dilatio,
2762 1909 2936 1964 quam
2982 1894 3243 1964 prudens
3277 1895 3537 1949 omnium
3567 1910 3709 1964 pro-

2030 1984 2203 2054 pheta
2249 1984 2552 2054 paulisper
2601 1983 2864 2038 cedendo
2920 1983 3407 2054 interponendam
3462 1984 3707 2053 putavit,

2028 2088 2145 2127 non
2176 2075 2491 2143 potuerunt
2528 2072 2779 2126 tolerare
2819 2088 2887 2126 ac
2920 2074 3248 2127 sustinere.
3296 2072 3560 2143 Denique
3591 2088 3711 2126 non

2027 2161 2303 2216 dubitans
2344 2162 2415 2215 de
2458 2162 2704 2216 victoria
2755 2161 2961 2231 David,
3032 2161 3481 2216 commendabat
3524 2161 3711 2215 filium

2027 2250 2411 2319 dimicaturis,
2434 2254 2495 2304 ut
2516 2251 2570 2304 ei
2599 2254 2910 2320 parcerent
2930 2250 3003 2320 (ΙΙ
3028 2251 3177 2321 Reg.
3213 2268 3376 2316 xvm,
3426 2252 3500 2319 5).
3544 2250 3710 2304 Ideo-

2026 2355 2140 2411 que
2183 2355 2294 2394 nec
2351 2339 2555 2409 praelio
2603 2340 2897 2394 interesse
2931 2339 3166 2409 maluit;
3215 2355 3289 2394 ne
3339 2339 3436 2393 vel
3482 2338 3708 2393 referre

2026 2444 2186 2482 arma
2232 2428 2366 2499 (2'7),
2417 2427 2728 2498 parricidae
2775 2428 2940 2497 licet,
2995 2428 3316 2499 videretur,
3366 2428 3473 2483 sed
3513 2430 3711 2483 tamen

2025 2518 2169 2573 ﬁlio.

2095 2607 2218 2662 116.
2261 2607 2473 2679 Liquet
2510 2607 2692 2679 igitur
2748 2623 2816 2662 ea
2859 2622 2998 2663 esse
3048 2609 3331 2678 perpetua
3370 2622 3440 2662 ac
3491 2606 3705 2674 solida,

2027 2712 2160 2767 quae
2213 2712 2352 2752 vera
2384 2700 2543 2767 sunt,
2575 2699 2632 2751 et
2674 2713 2811 2769 quae
2851 2697 3086 2751 sincere
3116 2696 3315 2767 potius
3347 2712 3524 2768 quam
3570 2695 3708 2751 dolo

2028 2789 2501 2859 congregantur;
2532 2801 2600 2840 ea
2642 2802 2785 2841 vero
2817 2802 2952 2858 quae
2984 2784 3360 2841 simulatione
3391 2789 3565 2857 atque
3614 2801 3711 2840 as-

2022 2876 2352 2931 sentatione
2375 2878 2577 2947 parata
2596 2878 2771 2948 .sunt,
2803 2891 2922 2931 non
2944 2891 3127 2947 posse
3159 2874 3260 2930 diu
3291 2890 3708 2967 perseverare.

2547 3001 2643 3064 98
2675 2998 2928 3055 CAPUT
2966 3000 3176 3056 XXIII.

2025 3116 2247 3173 Eorum
2268 3117 2371 3189 qui
2400 3116 2750 3189 velpecunia
2778 3116 2874 3189 vel
2891 3117 3116 3172 ambitu
3139 3116 3438 3189 redempti
3452 3115 3708 3188 fuerint,

2325 3216 2331 3222 ν
2500 3188 2507 3189 “
2558 3188 2779 3243 ﬂuxam
2809 3188 2989 3243 [idem
3012 3204 3167 3244 esse.

2099 3294 2220 3349 11Ἴ.
2261 3293 2407 3360 Quis
2448 3295 2628 3367 igitur
2681 3294 2776 3350 vel
2824 3295 2961 3350 illos
3004 3295 3105 3366 qui
3151 3294 3401 3367 pecunia
3438 3294 3708 3370 ad.obe-

2027 3384 2305 3439 dientiam
2337 3384 2705 3439 redimuntur
2736 3384 2870 3455 (:28),
2907 3385 3001 3439 vel
3034 3401 3138 3439 eos
3175 3386 3274 3457 qui
3306 3384 3707 3440 assentatione

2028 3473 2380 3544 invitantur,
2432 3474 2583 3528 ﬁdos
2628 3474 2743 3528 sibi
2792 3474 3146 3529 arbitretur?
3187 3475 3334 3528 Nam
3367 3477 3423 3529 et
3462 3474 3548 3529 illi
3592 3474 3709 3528 fre-

2030 3566 2279 3633 quenter
2300 3578 2365 3618 se
2389 3563 2645 3618 vendere
2666 3564 2889 3632 volunt,
2910 3566 2964 3618 et
2989 3563 3084 3617 isti
3108 3563 3351 3633 imperia
3375 3564 3520 3618 dura
3549 3563 3706 3618 ferre

2030 3668 2148 3707 non
2181 3654 2453 3722 possunt.
2490 3652 2632 3706 Levi
2678 3653 3182 3707 assentatiuncula
3229 3652 3400 3707 facile
3460 3652 3706 3723 capiun-

2030 3746 2142 3809 tur,
2169 3742 2217 3795 si
2244 3741 2669 3811 perstrinxeris
2689 3741 2893 3811 verbo,
2910 3741 3378 3812 immurmurant,
3400 3741 3703 3811 deserunt,

2030 3830 2232 3885 infesti
2280 3830 2531 3900 abeunt,
2575 3830 2953 3902 indignantes
3002 3830 3370 3903 relinquunt,
3415 3831 3706 3901 imperare

2028 3920 2271 3989 malunt,
2310 3935 2486 3990 quam
2528 3919 2790 3989 obedire,
2835 3921 3007 3991 quasi
3057 3920 3350 3975 obnoxios
3388 3920 3702 3990 beneficio,

2028 4007 2339 4080 subjectos
2378 4008 2496 4062 sibi
2542 4007 2760 4063 debere
2802 4024 2939 4064 esse
2971 4009 3328 4080 existimant,
3363 4026 3514 4082 quos
3553 4026 3705 4080 prae-

2026 4098 2256 4170 positos
2280 4097 2396 4151 sibi
2426 4097 2644 4152 habere
2668 4098 2937 4154 debeant.

2099 4185 2223 4243 118.
2265 4187 2410 4252 Quis
2443 4187 2624 4259 igitur
2663 4188 2780 4242 sibi
2831 4187 3036 4243 ﬁdeles
3067 4192 3247 4260 putet,
3286 4205 3439 4262 quos
3478 4188 3574 4244 vel
3604 4204 3706 4259 pe-

2029 4278 2202 4331 cunia
2246 4275 2343 4331 vel
2397 4275 2731 4331 adulatione
2774 4276 2892 4331 sibi
2950 4278 3305 4349 obligandos
3347 4278 3705 4332 crediderit?

2028 4366 2178 4420 Nam
2220 4368 2275 4419 et
2325 4365 2424 4421 ille
2460 4366 2561 4436 qui
2605 4366 2918 4437 pecuniam
2956 4368 3280 4437 acceperit,
3321 4367 3502 4421 vilem
3533 4382 3599 4420 se
3646 4370 3705 4420 et

1942 4487 1995 4548 D
2027 4455 2374 4525 despectum
2412 4453 2659 4527 judicat,
2710 4455 2826 4509 nisi
2888 4471 3048 4525 saepe
3089 4457 3455 4509 redimatur?
3502 4456 3700 4525 Itaque

2025 4544 2369 4615 frequenter
2399 4547 2704 4615 exspectat
2732 4545 2985 4614 pretium
3015 4560 3209 4613 suum,
3245 4547 3301 4597 et
3333 4543 3431 4597 ille
3463 4544 3565 4614 qui
3596 4544 3702 4598 ob-

2027 4634 2358 4689 secratione
2395 4633 2651 4690 ambitus
2682 4634 2931 4699 videtur,
2957 4633 3081 4687 vult
3112 4648 3349 4702 semper
3370 4648 3437 4686 se
3473 4633 3693 4705 rogari.

2608 4758 2863 4814 CAPUT
2903 4758 3108 4813 XXIV.

2022 4884 2210 4938 Bonis
2231 4884 2469 4938 artibus
2489 4883 2564 4938 ad
2586 4883 2843 4939 honores
2866 4883 3193 4954 nitendum,
3222 4885 3480 4939 maxime
3512 4884 3698 4940 eccle-

2093 4956 2405 5010 siasticos:
2441 4956 2715 5026 adeptum
2753 4972 2893 5012 vero
2922 4972 3137 5009 munus
3164 4956 3471 5010 moderate
3500 4973 3567 5010 ac
3596 4974 3698 5011 sa-

2094 5028 2339 5097 pienter
2371 5027 2931 5081 administrandum.
2957 5027 3086 5081 A’ee
3103 5028 3433 5082 interiores
3453 5028 3699 5082 ordines

2091 5098 2392 5153 simulatis
2418 5098 2748 5152 virtutibus
2773 5100 3051 5169 episcopo
3074 5099 3389 5170 derogare,
3415 5115 3523 5154 nee
3554 5100 3697 5154 item

2021 5243 2319 5325 Itempag.
2354 5241 2478 5325 3817.,
2503 5240 2605 5296 lin.
2639 5240 2707 5295 2'7
2744 5258 2755 5297 :
2786 5263 2807 5293 ι
2844 5241 3095 5314 Ipsaque
3125 5242 3221 5295 illa
3244 5241 3507 5297 delinitio
3540 5243 3695 5297 mul-

2019 5314 2306 5379 titudinis,
2348 5337 2368 5360 »
2405 5316 2516 5368 etc.

2090 5385 2196 5453 (2'7)
2242 5386 2411 5440 Rom.
2448 5385 2608 5453 edit.,
2644 5385 2948 5442 interesse
2995 5384 3195 5456 voluit,
3229 5401 3301 5440 ne
3329 5384 3424 5441 vel
3456 5384 3695 5440 inferre

2020 5472 2204 5599 8νέἕῇ
2234 5527 2406 5599 Ibid.,
2431 5544 2565 5600 pag.
2598 5528 2721 5599 3'76,
2754 5530 2855 5584 lin.
2890 5528 2957 5583 15
2993 5544 3004 5583 :
3044 5550 3065 5577 «ι
3099 5529 3249 5583 Male
3283 5530 3437 5584 enim
3486 5543 3566 5600 se_
3592 5541 3691 5580 res

2018 5597 2216 5670 habet,
2244 5597 2401 5672 cum
2433 5597 2601 5672 quod
2642 5597 2856 5655 virtute
2890 5600 3065 5672 effici
3112 5601 3305 5669 debet,
3334 5620 3356 5672 ις
3400 5601 3511 5653 etc.
3547 5597 3689 5672 Item

2018 5687 2155 5746 pag.
2197 5666 2322 5746 381,
2355 5666 2605 5746 lin.:ft_2:
2644 5671 3009 5746 «jPraaclare
3046 5671 3105 5725 in
3142 5666 3407 5746 epistola
3431 5666 3691 5739 quadant

2017 5741 2422 5808 Alexandrum
2456 5742 2640 5803 ﬁlium
2676 5742 2980 5820 Philippus
3011 5744 3272 5815 accusat,
3301 5761 3323 5792 ν
3358 5741 3469 5798 etc.
