4002 6150
374 295 497 358 143

1825 287 1894 355 S.
1936 285 2382 354 AMBROSII.

3725 292 3846 354 144

455 492 787 574 episcopum
820 490 972 546 cIeri
1001 489 1268 545 invidum
1288 507 1424 572 esse
1441 490 1686 574 debere,
1712 490 2057 574 sedjustum
2086 473 2147 536 Α
2173 489 2360 546 facias
2391 489 2840 546 commendandi
2861 491 2944 545 tui
2973 489 3088 561 (34)
3121 505 3320 560 causa,
3342 505 3459 562 quo
3479 490 3672 548 minor
3690 491 3842 546 alius

453 561 516 618 in
549 561 842 633 omnibus,
877 568 1050 636 atque
1080 563 1420 634 comprimis
1446 562 1508 616 in
1529 561 1876 635 judicando.

457 686 580 742 119.
624 687 784 759 Ergo
813 686 989 741 bonis
1019 687 1250 759 actibus
1284 687 1398 757 (29)
1415 690 1471 741 et
1488 687 1724 741 sincero
1755 688 2059 758 proposito

385 759 690 813 nitendum
721 758 794 812 ad
827 759 1110 813 honorem
1160 758 1434 829 arbitror,
1484 763 1540 812 et
1582 759 1835 812 maxime
1865 759 2061 812 eccle-

386 847 728 916 siasticum;
777 850 840 902 ut
875 863 1067 918 neque
1107 848 1388 918 resupina
1424 849 1783 920 arrogantia,
1821 848 1916 902 vel
1965 863 2063 902 re-

384 937 568 990 missa
616 935 979 1007 negligentia
1031 936 1128 1006 sit,
1180 952 1374 1008 neque
1419 936 1610 1006 turpis
1653 935 1967 1006 affectatio,
2009 939 2068 990 et

385 1025 664 1078 indecora
695 1025 959 1080 ambitio.
996 1026 1088 1078 Ad
1119 1025 1314 1080 omnia
1344 1023 1604 1080 abundat
1632 1025 1810 1080 animi
1844 1025 2067 1080 directa

385 1112 757 1183 simplicitas,
785 1113 1051 1184 satisque
1083 1129 1149 1167 se
1181 1114 1311 1183 ipsa
1341 1114 1729 1168 commendat.

455 1203 579 1257 120.
621 1202 686 1256 In
706 1203 836 1272 ipso
859 1219 1002 1258 vero
1034 1219 1280 1258 munere
1297 1219 1490 1274 neque
1521 1205 1897 1258 severitatem
1928 1219 2066 1259 esse

387 1291 594 1346 duram
625 1292 904 1346 convenit
938 1289 1071 1360 (30),
1106 1307 1215 1346 nec
1256 1293 1494 1346 nimiam
1523 1293 1958 1362 remissionem,
1993 1309 2066 1348 ne

386 1383 486 1435 aut
530 1383 882 1451 potestatem
913 1396 1216 1451 exercere,
1247 1385 1365 1453 Laut
1413 1385 1758 1452 susceptum
1807 1381 2066 1437 officium

383 1485 759 1542 nequaquam
789 1469 1033 1541 implere
1064 1469 1390 1525 videamur.

457 1559 579 1613 121.
623 1557 975 1613 Enitendum
1005 1575 1239 1631 quoque
1271 1564 1333 1614 ut
1374 1559 1686 1615 beneﬁciis
1715 1564 1889 1632 atque
1925 1560 2062 1615 offi-

384 1648 494 1703 ciis
529 1647 866 1720 obligemus
904 1647 1193 1719 plurimos
1225 1649 1358 1718 (31),
1393 1652 1449 1704 et
1483 1650 1753 1704 collatam
1785 1665 2065 1705 reserve-

385 1752 522 1792 mus
553 1737 838 1808 gratiam;
872 1752 946 1791 ne
984 1735 1120 1808 jure
1170 1737 1444 1792 beneficii
1492 1738 1633 1792 ﬂant
1663 1739 2060 1809 immemores,

2171 579 2290 649 fiat,
2323 595 2516 651 neque
2556 580 2611 634 si
2641 579 2780 652 quid
2815 579 2956 634 boni
2995 579 3238 646 habeas,
3271 579 3330 633 id
3358 579 3432 633 ad
3465 579 3846 634 deformatio-

2170 684 2304 722 nem
2335 669 2579 724 alterius
2602 672 2660 723 et
2687 669 3175 739 vituperationem
3195 683 3504 724 exerceas.

2239 757 2363 810 124.
2406 756 2494 810 Ne
2542 757 2834 812 defendas
2881 757 3212 828 improbum
3243 755 3376 826 (35),
3427 761 3484 812 et
3512 761 3714 812 sancta
3759 758 3849 812 in-

2165 845 2347 917 digno
2381 846 2802 900 committenda
2823 846 3153 916 arbitreris,
3173 861 3365 918 neque
3394 847 3604 900 iterum
3625 862 3848 919 urgeas

2164 937 2221 988 et
2270 933 2626 1006 impugnes,
2676 935 2852 1006 cujus
2901 935 3125 990 crimen
3172 951 3291 990 non
3355 934 3844 1006 deprehenderis.

2163 1022 2314 1077 Nam
2345 1039 2480 1078 cum
2527 1023 2588 1078 in
2619 1025 2896 1079 omnibus
2937 1024 3227 1096 injustitia
3271 1025 3385 1079 cito
3416 1023 3670 1080 oﬁ'endat
3705 1024 3844 1094 (36),

2162 1114 2286 1165 tum
2316 1113 2569 1166 maxime
2601 1113 2662 1167 in
2685 1113 2973 1178 Ecclesia,
3005 1113 3106 1168 ubi
3129 1113 3462 1184 aequitatem
3496 1129 3633 1168 esse
3665 1129 3847 1183 opor-

2164 1202 2276 1271 tet,
2333 1200 2433 1255 ubi
2483 1202 2878 1273 aequalitatem
2929 1201 3136 1256 haberi
3183 1202 3390 1271 decet;
3432 1206 3496 1256 ut
3534 1201 3680 1256 nihil
3727 1202 3848 1256 sibi

2163 1289 2460 1359 potentior
2492 1291 2628 1362 plus
2679 1290 2957 1360 vindicet,
2999 1290 3145 1345 nihil
3188 1290 3324 1360 plus
3354 1293 3604 1361 usurpet
3645 1290 3843 1345 ditior.

2164 1378 2302 1433 Sive
2325 1379 2480 1433 enim
2504 1395 2746 1450 pauper,
2773 1379 2902 1435 sive
2935 1380 3126 1447 dives,
3151 1380 3211 1433 in
3231 1379 3469 1435 Christo
3486 1395 3668 1434 unum
3683 1384 3846 1434 sunt.

2165 1465 2328 1520 Nihil
2360 1467 2624 1522 sanctior
2660 1467 2796 1538 plus
2843 1467 2960 1522 sibi
3007 1471 3284 1540 arroget;
3315 1467 3512 1538 ipsum
3541 1468 3698 1524 enim
3737 1485 3852 1539 par

2168 1558 2260 1610 est
2289 1571 2428 1610 esse
2461 1556 2853 1612 humiliorem.

2243 1643 2367 1700 125.
2419 1644 2535 1699 Sed
2577 1661 2686 1700 nec
2725 1661 3044 1716 personam
3091 1645 3334 1702 alterius
3380 1647 3734 1718 arripiamus
3783 1647 3846 1702 in

2168 1731 2415 1804 judicio,
2452 1734 2640 1806 gratia
2670 1735 2846 1806 absit,
2881 1751 3080 1790 causae
3110 1737 3316 1791 merita
3355 1737 3672 1792 decernant
3705 1736 3844 1806 (3'7).

383 1827 485 1898 qui
507 1842 574 1880 se
597 1827 859 1898 graviter
889 1826 1072 1882 laesos
1105 1825 1320 1881 dolent.
1355 1826 1526 1897 Saepe
1557 1828 1711 1882 enim
1755 1844 1871 1882 usu
1900 1828 2063 1883 venit
2090 1799 2143 1862 Β
2175 1823 2335 1877 Nihil
2369 1824 2458 1877 sic
2491 1823 2846 1894 opinionem,
2882 1825 2998 1880 imo
3020 1825 3193 1879 fidem
3222 1832 3448 1897 gravat,
3477 1841 3655 1897 quam
3690 1826 3745 1880 si
3783 1826 3848 1880 in

381 1919 447 1970 ut
477 1931 629 1986 quos
665 1917 854 1986 gratia
885 1915 1130 1984 foveris,
1163 1915 1256 1969 vel
1289 1915 1486 1986 aliquo
1519 1917 1827 1986 superiore
1859 1933 2061 1971 cumu-

381 2005 601 2060 laveris
625 2005 832 2074 gradu,
856 2008 1110 2072 avertas,
1146 2005 1197 2058 si
1231 2005 1473 2076 indigne
1502 2005 1759 2076 aliquem
1791 2007 1880 2060 eis
1911 2022 2062 2077 prm-

381 2093 721 2166 ponendum
766 2093 1025 2164 judices.
1078 2093 1196 2148 Sed
1237 2098 1294 2148 et
1340 2095 1710 2150 sacerdotem
1753 2095 2060 2150 beneﬁciis

382 2183 513 2238 suis
537 2183 628 2238 vel
653 2181 900 2254 judiciis
932 2183 1132 2238 favere
1165 2183 1459 2252 convenit,
1494 2187 1556 2238 ut
1587 2184 1921 2255 aequitatem
1953 2201 2060 2238 cu-

383 2272 619 2344 stodiat,
655 2275 711 2327 et
742 2271 1092 2344 presbytero
1122 2272 1216 2327 vel
1259 2273 1530 2328 ministro
1575 2273 1827 2344 deferre,
1864 2277 1924 2328 ut
1954 2289 2060 2344 pa-

389 2362 562 2418 renti.

458 2449 580 2506 122.
615 2451 824 2522 Neque
866 2451 978 2506 hos
1015 2451 1151 2523 quia
1195 2451 1380 2506 semel
1423 2452 1654 2523 probati
1703 2455 1859 2519 sunt,
1893 2468 2064 2508 arro-

385 2544 598 2613 gantes
619 2555 759 2595 esse
790 2543 1052 2611 oportet;
1084 2539 1192 2594 sed
1237 2541 1430 2612 magis
1460 2545 1738 2612 tanquam
1767 2557 2062 2597 memores

385 2629 615 2703 gratiae,
649 2628 1036 2683 humilitatem
1067 2633 1290 2698 tenere,
1317 2646 1508 2702 neque
1541 2629 1758 2685 offendi
1787 2632 2065 2686 sacerdo-

385 2723 526 2789 tem,
561 2718 616 2774 si
645 2722 744 2772 aut
773 2718 1104 2789 presbyter,
1150 2722 1248 2773 aut
1291 2720 1578 2790 minister,
1614 2724 1712 2774 aut
1750 2721 2065 2793 quisquam

385 2809 458 2864 de
491 2808 673 2878 clero,
735 2811 835 2862 aut
875 2808 1306 2877 misericordia,
1353 2812 1453 2864 aut
1490 2809 1744 2881 jejunio,
1793 2814 1891 2864 aut
1921 2811 2067 2865 inte-

385 2897 633 2970 gritate,
685 2900 784 2952 aut
841 2897 1108 2951 doctrina
1159 2901 1215 2952 et
1264 2899 1516 2954 lectione
1565 2900 2065 2954 existimationem

386 2985 718 3041 accumulat
759 3002 949 3041 suam.
1007 2987 1203 3041 Gratia
1244 2988 1401 3042 enim
1447 2988 1735 3044 Ecclesiae
1784 2989 1914 3044 laus
1951 2991 2062 3059 (32)

388 3076 651 3131 doctoris
691 3078 802 3130 est.
839 3077 1084 3144 Bonum,
1119 3092 1269 3146 opus
1303 3079 1396 3142 99
1434 3077 1690 3149 alicujus
1730 3079 2058 3150 praedicari,

388 3130 466 3211 ita
507 3160 701 3211 tamen
751 3156 804 3210 si
853 3156 1013 3210 nullo
1045 3130 1240 3211 studio
1286 3130 1391 3212 fiat
2095 3130 2148 3193 Ο

389 3246 547 3300 enim
586 3261 1065 3317 unumquemque
1108 3248 1512 3317 proximorum
1544 3249 1718 3319 labia,
1751 3253 1808 3304 et
1850 3265 1967 3304 non
1998 3266 2068 3306 os

395 3351 592 3406 suum,
628 3340 682 3389 et
717 3336 1128 3390 commendent
1159 3352 1356 3406 Opera,
1388 3354 1506 3392 non
1537 3339 1729 3393 studia
1760 3355 1888 3394 sua.

463 3423 588 3479 123.
632 3425 925 3479 Ceterum
957 3426 1008 3479 si
1041 3425 1176 3496 quis
1208 3442 1326 3480 non
1366 3427 1598 3481 obediat
1620 3429 1901 3500 episcopo
1935 3430 2065 3500 (33),

392 3514 675 3570 extollere
697 3517 870 3586 atque
892 3515 1150 3570 exaltare
1185 3531 1324 3570 sese
1355 3516 1671 3587 desideret,
1715 3519 2069 3574 obumbrare

399 3604 605 3658 merita
655 3603 921 3674 episcopi
959 3604 1228 3659 simulata
1261 3605 1628 3662 affectatione
1660 3608 1942 3663 doctrinae
1974 3612 2073 3664 aut

395 3693 764 3763 humilitatis,
797 3697 896 3747 aut
927 3693 1374 3766 misericordiae,
1409 3696 1461 3750 is
1492 3713 1524 3750 a
1555 3713 1698 3752 vero
1729 3698 1940 3752 devius
1971 3715 2070 3753 su-

391 3783 622 3854 perbit;
669 3783 946 3854 quoniam
994 3783 1256 3838 veritatis
1305 3800 1372 3839 ea
1416 3789 1508 3840 est
1547 3787 1774 3858 regula,
1824 3791 1886 3843 ut
1923 3788 2069 3843 nihil

465 3923 578 4002 (29)
617 3924 715 3979 Sic
748 3925 987 3979 Amerb.
1015 3942 1148 4002 cum
1179 3943 1327 4002 mss,
1359 3944 1526 3998 prop.
1579 3930 1878 4002 omnibus,
1930 3931 2066 3988 Era.

394 4000 588 4052 autem
608 4012 676 4068 ac
705 4001 1026 4068 sequentes
1056 3999 1216 4068 edit.,
1253 3999 1426 4053 bonis
1457 4001 1710 4056 artibus.

463 4067 583 4145 (30)
616 4067 749 4145 the.
771 4067 873 4121 lib.
908 4085 926 4120 ι
961 4068 1154 4145 0flic_.,
1189 4067 1324 4145 pag.
1358 4071 1482 4137 363,
1517 4071 1618 4145 lin.
1643 4074 1725 4145 βξ
1763 4095 1784 4122 α
1823 4074 1883 4127 In
1911 4072 2068 4145 juris

395 4139 791 4210 aequabilitate
833 4141 1164 4194 exercenda
1195 4139 1368 4194 etiam
1399 4147 1487 4195 est
1539 4143 1858 4199 facilitas...
1893 4139 1950 4200 et
1981 4150 2068 4200 ta-

393 4209 527 4264 men
551 4211 627 4263 ita
657 4209 959 4279 probanda
980 4215 1069 4264 est
1092 4213 1500 4280 mansuetudo,
1533 4242 1554 4261 ιι
1589 4219 1700 4268 etc.

465 4281 578 4352 (31)
620 4281 749 4335 Lib.
784 4298 851 4356 ιι,
897 4298 1032 4352 pag.
1081 4283 1204 4352 3⁵76,
1251 4285 1353 4337 lin.
1388 4284 1454 4339 12
1487 4301 1498 4340 :
1539 4308 1559 4334 α
1598 4285 1906 4356 Proprium
1955 4288 2068 4342 hoc

396 4355 590 4428 statuo
627 4354 1403 4428 essevirtutis,conciliare
1443 4357 1560 4410 sibi
1590 4354 1840 4428 animos,
1878 4383 1898 4406 ιι
1953 4366 2062 4415 etc.

2169 1911 2491 1983 judicando
2536 1913 2850 1983 potentiori
2889 1914 3076 1968 dones
3117 1930 3356 1968 causam
3394 1915 3714 1985 inferioris,
3749 1915 3850 1969 vel

2172 2017 2490 2072 pauperem
2547 2002 2919 2058 innocentem
2969 2019 3227 2075 arguas,
3290 2003 3528 2058 divitem
3583 2019 3849 2059 excuses

2171 2107 2337 2146 reum
2377 2091 2588 2162 culpaa.
2622 2092 2880 2147 Pronum
2922 2093 3158 2164 quidem
3189 2097 3281 2148 est
3315 2109 3510 2165 genus
3540 2093 3851 2148 hominum

2173 2179 2371 2235 favere
2421 2181 2921 2250 honoratioribus,
2972 2197 3046 2237 ne
3091 2181 3274 2237 laesos
3322 2197 3459 2237 sese
3504 2184 3725 2253 putent,
3769 2196 3850 2236 ne

2169 2270 2310 2324 victi
2339 2270 2592 2325 doleant.
2625 2271 2742 2326 Sed
2773 2271 3024 2342 primum
3056 2271 3110 2325 si
3140 2269 3427 2326 offensam
3449 2271 3696 2340 vereris,
3723 2287 3850 2326 non

2169 2359 2422 2429 recipias
2449 2358 2740 2430 judicium
2765 2375 2780 2430 ;
2815 2360 2866 2414 si
2898 2359 3183 2414 sacerdos
3201 2375 3290 2428 es,
3323 2363 3421 2415 aut
3451 2360 3505 2414 si
3525 2359 3852 2432 quisquam

2169 2449 2345 2519 alius,
2380 2464 2497 2504 non
2537 2449 2804 2504 lacessas
2853 2449 2986 2519 (38).
3021 2449 3186 2504 Licet
3213 2449 3318 2504 tibi
3350 2449 3528 2504 silere
3563 2451 3622 2503 in
3653 2465 3852 2522 nego-

2169 2538 2251 2592 tio
2283 2537 2562 2592 duntaxat
2589 2539 2930 2609 pecuniario
2956 2553 2970 2608 ;
3013 2554 3348 2610 quanquam
3388 2540 3466 2593 sit
3494 2539 3852 2594 constantia
3885 2580 3898 2593 .

2169 2627 2385 2681 adesse
2433 2629 2712 2698 aequitati.
2745 2628 2811 2682 In
2841 2643 3020 2682 causa
3051 2631 3246 2683 autem
3275 2628 3400 2697 Dei,
3443 2628 3541 2683 ubi
3583 2643 3856 2683 commu-

2172 2716 2370 2770 nionis
2400 2715 2730 2786 periculum
2765 2720 2875 2787 est,
2910 2719 3084 2772 etiam
3112 2717 3489 2772 dissimulare
3537 2720 3855 2788 peccatum

2172 2808 2266 2860 est
2296 2821 2415 2860 non
2434 2806 2585 2861 leve.

2773 2895 3026 2951 CAPUT
3063 2896 3244 2952 XXV.

2171 3001 2474 3076 Beneficia
2523 3003 2584 3076 in
2623 3019 2918 3076 pauperes
2952 3005 3152 3076 potius
3191 3003 3550 3076 conferenda
3581 3019 3750 3076 quam
3784 3003 3856 3057 in

2245 3074 2470 3129 divites
2489 3095 2506 3129 :
2537 3074 2646 3129 hos
2667 3074 2822 3129 enim
2855 3074 3276 3146 aut'quaesitam
3307 3091 3337 3128 θ
3360 3091 3426 3128 se
3446 3074 3730 3146 beneﬁcii
3759 3075 3857 3128 vi-

2247 3162 2370 3218 cem
2402 3152 2635 3218 putare,
2679 3152 2776 3200 aut
2824 3145 3133 3218 indignari
3173 3147 3323 3218 quod
3364 3146 3677 3218 videantur
3706 3145 3859 3200 hinc

2245 3216 2392 3271 facti
2403 3216 2732 3271 "debitores
2749 3237 2766 3273 :
2791 3216 3088 3289 pauperes
3127 3216 3264 3272 vero
3285 3223 3344 3289 et
3365 3217 3710 3289 debitorem
3736 3233 3860 3287 pro

2245 3305 2312 3360 se
2362 3289 2544 3360 Deum
2567 3289 2754 3360 ipsum
2790 3287 3174 3357 conis'tituere,
3215 3295 3272 3342 et
3304 3287 3568 3360 libenter
3607 3294 3859 3358 accepta

2245 3359 2535 3414 beneficia
2583 3359 2875 3414 confiteri.
2921 3360 3145 3425 Quibus
3194 3360 3437 3414 additur
3479 3359 3556 3414 ad
3575 3360 3861 3431 pecunias

2247 3437 2636 3502 contemptum
2659 3431 3014 3486 adhortatio.

2247 3537 2368 3592 126.
2411 3537 2560 3602 Quid
2617 3541 2809 3593 autem
2851 3542 2907 3592 et
2948 3538 3054 3593 tibi
3102 3539 3346 3610 prodest
3391 3537 3588 3593 favere
3635 3537 3862 3593 diviti?

2174 3629 2266 3682 An
2299 3629 2436 3698 quia
2469 3628 2642 3682 citius
2675 3632 2963 3683 amantem
2985 3630 3434 3683 remuneratur?
3464 3627 3572 3682 His
3591 3628 3750 3682 enim
3775 3628 3868 3682 fa-

2175 3733 2382 3772 vemus
2414 3716 2804 3788 frequentius,
2838 3733 2870 3770 a
2901 3717 3118 3788 quibus
3151 3717 3478 3774 referendae
3499 3718 3692 3772 vicem
3709 3734 3866 3789 spe-

2174 3823 2374 3861 ramus
2425 3807 2632 3878 gratia:
2682 3807 2816 3878 (39).
2850 3806 2966 3862 Sed
2999 3823 3068 3862 eo
3105 3808 3246 3872 100
3286 3808 3479 3880 magis
3529 3806 3766 3862 infirmo
3802 3812 3867 3864 et

2174 3941 2285 4008 est,
2319 3955 2517 4012 neque
2542 3956 2800 4012 unquam
2845 3941 3218 3996 innocentem
3245 3941 3472 4012 judicio
3507 3941 3720 4012 capitis
3749 3958 3866 3996 ac-

2175 4027 2472 4084 cersas...
2508 4011 2847 4084 Nectamcn
2883 4017 2944 4067 ut
2975 4013 3086 4067 hoc
3119 4011 3465 4084 fugiendum
3486 4011 3597 4083 est,
3630 4013 3709 4067 ita
3743 4013 3865 4068 ha-

2171 4083 2430 4137 bendum
2459 4087 2552 4136 est
2574 4083 2844 4154 religioni
2879 4083 3257 4154 contrarium,
3289 4109 3309 4130 υ
3339 4089 3451 4140 etc.

2245 4153 2358 4222 (36)
2389 4154 2558 4222 lbid.,
2593 4153 2729 4225 pag.
2777 4155 2900 4223 88-1,
2935 4155 3036 4209 lin.
3067 4155 3174 4209 48:
3213 4153 3614 4210 «Extremum
3653 4159 3864 4211 autem

2173 4229 2625 4298 pi"znceptuin....
2653 4242 2724 4298 ne
2748 4226 2887 4296 quid
2907 4227 3252 4296 contendas,
3284 4250 3304 4272 ιι
3339 4231 3453 4282 etc.

2245 4296 2361 4365 (37)
2390 4300 2608 4350 Omnes
2640 4297 2776 4350 edit.
2811 4313 2878 4350 ac
2910 4314 3056 4352 mss.
3088 4299 3327 4368 aliquot,
3364 4315 3599 4352 causam
3629 4299 3862 4353 merita

2177 4369 2539 4426 decernant:
2572 4384 2716 4422 mss.
2751 4369 3034 4438 nonnulli,
3062 4369 3428 4439 discernunt,
3453 4370 3681 4424 Thuan.
3708 4387 3861 4425 vero

395 4426 536 4479 Item
567 4440 703 4510 R98-
735 4424 860 4510 384)
885 4425 985 4478 ¹ίηο
1021 4425 1086 4478 12
1119 4441 1130 4480 ε
1162 4450 1183 4474 “
1219 4427 1382 4480 Licet
1405 4431 1595 4482 tamen
1613 4445 1791 4499 Opem
1820 4424 2066 4500 lWOdeS'
2093 4438 2148 4498 D
2177 4445 2233 4494 et
2279 4424 2672 4509 antiquissimi
2719 4441 2956 4510 quique,
2995 4424 3188 4494 causae
3235 4424 3449 4496 merita
3497 4424 3856 4508 decernant,

395 4512 463 4550 se
496 4496 715 4565 multis,
745 4519 766 4542 ιο
794 4501 904 4550 etc.

467 4566 580 4641 (32)
603 4567 760 4641 Mss.
774 4567 1012 4638 aliquot,
1038 4592 1058 4614 ‹‹
1079 4569 1251 4623 Grata
1271 4570 1424 4624 enim
1441 4571 1710 4625 Ecclesia
1733 4573 1882 4641 laus,
1913 4598 1934 4621 »
1952 4578 2064 4628 etc.

469 4637 580 4706 (33)
611 4637 886 4692 Clericos,
923 4637 1204 4715 episcopo
1255 4658 1364 4695 suo
1404 4643 1646 4715 perinde
1683 4659 1750 4696 ac
1785 4637 1904 4698 Deo
1953 4646 2070 4715 ipsi

402 4723 627 4786 morem
650 4724 858 4786 gerere
881 4715 1152 4786 oportere
1175 4713 1390 4786 beatus
1422 4714 1684 4784 lgnatius
1722 4716 1919 4768 multis
1952 4713 2072 4786 epi-

403 4778 688 4856 stolarum
736 4780 884 4856 locis
931 4778 1231 4856 praecipit,
1285 4778 1534 4838 maxime
1585 4801 1725 4838 vero
1780 4787 1950 4856 epist.
1988 4778 2074 4840 'ud

401 4850 627 4925 Ephcs.
677 4850 848 4919 epist.
910 4853 986 4905 ad
1023 4850 1294 4925 .llngnes.
1349 4860 1404 4909 et
1455 4856 1626 4925 epist.
1661 4857 1736 4910 ad
1789 4850 2073 4911 Tralhun.

402 4921 743 4994 Cyprianus
776 4937 918 4975 vero
961 4921 1146 4994 epist:
1175 4927 1244 4978 55
1283 4931 1337 4979 et
1370 4929 1437 4980 (35
1467 4921 1637 4981 docet
1676 4944 1793 4982 non
1841 4929 2075 4983 aliunde

403 4992 624 5066 exoriri
658 4992 852 5066 solere
889 4992 1153 5049 haereses
1190 5001 1361 5066 atque
1393 4997 1734 5066 schismata,
1761 5000 1879 5053 nisi
1912 5017 1986 5054 ex
2007 5015 2076 5054 eo

403 5063 559 5134 quod
595 5064 954 5133 praesulibus
987 5068 1115 5120 suis
1149 5063 1388 5122 obedire
1422 5069 1620 5122 clerici
1654 5063 1980 5125 detrectent
2011 5088 2079 5124 ac

402 5137 720 5210 refugiant.
771 5136 956 5210 Cujus
989 5139 1223 5208 quidem
1259 5140 1342 5192 rei
1375 5141 1704 5210 exemplum
1745 5142 2079 5197 luctuosum

403 5207 463 5260 in
513 5207 654 5286 Atlio
698 5209 969 5286 proponit
1026 5209 1454 5286 TilCOdOI‘eius,
1487 5207 1644 5266 Hist.
1698 5213 1862 5267 Eccl.
1901 5215 2000 5269 lib.
2039 5231 2077 5286 ι,

405 5294 534 5348 cap.
576 5279 628 5348 2,
665 5284 720 5332 et
749 5281 807 5331 in
838 5280 970 5332 aliis
999 5282 1114 5334 alii.

477 5349 594 5418 (31)
633 5351 831 5404 Codex
870 5352 1119 5420 'l‘buan.,
1169 5359 1226 5406 ut
1273 5353 1428 5408 nihil
1462 5355 1584 5408 fuci
1633 5357 2079 5412 commcndandi

409 5424 514 5492 lui,
548 5425 682 5490 etc.,
713 5438 836 5498 non
888 5425 1057 5492 male,
1091 5425 1142 5479 si
1175 5425 1422 5498 verbum
1465 5427 1700 5498 aliquod
1749 5428 2077 5483 subintelli-

408 5511 538 5569 gas,
572 5495 726 5569 quod
761 5495 912 5569 forte
941 5512 972 5548 a
1003 5498 1292 5569 scriptore
1323 5497 1499 5553 fuerit
1530 5495 2018 5569 praetermissum.

477 5567 748 5646 βωμία.
780 5565 882 5622 lib.
917 5583 955 5620 ιι
991 5565 1182 5646 Cilici,
1216 5585 1352 5646 p‘ag,
1384 5565 1644 5646 331,’11η.
1679 5571 1740 5627 21
1779 5587 1790 5628 :
1829 5593 1851 5622 cr
1884 5575 2078 5646 Atque

477 5585 595 5636 (ea)
625 5585 748 5622 Lac.
780 5585 882 5622 un.
917 5585 955 5620 ιι
991 5585 1182 5638 umc.,
1213 5585 1352 5696 pag.
1384 5585 1508 5640 361,
1543 5585 1644 5626 un.
1679 5585 1740 5627 21
1779 5587 1790 5628 :
1829 5593 1851 5622 cr
1884 5585 2078 5646 Atque

409 5637 582 5702 etiam
611 5637 726 5698 hoc
753 5641 1116 5720 praeceptum
1173 5655 1206 5698 ο
1235 5640 1354 5698 ilcii
1411 5642 1725 5724 diligenter
1759 5644 2079 5705 tenendum

2179 4513 2234 4564 id
2261 4514 2370 4578 est,
2406 4511 2743 4582 conﬂigant,
2779 4527 2847 4564 ac
2871 4512 3188 4565 decertent.

2250 4583 2360 4650 (38)
2424 4582 2531 4634 llis
2588 4582 2789 4636 verbis
2846 4598 2964 4636 non
3013 4583 3268 4637 obscure
3325 4585 3572 4638 innuere
3616 4584 3866 4638 videtur

2177 4653 2554 4720 Ambrosius,
2588 4653 2888 4722 episcopis
2928 4653 3151 4708 licitum
3199 4655 3387 4709 fuisse
3418 4671 3736 4709 causarum
3788 4672 3862 4708 ac

2176 4725 2362 4778 litium
2393 4723 2766 4777 saecularium
2806 4741 3085 4780 recusare
3128 4727 3466 4794 arbitrium;
3491 4741 3623 4779 cum
3655 4731 3865 4781 tamen

2177 4796 2288 4868 alii,
2315 4795 2426 4868 hoc
2468 4811 2682 4868 munus
2721 4795 2795 4868 ab
2844 4797 3130 4868 Apostolo
3161 4797 3202 4867 l,
3235 4799 3368 4851 Cor.
3422 4814 3498 4864 vi,
3537 4797 3563 4849 1
3601 4801 3658 4850 et
3695 4814 3858 4868 seq.,

2177 4867 2328 4935 ipsis
2379 4867 2716 4935 impositum
2774 4867 2962 4921 fuisse
3013 4869 3384 4922 contendant.
3432 4867 3864 4923 Verumtamen

2178 4939 2456 5010 observat
2478 4939 2849 5009 Augustinus
2872 4938 2972 4992 lib.
2999 4939 3072 4993 de
3096 4941 3288 5010 Opere
3311 4940 3582 4993 .llonacli.
3609 4955 3742 5010 cap.
3766 4939 3860 5008 15,

2179 5025 2208 5061 a
2243 5008 2420 5063 Paulo
2457 5008 2592 5078 ipso
2624 5010 2919 5078 impetrari
2950 5027 3069 5064 non
3102 5008 3388 5080 potuisse,
3423 5014 3484 5063 ut
3531 5008 3866 5079 hujuSmo-

2181 5081 2240 5132 di
2288 5080 2483 5134 munia
2551 5086 2874 5134 exerceret.
2937 5080 3209 5146 Quinimo
3269 5083 3517 5151 ipsemet
3572 5082 3865 5136 Christus

2180 5151 2466 5205 Dominus
2511 5151 2758 5206 delatam
2817 5152 2888 5205 ad
2937 5169 3002 5206 se
3037 5154 3107 5208 de
3139 5153 3488 5222 patrimonio
3520 5153 3680 5222 quod
3731 5152 3868 5207 fra-

2181 5227 2332 5275 trum
2373 5223 2621 5275 duorum
2671 5223 2817 5275 alter
2865 5240 3000 5277 cum
3051 5225 3233 5278 altero
3283 5224 3546 5277 dividere
3591 5223 3866 5293 nolebat,

2180 5293 2478 5366 querelam
2511 5310 2626 5346 non
2659 5294 2912 5348 admisit.
2937 5296 3084 5359 Quid
3119 5296 3300 5366 igitur
3323 5296 3552 5362 mirum,
3593 5296 3652 5366 si
3689 5311 3882 5350 sanc-

2179 5365 2446 5417 tissimos
2476 5381 2745 5435 quosque
2769 5367 3060 5420 antistites
3085 5365 3236 5420 hanc
3275 5366 3461 5420 litium
3493 5365 3876 5420 decidenda-

2181 5451 2311 5508 rum
2372 5437 2820 5508 necessitatem,
2887 5439 3002 5491 sibi
3074 5438 3422 5508 populorum
3481 5437 3875 5506 improbitate

2181 5506 2504 5588 obtrusam,
2530 5511 2644 5561 tam
2665 5507 3024 5582 frequenter,
3057 5506 3292 5582 tamque
3323 5509 3586 5581 graviter
3605 5515 3880 5580 questos

2182 5592 2572 5636 reperiamus.

2274 5648 2364 5728 39)
2405 5647 2527 5710 Cic.
2585 5649 2689 5712 lib.
2747 5668 2808 5730 ιι,
2866 5668 3004 5732 pag.
3049 5651 3174 5728 384,
3233 5652 3338 5716 lin.
3394 5648 3520 5713 24:
3575 5673 3598 5705 ι
3641 5653 3694 5716 Α
3737 5668 3892 5735 quo
