4128 6132
301 225 405 288 145

1180 217 1294 283 DE
1337 217 1695 284 OFFICIIS
1734 218 2352 284 MINISTRORUM
2395 220 2654 284 LIBER
2695 221 2777 284 II.

3604 221 3725 288 146

305 423 441 493 inopi
467 437 574 477 nos
604 419 841 476 studere
872 421 1147 475 convenit
1175 436 1188 489 ;
1222 420 1359 492 quia
1388 436 1496 491 pro
1542 435 1613 475 eo
1664 420 1764 491 qui
1812 435 1933 475 non
1963 402 2023 465 Α
2122 419 2310 474 menti
2340 420 2630 494 exemplis
2661 420 2881 494 clarum
2926 437 3095 486 esse;
3132 421 3387 494 hincque
3416 429 3720 494 praeterea

304 512 472 579 habet,
501 510 1033 565 remunerationem
1064 526 1377 579 speramus
1409 525 1441 563 a
1473 510 1723 563 Domino
1766 509 1935 577 Jesu,

303 602 385 671 qui
416 599 519 654 sub
552 599 748 669 specie
780 599 1037 652 convivii
1069 599 1408 671 generalem
1440 599 1719 652 virtutum
1758 599 1940 652 edidit

304 690 542 759 formam,
575 692 634 741 ut
664 689 758 741 his
802 689 1000 757 potius
1044 691 1248 741 nostra
1290 687 1668 741 conferamus
1709 687 1939 741 benefi-

300 779 389 846 cia,
420 778 512 849 qui
536 778 707 831 nobis
731 793 797 831 ea
822 793 937 830 non
960 780 1212 847 possunt
1235 779 1685 846 repraesentare,
1715 777 1939 830 docens

297 868 355 920 ad
399 868 721 920 convivium
780 870 952 936 atque
1001 867 1207 935 epulas
1260 882 1378 919 non
1424 881 1529 919 eos
1574 866 1676 936 qui
1727 865 1941 919 divites

296 960 429 1023 sunt,
460 955 562 1009 sed
612 970 908 1024 pauperes
957 955 1294 1009 invitandos
1329 955 1492 1023 (an.
1544 971 1667 1023 x1v,
1706 954 1789 1018 12,
1826 954 1935 1023 18).

294 1045 491 1098 Divites
516 1044 669 1098 enim
704 1044 902 1113 rogari
934 1044 1231 1113 videntur,
1266 1047 1328 1097 ut
1359 1043 1470 1114 ipsi
1505 1059 1741 1114 quoque
1764 1043 1938 1097 nobis

294 1134 509 1187 reddant
532 1133 892 1200 convivium;
908 1148 1219 1203 pauperes,
1246 1134 1382 1203 quia
1401 1148 1519 1186 non
1541 1131 1758 1186 habent
1780 1132 1937 1203 quod

292 1222 591 1287 restituant,
626 1239 762 1275 cum
813 1222 1171 1292 acceperint,
1205 1224 1709 1275 remuneratorem
1759 1222 1935 1276 nobis

290 1311 482 1364 faciunt
517 1312 847 1379 Dominum,
884 1311 983 1382 qui
1017 1327 1082 1364 se
1112 1327 1219 1381 pro
1250 1327 1508 1381 paupere
1548 1310 1933 1381 obligandum

287 1400 487 1453 obtulit.

346 1506 451 1561 127.
484 1507 572 1561 Ad
606 1508 803 1578 ipsum
834 1523 1069 1578 quoque
1107 1507 1315 1561 saeculi
1345 1523 1518 1562 usum
1553 1506 1789 1561 collatio
1818 1506 1927 1561 be-

284 1597 453 1650 neﬁcii
483 1596 634 1649 facta
670 1597 731 1650 in
760 1612 1055 1666 pauperes
1087 1597 1279 1667 magis
1311 1612 1487 1667 quam
1516 1595 1926 1665 inlocupletes

2115 496 2330 561 patere
2361 508 2527 563 quam
2549 492 2749 546 inanis
2779 493 2859 546 sit
2877 493 3258 563 pecuniarum
3283 492 3608 565 possessio.

2124 598 2245 652 1°29.
2277 598 2566 652 Caeterum
2613 599 2691 653 ita
2732 600 3124 653 incubuerunt
3164 616 3362 655 mores
3414 602 3719 657 hominum

2048 686 2433 741 admiratione
2464 687 2797 741 divitiarum
2830 688 2963 757 (4‘2),
2988 694 3047 743 ul
3081 705 3253 743 nemo
3283 690 3400 743 nisi
3422 691 3591 745 dives
3613 691 3721 746 ho-

2049 791 2192 829 nore
2228 777 2447 847 dignus
2487 780 2740 845 putetur.
2772 777 2979 847 Neque
3014 777 3110 830 hic
3139 793 3351 831 recens
3383 795 3532 837 usus
3560 795 3575 847 ;
3608 769 3717 834 85d

2043 863 2411 934 jamdudum,
2447 866 2604 935 quod
2635 865 2809 936 pejus
2843 870 2952 934 est,
2989 866 3230 925 inolevit
3248 867 3359 919 hoc
3375 867 3581 921 vitium
3601 868 3715 922 hu-

2047 954 2237 1007 manis
2282 954 2599 1008 mentibus.
2652 953 2956 1025 Siquidem
2998 971 3131 1008 cum
3180 954 3458 1009 Hiericho
3499 972 3713 1028 magna

2048 1042 2256 1097 civitas
2288 1044 2591 1097 turbarum
2624 1044 3080 1099 sacerdotalium
3113 1060 3261 1098 sono
3287 1045 3635 1114 corruisset,
3659 1048 3716 1099 et

2046 1131 2225 1185 Jesus
2257 1132 2420 1186 Nave
2450 1133 2736 1202 potiretur
2765 1133 3031 1202 victoria,
3059 1134 3339 1204 cognovit
3362 1132 3714 1188 infirmatam

2044 1235 2182 1275 esse
2213 1221 2489 1275 virtutem
2518 1222 2719 1292 populi
2750 1237 2856 1292 per
2883 1222 3206 1286 avaritiam,
3240 1224 3415 1293 atque
3444 1222 3570 1276 auri
3605 1239 3712 1277 cu-

2041 1309 2360 1379 piditatem.
2396 1310 2542 1363 Nam
2576 1327 2709 1364 cum
2741 1311 2811 1364 de
2844 1312 3053 1381 spoliis
3087 1311 3253 1389 urbis
3285 1312 3546 1367 incensae
3570 1327 3712 1366 sus—

2041 1398 2275 1453 tulisset
2307 1396 2505 1453 Achar
2534 1403 2760 1454 vestem
2810 1416 3065 1464 auream,
3103 1403 3159 1454 et
3201 1401 3450 1454 ducenta
3480 1401 3713 1472 argenti

2040 1487 2461 1558 didrachmata,
2497 1491 2553 1542 et
2583 1489 2846 1559 linguam
2892 1505 3130 1543 auream
3161 1490 3297 1558 (13),
3331 1489 3563 1544 oblatus
3595 1491 3710 1546 Do-

2038 1577 2198 1631 mino
2229 1594 2448 1649 negare
2478 1594 2595 1632 non
2628 1578 2833 1648 potuit,
2859 1579 2963 1632 sed
2987 1578 3243 1648 prodidit
3264 1577 3485 1633 furtum
3506 1579 3709 1649 (Josue

2038 1682 2138 1733 vn,
2176 1666 2242 1719 19
2275 1673 2333 1720 et
2364 1668 2531 1739 seq.)

1958 1720 2008 1782 B
2112 1720 2233 1808 30.
2268 1720 2461 1810 \‘etus‘
2486 1720 2666 1828 igitur
2696 1759 2751 1811 et
2772 1757 3008 1828 antiqua
3023 1757 3264 1811 avaritia
3284 1760 3394 1823 est,
3416 1773 3550 1829 quae
3573 1775 3706 1814 cum

2038 1842 2230 1913 ipsius
2280 1844 2496 1898 divinae
2544 1845 2698 1916 legis
2748 1846 2924 1916 cmpit
2971 1845 3249 1914 oraculis,
3302 1846 3418 1900 imo
3466 1850 3708 1917 propter

2038 1931 2229 2002 ipsam
2262 1934 2697 2003 reprimendum
2728 1934 2826 1988 lex
2868 1934 3055 1988 delata
3087 1938 3196 1989 est.
3234 1936 3480 2004 Propter
3507 1936 3703 1990 avari-

2034 2021 2173 2073 tiam
2208 2021 2423 2075 Balach
2456 2023 2679 2092 putavit
2710 2024 2943 2077 Balaam
2975 2024 3236 2094 praemiis
3258 2039 3439 2094 posse
3471 2027 3701 2096 tentari,

2034 2111 2096 2163 ut
2127 2110 2503 2164 malediceret
2532 2112 2813 2181 p0pulum
2843 2115 3071 2182 patrum
3097 2128 3108 2167 :
3142 2117 3198 2167 et
3228 2113 3476 2167 vicisset
3505 2114 3703 2168 avari-

2032 2198 2129 2267 tia,
2163 2199 2279 2252 nisi
2311 2199 2596 2253 Dominus
2619 2216 2651 2253 a
2684 2200 2993 2254 maledicto
3012 2217 3145 2255 eum
3163 2201 3703 2272 abstinerejussis-

2032 2290 2123 2341 set
2155 2286 2260 2356 (~11)
2292 2287 2489 2355 (Num.
2524 2306 2669 2357 xxii,
2692 2288 2776 2357 16,
2799 2288 2908 2359 1'7).
2935 2289 3187 2361 Propter
3210 2290 3512 2344 avaritiam
3541 2307 3700 2360 prae-

280 1684 393 1754 plus
417 1685 579 1755 juvat
601 1685 718 1751 (40)
745 1701 759 1753 ς
792 1686 928 1755 quia
959 1685 1127 1738 dives
1160 1685 1514 1754 dedignatur
1543 1684 1921 1753 beneficium,

281 1774 501 1843 etpudet
532 1790 669 1828 eum
695 1774 1020 1828 debitorem
1042 1790 1180 1828 esse
1217 1774 1444 1845 gratiae.
1470 1773 1621 1838 Quin
1658 1774 1831 1827 etiam
1865 1774 1925 1828 id

280 1862 412 1932 quod
442 1862 719 1916 collatum
751 1866 843 1916 est
876 1863 1012 1931 sibi,
1046 1863 1272 1917 meritis
1304 1863 1434 1917 suis
1467 1865 1725 1934 arrogat,
1764 1863 1924 1934 quod

280 1951 413 2004 velut
433 1951 697 2006 debitum
728 1952 1041 2022 acceperit,
1076 1952 1168 2005 vel
1187 1952 1319 2006 ideo
1351 1952 1548 2005 datum
1573 1952 1650 2005 sit
1673 1967 1743 2006 eo
1765 1953 1923 2023 quod

282 2040 325 2092 is
351 2040 442 2110 qui
468 2041 649 2109 dedit,
688 2041 1049 2096 reddendum
1083 2040 1195 2094 sibi
1228 2056 1259 2093 a
1291 2040 1468 2095 divite
1501 2041 1745 2095 uberius
1796 2042 1924 2095 cxi-

283 2128 600 2183 stimaverit.
658 2130 741 2182 Ita
790 2130 852 2183 in
908 2130 1253 2200 accipiendo
1296 2130 1617 2196 beneficio,
1672 2146 1741 2184 eo
1793 2131 1927 2200 ipso

281 2218 415 2287 quod
441 2219 783 2289 acceperint
828 2219 1063 2286 divites,
1118 2219 1357 2273 dedisse
1410 2234 1476 2273 se
1520 2219 1713 2290 magis
1753 2236 1929 2290 quam

275 2308 554 2377 accepisse
589 2308 937 2363 existimant
965 2324 978 2377 ;
1012 2324 1237 2378 pauper
1268 2325 1411 2363 vero
1444 2308 1557 2362 etsi
1589 2325 1707 2363 non
1752 2308 1929 2363 habet

277 2397 406 2450 unde
437 2397 642 2451 reddat
675 2397 1005 2467 pecuniam,
1041 2397 1227 2451 refert
1256 2398 1508 2469 gratiam
1540 2398 1676 2467 (41).
1711 2397 1775 2452 In
1808 2415 1926 2469 quo

277 2488 471 2540 certum
502 2490 594 2541 est
626 2487 788 2557 quod
820 2487 954 2557 plus
987 2487 1210 2557 reddat,
1245 2504 1421 2559 quam
1453 2487 1784 2558 acceperit;
1826 2504 1925 2558 pe-

277 2576 420 2627 cunia
450 2576 607 2630 enim
643 2592 884 2630 nummo
917 2576 1188 2645 solvitur,
1225 2578 1413 2648 gratia
1459 2593 1765 2648 nunquam
1804 2577 1925 2631 exi-

276 2664 496 2718 nanitur.
537 2665 871 2720 Reddendo
895 2669 1182 2719 vacuatur
1201 2666 1448 2736 pecunia
1476 2682 1489 2733 ;
1523 2666 1710 2736 gratia
1732 2670 1924 2720 autem

275 2756 319 2804 et
344 2752 605 2808 habendo
641 2754 914 2822 solvitur,
952 2757 1007 2807 et
1038 2754 1326 2808 solvendo
1361 2755 1666 2809 retinetur.
1702 2755 1922 2809 Deinde

274 2841 405 2910 quod
433 2842 602 2897 dives
638 2842 881 2914 refugit,
914 2859 1137 2913 pauper
1175 2842 1396 2898 fatetur
1435 2844 1592 2915 quod
1646 2844 1723 2897 sit
1769 2844 1921 2898 obli-

274 2933 422 2999 gatus
458 2931 684 2999 debito,
727 2931 963 3002 sibique
999 2932 1377 3000 subventum,
1412 2948 1530 2987 non
1570 2933 1779 2988 honori
1810 2950 1920 2988 suo

274 3017 500 3072 delatum
529 3023 727 3090 putat:
754 3020 1003 3074 donatos
1035 3021 1152 3075 sibi
1184 3022 1501 3076 arbitratur
1530 3021 1709 3091 filius,
1742 3021 1935 3076 vitam-

272 3108 549 3177 redditam,
586 3112 888 3163 servatam
919 3109 1216 3164 familiam.
1251 3109 1679 3182 Quantoigitur
1704 3111 1917 3166 melius

271 3196 398 3265 apud
430 3198 652 3266 bonos,
706 3214 883 3269 quam
924 3199 1075 3268 apud
1125 3199 1392 3271 ingratos
1441 3200 1639 3255 locare
1689 3199 1918 3255 beneﬁ-

270 3286 400 3339 cium
419 3288 444 3341 ἶ)

330 3392 435 3447 128.
475 3394 651 3449 Unde
704 3395 991 3449 Dominus
1041 3396 1115 3449 ad
1164 3396 1493 3467 discipulos
1543 3398 1664 3452 ait:
1714 3397 1921 3453 Nolite

266 3483 551 3550 possidere
569 3501 803 3553 aurum,
826 3501 1014 3556 neque
1047 3491 1378 3557 argentum,
1401 3502 1588 3558 neque
1611 3488 1919 3557 pecuniam

271 3570 477 3627 (Matth.
511 3591 571 3643 x,
610 3574 705 3642 9);
739 3574 873 3644 quia
904 3575 1063 3628 velut
1094 3575 1264 3643 falce,
1298 3575 1681 3645 pullulantem
1714 3576 1773 3630 in
1790 3592 1921 3646 pec-

270 3661 468 3716 toribus
500 3663 781 3717 humanis
800 3664 1053 3718 succidit
1084 3664 1409 3718 avaritiam.
1439 3665 1650 3719 Petrus
1681 3681 1917 3735 quoque

274 3747 473 3821 claudo,
506 3752 609 3822 qui
659 3767 733 3805 ex
783 3755 948 3807 utero
980 3754 1185 3807 matris
1234 3769 1361 3808 suae
1409 3754 1766 3824 portabatur,
1802 3754 1911 3809 ait:

268 3838 571 3909 Argentum
608 3846 667 3893 et
699 3857 902 3894 aurum
946 3858 1059 3895 non
1099 3842 1320 3897 habeo:
1365 3842 1474 3897 sed
1518 3843 1668 3915 quod
1703 3843 1912 3914 habeo,

270 3924 465 3982 dotibi.
491 3929 559 3983 In
594 3931 829 3984 nomine
858 3930 1001 3985 Jesn
1044 3932 1278 3985 Christi
1297 3931 1607 3987 Nazareni
1636 3948 1820 4003 surge
1857 3938 1914 3987 et

268 4017 467 4071 ambula
488 4020 655 4086 (Act.
691 4037 769 4085 ιιι,
803 4019 878 4088 6).
911 4020 1109 4091 Itaque
1134 4021 1446 4090 pecuniam
1471 4036 1589 4075 non
1618 4021 1799 4088 dedit,
1821 4037 1913 4075 sa-

268 4104 476 4159 nitatem
514 4107 697 4161 dedit.
748 4107 975 4172 Quanto
1024 4110 1236 4163 melius
1278 4114 1368 4164 est
1412 4110 1661 4164 salutem
1694 4110 1912 4165 habere

2031 2377 2303 2447 cipitatus
2328 2377 2543 2446 Achar,
2578 2378 2635 2431 in
2657 2378 2899 2431 exitium
2922 2377 3245 2432 deduxerat
3266 2381 3446 2432 totam
3464 2379 3700 2449 plebem

2026 2468 2354 2535 parentum.
2390 2466 2587 2537 Itaque
2619 2466 2798 2521 Jesus
2822 2466 3007 2535 Nave,
3030 2466 3131 2537 qui
3153 2466 3341 2537 potuit
3363 2467 3551 2522 solem
3573 2471 3699 2522 sta-

2028 2558 2190 2609 tuere
2222 2556 2354 2624 (15),
2397 2571 2469 2609 ne
2512 2555 2859 2625 procederet
2899 2555 3103 2625 (Josne
3132 2574 3190 2624 x,
3235 2556 3320 2624 1‘2,
3356 2556 3465 2626 13),
3509 2558 3700 2611 avari-

2027 2645 2166 2698 tiam
2198 2644 2500 2699 hominum
2533 2661 2648 2699 non
2678 2644 2866 2714 potuit
2895 2645 3132 2713 sistere,
3167 2661 3239 2699 ne
3273 2648 3562 2715 serperet.
3607 2646 3697 2700 Ad

2028 2749 2235 2787 vocem
2267 2732 2401 2803 ejus
2434 2733 2523 2787 sol
2555 2733 2732 2802 stetit,
2767 2733 3010 2788 avaritia
3041 2750 3160 2789 non
3199 2733 3384 2788 stetit.
3417 2733 3553 2789 Sole
3583 2734 3695 2789 ita-

2027 2838 2140 2893 que
2174 2824 2385 2891 stante,
2411 2822 2666 2876 confecit
2688 2822 2869 2876 Jesus
2890 2822 3251 2893 triumphum
3277 2839 3288 2877 :
3322 2823 3565 2878 avaritia
3587 2840 3698 2880 au-

2026 2913 2143 2966 tem
2172 2911 2546 2981 procedente,
2579 2927 2728 2982 pene
2760 2912 2956 2966 amisit
2988 2912 3315 2967 victoriam.

2102 3018 2221 3072 131.
2257 3017 2407 3082 Quid
2446 3017 2841 3072 fortissimum
2880 3019 3139 3073 omnium
3182 3018 3456 3088 Samson,
3500 3036 3696 3075 nonne

2033 3107 2235 3161 Dalilae
2264 3107 2529 3161 mulieris
2562 3107 2805 3161 avaritia
2834 3108 3110 3177 decepit?
3142 3109 3340 3179 Itaque
3360 3108 3455 3161 ille
3476 3110 3575 3178 qui
3598 3125 3697 3163 ru-

2032 3196 2289 3267 gientem
2327 3196 2557 3250 leonem
2588 3196 2861 3250 manibus
2895 3195 3212 3265 discerpsit
3242 3196 3391 3264 suis,
3431 3196 3531 3266 qui
3560 3197 3694 3251 vin-

2031 3288 2162 3339 ctus
2195 3287 2249 3339 et
2280 3284 2632 3354 alienigenis
2651 3285 2920 3354 traditus,
2947 3285 3077 3339 sine
3096 3285 3215 3338 ullo
3233 3284 3504 3355 adjutore
3524 3284 3692 3339 solus

2028 3374 2339 3428 dissolutis
2371 3373 2648 3442 vinculis,
2681 3373 2837 3427 mille
2871 3388 2945 3427 ex
2977 3372 3071 3427 his
3103 3373 3349 3443 peremit
3366 3373 3556 3427 viros:
3592 3373 3693 3444 qui

2027 3463 2201 3517 funes
2234 3462 2474 3517 intextis
2504 3462 2709 3516 nervis
2738 3462 2900 3516 velut
2929 3462 3125 3516 mollia
3157 3462 3338 3532 sparti
3372 3462 3468 3515 ﬁla
3499 3462 3694 3517 disru-

2022 3552 2140 3621 pit;
2172 3552 2225 3605 is
2259 3567 2441 3621 super
2470 3567 2666 3621 genua
2695 3551 2963 3605 mulieris
3012 3551 3227 3605 inﬂexa
3258 3552 3491 3605 cervice
3522 3554 3692 3605 trun-

2023 3650 2209 3715 catus,
2254 3647 2457 3702 invicti
2498 3648 2681 3702 crinis
2733 3650 3020 3716 ornatum,
3055 3648 3512 3719 praerogativam
3563 3664 3690 3703 sua)

2019 3737 2253 3791 virtutis
2287 3736 2502 3791 amisit.
2528 3737 2765 3791 Inﬂuxit
2790 3738 3039 3808 pecunia
3075 3738 3135 3791 in
3157 3737 3450 3808 gremium
3473 3734 3689 3793 mulie-

2018 3826 2123 3895 ris,
2157 3828 2212 3880 et
2242 3842 2275 3879 a
2305 3826 2433 3880 viro
2466 3826 2749 3881 discessit
2778 3826 2967 3898 gratia
2995 3826 3213 3895 (Judic.
3242 3843 3363 3895 xw,
3397 3827 3450 3897 5,
3501 3828 3614 3898 20).

2090 3931 2211 3987 13⁵2.
2245 3933 2469 3987 Feralis
2504 3933 2683 4005 igitur
2713 3933 2977 4001 avaritia,
3014 3933 3370 3987 illecebrosa
3411 3934 3685 4004 pecunia,

2018 4038 2150 4092 quae
2183 4021 2471 4087 habentes
2520 4023 2894 4091 contaminat,
2929 4039 3047 4077 non
3094 4021 3383 4077 habentes
3428 4039 3546 4077 non
3585 4022 3688 4095 ju-

2015 4115 2113 4164 vat
2135 4111 2268 4181 (16).
2306 4110 2448 4165 Esto
2482 4113 2674 4165 tamen
2706 4115 2767 4166 ut
2797 4112 3111 4183 aliquando
3141 4111 3383 4182 adjuvet
3414 4113 3684 4182 pecunia,

267 4192 374 4247 sine
395 4196 664 4265 pecunia,
692 4213 866 4267 quam
890 4198 1200 4267 pecuniam
1230 4200 1359 4253 sine
1393 4199 1580 4253 salute
1605 4196 1618 4253 ἓ
1645 4198 1913 4254 Surrexit
2017 4199 2359 4254 inferiorem
2392 4204 2584 4255 tamen
2614 4204 2670 4255 et
2716 4201 2904 4271 ipsam
2945 4201 3399 4256 desiderantem.
3434 4201 3583 4266 Quid
3614 4202 3688 4256 ad

268 4280 505 4352 claudus,
539 4286 848 4356 quodnon
882 4287 1193 4356 sperabat:
1242 4288 1552 4358 pecuniam
1584 4304 1703 4342 non
1735 4304 1909 4342 acce-
2019 4304 2152 4343 eum
2184 4288 2285 4359 qui
2317 4305 2433 4343 non
2452 4288 2769 4359 desiderat,
2790 4290 2890 4361 qui
2915 4306 3032 4344 non
3050 4291 3318 4361 requirit,
3341 4291 3440 4360 qui
3462 4290 3684 4344 auxilio

265 4369 350 4439 pit,
380 4389 547 4442 quam
580 4375 877 4444 sperabat.
913 4376 1029 4431 Sed
1062 4377 1189 4431 haec
1220 4377 1320 4430 vix
1349 4377 1407 4431 in
1430 4377 1654 4432 sanctis
1674 4377 1904 4432 Domini
1934 4377 1989 4438 D
2020 4376 2153 4449 ejus
2198 4394 2312 4431 non
2358 4379 2602 4451 indiget,
2656 4380 2852 4434 studio
2901 4395 3019 4434 non
3070 4380 3368 4434 flectitur?
3416 4376 3568 4442 Quid
3612 4378 3685 4430 ad

265 4461 631 4532 reperiuntur,
665 4467 725 4517 ut
753 4463 973 4519 divitiae
1006 4466 1361 4536 contemptui
1405 4467 1544 4520 sint.
2020 4467 2191 4536 alios,
2226 4467 2279 4521 si
2309 4467 2385 4521 sit
2417 4469 2511 4522 ille
2542 4469 2844 4538 copiosior
2874 4469 2975 4540 qui
3006 4469 3221 4522 habet?
3262 4466 3561 4537 Numquid
3589 4466 3683 4520 ἱεὶ-

740 4598 874 4661 101
914 4607 1165 4661 CAPUT
1200 4608 1393 4661 xx“
2018 4556 2177 4610 circo
2210 4556 2554 4656 honestior;
2590 4558 2725 4661 quia
2756 4557 2933 4661 habet
2964 4572 3084 4661 quq
3111 4556 3396 4661 honestqs
3425 4556 3683 4661 plerum-

2014 4661 2128 4716 que
2170 4646 2468 4715 amittitur,
2521 4647 2656 4716 quia
2707 4645 2883 4699 habet
2930 4644 3088 4716 quod
3150 4643 3445 4698 custodiat
3488 4646 3680 4717 magis

270 4724 425 4789 Quam
444 4736 610 4785 vetns
624 4730 1228 4801 malumsitavaritia,
1248 4732 1450 4787 multis
1473 4733 1906 4790 Veteristesta-
2011 4751 2184 4805 quam
2214 4736 2369 4806 quod
2401 4735 2746 4805 possideat?
2779 4734 2926 4788 Illud
2959 4734 3114 4788 enim
3144 4733 3525 4804 possidemus
3562 4750 3678 4805 quo

2007 4878 2273 4933 melioris
2312 4877 2421 4932 aevi
2464 4877 2593 4931 cod.
2636 4876 2739 4931 lex
2773 4876 2969 4932 delata
3016 4884 3127 4947 est,
3163 4877 3261 4932 alii
3302 4878 3513 4948 partim
3543 4895 3677 4933 cum

2007 4952 2123 5002 ant.
2155 4949 2292 5004 edit.
2326 4949 2426 5003 [ex
2467 4949 2581 5003 Dei
2620 4949 2755 5004 data
2794 4954 2904 5020 est,
2939 4950 3150 5020 partim
3199 4965 3334 5004 cum
3375 4951 3545 5005 Rom.
3578 4950 3684 5005 [ex

2005 5020 2121 5073 Dei
2158 5020 2277 5073 lata
2319 5025 2430 5074 est.

2076 5091 2189 5160 (11)
2222 5091 2438 5146 Omnes
2471 5091 2629 5159 edit.,
2665 5109 2791 5147 cmn
2840 5092 3151 5148 abstinere
3188 5094 3494 5157 vetuisset,
3531 5108 3677 5147 con-

2004 5164 2183 5215 trario
2217 5168 2273 5216 ct
2304 5164 2498 5231 inepto
2519 5179 2724 5231 sensu,
2753 5164 2843 5217 cui
2868 5166 3061 5219 tamen
3084 5166 3257 5218 etiam
3289 5180 3495 5219 omnes
3523 5180 3673 5219 mss.

2004 5235 2464 5302 patrocinantur,
2500 5239 2745 5304 excepto
2779 5235 3021 5289 Fulliac.
3056 5252 3231 5306 quem
3263 5236 3375 5291 hoc
3406 5237 3537 5290 loco
3559 5252 3674 5290 ca)-

2006 5306 2149 5358 teris
2181 5306 2452 5359 ducimus
2485 5307 2966 5375 praeponendum.

2075 5377 2189 5441 (15)
2214 5376 2444 5430 Erasm.
2479 5381 2534 5431 et
2566 5394 2692 5445 seq.
2728 5378 2888 5445 edit.,
2923 5377 3106 5432 solem
3142 5378 3386 5432 sistere.

2077 5449 2188 5513 (~16)
2220 5448 2340 5501 Cic.
2395 5448 2494 5501 lib.
2550 5466 2587 5500 ιι
2637 5446 2828 5512 ama,
2865 5465 2921 5517 p.
2969 5446 3093 5513 381,
3145 5449 3245 5503 lin.
3273 5449 3375 5502 v15:
3432 5468 3453 5498 α
3503 5446 3670 5500 Illum

2003 5518 2262 5574 fortasse
2294 5517 2554 5590 adjuvat,
2588 5520 2689 5589 qui
2720 5520 2915 5590 habet,
2956 5540 2976 5568 »
3023 5523 3135 5574 etc.

267 4868 398 4988 fnim
427 4873 753 4988 exipeditior
785 4877 843 4929 et
872 4874 1123 4928 celerior
1153 4868 1557 4930 remuneratio
1579 4876 1705 4931 fore
1736 4877 1903 4932 vide-

288 4954 362 4988 lll'-
397 4966 416 4986 ο
450 4959 481 4988 ρ
509 4961 560 4988 ρ-

288 4954 362 5005 ur,
397 4966 416 4986 ο
450 4947 561 4997 etc.

325 5012 574 5087 i19)(1ic.
615 5016 713 5069 lib.
749 5034 787 5069 ιι
824 5015 1017 5085 ()l'lic.,
1060 5034 1116 5087 p.
1158 5018 1284 5086 38-1,
1327 5018 1427 5072 lin.
1468 5018 1573 5072 ‘29:

270 5093 323 5133 se
350 5082 658 5155 locupletes
690 5082 1031 5155 honoratos,
1062 5082 1093 5135 ἶ»
1129 5094 1240 5144 etc.

325 5154 621 5233 t1_ti_lh_id.,
646 5159 749 5233 lin.
768 5160 869 5214 33:
899 5183 919 5205 α
955 5161 1027 5213 At
1055 5177 1196 5215 vero
1221 5161 1316 5215 ille
1339 5161 1552 5229 tenuis,
1580 5177 1713 5215 cum
1732 5162 1900 5233 quid-

271 5224 623 5301 quid‘fact‘um
657 5230 752 5295 sit,
788 5246 854 5283 se
886 5235 1210 5300 spectatum
1242 5236 1421 5301 putet,
1463 5254 1482 5279 ι
1539 5224 1649 5286 etc.

327 5295 425 5375 (ἐξ)
455 5297 596 5353 ibid.
626 5301 736 5375 γιίηῖ
770 5301 876 5375 .53;
921 5295 947 5375 ξι
993 5295 1417 5375 Sortem-rupti
1449 5319 1646 5358 mores
1687 5304 1899 5375 depra-

271 5369 473 5441 vatique
505 5374 639 5423 sunt
667 5372 1049 5427 admiratione
1082 5369 1439 5441 divitiarum,
1478 5396 1497 5420 ιι
1536 5379 1648 5429 etc.

327 5436 437 5515 (-13},
459 5438 534 5492 Ita
582 5442 709 5515 lira.
760 5459 892 5515 cum
941 5449 1211 5514 sequent,
1260 5445 1397 5499 edit.
1428 5436 1516 5498 ac
1567 5447 1900 5515 potioribus

272 5518 394 5588 1315s.
416 5512 831 5588 A‘merbqvero,
855 5512 1101 5570 lineam:
1125 5521 1181 5569 et
1210 5533 1355 5588 mss.
1383 5533 1499 5588 non
1516 5512 1585 5586 pa
1597 5517 1710 5586 uci,
1732 5535 1905 5588 regu-

276 5572 385 5645 lam,
413 5579 606 5654 aliqui,
638 5572 913 5640 laminam
934 5602 1193 5641 auream.
1221 5587 1289 5642 Et
1311 5587 1463 5642 infra
1494 5572 1597 5645 tibi
1627 5572 1737 5644 no's
1768 5572 1900 5647 cum

1634 5040 1653 5066 α
1691 5020 1762 5073 At
1802 5020 1901 5090 qui
