  <div class='ocr_page' id='page_1' title='image "/cluster/home/n/w/nwhite01/storage/ocr_20150623/16/hvd.32044096580444/079.png"; bbox 0 0 4128 6132; ppageno 0'>
   <div class='ocr_carea' id='block_1_1' title="bbox 435 249 553 316">
    <p class='ocr_par' dir='ltr' id='par_1_1' title="bbox 435 249 553 316">
     <span class='ocr_line' id='line_1_1' title="bbox 435 249 553 316; baseline 0.017 -2"><span class='ocrx_word' id='word_1_1' title='bbox 435 249 553 316; x_wconf 72' lang='lat'>147</span> 
     </span>
    </p>
   </div>
   <div class='ocr_carea' id='block_1_2' title="bbox 434 431 2178 524">
    <p class='ocr_par' dir='ltr' id='par_1_2' title="bbox 434 431 2178 524">
     <span class='ocr_line' id='line_1_2' title="bbox 434 431 2178 524; baseline -0.004 -13"><span class='ocrx_word' id='word_1_2' title='bbox 434 455 688 511; x_wconf 88' lang='lat' dir='ltr'>utimur:</span> <span class='ocrx_word' id='word_1_3' title='bbox 727 445 870 510; x_wconf 84' lang='grc'>102</span> <span class='ocrx_word' id='word_1_4' title='bbox 902 453 1060 524; x_wconf 89' lang='lat' dir='ltr'>quod</span> <span class='ocrx_word' id='word_1_5' title='bbox 1088 455 1280 508; x_wconf 90' lang='lat' dir='ltr'>autem</span> <span class='ocrx_word' id='word_1_6' title='bbox 1309 453 1461 508; x_wconf 88' lang='lat' dir='ltr'>ultra</span> <span class='ocrx_word' id='word_1_7' title='bbox 1492 468 1666 508; x_wconf 92' lang='lat' dir='ltr'>usum</span> <span class='ocrx_word' id='word_1_8' title='bbox 1696 455 1808 522; x_wconf 87' lang='lat' dir='ltr'>est,</span> <span class='ocrx_word' id='word_1_9' title='bbox 1839 467 1958 508; x_wconf 90' lang='lat' dir='ltr'>non</span> <span class='ocrx_word' id='word_1_10' title='bbox 1979 450 2097 506; x_wconf 85' lang='lat' dir='ltr'>uti-</span> <span class='ocrx_word' id='word_1_11' title='bbox 2127 431 2178 494; x_wconf 85' lang='grc' dir='ltr'>Α</span> 
     </span>
    </p>
   </div>
   <div class='ocr_carea' id='block_1_3' title="bbox 436 541 2098 616">
    <p class='ocr_par' dir='ltr' id='par_1_3' title="bbox 436 541 2098 616">
     <span class='ocr_line' id='line_1_3' title="bbox 436 541 2098 616; baseline -0.001 -18"><span class='ocrx_word' id='word_1_12' title='bbox 436 561 550 616; x_wconf 91' lang='lat' dir='ltr'>que</span> <span class='ocrx_word' id='word_1_13' title='bbox 581 543 755 598; x_wconf 85' lang='lat' dir='ltr'>habet</span> <span class='ocrx_word' id='word_1_14' title='bbox 783 542 1194 614; x_wconf 85' lang='lat' dir='ltr'>possessionis</span> <span class='ocrx_word' id='word_1_15' title='bbox 1234 541 1510 614; x_wconf 83' lang='lat' dir='ltr'>fructum,</span> <span class='ocrx_word' id='word_1_16' title='bbox 1545 542 1652 597; x_wconf 93' lang='lat' dir='ltr'>sed</span> <span class='ocrx_word' id='word_1_17' title='bbox 1685 541 1970 598; x_wconf 69' lang='lat' dir='ltr'>custodite</span> <span class='ocrx_word' id='word_1_18' title='bbox 1991 557 2098 612; x_wconf 90' lang='lat' dir='ltr'>pe-</span> 
     </span>
    </p>
   </div>
   <div class='ocr_carea' id='block_1_4' title="bbox 435 633 708 686">
    <p class='ocr_par' dir='ltr' id='par_1_4' title="bbox 435 633 708 686">
     <span class='ocr_line' id='line_1_4' title="bbox 435 633 708 686; baseline 0 0"><span class='ocrx_word' id='word_1_19' title='bbox 435 633 708 686; x_wconf 86' lang='lat' dir='ltr'>riculum.</span> 
     </span>
    </p>
   </div>
   <div class='ocr_carea' id='block_1_5' title="bbox 1003 703 1527 758">
    <p class='ocr_par' dir='ltr' id='par_1_5' title="bbox 1003 703 1527 758">
     <span class='ocr_line' id='line_1_5' title="bbox 1003 703 1527 758; baseline 0 0"><span class='ocrx_word' id='word_1_20' title='bbox 1003 703 1253 758; x_wconf 85' lang='lat' dir='ltr'>CAPUT</span> <span class='ocrx_word' id='word_1_21' title='bbox 1293 703 1527 758; x_wconf 80' lang='lat' dir='ltr'><strong>XXVII.</strong></span> 
     </span>
    </p>
   </div>
   <div class='ocr_carea' id='block_1_6' title="bbox 435 792 2097 865">
    <p class='ocr_par' dir='ltr' id='par_1_6' title="bbox 435 792 2097 865">
     <span class='ocr_line' id='line_1_6' title="bbox 435 792 2097 865; baseline -0.001 -18"><span class='ocrx_word' id='word_1_22' title='bbox 435 792 502 847; x_wconf 89' lang='lat' dir='ltr'>In</span> <span class='ocrx_word' id='word_1_23' title='bbox 509 792 778 864; x_wconf 68' lang='lat' dir='ltr'>pecuniae</span> <span class='ocrx_word' id='word_1_24' title='bbox 797 799 1129 864; x_wconf 85' lang='lat' dir='ltr'>contemptu</span> <span class='ocrx_word' id='word_1_25' title='bbox 1143 793 1342 865; x_wconf 83' lang='lat' dir='ltr'>inesse</span> <span class='ocrx_word' id='word_1_26' title='bbox 1361 793 1607 848; x_wconf 78' lang='lat' dir='ltr'>formam</span> <span class='ocrx_word' id='word_1_27' title='bbox 1617 793 1878 865; x_wconf 69' lang='lat' dir='ltr'>justitite</span> <span class='ocrx_word' id='word_1_28' title='bbox 1892 813 1913 865; x_wconf 62' lang='grc' dir='ltr'><strong>ί</strong></span> <span class='ocrx_word' id='word_1_29' title='bbox 1932 809 2097 864; x_wconf 82' lang='lat' dir='ltr'>quam</span> 
     </span>
    </p>
   </div>
   <div class='ocr_carea' id='block_1_7' title="bbox 511 863 2098 919">
    <p class='ocr_par' dir='ltr' id='par_1_7' title="bbox 511 863 2098 919">
     <span class='ocr_line' id='line_1_7' title="bbox 511 863 2098 919; baseline -0.001 -1"><span class='ocrx_word' id='word_1_30' title='bbox 511 863 795 918; x_wconf 76' lang='lat' dir='ltr'>virtutem</span> <span class='ocrx_word' id='word_1_31' title='bbox 828 880 936 918; x_wconf 89' lang='lat' dir='ltr'>nec</span> <span class='ocrx_word' id='word_1_32' title='bbox 969 863 1079 919; x_wconf 78' lang='lat' dir='ltr'>nan</span> <span class='ocrx_word' id='word_1_33' title='bbox 1102 864 1252 918; x_wconf 85' lang='lat' dir='ltr'>alias</span> <span class='ocrx_word' id='word_1_34' title='bbox 1275 865 1588 919; x_wconf 89' lang='lat' dir='ltr'>nonnullas</span> <span class='ocrx_word' id='word_1_35' title='bbox 1620 863 1848 919; x_wconf 77' lang='lat' dir='ltr'>sectari</span> <span class='ocrx_word' id='word_1_36' title='bbox 1876 863 2098 918; x_wconf 79' lang='lat' dir='ltr'>debent</span> 
     </span>
    </p>
   </div>
   <div class='ocr_carea' id='block_1_8' title="bbox 509 935 2096 1006">
    <p class='ocr_par' dir='ltr' id='par_1_8' title="bbox 509 935 2096 1006">
     <span class='ocr_line' id='line_1_8' title="bbox 509 935 2096 1006; baseline 0.001 -18"><span class='ocrx_word' id='word_1_37' title='bbox 509 941 624 988; x_wconf 88' lang='lat' dir='ltr'>tam</span> <span class='ocrx_word' id='word_1_38' title='bbox 657 935 870 990; x_wconf 81' lang='lat' dir='ltr'>clerici</span> <span class='ocrx_word' id='word_1_39' title='bbox 899 952 1070 1006; x_wconf 85' lang='lat' dir='ltr'>quam</span> <span class='ocrx_word' id='word_1_40' title='bbox 1101 936 1446 991; x_wconf 83' lang='lat' dir='ltr'>antistites:</span> <span class='ocrx_word' id='word_1_41' title='bbox 1485 937 1592 990; x_wconf 83' lang='lat' dir='ltr'>ubi</span> <span class='ocrx_word' id='word_1_42' title='bbox 1615 935 1988 1006; x_wconf 85' lang='lat' dir='ltr'>potissimum</span> <span class='ocrx_word' id='word_1_43' title='bbox 2022 935 2096 990; x_wconf 86' lang='lat' dir='ltr'>de</span> 
     </span>
    </p>
   </div>
   <div class='ocr_carea' id='block_1_9' title="bbox 506 1006 2024 1078">
    <p class='ocr_par' dir='ltr' id='par_1_9' title="bbox 506 1006 2024 1078">
     <span class='ocr_line' id='line_1_9' title="bbox 506 1006 2024 1078; baseline 0.001 -18"><span class='ocrx_word' id='word_1_44' title='bbox 506 1022 620 1062; x_wconf 88' lang='lat' dir='ltr'>non</span> <span class='ocrx_word' id='word_1_45' title='bbox 649 1006 903 1062; x_wconf 79' lang='lat' dir='ltr'>ferenda</span> <span class='ocrx_word' id='word_1_46' title='bbox 923 1007 1377 1078; x_wconf 74' lang='lat' dir='ltr'>prmcipitanter</span> <span class='ocrx_word' id='word_1_47' title='bbox 1403 1007 2024 1062; x_wconf 79' lang='lat' dir='ltr'>excommunicatione.</span> 
     </span>
    </p>
   </div>
   <div class='ocr_carea' id='block_1_10' title="bbox 509 1095 2100 1168">
    <p class='ocr_par' dir='ltr' id='par_1_10' title="bbox 509 1095 2100 1168">
     <span class='ocr_line' id='line_1_10' title="bbox 509 1095 2100 1168; baseline 0 -18"><span class='ocrx_word' id='word_1_48' title='bbox 509 1095 630 1151; x_wconf 77' lang='lat'>133.</span> <span class='ocrx_word' id='word_1_49' title='bbox 673 1096 762 1150; x_wconf 88' lang='lat' dir='ltr'>Ad</span> <span class='ocrx_word' id='word_1_50' title='bbox 795 1112 1085 1150; x_wconf 87' lang='lat' dir='ltr'>summam</span> <span class='ocrx_word' id='word_1_51' title='bbox 1134 1097 1410 1151; x_wconf 87' lang='lat' dir='ltr'>novimus</span> <span class='ocrx_word' id='word_1_52' title='bbox 1451 1096 1609 1168; x_wconf 93' lang='lat' dir='ltr'>quod</span> <span class='ocrx_word' id='word_1_53' title='bbox 1650 1096 1916 1167; x_wconf 62' lang='lat' dir='ltr'>pecunia)</span> <span class='ocrx_word' id='word_1_54' title='bbox 1961 1111 2100 1150; x_wconf 92' lang='lat' dir='ltr'>con-</span> 
     </span>
    </p>
   </div>
   <div class='ocr_carea' id='block_1_11' title="bbox 433 1181 2104 1257">
    <p class='ocr_par' dir='ltr' id='par_1_11' title="bbox 433 1181 2104 1257">
     <span class='ocr_line' id='line_1_11' title="bbox 433 1181 2104 1257; baseline 0 -18"><span class='ocrx_word' id='word_1_55' title='bbox 433 1187 690 1256; x_wconf 88' lang='lat' dir='ltr'>temptus</span> <span class='ocrx_word' id='word_1_56' title='bbox 714 1181 966 1257; x_wconf 83' lang='lat' dir='ltr'>justitiae</span> <span class='ocrx_word' id='word_1_57' title='bbox 998 1185 1184 1240; x_wconf 83' lang='lat' dir='ltr'>forma</span> <span class='ocrx_word' id='word_1_58' title='bbox 1217 1186 1332 1256; x_wconf 88' lang='lat' dir='ltr'>sit;</span> <span class='ocrx_word' id='word_1_59' title='bbox 1376 1189 1434 1240; x_wconf 88' lang='lat' dir='ltr'>et</span> <span class='ocrx_word' id='word_1_60' title='bbox 1489 1186 1621 1241; x_wconf 90' lang='lat' dir='ltr'>ideo</span> <span class='ocrx_word' id='word_1_61' title='bbox 1653 1185 1956 1240; x_wconf 76' lang='lat' dir='ltr'>avaritiam</span> <span class='ocrx_word' id='word_1_62' title='bbox 2007 1185 2104 1239; x_wconf 91' lang='lat' dir='ltr'>de-</span> 
     </span>
    </p>
   </div>
   <div class='ocr_carea' id='block_1_12' title="bbox 436 1273 2099 1345">
    <p class='ocr_par' dir='ltr' id='par_1_12' title="bbox 436 1273 2099 1345">
     <span class='ocr_line' id='line_1_12' title="bbox 436 1273 2099 1345; baseline -0.001 -17"><span class='ocrx_word' id='word_1_63' title='bbox 436 1273 656 1328; x_wconf 89' lang='lat' dir='ltr'>clinare</span> <span class='ocrx_word' id='word_1_64' title='bbox 687 1273 992 1344; x_wconf 87' lang='lat' dir='ltr'>debemus,</span> <span class='ocrx_word' id='word_1_65' title='bbox 1025 1278 1082 1329; x_wconf 92' lang='lat' dir='ltr'>et</span> <span class='ocrx_word' id='word_1_66' title='bbox 1112 1275 1270 1329; x_wconf 90' lang='lat' dir='ltr'>omni</span> <span class='ocrx_word' id='word_1_67' title='bbox 1293 1275 1488 1330; x_wconf 90' lang='lat' dir='ltr'>studio</span> <span class='ocrx_word' id='word_1_68' title='bbox 1512 1274 1838 1340; x_wconf 80' lang='lat' dir='ltr'>intendere,</span> <span class='ocrx_word' id='word_1_69' title='bbox 1865 1291 1936 1328; x_wconf 91' lang='lat' dir='ltr'>ne</span> <span class='ocrx_word' id='word_1_70' title='bbox 1958 1274 2099 1345; x_wconf 87' lang='lat' dir='ltr'>quid</span> 
     </span>
    </p>
   </div>
   <div class='ocr_carea' id='block_1_13' title="bbox 436 1363 2099 1434">
    <p class='ocr_par' dir='ltr' id='par_1_13' title="bbox 436 1363 2099 1434">
     <span class='ocr_line' id='line_1_13' title="bbox 436 1363 2099 1434; baseline -0.001 -17"><span class='ocrx_word' id='word_1_71' title='bbox 436 1363 722 1418; x_wconf 82' lang='lat' dir='ltr'>faciamus</span> <span class='ocrx_word' id='word_1_72' title='bbox 751 1379 1009 1434; x_wconf 87' lang='lat' dir='ltr'>unquam</span> <span class='ocrx_word' id='word_1_73' title='bbox 1041 1363 1335 1418; x_wconf 89' lang='lat' dir='ltr'>adversus</span> <span class='ocrx_word' id='word_1_74' title='bbox 1362 1363 1676 1434; x_wconf 80' lang='lat' dir='ltr'>justitiam,</span> <span class='ocrx_word' id='word_1_75' title='bbox 1699 1363 1804 1418; x_wconf 89' lang='lat' dir='ltr'>sed</span> <span class='ocrx_word' id='word_1_76' title='bbox 1829 1364 1886 1416; x_wconf 92' lang='lat' dir='ltr'>in</span> <span class='ocrx_word' id='word_1_77' title='bbox 1907 1363 2099 1418; x_wconf 88' lang='lat' dir='ltr'>omni-</span> 
     </span>
    </p>
   </div>
   <div class='ocr_carea' id='block_1_14' title="bbox 433 1452 1779 1524">
    <p class='ocr_par' dir='ltr' id='par_1_14' title="bbox 433 1452 1779 1524">
     <span class='ocr_line' id='line_1_14' title="bbox 433 1452 1779 1524; baseline -0.001 -17"><span class='ocrx_word' id='word_1_78' title='bbox 433 1453 549 1508; x_wconf 91' lang='lat' dir='ltr'>bus</span> <span class='ocrx_word' id='word_1_79' title='bbox 579 1453 770 1524; x_wconf 83' lang='lat' dir='ltr'>gestis</span> <span class='ocrx_word' id='word_1_80' title='bbox 803 1455 857 1507; x_wconf 91' lang='lat' dir='ltr'>et</span> <span class='ocrx_word' id='word_1_81' title='bbox 891 1452 1171 1523; x_wconf 79' lang='lat' dir='ltr'>operibus</span> <span class='ocrx_word' id='word_1_82' title='bbox 1195 1453 1599 1507; x_wconf 82' lang='lat' dir='ltr'>custodiamus</span> <span class='ocrx_word' id='word_1_83' title='bbox 1631 1468 1779 1506; x_wconf 88' lang='lat' dir='ltr'>eam.</span> 
     </span>
    </p>
   </div>
   <div class='ocr_carea' id='block_1_15' title="bbox 507 1541 2100 1608">
    <p class='ocr_par' dir='ltr' id='par_1_15' title="bbox 507 1541 2100 1608">
     <span class='ocr_line' id='line_1_15' title="bbox 507 1541 2100 1608; baseline -0.001 -13"><span class='ocrx_word' id='word_1_84' title='bbox 507 1541 628 1595; x_wconf 77' lang='grc'>134.</span> <span class='ocrx_word' id='word_1_85' title='bbox 663 1541 726 1596; x_wconf 89' lang='lat' dir='ltr'>Si</span> <span class='ocrx_word' id='word_1_86' title='bbox 755 1541 1030 1596; x_wconf 90' lang='lat' dir='ltr'>volumus</span> <span class='ocrx_word' id='word_1_87' title='bbox 1081 1541 1493 1596; x_wconf 75' lang='lat' dir='ltr'>commendare</span> <span class='ocrx_word' id='word_1_88' title='bbox 1524 1557 1635 1595; x_wconf 91' lang='lat' dir='ltr'>nos</span> <span class='ocrx_word' id='word_1_89' title='bbox 1667 1541 1807 1608; x_wconf 91' lang='lat' dir='ltr'>Deo,</span> <span class='ocrx_word' id='word_1_90' title='bbox 1842 1541 2100 1595; x_wconf 85' lang='lat' dir='ltr'>charita-</span> 
     </span>
    </p>
   </div>
   <div class='ocr_carea' id='block_1_16' title="bbox 432 1629 2100 1702">
    <p class='ocr_par' dir='ltr' id='par_1_16' title="bbox 432 1629 2100 1702">
     <span class='ocr_line' id='line_1_16' title="bbox 432 1629 2100 1702; baseline 0 -18"><span class='ocrx_word' id='word_1_91' title='bbox 432 1633 550 1685; x_wconf 90' lang='lat' dir='ltr'>tem</span> <span class='ocrx_word' id='word_1_92' title='bbox 588 1629 933 1699; x_wconf 86' lang='lat' dir='ltr'>habeamus,</span> <span class='ocrx_word' id='word_1_93' title='bbox 977 1630 1287 1684; x_wconf 88' lang='lat' dir='ltr'>unanimes</span> <span class='ocrx_word' id='word_1_94' title='bbox 1325 1630 1536 1702; x_wconf 90' lang='lat' dir='ltr'>simus,</span> <span class='ocrx_word' id='word_1_95' title='bbox 1571 1630 1956 1684; x_wconf 81' lang='lat' dir='ltr'>humilitatem</span> <span class='ocrx_word' id='word_1_96' title='bbox 1999 1647 2100 1684; x_wconf 89' lang='lat' dir='ltr'>sc-</span> 
     </span>
    </p>
   </div>
   <div class='ocr_carea' id='block_1_17' title="bbox 435 1719 2097 1790">
    <p class='ocr_par' dir='ltr' id='par_1_17' title="bbox 435 1719 2097 1790">
     <span class='ocr_line' id='line_1_17' title="bbox 435 1719 2097 1790; baseline 0.001 -17"><span class='ocrx_word' id='word_1_97' title='bbox 435 1735 706 1790; x_wconf 88' lang='lat' dir='ltr'>quamur,</span> <span class='ocrx_word' id='word_1_98' title='bbox 739 1719 1084 1774; x_wconf 88' lang='lat' dir='ltr'>alterutrum</span> <span class='ocrx_word' id='word_1_99' title='bbox 1120 1719 1530 1774; x_wconf 83' lang='lat' dir='ltr'>existimantes</span> <span class='ocrx_word' id='word_1_100' title='bbox 1561 1720 1928 1790; x_wconf 77' lang='lat' dir='ltr'>superiorem</span> <span class='ocrx_word' id='word_1_101' title='bbox 1961 1720 2097 1774; x_wconf 89' lang='lat' dir='ltr'>sibi.</span> 
     </span>
    </p>
   </div>
   <div class='ocr_carea' id='block_1_18' title="bbox 1875 241 2444 309">
    <p class='ocr_par' dir='ltr' id='par_1_18' title="bbox 1875 241 2444 309">
     <span class='ocr_line' id='line_1_18' title="bbox 1875 241 2444 309; baseline 0.002 -1"><span class='ocrx_word' id='word_1_102' title='bbox 1875 244 1938 308; x_wconf 92' lang='lat' dir='ltr'>S.</span> <span class='ocrx_word' id='word_1_103' title='bbox 1999 241 2444 309; x_wconf 78' lang='lat' dir='ltr'>AMBROSII.</span> 
     </span>
    </p>
   </div>
   <div class='ocr_carea' id='block_1_19' title="bbox 3771 243 3885 312">
    <p class='ocr_par' dir='ltr' id='par_1_19' title="bbox 3771 243 3885 312">
     <span class='ocr_line' id='line_1_19' title="bbox 3771 243 3885 312; baseline 0.018 -2"><span class='ocrx_word' id='word_1_104' title='bbox 3771 243 3885 312; x_wconf 87' lang='grc'>148</span> 
     </span>
    </p>
   </div>
   <div class='ocr_carea' id='block_1_20' title="bbox 2285 450 3878 524">
    <p class='ocr_par' dir='ltr' id='par_1_20' title="bbox 2285 450 3878 524">
     <span class='ocr_line' id='line_1_20' title="bbox 2285 450 3878 524; baseline 0.002 -19"><span class='ocrx_word' id='word_1_105' title='bbox 2285 451 2419 505; x_wconf 83' lang='lat' dir='ltr'>auri</span> <span class='ocrx_word' id='word_1_106' title='bbox 2447 456 2506 506; x_wconf 84' lang='lat' dir='ltr'>et</span> <span class='ocrx_word' id='word_1_107' title='bbox 2539 450 2778 524; x_wconf 73' lang='lat' dir='ltr'>argenti</span> <span class='ocrx_word' id='word_1_108' title='bbox 2813 467 2949 524; x_wconf 15' lang='lat' dir='ltr'>qua},</span> <span class='ocrx_word' id='word_1_109' title='bbox 2976 450 3254 507; x_wconf 83' lang='lat' dir='ltr'>Ecclesia</span> <span class='ocrx_word' id='word_1_110' title='bbox 3291 453 3582 524; x_wconf 77' lang='lat' dir='ltr'>possidet,</span> <span class='ocrx_word' id='word_1_111' title='bbox 3614 451 3878 524; x_wconf 85' lang='lat' dir='ltr'>legitimo</span> 
     </span>
    </p>
   </div>
   <div class='ocr_carea' id='block_1_21' title="bbox 2286 522 3878 596">
    <p class='ocr_par' dir='ltr' id='par_1_21' title="bbox 2286 522 3878 596">
     <span class='ocr_line' id='line_1_21' title="bbox 2286 522 3878 596; baseline 0.002 -21"><span class='ocrx_word' id='word_1_112' title='bbox 2286 539 2392 596; x_wconf 78' lang='lat' dir='ltr'>usu</span> <span class='ocrx_word' id='word_1_113' title='bbox 2415 522 2870 596; x_wconf 63' lang='lat' dir='ltr'>praecipiuntur.</span> <span class='ocrx_word' id='word_1_114' title='bbox 2894 523 3049 577; x_wconf 84' lang='lat' dir='ltr'>Hinc</span> <span class='ocrx_word' id='word_1_115' title='bbox 3066 522 3372 596; x_wconf 73' lang='lat' dir='ltr'>postquam</span> <span class='ocrx_word' id='word_1_116' title='bbox 3405 541 3482 596; x_wconf 84' lang='lat' dir='ltr'>ex</span> <span class='ocrx_word' id='word_1_117' title='bbox 3509 522 3878 580; x_wconf 42' lang='lat' dir='ltr'>facto—sancti</span> 
     </span>
    </p>
   </div>
   <div class='ocr_carea' id='block_1_22' title="bbox 2285 593 3880 664">
    <p class='ocr_par' dir='ltr' id='par_1_22' title="bbox 2285 593 3880 664">
     <span class='ocr_line' id='line_1_22' title="bbox 2285 593 3880 664; baseline 0.002 -17"><span class='ocrx_word' id='word_1_118' title='bbox 2285 593 2597 647; x_wconf 81' lang='lat' dir='ltr'>Laurentii</span> <span class='ocrx_word' id='word_1_119' title='bbox 2647 593 2881 664; x_wconf 82' lang='lat' dir='ltr'>quinam</span> <span class='ocrx_word' id='word_1_120' title='bbox 2929 593 3077 648; x_wconf 15' lang='lat' dir='ltr'>veri,</span> <span class='ocrx_word' id='word_1_121' title='bbox 3113 593 3236 648; x_wconf 81' lang='lat' dir='ltr'>sint</span> <span class='ocrx_word' id='word_1_122' title='bbox 3276 595 3570 650; x_wconf 72' lang='lat' dir='ltr'>Ecclesia)</span> <span class='ocrx_word' id='word_1_123' title='bbox 3615 597 3880 650; x_wconf 78' lang='lat' dir='ltr'>thesauri</span> 
     </span>
    </p>
   </div>
   <div class='ocr_carea' id='block_1_23' title="bbox 2283 664 3874 740">
    <p class='ocr_par' dir='ltr' id='par_1_23' title="bbox 2283 664 3874 740">
     <span class='ocr_line' id='line_1_23' title="bbox 2283 664 3874 740; baseline 0.001 -22"><span class='ocrx_word' id='word_1_124' title='bbox 2283 671 2581 740; x_wconf 75' lang='lat' dir='ltr'>ostensum</span> <span class='ocrx_word' id='word_1_125' title='bbox 2613 664 2974 740; x_wconf 75' lang='lat' dir='ltr'>est,_reg_ulae</span> <span class='ocrx_word' id='word_1_126' title='bbox 2996 666 3058 718; x_wconf 91' lang='lat' dir='ltr'>in</span> <span class='ocrx_word' id='word_1_127' title='bbox 3091 666 3418 740; x_wconf 78' lang='lat' dir='ltr'>con/laudis</span> <span class='ocrx_word' id='word_1_128' title='bbox 3447 674 3619 740; x_wconf 81' lang='lat' dir='ltr'>atque</span> <span class='ocrx_word' id='word_1_129' title='bbox 3650 669 3874 739; x_wconf 85' lang='lat' dir='ltr'>impen-</span> 
     </span>
    </p>
   </div>
   <div class='ocr_carea' id='block_1_24' title="bbox 2283 735 3772 810">
    <p class='ocr_par' dir='ltr' id='par_1_24' title="bbox 2283 735 3772 810">
     <span class='ocr_line' id='line_1_24' title="bbox 2283 735 3772 810; baseline 0.003 -22"><span class='ocrx_word' id='word_1_130' title='bbox 2283 736 2498 789; x_wconf 85' lang='lat' dir='ltr'>dendis</span> <span class='ocrx_word' id='word_1_131' title='bbox 2534 736 2694 788; x_wconf 78' lang='lat' dir='ltr'>vasis</span> <span class='ocrx_word' id='word_1_132' title='bbox 2726 735 2986 790; x_wconf 81' lang='lat' dir='ltr'>initiatis</span> <span class='ocrx_word' id='word_1_133' title='bbox 3014 738 3330 792; x_wconf 67' lang='lat' dir='ltr'>servanda:</span> <span class='ocrx_word' id='word_1_134' title='bbox 3347 735 3772 810; x_wconf 71' lang='lat' dir='ltr'>proponuntur.</span> 
     </span>
    </p>
   </div>
   <div class='ocr_carea' id='block_1_25' title="bbox 2284 841 3880 915">
    <p class='ocr_par' dir='ltr' id='par_1_25' title="bbox 2284 841 3880 915">
     <span class='ocr_line' id='line_1_25' title="bbox 2284 841 3880 915; baseline 0.003 -20"><span class='ocrx_word' id='word_1_135' title='bbox 2284 841 2405 895; x_wconf 78' lang='grc'>136.</span> <span class='ocrx_word' id='word_1_136' title='bbox 2440 841 2568 895; x_wconf 80' lang='lat' dir='ltr'>Hoc</span> <span class='ocrx_word' id='word_1_137' title='bbox 2601 842 2919 896; x_wconf 87' lang='lat' dir='ltr'>maximum</span> <span class='ocrx_word' id='word_1_138' title='bbox 2951 842 3312 899; x_wconf 87' lang='lat' dir='ltr'>incentivum</span> <span class='ocrx_word' id='word_1_139' title='bbox 3344 845 3792 915; x_wconf 77' lang='lat' dir='ltr'>misericordiae,</span> <span class='ocrx_word' id='word_1_140' title='bbox 3821 849 3880 900; x_wconf 91' lang='lat' dir='ltr'>ut</span> 
     </span>
    </p>
   </div>
   <div class='ocr_carea' id='block_1_26' title="bbox 2214 930 3874 1005">
    <p class='ocr_par' dir='ltr' id='par_1_26' title="bbox 2214 930 3874 1005">
     <span class='ocr_line' id='line_1_26' title="bbox 2214 930 3874 1005; baseline 0.003 -21"><span class='ocrx_word' id='word_1_141' title='bbox 2214 930 2634 1001; x_wconf 81' lang='lat' dir='ltr'>compatiamur</span> <span class='ocrx_word' id='word_1_142' title='bbox 2680 931 2890 986; x_wconf 89' lang='lat' dir='ltr'>alienis</span> <span class='ocrx_word' id='word_1_143' title='bbox 2936 932 3364 987; x_wconf 84' lang='lat' dir='ltr'>calamitatibus</span> <span class='ocrx_word' id='word_1_144' title='bbox 3411 933 3572 1004; x_wconf 91' lang='lat' dir='ltr'>(dist.</span> <span class='ocrx_word' id='word_1_145' title='bbox 3627 935 3716 1004; x_wconf 83' lang='lat'>86,</span> <span class='ocrx_word' id='word_1_146' title='bbox 3751 951 3874 1005; x_wconf 87' lang='lat' dir='ltr'>cap.</span> 
     </span>
    </p>
   </div>
   <div class='ocr_carea' id='block_1_27' title="bbox 2213 1018 3878 1092">
    <p class='ocr_par' dir='ltr' id='par_1_27' title="bbox 2213 1018 3878 1092">
     <span class='ocr_line' id='line_1_27' title="bbox 2213 1018 3878 1092; baseline 0.002 -18"><span class='ocrx_word' id='word_1_147' title='bbox 2213 1019 2498 1090; x_wconf 79' lang='lat' dir='ltr'>Pulchra,</span> <span class='ocrx_word' id='word_1_148' title='bbox 2548 1018 2579 1091; x_wconf 70' lang='grc' dir='ltr'>ἕ</span> <span class='ocrx_word' id='word_1_149' title='bbox 2631 1019 3107 1091; x_wconf 77' lang='lat' dir='ltr'>Compatmmur),</span> <span class='ocrx_word' id='word_1_150' title='bbox 3161 1023 3553 1077; x_wconf 85' lang='lat' dir='ltr'>necessitates</span> <span class='ocrx_word' id='word_1_151' title='bbox 3611 1023 3878 1092; x_wconf 88' lang='lat' dir='ltr'>aliorum,</span> 
     </span>
    </p>
   </div>
   <div class='ocr_carea' id='block_1_28' title="bbox 2213 1109 3878 1182">
    <p class='ocr_par' dir='ltr' id='par_1_28' title="bbox 2213 1109 3878 1182">
     <span class='ocr_line' id='line_1_28' title="bbox 2213 1109 3878 1182; baseline 0.002 -20"><span class='ocrx_word' id='word_1_152' title='bbox 2213 1111 2493 1182; x_wconf 88' lang='lat' dir='ltr'>quantum</span> <span class='ocrx_word' id='word_1_153' title='bbox 2551 1125 2898 1179; x_wconf 89' lang='lat' dir='ltr'>possumus,</span> <span class='ocrx_word' id='word_1_154' title='bbox 2943 1109 3259 1180; x_wconf 89' lang='lat' dir='ltr'>juvemus:</span> <span class='ocrx_word' id='word_1_155' title='bbox 3314 1115 3370 1166; x_wconf 90' lang='lat' dir='ltr'>et</span> <span class='ocrx_word' id='word_1_156' title='bbox 3409 1111 3544 1182; x_wconf 87' lang='lat' dir='ltr'>plus</span> <span class='ocrx_word' id='word_1_157' title='bbox 3590 1112 3878 1167; x_wconf 87' lang='lat' dir='ltr'>interdum</span> 
     </span>
    </p>
   </div>
   <div class='ocr_carea' id='block_1_29' title="bbox 2213 1197 3876 1272">
    <p class='ocr_par' dir='ltr' id='par_1_29' title="bbox 2213 1197 3876 1272">
     <span class='ocr_line' id='line_1_29' title="bbox 2213 1197 3876 1272; baseline 0.003 -22"><span class='ocrx_word' id='word_1_158' title='bbox 2213 1213 2386 1268; x_wconf 87' lang='lat' dir='ltr'>quam</span> <span class='ocrx_word' id='word_1_159' title='bbox 2422 1212 2764 1268; x_wconf 89' lang='lat' dir='ltr'>possumus.</span> <span class='ocrx_word' id='word_1_160' title='bbox 2793 1197 3003 1252; x_wconf 85' lang='lat' dir='ltr'>Melius</span> <span class='ocrx_word' id='word_1_161' title='bbox 3036 1201 3128 1252; x_wconf 90' lang='lat' dir='ltr'>est</span> <span class='ocrx_word' id='word_1_162' title='bbox 3156 1199 3312 1254; x_wconf 91' lang='lat' dir='ltr'>enim</span> <span class='ocrx_word' id='word_1_163' title='bbox 3333 1217 3440 1272; x_wconf 89' lang='lat' dir='ltr'>pro</span> <span class='ocrx_word' id='word_1_164' title='bbox 3473 1201 3876 1256; x_wconf 84' lang='lat' dir='ltr'>misericordia</span> 
     </span>
    </p>
   </div>
   <div class='ocr_carea' id='block_1_30' title="bbox 2215 1287 3877 1362">
    <p class='ocr_par' dir='ltr' id='par_1_30' title="bbox 2215 1287 3877 1362">
     <span class='ocr_line' id='line_1_30' title="bbox 2215 1287 3877 1362; baseline 0.005 -24"><span class='ocrx_word' id='word_1_165' title='bbox 2215 1301 2428 1339; x_wconf 89' lang='lat' dir='ltr'>causas</span> <span class='ocrx_word' id='word_1_166' title='bbox 2458 1288 2765 1356; x_wconf 81' lang='lat' dir='ltr'>praestare,</span> <span class='ocrx_word' id='word_1_167' title='bbox 2799 1287 2892 1341; x_wconf 91' lang='lat' dir='ltr'>vel</span> <span class='ocrx_word' id='word_1_168' title='bbox 2924 1287 3202 1342; x_wconf 89' lang='lat' dir='ltr'>invidiam</span> <span class='ocrx_word' id='word_1_169' title='bbox 3236 1289 3482 1358; x_wconf 89' lang='lat' dir='ltr'>perpeti,</span> <span class='ocrx_word' id='word_1_170' title='bbox 3518 1306 3692 1362; x_wconf 91' lang='lat' dir='ltr'>quam</span> <span class='ocrx_word' id='word_1_171' title='bbox 3724 1307 3877 1360; x_wconf 83' lang='lat' dir='ltr'>prae-</span> 
     </span>
    </p>
   </div>
   <div class='ocr_carea' id='block_1_31' title="bbox 2213 1375 3877 1448">
    <p class='ocr_par' dir='ltr' id='par_1_31' title="bbox 2213 1375 3877 1448">
     <span class='ocr_line' id='line_1_31' title="bbox 2213 1375 3877 1448; baseline 0.002 -20"><span class='ocrx_word' id='word_1_172' title='bbox 2213 1375 2456 1428; x_wconf 92' lang='lat' dir='ltr'>tendere</span> <span class='ocrx_word' id='word_1_173' title='bbox 2482 1375 2944 1444; x_wconf 86' lang='lat' dir='ltr'>inclementiam;</span> <span class='ocrx_word' id='word_1_174' title='bbox 2969 1379 3029 1430; x_wconf 90' lang='lat' dir='ltr'>ut</span> <span class='ocrx_word' id='word_1_175' title='bbox 3052 1392 3162 1431; x_wconf 88' lang='lat' dir='ltr'>nos</span> <span class='ocrx_word' id='word_1_176' title='bbox 3185 1377 3498 1448; x_wconf 85' lang='lat' dir='ltr'>aliquando</span> <span class='ocrx_word' id='word_1_177' title='bbox 3523 1379 3581 1433; x_wconf 93' lang='lat' dir='ltr'>in</span> <span class='ocrx_word' id='word_1_178' title='bbox 3604 1379 3877 1433; x_wconf 86' lang='lat' dir='ltr'>invidiam</span> 
     </span>
    </p>
   </div>
   <div class='ocr_carea' id='block_1_32' title="bbox 2218 1455 3874 1538">
    <p class='ocr_par' dir='ltr' id='par_1_32' title="bbox 2218 1455 3874 1538">
     <span class='ocr_line' id='line_1_32' title="bbox 2218 1455 3874 1538; baseline 0.004 -23"><span class='ocrx_word' id='word_1_179' title='bbox 2218 1455 2250 1516; x_wconf 89' lang='lat'><strong>1</strong></span> <span class='ocrx_word' id='word_1_180' title='bbox 2269 1455 2364 1516; x_wconf 86' lang='lat' dir='ltr'>O3</span> <span class='ocrx_word' id='word_1_181' title='bbox 2399 1462 2734 1531; x_wconf 89' lang='lat' dir='ltr'>incidimus,</span> <span class='ocrx_word' id='word_1_182' title='bbox 2770 1464 2925 1534; x_wconf 89' lang='lat' dir='ltr'>quod</span> <span class='ocrx_word' id='word_1_183' title='bbox 2950 1465 3423 1536; x_wconf 85' lang='lat' dir='ltr'>confregerimus</span> <span class='ocrx_word' id='word_1_184' title='bbox 3446 1483 3589 1520; x_wconf 88' lang='lat' dir='ltr'>vasa</span> <span class='ocrx_word' id='word_1_185' title='bbox 3610 1469 3874 1538; x_wconf 73' lang='lat' dir='ltr'>mystica,</span> 
     </span>
    </p>
   </div>
   <div class='ocr_carea' id='block_1_33' title="bbox 2214 1551 3878 1626">
    <p class='ocr_par' dir='ltr' id='par_1_33' title="bbox 2214 1551 3878 1626">
     <span class='ocr_line' id='line_1_33' title="bbox 2214 1551 3878 1626; baseline 0.005 -23"><span class='ocrx_word' id='word_1_186' title='bbox 2214 1553 2276 1604; x_wconf 88' lang='lat' dir='ltr'>ut</span> <span class='ocrx_word' id='word_1_187' title='bbox 2317 1551 2586 1621; x_wconf 87' lang='lat' dir='ltr'>captivos</span> <span class='ocrx_word' id='word_1_188' title='bbox 2627 1552 3054 1608; x_wconf 88' lang='lat' dir='ltr'>redimeremus</span> <span class='ocrx_word' id='word_1_189' title='bbox 3095 1553 3228 1622; x_wconf 79' lang='grc'>(48),</span> <span class='ocrx_word' id='word_1_190' title='bbox 3271 1556 3429 1626; x_wconf 89' lang='lat' dir='ltr'>quod</span> <span class='ocrx_word' id='word_1_191' title='bbox 3474 1555 3710 1610; x_wconf 84' lang='lat' dir='ltr'>Arianis</span> <span class='ocrx_word' id='word_1_192' title='bbox 3755 1557 3878 1612; x_wconf 89' lang='lat' dir='ltr'>dis-</span> 
     </span>
    </p>
   </div>
   <div class='ocr_carea' id='block_1_34' title="bbox 2213 1639 3878 1716">
    <p class='ocr_par' dir='ltr' id='par_1_34' title="bbox 2213 1639 3878 1716">
     <span class='ocr_line' id='line_1_34' title="bbox 2213 1639 3878 1716; baseline 0.004 -23"><span class='ocrx_word' id='word_1_193' title='bbox 2213 1639 2434 1711; x_wconf 90' lang='lat' dir='ltr'>plicere</span> <span class='ocrx_word' id='word_1_194' title='bbox 2466 1644 2774 1711; x_wconf 81' lang='lat' dir='ltr'>potuerat;</span> <span class='ocrx_word' id='word_1_195' title='bbox 2808 1657 2917 1696; x_wconf 91' lang='lat' dir='ltr'>nec</span> <span class='ocrx_word' id='word_1_196' title='bbox 2941 1645 3053 1697; x_wconf 91' lang='lat' dir='ltr'>tam</span> <span class='ocrx_word' id='word_1_197' title='bbox 3088 1642 3305 1698; x_wconf 88' lang='lat' dir='ltr'>factum</span> <span class='ocrx_word' id='word_1_198' title='bbox 3327 1645 3686 1715; x_wconf 86' lang='lat' dir='ltr'>displiceret,</span> <span class='ocrx_word' id='word_1_199' title='bbox 3707 1662 3878 1716; x_wconf 89' lang='lat' dir='ltr'>quam</span> 
     </span>
    </p>
   </div>
   <div class='ocr_carea' id='block_1_35' title="bbox 2216 1729 3874 1802">
    <p class='ocr_par' dir='ltr' id='par_1_35' title="bbox 2216 1729 3874 1802">
     <span class='ocr_line' id='line_1_35' title="bbox 2216 1729 3874 1802; baseline 0.005 -20"><span class='ocrx_word' id='word_1_200' title='bbox 2216 1731 2452 1784; x_wconf 89' lang='lat' dir='ltr'>utesset</span> <span class='ocrx_word' id='word_1_201' title='bbox 2474 1729 2630 1800; x_wconf 91' lang='lat' dir='ltr'>quod</span> <span class='ocrx_word' id='word_1_202' title='bbox 2662 1729 2718 1784; x_wconf 90' lang='lat' dir='ltr'>in</span> <span class='ocrx_word' id='word_1_203' title='bbox 2753 1731 2927 1784; x_wconf 89' lang='lat' dir='ltr'>nobis</span> <span class='ocrx_word' id='word_1_204' title='bbox 2946 1731 3498 1802; x_wconf 87' lang='lat' dir='ltr'>reprehenderetur.</span> <span class='ocrx_word' id='word_1_205' title='bbox 3522 1733 3666 1798; x_wconf 90' lang='lat' dir='ltr'>Quis</span> <span class='ocrx_word' id='word_1_206' title='bbox 3685 1739 3874 1790; x_wconf 88' lang='lat' dir='ltr'>autem</span> 
     </span>
    </p>
   </div>
   <div class='ocr_carea' id='block_1_36' title="bbox 434 1807 3879 1895">
    <p class='ocr_par' dir='ltr' id='par_1_36' title="bbox 434 1807 3879 1895">
     <span class='ocr_line' id='line_1_36' title="bbox 434 1807 3879 1895; baseline 0.003 -29"><span class='ocrx_word' id='word_1_207' title='bbox 434 1809 580 1864; x_wconf 70' lang='lat' dir='ltr'>Haec</span> <span class='ocrx_word' id='word_1_208' title='bbox 609 1812 702 1864; x_wconf 77' lang='lat' dir='ltr'>est</span> <span class='ocrx_word' id='word_1_209' title='bbox 733 1809 889 1864; x_wconf 87' lang='lat' dir='ltr'>enim</span> <span class='ocrx_word' id='word_1_210' title='bbox 921 1808 1244 1877; x_wconf 64' lang='lat' dir='ltr'>humilitas,</span> <span class='ocrx_word' id='word_1_211' title='bbox 1278 1807 1332 1863; x_wconf 82' lang='lat' dir='ltr'>Si</span> <span class='ocrx_word' id='word_1_212' title='bbox 1362 1808 1507 1862; x_wconf 78' lang='lat' dir='ltr'>nihil</span> <span class='ocrx_word' id='word_1_213' title='bbox 1538 1809 1655 1862; x_wconf 73' lang='lat' dir='ltr'>Sibi</span> <span class='ocrx_word' id='word_1_214' title='bbox 1688 1809 1821 1880; x_wconf 61' lang='lat' dir='ltr'>(Illis</span> <span class='ocrx_word' id='word_1_215' title='bbox 1839 1812 2097 1881; x_wconf 71' lang='lat' dir='ltr'>arroget.</span> <span class='ocrx_word' id='word_1_216' title='bbox 2135 1811 2186 1874; x_wconf 90' lang='grc' dir='ltr'>Β</span> <span class='ocrx_word' id='word_1_217' title='bbox 2214 1820 2442 1872; x_wconf 90' lang='lat' dir='ltr'>esttam</span> <span class='ocrx_word' id='word_1_218' title='bbox 2465 1818 2673 1888; x_wconf 90' lang='lat' dir='ltr'>durus,</span> <span class='ocrx_word' id='word_1_219' title='bbox 2709 1819 2969 1889; x_wconf 90' lang='lat' dir='ltr'>immitis,</span> <span class='ocrx_word' id='word_1_220' title='bbox 3003 1819 3256 1889; x_wconf 87' lang='lat' dir='ltr'>ferreus,</span> <span class='ocrx_word' id='word_1_221' title='bbox 3282 1822 3375 1875; x_wconf 93' lang='lat' dir='ltr'>cui</span> <span class='ocrx_word' id='word_1_222' title='bbox 3395 1821 3703 1892; x_wconf 88' lang='lat' dir='ltr'>displiceat</span> <span class='ocrx_word' id='word_1_223' title='bbox 3724 1823 3879 1895; x_wconf 89' lang='lat' dir='ltr'>quod</span> 
     </span>
    </p>
   </div>
   <div class='ocr_carea' id='block_1_37' title="bbox 435 1897 2102 1968">
    <p class='ocr_par' dir='ltr' id='par_1_37' title="bbox 435 1897 2102 1968">
     <span class='ocr_line' id='line_1_37' title="bbox 435 1897 2102 1968; baseline -0.001 -14"><span class='ocrx_word' id='word_1_224' title='bbox 435 1901 491 1954; x_wconf 90' lang='lat' dir='ltr'>et</span> <span class='ocrx_word' id='word_1_225' title='bbox 519 1898 862 1953; x_wconf 84' lang='lat' dir='ltr'>inferiorem</span> <span class='ocrx_word' id='word_1_226' title='bbox 893 1913 960 1953; x_wconf 89' lang='lat' dir='ltr'>se</span> <span class='ocrx_word' id='word_1_227' title='bbox 981 1913 1117 1952; x_wconf 91' lang='lat' dir='ltr'>esse</span> <span class='ocrx_word' id='word_1_228' title='bbox 1140 1897 1456 1952; x_wconf 81' lang='lat' dir='ltr'>existimet.</span> <span class='ocrx_word' id='word_1_229' title='bbox 1479 1897 1813 1968; x_wconf 90' lang='lat' dir='ltr'>Episcopus</span> <span class='ocrx_word' id='word_1_230' title='bbox 1833 1901 1891 1951; x_wconf 88' lang='lat' dir='ltr'>ut</span> <span class='ocrx_word' id='word_1_231' title='bbox 1915 1913 2102 1952; x_wconf 91' lang='lat' dir='ltr'>mem-</span> 
     </span>
    </p>
   </div>
   <div class='ocr_carea' id='block_1_38' title="bbox 431 1986 2103 2058">
    <p class='ocr_par' dir='ltr' id='par_1_38' title="bbox 431 1986 2103 2058">
     <span class='ocr_line' id='line_1_38' title="bbox 431 1986 2103 2058; baseline -0.001 -16"><span class='ocrx_word' id='word_1_232' title='bbox 431 1989 560 2043; x_wconf 88' lang='lat' dir='ltr'>bris</span> <span class='ocrx_word' id='word_1_233' title='bbox 591 1987 722 2042; x_wconf 88' lang='lat' dir='ltr'>suis</span> <span class='ocrx_word' id='word_1_234' title='bbox 763 1989 960 2042; x_wconf 87' lang='lat' dir='ltr'>utatur</span> <span class='ocrx_word' id='word_1_235' title='bbox 989 1986 1247 2056; x_wconf 89' lang='lat' dir='ltr'>clericis,</span> <span class='ocrx_word' id='word_1_236' title='bbox 1281 1990 1337 2041; x_wconf 89' lang='lat' dir='ltr'>et</span> <span class='ocrx_word' id='word_1_237' title='bbox 1375 1986 1628 2041; x_wconf 84' lang='lat' dir='ltr'>maxime</span> <span class='ocrx_word' id='word_1_238' title='bbox 1673 1986 1968 2041; x_wconf 88' lang='lat' dir='ltr'>ministris</span> <span class='ocrx_word' id='word_1_239' title='bbox 2001 1987 2103 2058; x_wconf 91' lang='lat' dir='ltr'>qui</span> 
     </span>
    </p>
   </div>
   <div class='ocr_carea' id='block_1_39' title="bbox 433 2075 2097 2148">
    <p class='ocr_par' dir='ltr' id='par_1_39' title="bbox 433 2075 2097 2148">
     <span class='ocr_line' id='line_1_39' title="bbox 433 2075 2097 2148; baseline -0.001 -16"><span class='ocrx_word' id='word_1_240' title='bbox 433 2081 574 2132; x_wconf 90' lang='lat' dir='ltr'>sunt</span> <span class='ocrx_word' id='word_1_241' title='bbox 603 2093 741 2133; x_wconf 89' lang='lat' dir='ltr'>vere</span> <span class='ocrx_word' id='word_1_242' title='bbox 775 2076 879 2131; x_wconf 86' lang='lat' dir='ltr'>ﬁlii</span> <span class='ocrx_word' id='word_1_243' title='bbox 905 2091 916 2132; x_wconf 93' lang='lat'>:</span> <span class='ocrx_word' id='word_1_244' title='bbox 954 2092 1128 2148; x_wconf 86' lang='lat' dir='ltr'>quem</span> <span class='ocrx_word' id='word_1_245' title='bbox 1152 2077 1364 2148; x_wconf 91' lang='lat' dir='ltr'>cuique</span> <span class='ocrx_word' id='word_1_246' title='bbox 1387 2075 1601 2130; x_wconf 86' lang='lat' dir='ltr'>viderit</span> <span class='ocrx_word' id='word_1_247' title='bbox 1621 2078 1819 2147; x_wconf 86' lang='lat' dir='ltr'>aptum</span> <span class='ocrx_word' id='word_1_248' title='bbox 1845 2077 2097 2146; x_wconf 89' lang='lat' dir='ltr'>muneri,</span> 
     </span>
    </p>
   </div>
   <div class='ocr_carea' id='block_1_40' title="bbox 430 2166 773 2236">
    <p class='ocr_par' dir='ltr' id='par_1_40' title="bbox 430 2166 773 2236">
     <span class='ocr_line' id='line_1_40' title="bbox 430 2166 773 2236; baseline 0 -16"><span class='ocrx_word' id='word_1_249' title='bbox 430 2166 484 2221; x_wconf 90' lang='lat' dir='ltr'>ei</span> <span class='ocrx_word' id='word_1_250' title='bbox 517 2166 773 2236; x_wconf 89' lang='lat' dir='ltr'>deputet.</span> 
     </span>
    </p>
   </div>
   <div class='ocr_carea' id='block_1_41' title="bbox 502 2254 2104 2326">
    <p class='ocr_par' dir='ltr' id='par_1_41' title="bbox 502 2254 2104 2326">
     <span class='ocr_line' id='line_1_41' title="bbox 502 2254 2104 2326; baseline 0 -16"><span class='ocrx_word' id='word_1_251' title='bbox 502 2255 623 2310; x_wconf 82' lang='grc'>135.</span> <span class='ocrx_word' id='word_1_252' title='bbox 661 2254 808 2309; x_wconf 86' lang='lat' dir='ltr'>Cum</span> <span class='ocrx_word' id='word_1_253' title='bbox 853 2254 1056 2310; x_wconf 90' lang='lat' dir='ltr'>dolore</span> <span class='ocrx_word' id='word_1_254' title='bbox 1107 2257 1442 2326; x_wconf 88' lang='lat' dir='ltr'>amputatur</span> <span class='ocrx_word' id='word_1_255' title='bbox 1487 2255 1659 2310; x_wconf 90' lang='lat' dir='ltr'>etiam</span> <span class='ocrx_word' id='word_1_256' title='bbox 1705 2258 1838 2326; x_wconf 71' lang='lat' dir='ltr'>quae</span> <span class='ocrx_word' id='word_1_257' title='bbox 1883 2255 2104 2326; x_wconf 89' lang='lat' dir='ltr'>putruit</span> 
     </span>
    </p>
   </div>
   <div class='ocr_carea' id='block_1_42' title="bbox 429 2344 2102 2416">
    <p class='ocr_par' dir='ltr' id='par_1_42' title="bbox 429 2344 2102 2416">
     <span class='ocr_line' id='line_1_42' title="bbox 429 2344 2102 2416; baseline 0 -18"><span class='ocrx_word' id='word_1_258' title='bbox 429 2360 569 2415; x_wconf 87' lang='lat' dir='ltr'>pars</span> <span class='ocrx_word' id='word_1_259' title='bbox 599 2345 868 2416; x_wconf 89' lang='lat' dir='ltr'>corporis</span> <span class='ocrx_word' id='word_1_260' title='bbox 899 2344 1032 2416; x_wconf 75' lang='grc'>(47),</span> <span class='ocrx_word' id='word_1_261' title='bbox 1063 2347 1120 2400; x_wconf 90' lang='lat' dir='ltr'>et</span> <span class='ocrx_word' id='word_1_262' title='bbox 1147 2344 1246 2400; x_wconf 91' lang='lat' dir='ltr'>diu</span> <span class='ocrx_word' id='word_1_263' title='bbox 1288 2346 1587 2415; x_wconf 86' lang='lat' dir='ltr'>tractatur,</span> <span class='ocrx_word' id='word_1_264' title='bbox 1612 2345 1664 2399; x_wconf 91' lang='lat' dir='ltr'>si</span> <span class='ocrx_word' id='word_1_265' title='bbox 1681 2347 1876 2416; x_wconf 90' lang='lat' dir='ltr'>potest</span> <span class='ocrx_word' id='word_1_266' title='bbox 1905 2345 2102 2398; x_wconf 89' lang='lat' dir='ltr'>sanari</span> 
     </span>
    </p>
   </div>
   <div class='ocr_carea' id='block_1_43' title="bbox 429 2433 2102 2505">
    <p class='ocr_par' dir='ltr' id='par_1_43' title="bbox 429 2433 2102 2505">
     <span class='ocr_line' id='line_1_43' title="bbox 429 2433 2102 2505; baseline -0.001 -16"><span class='ocrx_word' id='word_1_267' title='bbox 429 2434 875 2489; x_wconf 89' lang='lat' dir='ltr'>medicamentis</span> <span class='ocrx_word' id='word_1_268' title='bbox 901 2450 913 2490; x_wconf 87' lang='lat'>:</span> <span class='ocrx_word' id='word_1_269' title='bbox 963 2435 1014 2488; x_wconf 90' lang='lat' dir='ltr'>si</span> <span class='ocrx_word' id='word_1_270' title='bbox 1061 2450 1178 2489; x_wconf 92' lang='lat' dir='ltr'>non</span> <span class='ocrx_word' id='word_1_271' title='bbox 1210 2437 1423 2505; x_wconf 89' lang='lat' dir='ltr'>potest,</span> <span class='ocrx_word' id='word_1_272' title='bbox 1455 2436 1594 2488; x_wconf 90' lang='lat' dir='ltr'>tunc</span> <span class='ocrx_word' id='word_1_273' title='bbox 1631 2451 1663 2488; x_wconf 91' lang='lat' dir='ltr'>a</span> <span class='ocrx_word' id='word_1_274' title='bbox 1694 2433 1922 2489; x_wconf 91' lang='lat' dir='ltr'>medico</span> <span class='ocrx_word' id='word_1_275' title='bbox 1945 2433 2102 2489; x_wconf 91' lang='lat' dir='ltr'>bono</span> 
     </span>
    </p>
   </div>
   <div class='ocr_carea' id='block_1_44' title="bbox 433 2521 2104 2594">
    <p class='ocr_par' dir='ltr' id='par_1_44' title="bbox 433 2521 2104 2594">
     <span class='ocr_line' id='line_1_44' title="bbox 433 2521 2104 2594; baseline 0 -17"><span class='ocrx_word' id='word_1_276' title='bbox 433 2523 784 2578; x_wconf 88' lang='lat' dir='ltr'>absciditur.</span> <span class='ocrx_word' id='word_1_277' title='bbox 817 2523 916 2579; x_wconf 90' lang='lat' dir='ltr'>Sic</span> <span class='ocrx_word' id='word_1_278' title='bbox 955 2523 1222 2594; x_wconf 85' lang='lat' dir='ltr'>episcOpi</span> <span class='ocrx_word' id='word_1_279' title='bbox 1252 2521 1499 2578; x_wconf 82' lang='lat' dir='ltr'>affectus</span> <span class='ocrx_word' id='word_1_280' title='bbox 1540 2523 1681 2578; x_wconf 91' lang='lat' dir='ltr'>boni</span> <span class='ocrx_word' id='word_1_281' title='bbox 1709 2525 1820 2593; x_wconf 89' lang='lat' dir='ltr'>est,</span> <span class='ocrx_word' id='word_1_282' title='bbox 1852 2525 1913 2577; x_wconf 89' lang='lat' dir='ltr'>ut</span> <span class='ocrx_word' id='word_1_283' title='bbox 1945 2525 2104 2594; x_wconf 87' lang='lat' dir='ltr'>optet</span> 
     </span>
    </p>
   </div>
   <div class='ocr_carea' id='block_1_45' title="bbox 433 2611 2101 2683">
    <p class='ocr_par' dir='ltr' id='par_1_45' title="bbox 433 2611 2101 2683">
     <span class='ocr_line' id='line_1_45' title="bbox 433 2611 2101 2683; baseline 0.001 -17"><span class='ocrx_word' id='word_1_284' title='bbox 433 2628 647 2667; x_wconf 89' lang='lat' dir='ltr'>sanare</span> <span class='ocrx_word' id='word_1_285' title='bbox 676 2613 968 2682; x_wconf 83' lang='lat' dir='ltr'>infirmos,</span> <span class='ocrx_word' id='word_1_286' title='bbox 1002 2612 1297 2683; x_wconf 87' lang='lat' dir='ltr'>serpentia</span> <span class='ocrx_word' id='word_1_287' title='bbox 1329 2611 1564 2667; x_wconf 85' lang='lat' dir='ltr'>auferre</span> <span class='ocrx_word' id='word_1_288' title='bbox 1594 2612 1815 2681; x_wconf 90' lang='lat' dir='ltr'>ulcera,</span> <span class='ocrx_word' id='word_1_289' title='bbox 1849 2612 2101 2667; x_wconf 88' lang='lat' dir='ltr'>adurere</span> 
     </span>
    </p>
   </div>
   <div class='ocr_carea' id='block_1_46' title="bbox 429 2700 2101 2772">
    <p class='ocr_par' dir='ltr' id='par_1_46' title="bbox 429 2700 2101 2772">
     <span class='ocr_line' id='line_1_46' title="bbox 429 2700 2101 2772; baseline 0.001 -18"><span class='ocrx_word' id='word_1_290' title='bbox 429 2700 644 2772; x_wconf 89' lang='lat' dir='ltr'>aliqua,</span> <span class='ocrx_word' id='word_1_291' title='bbox 678 2717 797 2756; x_wconf 92' lang='lat' dir='ltr'>non</span> <span class='ocrx_word' id='word_1_292' title='bbox 828 2701 1177 2755; x_wconf 87' lang='lat' dir='ltr'>abscidere:</span> <span class='ocrx_word' id='word_1_293' title='bbox 1208 2703 1509 2770; x_wconf 91' lang='lat' dir='ltr'>postremo</span> <span class='ocrx_word' id='word_1_294' title='bbox 1550 2700 1707 2772; x_wconf 89' lang='lat' dir='ltr'>quod</span> <span class='ocrx_word' id='word_1_295' title='bbox 1754 2701 1952 2755; x_wconf 88' lang='lat' dir='ltr'>sanari</span> <span class='ocrx_word' id='word_1_296' title='bbox 1983 2717 2101 2756; x_wconf 91' lang='lat' dir='ltr'>non</span> 
     </span>
    </p>
   </div>
   <div class='ocr_carea' id='block_1_47' title="bbox 429 2789 2099 2860">
    <p class='ocr_par' dir='ltr' id='par_1_47' title="bbox 429 2789 2099 2860">
     <span class='ocr_line' id='line_1_47' title="bbox 429 2789 2099 2860; baseline -0.001 -15"><span class='ocrx_word' id='word_1_297' title='bbox 429 2793 648 2860; x_wconf 89' lang='lat' dir='ltr'>potest,</span> <span class='ocrx_word' id='word_1_298' title='bbox 685 2805 818 2844; x_wconf 91' lang='lat' dir='ltr'>cum</span> <span class='ocrx_word' id='word_1_299' title='bbox 849 2789 1051 2844; x_wconf 81' lang='lat' dir='ltr'>dolore</span> <span class='ocrx_word' id='word_1_300' title='bbox 1079 2789 1412 2844; x_wconf 87' lang='lat' dir='ltr'>abscidere.</span> <span class='ocrx_word' id='word_1_301' title='bbox 1439 2789 1608 2844; x_wconf 87' lang='lat' dir='ltr'>Unde</span> <span class='ocrx_word' id='word_1_302' title='bbox 1637 2789 2099 2860; x_wconf 88' lang='lat' dir='ltr'>pulcherrimum</span> 
     </span>
    </p>
   </div>
   <div class='ocr_carea' id='block_1_48' title="bbox 431 2879 2100 2951">
    <p class='ocr_par' dir='ltr' id='par_1_48' title="bbox 431 2879 2100 2951">
     <span class='ocr_line' id='line_1_48' title="bbox 431 2879 2100 2951; baseline 0 -18"><span class='ocrx_word' id='word_1_303' title='bbox 431 2879 580 2934; x_wconf 90' lang='lat' dir='ltr'>Illud</span> <span class='ocrx_word' id='word_1_304' title='bbox 617 2882 978 2950; x_wconf 82' lang='lat' dir='ltr'>praeceptum</span> <span class='ocrx_word' id='word_1_305' title='bbox 1019 2879 1213 2951; x_wconf 88' lang='lat' dir='ltr'>magis</span> <span class='ocrx_word' id='word_1_306' title='bbox 1261 2879 1495 2948; x_wconf 86' lang='lat' dir='ltr'>eminet,</span> <span class='ocrx_word' id='word_1_307' title='bbox 1528 2881 1590 2932; x_wconf 91' lang='lat' dir='ltr'>ut</span> <span class='ocrx_word' id='word_1_308' title='bbox 1621 2879 1950 2948; x_wconf 76' lang='lat' dir='ltr'>cogitemus</span> <span class='ocrx_word' id='word_1_309' title='bbox 1982 2895 2100 2934; x_wconf 92' lang='lat' dir='ltr'>non</span> 
     </span>
    </p>
   </div>
   <div class='ocr_carea' id='block_1_49' title="bbox 428 2967 2095 3041">
    <p class='ocr_par' dir='ltr' id='par_1_49' title="bbox 428 2967 2095 3041">
     <span class='ocr_line' id='line_1_49' title="bbox 428 2967 2095 3041; baseline 0 -19"><span class='ocrx_word' id='word_1_310' title='bbox 428 2984 562 3041; x_wconf 63' lang='lat' dir='ltr'>quae</span> <span class='ocrx_word' id='word_1_311' title='bbox 594 2971 798 3023; x_wconf 89' lang='lat' dir='ltr'>nostra</span> <span class='ocrx_word' id='word_1_312' title='bbox 827 2972 984 3036; x_wconf 88' lang='lat' dir='ltr'>sunt,</span> <span class='ocrx_word' id='word_1_313' title='bbox 1021 2969 1124 3023; x_wconf 90' lang='lat' dir='ltr'>sed</span> <span class='ocrx_word' id='word_1_314' title='bbox 1159 2985 1291 3040; x_wconf 83' lang='lat' dir='ltr'>quae</span> <span class='ocrx_word' id='word_1_315' title='bbox 1322 2968 1568 3023; x_wconf 89' lang='lat' dir='ltr'>aliorum</span> <span class='ocrx_word' id='word_1_316' title='bbox 1598 2967 1882 3039; x_wconf 74' lang='lat' dir='ltr'>(Philipp.</span> <span class='ocrx_word' id='word_1_317' title='bbox 1927 2985 1985 3037; x_wconf 92' lang='grc' dir='ltr'><strong>ιι,</strong></span> <span class='ocrx_word' id='word_1_318' title='bbox 2019 2968 2095 3039; x_wconf 74' lang='lat'>4).</span> 
     </span>
    </p>
   </div>
   <div class='ocr_carea' id='block_1_50' title="bbox 432 3057 2097 3130">
    <p class='ocr_par' dir='ltr' id='par_1_50' title="bbox 432 3057 2097 3130">
     <span class='ocr_line' id='line_1_50' title="bbox 432 3057 2097 3130; baseline 0 -18"><span class='ocrx_word' id='word_1_319' title='bbox 432 3057 562 3112; x_wconf 90' lang='lat' dir='ltr'>Hoc</span> <span class='ocrx_word' id='word_1_320' title='bbox 600 3058 756 3112; x_wconf 92' lang='lat' dir='ltr'>enim</span> <span class='ocrx_word' id='word_1_321' title='bbox 807 3057 982 3113; x_wconf 93' lang='lat' dir='ltr'>modo</span> <span class='ocrx_word' id='word_1_322' title='bbox 1030 3057 1174 3112; x_wconf 89' lang='lat' dir='ltr'>nihil</span> <span class='ocrx_word' id='word_1_323' title='bbox 1216 3057 1346 3126; x_wconf 92' lang='lat' dir='ltr'>erit,</span> <span class='ocrx_word' id='word_1_324' title='bbox 1397 3057 1555 3130; x_wconf 90' lang='lat' dir='ltr'>quod</span> <span class='ocrx_word' id='word_1_325' title='bbox 1595 3057 1687 3111; x_wconf 90' lang='lat' dir='ltr'>vel</span> <span class='ocrx_word' id='word_1_326' title='bbox 1727 3057 1856 3111; x_wconf 86' lang='lat' dir='ltr'>irati</span> <span class='ocrx_word' id='word_1_327' title='bbox 1892 3061 2097 3112; x_wconf 91' lang='lat' dir='ltr'>nostro</span> 
     </span>
    </p>
   </div>
   <div class='ocr_carea' id='block_1_51' title="bbox 2213 1905 3878 1982">
    <p class='ocr_par' dir='ltr' id='par_1_51' title="bbox 2213 1905 3878 1982">
     <span class='ocr_line' id='line_1_51' title="bbox 2213 1905 3878 1982; baseline 0.005 -23"><span class='ocrx_word' id='word_1_328' title='bbox 2213 1905 2389 1960; x_wconf 88' lang='lat' dir='ltr'>homo</span> <span class='ocrx_word' id='word_1_329' title='bbox 2421 1907 2730 1962; x_wconf 90' lang='lat' dir='ltr'>redimitur</span> <span class='ocrx_word' id='word_1_330' title='bbox 2757 1924 2790 1962; x_wconf 91' lang='lat' dir='ltr'>a</span> <span class='ocrx_word' id='word_1_331' title='bbox 2830 1912 3036 1978; x_wconf 89' lang='lat' dir='ltr'>morte,</span> <span class='ocrx_word' id='word_1_332' title='bbox 3071 1909 3287 1964; x_wconf 90' lang='lat' dir='ltr'>femina</span> <span class='ocrx_word' id='word_1_333' title='bbox 3327 1911 3400 1965; x_wconf 89' lang='lat' dir='ltr'>ab</span> <span class='ocrx_word' id='word_1_334' title='bbox 3446 1911 3878 1982; x_wconf 88' lang='lat' dir='ltr'>impuritatibus</span> 
     </span>
    </p>
   </div>
   <div class='ocr_carea' id='block_1_52' title="bbox 2211 1993 3882 2069">
    <p class='ocr_par' dir='ltr' id='par_1_52' title="bbox 2211 1993 3882 2069">
     <span class='ocr_line' id='line_1_52' title="bbox 2211 1993 3882 2069; baseline 0.005 -21"><span class='ocrx_word' id='word_1_335' title='bbox 2211 1993 2622 2063; x_wconf 88' lang='lat' dir='ltr'>barbarorum,</span> <span class='ocrx_word' id='word_1_336' title='bbox 2655 2013 2787 2068; x_wconf 61' lang='lat' dir='ltr'>qua}</span> <span class='ocrx_word' id='word_1_337' title='bbox 2810 1998 3118 2069; x_wconf 80' lang='lat' dir='ltr'>graviores</span> <span class='ocrx_word' id='word_1_338' title='bbox 3138 2002 3324 2054; x_wconf 91' lang='lat' dir='ltr'>morte</span> <span class='ocrx_word' id='word_1_339' title='bbox 3341 2003 3510 2054; x_wconf 91' lang='lat' dir='ltr'>sunt:</span> <span class='ocrx_word' id='word_1_340' title='bbox 3544 2001 3882 2056; x_wconf 89' lang='lat' dir='ltr'>adolescen-</span> 
     </span>
    </p>
   </div>
   <div class='ocr_carea' id='block_1_53' title="bbox 2212 2083 3878 2156">
    <p class='ocr_par' dir='ltr' id='par_1_53' title="bbox 2212 2083 3878 2156">
     <span class='ocr_line' id='line_1_53' title="bbox 2212 2083 3878 2156; baseline 0.005 -19"><span class='ocrx_word' id='word_1_341' title='bbox 2212 2083 2373 2154; x_wconf 70' lang='lat' dir='ltr'>tulae,</span> <span class='ocrx_word' id='word_1_342' title='bbox 2407 2085 2500 2140; x_wconf 90' lang='lat' dir='ltr'>vel</span> <span class='ocrx_word' id='word_1_343' title='bbox 2532 2086 2764 2156; x_wconf 89' lang='lat' dir='ltr'>puerili,</span> <span class='ocrx_word' id='word_1_344' title='bbox 2811 2087 2902 2141; x_wconf 90' lang='lat' dir='ltr'>vel</span> <span class='ocrx_word' id='word_1_345' title='bbox 2948 2087 3204 2142; x_wconf 83' lang='lat' dir='ltr'>infantes</span> <span class='ocrx_word' id='word_1_346' title='bbox 3236 2089 3308 2144; x_wconf 91' lang='lat' dir='ltr'>ab</span> <span class='ocrx_word' id='word_1_347' title='bbox 3355 2089 3646 2144; x_wconf 89' lang='lat' dir='ltr'>idolorum</span> <span class='ocrx_word' id='word_1_348' title='bbox 3677 2094 3878 2146; x_wconf 89' lang='lat' dir='ltr'>conta-</span> 
     </span>
    </p>
   </div>
   <div class='ocr_carea' id='block_1_54' title="bbox 2213 2173 3572 2249">
    <p class='ocr_par' dir='ltr' id='par_1_54' title="bbox 2213 2173 3572 2249">
     <span class='ocr_line' id='line_1_54' title="bbox 2213 2173 3572 2249; baseline 0.006 -23"><span class='ocrx_word' id='word_1_349' title='bbox 2213 2173 2356 2244; x_wconf 91' lang='lat' dir='ltr'>giis,</span> <span class='ocrx_word' id='word_1_350' title='bbox 2391 2173 2611 2244; x_wconf 90' lang='lat' dir='ltr'>quibus</span> <span class='ocrx_word' id='word_1_351' title='bbox 2641 2176 2849 2230; x_wconf 89' lang='lat' dir='ltr'>mortis</span> <span class='ocrx_word' id='word_1_352' title='bbox 2880 2179 3039 2232; x_wconf 89' lang='lat' dir='ltr'>metu</span> <span class='ocrx_word' id='word_1_353' title='bbox 3069 2177 3572 2249; x_wconf 83' lang='lat' dir='ltr'>inquinabantur?</span> 
     </span>
    </p>
   </div>
   <div class='ocr_carea' id='block_1_55' title="bbox 2289 2261 3877 2328">
    <p class='ocr_par' dir='ltr' id='par_1_55' title="bbox 2289 2261 3877 2328">
     <span class='ocr_line' id='line_1_55' title="bbox 2289 2261 3877 2328; baseline 0.005 -14"><span class='ocrx_word' id='word_1_354' title='bbox 2289 2261 2411 2316; x_wconf 82' lang='grc'>137.</span> <span class='ocrx_word' id='word_1_355' title='bbox 2445 2261 2630 2328; x_wconf 84' lang='lat' dir='ltr'>Quam</span> <span class='ocrx_word' id='word_1_356' title='bbox 2663 2280 2899 2319; x_wconf 89' lang='lat' dir='ltr'>causam</span> <span class='ocrx_word' id='word_1_357' title='bbox 2931 2281 3043 2320; x_wconf 90' lang='lat' dir='ltr'>nos</span> <span class='ocrx_word' id='word_1_358' title='bbox 3062 2266 3174 2321; x_wconf 87' lang='lat' dir='ltr'>etsi</span> <span class='ocrx_word' id='word_1_359' title='bbox 3203 2283 3321 2322; x_wconf 91' lang='lat' dir='ltr'>non</span> <span class='ocrx_word' id='word_1_360' title='bbox 3353 2269 3483 2322; x_wconf 90' lang='lat' dir='ltr'>sine</span> <span class='ocrx_word' id='word_1_361' title='bbox 3514 2269 3738 2324; x_wconf 88' lang='lat' dir='ltr'>ratione</span> <span class='ocrx_word' id='word_1_362' title='bbox 3769 2269 3877 2323; x_wconf 91' lang='lat' dir='ltr'>ali-</span> 
     </span>
    </p>
   </div>
   <div class='ocr_carea' id='block_1_56' title="bbox 2212 2353 3878 2428">
    <p class='ocr_par' dir='ltr' id='par_1_56' title="bbox 2212 2353 3878 2428">
     <span class='ocr_line' id='line_1_56' title="bbox 2212 2353 3878 2428; baseline 0.006 -24"><span class='ocrx_word' id='word_1_363' title='bbox 2212 2365 2327 2422; x_wconf 89' lang='lat' dir='ltr'>qua</span> <span class='ocrx_word' id='word_1_364' title='bbox 2358 2353 2664 2424; x_wconf 84' lang='lat' dir='ltr'>gessimus</span> <span class='ocrx_word' id='word_1_365' title='bbox 2699 2369 2712 2423; x_wconf 84' lang='lat'><strong>;</strong></span> <span class='ocrx_word' id='word_1_366' title='bbox 2744 2356 2938 2409; x_wconf 86' lang='lat' dir='ltr'>tamen</span> <span class='ocrx_word' id='word_1_367' title='bbox 2975 2354 3052 2408; x_wconf 88' lang='lat' dir='ltr'>ita</span> <span class='ocrx_word' id='word_1_368' title='bbox 3099 2355 3158 2409; x_wconf 90' lang='lat' dir='ltr'>in</span> <span class='ocrx_word' id='word_1_369' title='bbox 3195 2357 3412 2428; x_wconf 91' lang='lat' dir='ltr'>populo</span> <span class='ocrx_word' id='word_1_370' title='bbox 3441 2359 3740 2428; x_wconf 89' lang='lat' dir='ltr'>prosecuti</span> <span class='ocrx_word' id='word_1_371' title='bbox 3772 2375 3878 2414; x_wconf 88' lang='lat' dir='ltr'>su-</span> 
     </span>
    </p>
   </div>
   <div class='ocr_carea' id='block_1_57' title="bbox 2213 2441 3874 2516">
    <p class='ocr_par' dir='ltr' id='par_1_57' title="bbox 2213 2441 3874 2516">
     <span class='ocr_line' id='line_1_57' title="bbox 2213 2441 3874 2516; baseline 0.006 -23"><span class='ocrx_word' id='word_1_372' title='bbox 2213 2455 2368 2509; x_wconf 88' lang='lat' dir='ltr'>mus,</span> <span class='ocrx_word' id='word_1_373' title='bbox 2405 2444 2466 2494; x_wconf 90' lang='lat' dir='ltr'>ut</span> <span class='ocrx_word' id='word_1_374' title='bbox 2497 2441 2934 2514; x_wconf 86' lang='lat' dir='ltr'>confiteremur,</span> <span class='ocrx_word' id='word_1_375' title='bbox 2968 2445 3266 2516; x_wconf 89' lang='lat' dir='ltr'>multoque</span> <span class='ocrx_word' id='word_1_376' title='bbox 3289 2445 3480 2501; x_wconf 85' lang='lat' dir='ltr'>fuisse</span> <span class='ocrx_word' id='word_1_377' title='bbox 3509 2449 3874 2504; x_wconf 88' lang='lat' dir='ltr'>commodius</span> 
     </span>
    </p>
   </div>
   <div class='ocr_carea' id='block_1_58' title="bbox 2212 2531 3874 2606">
    <p class='ocr_par' dir='ltr' id='par_1_58' title="bbox 2212 2531 3874 2606">
     <span class='ocr_line' id='line_1_58' title="bbox 2212 2531 3874 2606; baseline 0.005 -23"><span class='ocrx_word' id='word_1_378' title='bbox 2212 2531 2640 2600; x_wconf 86' lang='lat' dir='ltr'>astrueremus,</span> <span class='ocrx_word' id='word_1_379' title='bbox 2675 2533 2738 2585; x_wconf 91' lang='lat' dir='ltr'>ut</span> <span class='ocrx_word' id='word_1_380' title='bbox 2768 2531 2994 2586; x_wconf 88' lang='lat' dir='ltr'>animas</span> <span class='ocrx_word' id='word_1_381' title='bbox 3029 2533 3276 2589; x_wconf 89' lang='lat' dir='ltr'>Domino</span> <span class='ocrx_word' id='word_1_382' title='bbox 3309 2551 3484 2606; x_wconf 91' lang='lat' dir='ltr'>quam</span> <span class='ocrx_word' id='word_1_383' title='bbox 3515 2552 3720 2591; x_wconf 91' lang='lat' dir='ltr'>aurum</span> <span class='ocrx_word' id='word_1_384' title='bbox 3751 2553 3874 2592; x_wconf 86' lang='lat' dir='ltr'>ser-</span> 
     </span>
    </p>
   </div>
   <div class='ocr_carea' id='block_1_59' title="bbox 2208 2618 3871 2695">
    <p class='ocr_par' dir='ltr' id='par_1_59' title="bbox 2208 2618 3871 2695">
     <span class='ocr_line' id='line_1_59' title="bbox 2208 2618 3871 2695; baseline 0.007 -25"><span class='ocrx_word' id='word_1_385' title='bbox 2208 2633 2508 2673; x_wconf 90' lang='lat' dir='ltr'>varemus.</span> <span class='ocrx_word' id='word_1_386' title='bbox 2528 2618 2636 2684; x_wconf 92' lang='lat' dir='ltr'>Qui</span> <span class='ocrx_word' id='word_1_387' title='bbox 2655 2619 2812 2674; x_wconf 89' lang='lat' dir='ltr'>enim</span> <span class='ocrx_word' id='word_1_388' title='bbox 2826 2621 2954 2676; x_wconf 91' lang='lat' dir='ltr'>sine</span> <span class='ocrx_word' id='word_1_389' title='bbox 2977 2637 3121 2677; x_wconf 89' lang='lat' dir='ltr'>auro</span> <span class='ocrx_word' id='word_1_390' title='bbox 3138 2623 3294 2677; x_wconf 90' lang='lat' dir='ltr'>misit</span> <span class='ocrx_word' id='word_1_391' title='bbox 3307 2625 3610 2694; x_wconf 90' lang='lat' dir='ltr'>apostolos</span> <span class='ocrx_word' id='word_1_392' title='bbox 3633 2627 3871 2695; x_wconf 85' lang='lat' dir='ltr'>(Matth.</span> 
     </span>
    </p>
   </div>
   <div class='ocr_carea' id='block_1_60' title="bbox 2208 2707 3880 2786">
    <p class='ocr_par' dir='ltr' id='par_1_60' title="bbox 2208 2707 3880 2786">
     <span class='ocr_line' id='line_1_60' title="bbox 2208 2707 3880 2786; baseline 0.007 -27"><span class='ocrx_word' id='word_1_393' title='bbox 2208 2723 2267 2774; x_wconf 88' lang='lat' dir='ltr'>x,</span> <span class='ocrx_word' id='word_1_394' title='bbox 2301 2707 2377 2776; x_wconf 84' lang='lat'>9),</span> <span class='ocrx_word' id='word_1_395' title='bbox 2414 2707 2716 2786; x_wconf 75' lang='lat' dir='ltr'>Ecclesiae</span> <span class='ocrx_word' id='word_1_396' title='bbox 2749 2709 2878 2763; x_wconf 88' lang='lat' dir='ltr'>sine</span> <span class='ocrx_word' id='word_1_397' title='bbox 2908 2726 3051 2765; x_wconf 90' lang='lat' dir='ltr'>auro</span> <span class='ocrx_word' id='word_1_398' title='bbox 3083 2714 3490 2784; x_wconf 80' lang='lat' dir='ltr'>congregavit.</span> <span class='ocrx_word' id='word_1_399' title='bbox 3527 2716 3749 2769; x_wconf 83' lang='lat' dir='ltr'>Aurum</span> <span class='ocrx_word' id='word_1_400' title='bbox 3773 2716 3880 2770; x_wconf 87' lang='lat' dir='ltr'>Ec-</span> 
     </span>
    </p>
   </div>
   <div class='ocr_carea' id='block_1_61' title="bbox 2210 2795 3870 2874">
    <p class='ocr_par' dir='ltr' id='par_1_61' title="bbox 2210 2795 3870 2874">
     <span class='ocr_line' id='line_1_61' title="bbox 2210 2795 3870 2874; baseline 0.007 -27"><span class='ocrx_word' id='word_1_401' title='bbox 2210 2795 2392 2848; x_wconf 90' lang='lat' dir='ltr'>clesia</span> <span class='ocrx_word' id='word_1_402' title='bbox 2423 2796 2599 2850; x_wconf 86' lang='lat' dir='ltr'>habet</span> <span class='ocrx_word' id='word_1_403' title='bbox 2631 2797 2740 2866; x_wconf 75' lang='lat'>(1&#39;2,</span> <span class='ocrx_word' id='word_1_404' title='bbox 2793 2802 3004 2868; x_wconf 83' lang='lat' dir='ltr'>quaest.</span> <span class='ocrx_word' id='word_1_405' title='bbox 3052 2799 3106 2870; x_wconf 73' lang='lat'>2,</span> <span class='ocrx_word' id='word_1_406' title='bbox 3159 2817 3284 2871; x_wconf 90' lang='lat' dir='ltr'>cap.</span> <span class='ocrx_word' id='word_1_407' title='bbox 3335 2803 3628 2874; x_wconf 84' lang='lat' dir='ltr'>Aurum);</span> <span class='ocrx_word' id='word_1_408' title='bbox 3660 2821 3777 2859; x_wconf 92' lang='lat' dir='ltr'>non</span> <span class='ocrx_word' id='word_1_409' title='bbox 3807 2809 3870 2859; x_wconf 88' lang='lat' dir='ltr'>ut</span> 
     </span>
    </p>
   </div>
   <div class='ocr_carea' id='block_1_62' title="bbox 2209 2885 3874 2960">
    <p class='ocr_par' dir='ltr' id='par_1_62' title="bbox 2209 2885 3874 2960">
     <span class='ocr_line' id='line_1_62' title="bbox 2209 2885 3874 2960; baseline 0.006 -22"><span class='ocrx_word' id='word_1_410' title='bbox 2209 2888 2430 2953; x_wconf 91' lang='lat' dir='ltr'>servet,</span> <span class='ocrx_word' id='word_1_411' title='bbox 2471 2885 2579 2940; x_wconf 89' lang='lat' dir='ltr'>sed</span> <span class='ocrx_word' id='word_1_412' title='bbox 2610 2889 2672 2939; x_wconf 90' lang='lat' dir='ltr'>ut</span> <span class='ocrx_word' id='word_1_413' title='bbox 2702 2891 2927 2960; x_wconf 86' lang='lat' dir='ltr'>eroget,</span> <span class='ocrx_word' id='word_1_414' title='bbox 2962 2893 3018 2943; x_wconf 89' lang='lat' dir='ltr'>et</span> <span class='ocrx_word' id='word_1_415' title='bbox 3058 2890 3370 2946; x_wconf 88' lang='lat' dir='ltr'>subveniat</span> <span class='ocrx_word' id='word_1_416' title='bbox 3400 2891 3459 2946; x_wconf 90' lang='lat' dir='ltr'>in</span> <span class='ocrx_word' id='word_1_417' title='bbox 3500 2894 3874 2948; x_wconf 86' lang='lat' dir='ltr'>necessitati-</span> 
     </span>
    </p>
   </div>
   <div class='ocr_carea' id='block_1_63' title="bbox 2206 2980 3876 3061">
    <p class='ocr_par' dir='ltr' id='par_1_63' title="bbox 2206 2980 3876 3061">
     <span class='ocr_line' id='line_1_63' title="bbox 2206 2980 3876 3061; baseline 0.007 -26"><span class='ocrx_word' id='word_1_418' title='bbox 2206 2980 2342 3038; x_wconf 90' lang='lat' dir='ltr'>bus.</span> <span class='ocrx_word' id='word_1_419' title='bbox 2381 2980 2530 3047; x_wconf 91' lang='lat' dir='ltr'>Quid</span> <span class='ocrx_word' id='word_1_420' title='bbox 2562 2999 2711 3054; x_wconf 91' lang='lat' dir='ltr'>opus</span> <span class='ocrx_word' id='word_1_421' title='bbox 2735 2987 2826 3038; x_wconf 84' lang='lat' dir='ltr'>est</span> <span class='ocrx_word' id='word_1_422' title='bbox 2867 2987 3165 3042; x_wconf 89' lang='lat' dir='ltr'>custodire</span> <span class='ocrx_word' id='word_1_423' title='bbox 3197 2988 3355 3059; x_wconf 91' lang='lat' dir='ltr'>quod</span> <span class='ocrx_word' id='word_1_424' title='bbox 3393 2989 3538 3044; x_wconf 88' lang='lat' dir='ltr'>nihil</span> <span class='ocrx_word' id='word_1_425' title='bbox 3585 2989 3876 3061; x_wconf 82' lang='lat' dir='ltr'>adjuvat?</span> 
     </span>
    </p>
   </div>
   <div class='ocr_carea' id='block_1_64' title="bbox 2208 3073 3876 3152">
    <p class='ocr_par' dir='ltr' id='par_1_64' title="bbox 2208 3073 3876 3152">
     <span class='ocr_line' id='line_1_64' title="bbox 2208 3073 3876 3152; baseline 0.006 -26"><span class='ocrx_word' id='word_1_426' title='bbox 2208 3074 2299 3127; x_wconf 86' lang='lat' dir='ltr'>An</span> <span class='ocrx_word' id='word_1_427' title='bbox 2327 3073 2676 3146; x_wconf 88' lang='lat' dir='ltr'>ignoramus</span> <span class='ocrx_word' id='word_1_428' title='bbox 2709 3078 2988 3146; x_wconf 90' lang='lat' dir='ltr'>quantum</span> <span class='ocrx_word' id='word_1_429' title='bbox 3019 3078 3143 3134; x_wconf 86' lang='lat' dir='ltr'>auri</span> <span class='ocrx_word' id='word_1_430' title='bbox 3177 3081 3351 3150; x_wconf 89' lang='lat' dir='ltr'>atque</span> <span class='ocrx_word' id='word_1_431' title='bbox 3383 3081 3611 3152; x_wconf 89' lang='lat' dir='ltr'>argenti</span> <span class='ocrx_word' id='word_1_432' title='bbox 3631 3080 3701 3136; x_wconf 93' lang='lat' dir='ltr'>de</span> <span class='ocrx_word' id='word_1_433' title='bbox 3733 3084 3876 3136; x_wconf 90' lang='lat' dir='ltr'>tem-</span> 
     </span>
    </p>
   </div>
   <div class='ocr_carea' id='block_1_65' title="bbox 425 3145 3874 3242">
    <p class='ocr_par' dir='ltr' id='par_1_65' title="bbox 425 3145 3874 3242">
     <span class='ocr_line' id='line_1_65' title="bbox 425 3145 3874 3242; baseline 0.002 -23"><span class='ocrx_word' id='word_1_434' title='bbox 425 3145 1515 3242; x_wconf 32' lang='lat' dir='ltr'>IanUISeamu§_aﬁ?§t“iv_vel_{gentes</span> <span class='ocrx_word' id='word_1_435' title='bbox 1538 3149 1759 3202; x_wconf 65' lang='grc' dir='ltr'>Ποδίνω</span> <span class='ocrx_word' id='word_1_436' title='bbox 1781 3145 1914 3218; x_wconf 81' lang='lat' dir='ltr'>Plus</span> <span class='ocrx_word' id='word_1_437' title='bbox 1932 3145 2096 3217; x_wconf 70' lang='grc' dir='ltr'>,ἱυείο</span> <span class='ocrx_word' id='word_1_438' title='bbox 2133 3160 2304 3236; x_wconf 81' lang='lat' dir='ltr'>cpio</span> <span class='ocrx_word' id='word_1_439' title='bbox 2366 3145 2598 3217; x_wconf 85' lang='lat' dir='ltr'>Domini</span> <span class='ocrx_word' id='word_1_440' title='bbox 2650 3145 2881 3236; x_wconf 76' lang='lat' dir='ltr'>Assyrii</span> <span class='ocrx_word' id='word_1_441' title='bbox 2939 3145 3290 3222; x_wconf 68' lang='lat' dir='ltr'>sustulerint</span> <span class='ocrx_word' id='word_1_442' title='bbox 3346 3145 3483 3237; x_wconf 66' lang='grc' dir='ltr'>(ιγ’</span> <span class='ocrx_word' id='word_1_443' title='bbox 3500 3169 3647 3242; x_wconf 77' lang='lat' dir='ltr'>Reg.</span> <span class='ocrx_word' id='word_1_444' title='bbox 3699 3187 3874 3241; x_wconf 81' lang='lat' dir='ltr'>xxiv,</span> 
     </span>
    </p>
   </div>
   <div class='ocr_carea' id='block_1_66' title="bbox 427 3236 1345 3310">
    <p class='ocr_par' dir='ltr' id='par_1_66' title="bbox 427 3236 1345 3310">
     <span class='ocr_line' id='line_1_66' title="bbox 427 3236 1345 3310; baseline 0 -18"><span class='ocrx_word' id='word_1_445' title='bbox 427 3236 757 3292; x_wconf 85' lang='lat' dir='ltr'>tribuamus</span> <span class='ocrx_word' id='word_1_446' title='bbox 789 3236 1008 3310; x_wconf 91' lang='lat' dir='ltr'>aliquid</span> <span class='ocrx_word' id='word_1_447' title='bbox 1037 3236 1345 3292; x_wconf 89' lang='lat' dir='ltr'>voluntati.</span> 
     </span>
    </p>
   </div>
   <div class='ocr_carea' id='block_1_67' title="bbox 983 3361 1530 3417">
    <p class='ocr_par' dir='ltr' id='par_1_67' title="bbox 983 3361 1530 3417">
     <span class='ocr_line' id='line_1_67' title="bbox 983 3361 1530 3417; baseline 0 -1"><span class='ocrx_word' id='word_1_448' title='bbox 983 3361 1235 3417; x_wconf 83' lang='lat' dir='ltr'>CAPUT</span> <span class='ocrx_word' id='word_1_449' title='bbox 1272 3361 1530 3417; x_wconf 81' lang='lat' dir='ltr'><strong>XXVIII.</strong></span> 
     </span>
    </p>
   </div>
   <div class='ocr_carea' id='block_1_68' title="bbox 427 3485 2094 3559">
    <p class='ocr_par' dir='ltr' id='par_1_68' title="bbox 427 3485 2094 3559">
     <span class='ocr_line' id='line_1_68' title="bbox 427 3485 2094 3559; baseline -0.002 -16"><span class='ocrx_word' id='word_1_450' title='bbox 427 3486 912 3543; x_wconf 86' lang='lat' dir='ltr'>Misericordiam</span> <span class='ocrx_word' id='word_1_451' title='bbox 943 3488 1120 3543; x_wconf 87' lang='lat' dir='ltr'>etiam</span> <span class='ocrx_word' id='word_1_452' title='bbox 1153 3504 1279 3543; x_wconf 88' lang='lat' dir='ltr'>cum</span> <span class='ocrx_word' id='word_1_453' title='bbox 1309 3487 1550 3559; x_wconf 82' lang='lat' dir='ltr'>invidia</span> <span class='ocrx_word' id='word_1_454' title='bbox 1585 3486 1828 3559; x_wconf 81' lang='lat' dir='ltr'>prapria</span> <span class='ocrx_word' id='word_1_455' title='bbox 1850 3485 2094 3559; x_wconf 83' lang='lat' dir='ltr'>largius</span> 
     </span>
    </p>
   </div>
   <div class='ocr_carea' id='block_1_69' title="bbox 499 3557 2097 3632">
    <p class='ocr_par' dir='ltr' id='par_1_69' title="bbox 499 3557 2097 3632">
     <span class='ocr_line' id='line_1_69' title="bbox 499 3557 2097 3632; baseline -0.001 -18"><span class='ocrx_word' id='word_1_456' title='bbox 499 3560 894 3614; x_wconf 85' lang='lat' dir='ltr'>exercendam</span> <span class='ocrx_word' id='word_1_457' title='bbox 914 3581 930 3614; x_wconf 88' lang='lat'>:</span> <span class='ocrx_word' id='word_1_458' title='bbox 949 3561 1026 3615; x_wconf 81' lang='lat' dir='ltr'>ad</span> <span class='ocrx_word' id='word_1_459' title='bbox 1046 3560 1196 3632; x_wconf 87' lang='lat' dir='ltr'>quod</span> <span class='ocrx_word' id='word_1_460' title='bbox 1210 3558 1484 3632; x_wconf 80' lang='lat' dir='ltr'>refertur</span> <span class='ocrx_word' id='word_1_461' title='bbox 1502 3557 1911 3632; x_wconf 69' lang='lat' dir='ltr'>memorabilis</span> <span class='ocrx_word' id='word_1_462' title='bbox 1937 3573 2097 3632; x_wconf 79' lang='lat' dir='ltr'>vaso-</span> 
     </span>
    </p>
   </div>
   <div class='ocr_carea' id='block_1_70' title="bbox 495 3629 2093 3702">
    <p class='ocr_par' dir='ltr' id='par_1_70' title="bbox 495 3629 2093 3702">
     <span class='ocr_line' id='line_1_70' title="bbox 495 3629 2093 3702; baseline -0.001 -17"><span class='ocrx_word' id='word_1_463' title='bbox 495 3647 630 3685; x_wconf 87' lang='lat' dir='ltr'>rum</span> <span class='ocrx_word' id='word_1_464' title='bbox 665 3648 971 3687; x_wconf 87' lang='lat' dir='ltr'>sacrorum</span> <span class='ocrx_word' id='word_1_465' title='bbox 1010 3629 1072 3686; x_wconf 78' lang='lat' dir='ltr'>in</span> <span class='ocrx_word' id='word_1_466' title='bbox 1116 3631 1483 3702; x_wconf 84' lang='lat' dir='ltr'>captivorum</span> <span class='ocrx_word' id='word_1_467' title='bbox 1523 3629 1988 3702; x_wconf 81' lang='lat' dir='ltr'>redemptionem</span> <span class='ocrx_word' id='word_1_468' title='bbox 2017 3629 2093 3702; x_wconf 78' lang='lat' dir='ltr'>ab</span> 
     </span>
    </p>
   </div>
   <div class='ocr_carea' id='block_1_71' title="bbox 495 3700 2090 3773">
    <p class='ocr_par' dir='ltr' id='par_1_71' title="bbox 495 3700 2090 3773">
     <span class='ocr_line' id='line_1_71' title="bbox 495 3700 2090 3773; baseline -0.002 -15"><span class='ocrx_word' id='word_1_469' title='bbox 495 3703 818 3760; x_wconf 86' lang='lat' dir='ltr'>Ambrosio</span> <span class='ocrx_word' id='word_1_470' title='bbox 838 3703 1166 3759; x_wconf 79' lang='lat' dir='ltr'>fractorum</span> <span class='ocrx_word' id='word_1_471' title='bbox 1182 3700 1460 3767; x_wconf 61' lang='lat' dir='ltr'>historia,</span> <span class='ocrx_word' id='word_1_472' title='bbox 1491 3707 1548 3756; x_wconf 87' lang='lat' dir='ltr'>et</span> <span class='ocrx_word' id='word_1_473' title='bbox 1577 3700 1987 3773; x_wconf 78' lang='lat' dir='ltr'>pulcherrima</span> <span class='ocrx_word' id='word_1_474' title='bbox 2015 3700 2090 3755; x_wconf 85' lang='lat' dir='ltr'>de</span> 
     </span>
    </p>
   </div>
   <div class='ocr_carea' id='block_1_72' title="bbox 495 3843 2090 3918">
    <p class='ocr_par' dir='ltr' id='par_1_72' title="bbox 495 3843 2090 3918">
     <span class='ocr_line' id='line_1_72' title="bbox 495 3843 2090 3918; baseline -0.003 -18"><span class='ocrx_word' id='word_1_475' title='bbox 495 3846 608 3918; x_wconf 76' lang='grc'>(47)</span> <span class='ocrx_word' id='word_1_476' title='bbox 640 3845 862 3902; x_wconf 77' lang='lat' dir='ltr'>Eodem</span> <span class='ocrx_word' id='word_1_477' title='bbox 891 3845 1126 3916; x_wconf 90' lang='lat' dir='ltr'>pietatis</span> <span class='ocrx_word' id='word_1_478' title='bbox 1155 3861 1341 3918; x_wconf 54' lang='lat' dir='ltr'>sensu</span> <span class='ocrx_word' id='word_1_479' title='bbox 1372 3845 1469 3918; x_wconf 82' lang='lat' dir='ltr'>hic</span> <span class='ocrx_word' id='word_1_480' title='bbox 1499 3843 1771 3918; x_wconf 59' lang='lat' dir='ltr'>allectum</span> <span class='ocrx_word' id='word_1_481' title='bbox 1802 3859 1867 3897; x_wconf 91' lang='lat' dir='ltr'>se</span> <span class='ocrx_word' id='word_1_482' title='bbox 1891 3846 2090 3897; x_wconf 91' lang='lat' dir='ltr'>osten-</span> 
     </span>
    </p>
   </div>
   <div class='ocr_carea' id='block_1_73' title="bbox 423 3915 2088 3988">
    <p class='ocr_par' dir='ltr' id='par_1_73' title="bbox 423 3915 2088 3988">
     <span class='ocr_line' id='line_1_73' title="bbox 423 3915 2088 3988; baseline -0.003 -16"><span class='ocrx_word' id='word_1_483' title='bbox 423 3915 878 3974; x_wconf 83' lang='lat' dir='ltr'>ditAmbrosius</span> <span class='ocrx_word' id='word_1_484' title='bbox 897 3915 1122 3980; x_wconf 85' lang='lat' dir='ltr'>noster,</span> <span class='ocrx_word' id='word_1_485' title='bbox 1140 3933 1255 3988; x_wconf 91' lang='lat' dir='ltr'>quo</span> <span class='ocrx_word' id='word_1_486' title='bbox 1281 3916 1547 3988; x_wconf 87' lang='lat' dir='ltr'>Ecclesia</span> <span class='ocrx_word' id='word_1_487' title='bbox 1571 3915 1823 3969; x_wconf 79' lang='lat' dir='ltr'>ﬁliorum</span> <span class='ocrx_word' id='word_1_488' title='bbox 1843 3931 2088 3988; x_wconf 82' lang='lat' dir='ltr'>suorum</span> 
     </span>
    </p>
   </div>
   <div class='ocr_carea' id='block_1_74' title="bbox 422 3986 2086 4054">
    <p class='ocr_par' dir='ltr' id='par_1_74' title="bbox 422 3986 2086 4054">
     <span class='ocr_line' id='line_1_74' title="bbox 422 3986 2086 4054; baseline -0.003 -11"><span class='ocrx_word' id='word_1_489' title='bbox 422 3993 610 4044; x_wconf 88' lang='lat' dir='ltr'>mater</span> <span class='ocrx_word' id='word_1_490' title='bbox 638 3988 1041 4044; x_wconf 87' lang='lat' dir='ltr'>amantissima</span> <span class='ocrx_word' id='word_1_491' title='bbox 1073 3986 1296 4044; x_wconf 76' lang='lat' dir='ltr'>moveri</span> <span class='ocrx_word' id='word_1_492' title='bbox 1344 4003 1482 4042; x_wconf 91' lang='lat' dir='ltr'>sese</span> <span class='ocrx_word' id='word_1_493' title='bbox 1531 3989 1914 4054; x_wconf 86' lang='lat' dir='ltr'>contestatur,</span> <span class='ocrx_word' id='word_1_494' title='bbox 1949 3986 2086 4039; x_wconf 90' lang='lat' dir='ltr'>dum</span> 
     </span>
    </p>
   </div>
   <div class='ocr_carea' id='block_1_75' title="bbox 421 4056 2087 4137">
    <p class='ocr_par' dir='ltr' id='par_1_75' title="bbox 421 4056 2087 4137">
     <span class='ocr_line' id='line_1_75' title="bbox 421 4056 2087 4137; baseline -0.004 -23"><span class='ocrx_word' id='word_1_495' title='bbox 421 4061 806 4137; x_wconf 80' lang='lat' dir='ltr'>generalibus</span> <span class='ocrx_word' id='word_1_496' title='bbox 846 4060 906 4137; x_wconf 77' lang='lat' dir='ltr'>in</span> <span class='ocrx_word' id='word_1_497' title='bbox 933 4059 1283 4137; x_wconf 87' lang='lat' dir='ltr'>_concil_i_is_a</span> <span class='ocrx_word' id='word_1_498' title='bbox 1326 4073 1437 4137; x_wconf 79' lang='lat' dir='ltr'>suo</span> <span class='ocrx_word' id='word_1_499' title='bbox 1478 4072 1725 4137; x_wconf 77' lang='lat' dir='ltr'>corpore</span> <span class='ocrx_word' id='word_1_500' title='bbox 1755 4056 2087 4137; x_wconf 73' lang='lat' dir='ltr'>quempiam</span> 
     </span>
    </p>
   </div>
   <div class='ocr_carea' id='block_1_76' title="bbox 422 4128 2086 4201">
    <p class='ocr_par' dir='ltr' id='par_1_76' title="bbox 422 4128 2086 4201">
     <span class='ocr_line' id='line_1_76' title="bbox 422 4128 2086 4201; baseline -0.003 -17"><span class='ocrx_word' id='word_1_501' title='bbox 422 4128 658 4201; x_wconf 77' lang='lat' dir='ltr'>cogitur</span> <span class='ocrx_word' id='word_1_502' title='bbox 703 4131 1077 4185; x_wconf 87' lang='lat' dir='ltr'>abscindere.</span> <span class='ocrx_word' id='word_1_503' title='bbox 1130 4129 1428 4201; x_wconf 87' lang='lat' dir='ltr'>Ephesina</span> <span class='ocrx_word' id='word_1_504' title='bbox 1473 4128 1740 4201; x_wconf 70' lang='lat' dir='ltr'>synodus</span> <span class='ocrx_word' id='word_1_505' title='bbox 1787 4132 1898 4201; x_wconf 73' lang='lat' dir='ltr'>act.</span> <span class='ocrx_word' id='word_1_506' title='bbox 1929 4129 1992 4201; x_wconf 71' lang='lat' dir='ltr'>_-t,</span> <span class='ocrx_word' id='word_1_507' title='bbox 2029 4129 2086 4180; x_wconf 90' lang='lat' dir='ltr'>in</span> 
     </span>
    </p>
   </div>
   <div class='ocr_carea' id='block_1_77' title="bbox 421 4198 2085 4270">
    <p class='ocr_par' dir='ltr' id='par_1_77' title="bbox 421 4198 2085 4270">
     <span class='ocr_line' id='line_1_77' title="bbox 421 4198 2085 4270; baseline -0.001 -16"><span class='ocrx_word' id='word_1_508' title='bbox 421 4198 711 4256; x_wconf 78' lang='lat' dir='ltr'>sententia</span> <span class='ocrx_word' id='word_1_509' title='bbox 755 4205 958 4256; x_wconf 87' lang='lat' dir='ltr'>contra</span> <span class='ocrx_word' id='word_1_510' title='bbox 993 4198 1336 4256; x_wconf 74' lang='lat' dir='ltr'>Nestorium</span> <span class='ocrx_word' id='word_1_511' title='bbox 1378 4200 1491 4255; x_wconf 87' lang='lat' dir='ltr'>lata</span> <span class='ocrx_word' id='word_1_512' title='bbox 1517 4198 1800 4270; x_wconf 70' lang='lat' dir='ltr'>loquitur</span> <span class='ocrx_word' id='word_1_513' title='bbox 1838 4200 1896 4252; x_wconf 90' lang='lat' dir='ltr'>in</span> <span class='ocrx_word' id='word_1_514' title='bbox 1929 4198 2085 4252; x_wconf 89' lang='lat' dir='ltr'>hunc</span> 
     </span>
    </p>
   </div>
   <div class='ocr_carea' id='block_1_78' title="bbox 419 4269 2080 4344">
    <p class='ocr_par' dir='ltr' id='par_1_78' title="bbox 419 4269 2080 4344">
     <span class='ocr_line' id='line_1_78' title="bbox 419 4269 2080 4344; baseline -0.001 -19"><span class='ocrx_word' id='word_1_515' title='bbox 419 4272 658 4344; x_wconf 89' lang='lat' dir='ltr'>modum</span> <span class='ocrx_word' id='word_1_516' title='bbox 685 4289 696 4327; x_wconf 95' lang='lat'>:</span> <span class='ocrx_word' id='word_1_517' title='bbox 736 4293 758 4323; x_wconf 74' lang='grc' dir='ltr'>ι</span> <span class='ocrx_word' id='word_1_518' title='bbox 793 4273 990 4328; x_wconf 86' lang='lat' dir='ltr'>Coacti</span> <span class='ocrx_word' id='word_1_519' title='bbox 1014 4289 1120 4344; x_wconf 88' lang='lat' dir='ltr'>per</span> <span class='ocrx_word' id='word_1_520' title='bbox 1140 4288 1348 4344; x_wconf 89' lang='lat' dir='ltr'>sacros</span> <span class='ocrx_word' id='word_1_521' title='bbox 1379 4269 1660 4344; x_wconf 80' lang='lat' dir='ltr'>canones,</span> <span class='ocrx_word' id='word_1_522' title='bbox 1686 4273 1744 4344; x_wconf 84' lang='lat' dir='ltr'>et</span> <span class='ocrx_word' id='word_1_523' title='bbox 1772 4269 2080 4344; x_wconf 77' lang='lat' dir='ltr'>epistolam</span> 
     </span>
    </p>
   </div>
   <div class='ocr_carea' id='block_1_79' title="bbox 421 4340 2087 4399">
    <p class='ocr_par' dir='ltr' id='par_1_79' title="bbox 421 4340 2087 4399">
     <span class='ocr_line' id='line_1_79' title="bbox 421 4340 2087 4399; baseline -0.002 -2"><span class='ocrx_word' id='word_1_524' title='bbox 421 4343 785 4399; x_wconf 86' lang='lat' dir='ltr'>sanctissimi</span> <span class='ocrx_word' id='word_1_525' title='bbox 821 4340 1232 4399; x_wconf 49' lang='lat' dir='ltr'>Patris—nostri</span> <span class='ocrx_word' id='word_1_526' title='bbox 1263 4347 1321 4398; x_wconf 90' lang='lat' dir='ltr'>et</span> <span class='ocrx_word' id='word_1_527' title='bbox 1359 4343 1748 4398; x_wconf 90' lang='lat' dir='ltr'>comministri</span> <span class='ocrx_word' id='word_1_528' title='bbox 1781 4340 2087 4396; x_wconf 83' lang='lat' dir='ltr'>C(elestini</span> 
     </span>
    </p>
   </div>
   <div class='ocr_carea' id='block_1_80' title="bbox 420 4412 2087 4486">
    <p class='ocr_par' dir='ltr' id='par_1_80' title="bbox 420 4412 2087 4486">
     <span class='ocr_line' id='line_1_80' title="bbox 420 4412 2087 4486; baseline -0.002 -16"><span class='ocrx_word' id='word_1_529' title='bbox 420 4415 703 4470; x_wconf 70' lang='lat' dir='ltr'>Romamn</span> <span class='ocrx_word' id='word_1_530' title='bbox 736 4415 1021 4470; x_wconf 67' lang='lat' dir='ltr'>Ecclesiae</span> <span class='ocrx_word' id='word_1_531' title='bbox 1053 4415 1338 4486; x_wconf 90' lang='lat' dir='ltr'>episcopi,</span> <span class='ocrx_word' id='word_1_532' title='bbox 1372 4413 1652 4484; x_wconf 78' lang='lat' dir='ltr'>lacrymis</span> <span class='ocrx_word' id='word_1_533' title='bbox 1683 4412 1935 4486; x_wconf 88' lang='lat' dir='ltr'>subinde</span> <span class='ocrx_word' id='word_1_534' title='bbox 1958 4429 2087 4482; x_wconf 90' lang='lat' dir='ltr'>per-</span> 
     </span>
    </p>
   </div>
   <div class='ocr_carea' id='block_1_81' title="bbox 399 4485 2079 4560">
    <p class='ocr_par' dir='ltr' id='par_1_81' title="bbox 399 4485 2079 4560">
     <span class='ocr_line' id='line_1_81' title="bbox 399 4485 2079 4560; baseline -0.003 -19"><span class='ocrx_word' id='word_1_535' title='bbox 399 4485 536 4541; x_wconf 85' lang='lat' dir='ltr'>‘fusi</span> <span class='ocrx_word' id='word_1_536' title='bbox 559 4488 630 4540; x_wconf 92' lang='lat' dir='ltr'>ad</span> <span class='ocrx_word' id='word_1_537' title='bbox 663 4487 976 4560; x_wconf 86' lang='lat' dir='ltr'>lugubrem</span> <span class='ocrx_word' id='word_1_538' title='bbox 1007 4485 1158 4560; x_wconf 87' lang='lat' dir='ltr'>hanc</span> <span class='ocrx_word' id='word_1_539' title='bbox 1191 4491 1392 4540; x_wconf 87' lang='lat' dir='ltr'>contra</span> <span class='ocrx_word' id='word_1_540' title='bbox 1424 4501 1557 4540; x_wconf 88' lang='lat' dir='ltr'>eum</span> <span class='ocrx_word' id='word_1_541' title='bbox 1586 4485 1936 4560; x_wconf 74' lang='lat' dir='ltr'>sententiam</span> <span class='ocrx_word' id='word_1_542' title='bbox 1973 4499 2079 4537; x_wconf 90' lang='lat' dir='ltr'>ne-</span> 
     </span>
    </p>
   </div>
   <div class='ocr_carea' id='block_1_82' title="bbox 417 4555 2081 4628">
    <p class='ocr_par' dir='ltr' id='par_1_82' title="bbox 417 4555 2081 4628">
     <span class='ocr_line' id='line_1_82' title="bbox 417 4555 2081 4628; baseline -0.001 -16"><span class='ocrx_word' id='word_1_543' title='bbox 417 4560 684 4613; x_wconf 90' lang='lat' dir='ltr'>cessario</span> <span class='ocrx_word' id='word_1_544' title='bbox 713 4555 1007 4614; x_wconf 63' lang='lat' dir='ltr'>venimus.</span> <span class='ocrx_word' id='word_1_545' title='bbox 1045 4580 1066 4608; x_wconf 71' lang='grc' dir='ltr'>ι</span> <span class='ocrx_word' id='word_1_546' title='bbox 1114 4559 1295 4612; x_wconf 76' lang='lat' dir='ltr'>Cone.</span> <span class='ocrx_word' id='word_1_547' title='bbox 1331 4571 1565 4628; x_wconf 87' lang='lat' dir='ltr'>quoque</span> <span class='ocrx_word' id='word_1_548' title='bbox 1596 4555 2081 4628; x_wconf 68' lang='lat' dir='ltr'>Chalcedonense</span> 
     </span>
    </p>
   </div>
   <div class='ocr_carea' id='block_1_83' title="bbox 414 4626 2079 4699">
    <p class='ocr_par' dir='ltr' id='par_1_83' title="bbox 414 4626 2079 4699">
     <span class='ocr_line' id='line_1_83' title="bbox 414 4626 2079 4699; baseline -0.001 -17"><span class='ocrx_word' id='word_1_549' title='bbox 414 4632 528 4684; x_wconf 89' lang='lat' dir='ltr'>act.</span> <span class='ocrx_word' id='word_1_550' title='bbox 563 4631 737 4684; x_wconf 88' lang='lat' dir='ltr'>etiam</span> <span class='ocrx_word' id='word_1_551' title='bbox 767 4649 804 4699; x_wconf 86' lang='grc' dir='ltr'><strong>ι,</strong></span> <span class='ocrx_word' id='word_1_552' title='bbox 838 4634 894 4685; x_wconf 91' lang='lat' dir='ltr'>ct</span> <span class='ocrx_word' id='word_1_553' title='bbox 924 4631 1226 4684; x_wconf 69' lang='lat' dir='ltr'>Constant.</span> <span class='ocrx_word' id='word_1_554' title='bbox 1260 4629 1314 4696; x_wconf 90' lang='grc'>7,</span> <span class='ocrx_word' id='word_1_555' title='bbox 1347 4626 1640 4682; x_wconf 82' lang='lat' dir='ltr'>adversus</span> <span class='ocrx_word' id='word_1_556' title='bbox 1675 4626 1978 4696; x_wconf 78' lang='lat' dir='ltr'>Eutychen</span> <span class='ocrx_word' id='word_1_557' title='bbox 2003 4627 2079 4680; x_wconf 88' lang='lat' dir='ltr'>ita</span> 
     </span>
    </p>
   </div>
   <div class='ocr_carea' id='block_1_84' title="bbox 413 4700 2081 4771">
    <p class='ocr_par' dir='ltr' id='par_1_84' title="bbox 413 4700 2081 4771">
     <span class='ocr_line' id='line_1_84' title="bbox 413 4700 2081 4771; baseline -0.002 -18"><span class='ocrx_word' id='word_1_558' title='bbox 413 4700 840 4771; x_wconf 88' lang='lat' dir='ltr'>lamentantur:</span> <span class='ocrx_word' id='word_1_559' title='bbox 881 4725 901 4748; x_wconf 85' lang='lat'><strong>«</strong></span> <span class='ocrx_word' id='word_1_560' title='bbox 942 4701 1108 4755; x_wconf 84' lang='lat' dir='ltr'>Unde</span> <span class='ocrx_word' id='word_1_561' title='bbox 1141 4701 1534 4771; x_wconf 77' lang='lat' dir='ltr'>lacrymantes</span> <span class='ocrx_word' id='word_1_562' title='bbox 1553 4702 1610 4752; x_wconf 90' lang='lat' dir='ltr'>et</span> <span class='ocrx_word' id='word_1_563' title='bbox 1631 4702 2081 4771; x_wconf 74' lang='lat' dir='ltr'>gementesper-</span> 
     </span>
    </p>
   </div>
   <div class='ocr_carea' id='block_1_85' title="bbox 414 4767 2076 4843">
    <p class='ocr_par' dir='ltr' id='par_1_85' title="bbox 414 4767 2076 4843">
     <span class='ocr_line' id='line_1_85' title="bbox 414 4767 2076 4843; baseline -0.001 -19"><span class='ocrx_word' id='word_1_564' title='bbox 414 4770 627 4843; x_wconf 71' lang='lat' dir='ltr'>tectam</span> <span class='ocrx_word' id='word_1_565' title='bbox 657 4771 791 4843; x_wconf 86' lang='lat' dir='ltr'>ejus</span> <span class='ocrx_word' id='word_1_566' title='bbox 839 4773 1245 4842; x_wconf 88' lang='lat' dir='ltr'>perditionem,</span> <span class='ocrx_word' id='word_1_567' title='bbox 1274 4767 1676 4843; x_wconf 70' lang='lat' dir='ltr'>decrevimus,</span> <span class='ocrx_word' id='word_1_568' title='bbox 1723 4791 1743 4817; x_wconf 74' lang='grc' dir='ltr'><strong>υ</strong></span> <span class='ocrx_word' id='word_1_569' title='bbox 1781 4771 1892 4823; x_wconf 86' lang='lat' dir='ltr'>etc.</span> <span class='ocrx_word' id='word_1_570' title='bbox 1915 4767 2076 4843; x_wconf 81' lang='lat' dir='ltr'>_Vide</span> 
     </span>
    </p>
   </div>
   <div class='ocr_carea' id='block_1_86' title="bbox 413 4839 2077 4910">
    <p class='ocr_par' dir='ltr' id='par_1_86' title="bbox 413 4839 2077 4910">
     <span class='ocr_line' id='line_1_86' title="bbox 413 4839 2077 4910; baseline -0.002 -14"><span class='ocrx_word' id='word_1_571' title='bbox 413 4839 776 4897; x_wconf 57' lang='lat' dir='ltr'>similiter&#39;in</span> <span class='ocrx_word' id='word_1_572' title='bbox 824 4839 990 4896; x_wconf 79' lang='lat' dir='ltr'>conc.</span> <span class='ocrx_word' id='word_1_573' title='bbox 1021 4843 1322 4910; x_wconf 86' lang='lat' dir='ltr'>Chalced.,</span> <span class='ocrx_word' id='word_1_574' title='bbox 1354 4846 1466 4896; x_wconf 87' lang='lat' dir='ltr'>act.</span> <span class='ocrx_word' id='word_1_575' title='bbox 1497 4841 1551 4908; x_wconf 88' lang='lat'>3,</span> <span class='ocrx_word' id='word_1_576' title='bbox 1587 4841 1824 4894; x_wconf 83' lang='lat' dir='ltr'>Patrum</span> <span class='ocrx_word' id='word_1_577' title='bbox 1862 4839 2077 4894; x_wconf 86' lang='lat' dir='ltr'>adver-</span> 
     </span>
    </p>
   </div>
   <div class='ocr_carea' id='block_1_87' title="bbox 411 4910 2078 4984">
    <p class='ocr_par' dir='ltr' id='par_1_87' title="bbox 411 4910 2078 4984">
     <span class='ocr_line' id='line_1_87' title="bbox 411 4910 2078 4984; baseline -0.003 -16"><span class='ocrx_word' id='word_1_578' title='bbox 411 4929 520 4968; x_wconf 89' lang='lat' dir='ltr'>sus</span> <span class='ocrx_word' id='word_1_579' title='bbox 552 4913 903 4968; x_wconf 89' lang='lat' dir='ltr'>Dioscorum</span> <span class='ocrx_word' id='word_1_580' title='bbox 933 4914 1428 4984; x_wconf 89' lang='lat' dir='ltr'>subscriptiones,</span> <span class='ocrx_word' id='word_1_581' title='bbox 1463 4912 1925 4984; x_wconf 69' lang='lat' dir='ltr'>imprimis_ver_o</span> <span class='ocrx_word' id='word_1_582' title='bbox 1959 4910 2078 4984; x_wconf 76' lang='lat' dir='ltr'>Ma-</span> 
     </span>
    </p>
   </div>
   <div class='ocr_carea' id='block_1_88' title="bbox 410 4981 2072 5056">
    <p class='ocr_par' dir='ltr' id='par_1_88' title="bbox 410 4981 2072 5056">
     <span class='ocr_line' id='line_1_88' title="bbox 410 4981 2072 5056; baseline -0.002 -17"><span class='ocrx_word' id='word_1_583' title='bbox 410 4985 573 5056; x_wconf 85' lang='lat' dir='ltr'>ximi,</span> <span class='ocrx_word' id='word_1_584' title='bbox 607 4984 764 5056; x_wconf 77' lang='lat' dir='ltr'>Cyri,</span> <span class='ocrx_word' id='word_1_585' title='bbox 815 4981 1204 5053; x_wconf 67' lang='lat' dir='ltr'>Constantini,</span> <span class='ocrx_word' id='word_1_586' title='bbox 1239 4983 1474 5038; x_wconf 86' lang='lat' dir='ltr'>Patricii</span> <span class='ocrx_word' id='word_1_587' title='bbox 1516 4981 1690 5056; x_wconf 88' lang='lat' dir='ltr'>atque</span> <span class='ocrx_word' id='word_1_588' title='bbox 1732 4981 2072 5056; x_wconf 78' lang='lat' dir='ltr'>Epiphanii.</span> 
     </span>
    </p>
   </div>
   <div class='ocr_carea' id='block_1_89' title="bbox 481 5053 2074 5126">
    <p class='ocr_par' dir='ltr' id='par_1_89' title="bbox 481 5053 2074 5126">
     <span class='ocr_line' id='line_1_89' title="bbox 481 5053 2074 5126; baseline -0.003 -16"><span class='ocrx_word' id='word_1_589' title='bbox 481 5055 594 5125; x_wconf 79' lang='grc'>(48)</span> <span class='ocrx_word' id='word_1_590' title='bbox 629 5053 927 5110; x_wconf 87' lang='lat' dir='ltr'>Discimus</span> <span class='ocrx_word' id='word_1_591' title='bbox 959 5072 1034 5110; x_wconf 87' lang='lat' dir='ltr'>ex</span> <span class='ocrx_word' id='word_1_592' title='bbox 1065 5056 1177 5110; x_wconf 91' lang='lat' dir='ltr'>hoc</span> <span class='ocrx_word' id='word_1_593' title='bbox 1208 5058 1328 5110; x_wconf 92' lang='lat' dir='ltr'>toto</span> <span class='ocrx_word' id='word_1_594' title='bbox 1359 5055 1546 5126; x_wconf 85' lang='lat' dir='ltr'>capite</span> <span class='ocrx_word' id='word_1_595' title='bbox 1573 5053 1696 5124; x_wconf 80' lang='lat' dir='ltr'>jam</span> <span class='ocrx_word' id='word_1_596' title='bbox 1728 5053 1862 5126; x_wconf 88' lang='lat' dir='ltr'>inde</span> <span class='ocrx_word' id='word_1_597' title='bbox 1893 5069 1924 5105; x_wconf 91' lang='lat' dir='ltr'>a</span> <span class='ocrx_word' id='word_1_598' title='bbox 1956 5053 2074 5122; x_wconf 89' lang='lat' dir='ltr'>pri-</span> 
     </span>
    </p>
   </div>
   <div class='ocr_carea' id='block_1_90' title="bbox 407 5125 2074 5196">
    <p class='ocr_par' dir='ltr' id='par_1_90' title="bbox 407 5125 2074 5196">
     <span class='ocr_line' id='line_1_90' title="bbox 407 5125 2074 5196; baseline -0.002 -16"><span class='ocrx_word' id='word_1_599' title='bbox 407 5127 522 5182; x_wconf 88' lang='lat' dir='ltr'>mis</span> <span class='ocrx_word' id='word_1_600' title='bbox 553 5127 795 5182; x_wconf 83' lang='lat' dir='ltr'>saeculis</span> <span class='ocrx_word' id='word_1_601' title='bbox 825 5128 886 5181; x_wconf 91' lang='lat' dir='ltr'>in</span> <span class='ocrx_word' id='word_1_602' title='bbox 919 5127 1187 5181; x_wconf 88' lang='lat' dir='ltr'>Ecclesia</span> <span class='ocrx_word' id='word_1_603' title='bbox 1211 5127 1398 5181; x_wconf 83' lang='lat' dir='ltr'>fuisse</span> <span class='ocrx_word' id='word_1_604' title='bbox 1447 5141 1587 5180; x_wconf 91' lang='lat' dir='ltr'>vasa</span> <span class='ocrx_word' id='word_1_605' title='bbox 1611 5125 1889 5196; x_wconf 87' lang='lat' dir='ltr'>pretiosa,</span> <span class='ocrx_word' id='word_1_606' title='bbox 1923 5139 2074 5194; x_wconf 81' lang='lat' dir='ltr'>quo-</span> 
     </span>
    </p>
   </div>
   <div class='ocr_carea' id='block_1_91' title="bbox 407 5195 2074 5253">
    <p class='ocr_par' dir='ltr' id='par_1_91' title="bbox 407 5195 2074 5253">
     <span class='ocr_line' id='line_1_91' title="bbox 407 5195 2074 5253; baseline -0.002 -1"><span class='ocrx_word' id='word_1_607' title='bbox 407 5214 539 5252; x_wconf 88' lang='lat' dir='ltr'>rum</span> <span class='ocrx_word' id='word_1_608' title='bbox 565 5198 677 5252; x_wconf 85' lang='lat' dir='ltr'>alia</span> <span class='ocrx_word' id='word_1_609' title='bbox 707 5198 779 5252; x_wconf 91' lang='lat' dir='ltr'>ad</span> <span class='ocrx_word' id='word_1_610' title='bbox 810 5215 984 5253; x_wconf 90' lang='lat' dir='ltr'>usum</span> <span class='ocrx_word' id='word_1_611' title='bbox 1025 5201 1528 5252; x_wconf 88' lang='lat' dir='ltr'>sacramentorum</span> <span class='ocrx_word' id='word_1_612' title='bbox 1577 5195 1796 5249; x_wconf 84' lang='lat' dir='ltr'>initiata</span> <span class='ocrx_word' id='word_1_613' title='bbox 1846 5199 1902 5250; x_wconf 89' lang='lat' dir='ltr'>et</span> <span class='ocrx_word' id='word_1_614' title='bbox 1935 5210 2074 5250; x_wconf 89' lang='lat' dir='ltr'>con-</span> 
     </span>
    </p>
   </div>
   <div class='ocr_carea' id='block_1_92' title="bbox 408 5266 2070 5338">
    <p class='ocr_par' dir='ltr' id='par_1_92' title="bbox 408 5266 2070 5338">
     <span class='ocr_line' id='line_1_92' title="bbox 408 5266 2070 5338; baseline -0.002 -14"><span class='ocrx_word' id='word_1_615' title='bbox 408 5273 636 5324; x_wconf 83' lang='lat' dir='ltr'>secrato</span> <span class='ocrx_word' id='word_1_616' title='bbox 671 5274 895 5336; x_wconf 86' lang='lat' dir='ltr'>essent,</span> <span class='ocrx_word' id='word_1_617' title='bbox 927 5270 1040 5324; x_wconf 88' lang='lat' dir='ltr'>alia</span> <span class='ocrx_word' id='word_1_618' title='bbox 1072 5269 1330 5338; x_wconf 88' lang='lat' dir='ltr'>minimc,</span> <span class='ocrx_word' id='word_1_619' title='bbox 1365 5269 1470 5323; x_wconf 91' lang='lat' dir='ltr'>sed</span> <span class='ocrx_word' id='word_1_620' title='bbox 1523 5271 1744 5322; x_wconf 90' lang='lat' dir='ltr'>tantum</span> <span class='ocrx_word' id='word_1_621' title='bbox 1783 5267 1854 5320; x_wconf 91' lang='lat' dir='ltr'>ad</span> <span class='ocrx_word' id='word_1_622' title='bbox 1885 5266 2070 5321; x_wconf 89' lang='lat' dir='ltr'>decus</span> 
     </span>
    </p>
   </div>
   <div class='ocr_carea' id='block_1_93' title="bbox 407 5337 2071 5419">
    <p class='ocr_par' dir='ltr' id='par_1_93' title="bbox 407 5337 2071 5419">
     <span class='ocr_line' id='line_1_93' title="bbox 407 5337 2071 5419; baseline -0.002 -23"><span class='ocrx_word' id='word_1_623' title='bbox 407 5344 464 5396; x_wconf 88' lang='lat' dir='ltr'>et</span> <span class='ocrx_word' id='word_1_624' title='bbox 496 5345 931 5419; x_wconf 73' lang='lat' dir='ltr'>ornamentum:</span> <span class='ocrx_word' id='word_1_625' title='bbox 972 5345 1218 5412; x_wconf 88' lang='lat' dir='ltr'>utraque</span> <span class='ocrx_word' id='word_1_626' title='bbox 1242 5337 1382 5395; x_wconf 87' lang='lat' dir='ltr'>vero</span> <span class='ocrx_word' id='word_1_627' title='bbox 1405 5344 1521 5419; x_wconf 83' lang='lat' dir='ltr'>tam</span> <span class='ocrx_word' id='word_1_628' title='bbox 1543 5338 1720 5392; x_wconf 87' lang='lat' dir='ltr'>multa</span> <span class='ocrx_word' id='word_1_629' title='bbox 1744 5337 2071 5419; x_wconf 73' lang='lat' dir='ltr'>exstitisse,</span> 
     </span>
    </p>
   </div>
   <div class='ocr_carea' id='block_1_94' title="bbox 406 5409 2071 5481">
    <p class='ocr_par' dir='ltr' id='par_1_94' title="bbox 406 5409 2071 5481">
     <span class='ocr_line' id='line_1_94' title="bbox 406 5409 2071 5481; baseline -0.002 -15"><span class='ocrx_word' id='word_1_630' title='bbox 406 5416 468 5466; x_wconf 89' lang='lat' dir='ltr'>ut</span> <span class='ocrx_word' id='word_1_631' title='bbox 487 5412 845 5467; x_wconf 69' lang='lat' dir='ltr'>redimendae</span> <span class='ocrx_word' id='word_1_632' title='bbox 867 5409 1308 5467; x_wconf 76' lang='lat' dir='ltr'>innumerorum</span> <span class='ocrx_word' id='word_1_633' title='bbox 1331 5412 1696 5481; x_wconf 83' lang='lat' dir='ltr'>captivorum</span> <span class='ocrx_word' id='word_1_634' title='bbox 1718 5409 2071 5481; x_wconf 79' lang='lat' dir='ltr'>multitudini</span> 
     </span>
    </p>
   </div>
   <div class='ocr_carea' id='block_1_95' title="bbox 405 5479 2068 5559">
    <p class='ocr_par' dir='ltr' id='par_1_95' title="bbox 405 5479 2068 5559">
     <span class='ocr_line' id='line_1_95' title="bbox 405 5479 2068 5559; baseline -0.004 -21"><span class='ocrx_word' id='word_1_635' title='bbox 405 5483 768 5559; x_wconf 63' lang='lat' dir='ltr'>sufﬁcerent.</span> <span class='ocrx_word' id='word_1_636' title='bbox 789 5484 936 5559; x_wconf 75' lang='lat' dir='ltr'>Hinc</span> <span class='ocrx_word' id='word_1_637' title='bbox 953 5488 1236 5559; x_wconf 59' lang='lat' dir='ltr'>praeterea</span> <span class='ocrx_word' id='word_1_638' title='bbox 1250 5479 1635 5559; x_wconf 74' lang='lat' dir='ltr'>intelligimus</span> <span class='ocrx_word' id='word_1_639' title='bbox 1653 5479 2068 5559; x_wconf 76' lang='lat' dir='ltr'>auream_il_lam</span> 
     </span>
    </p>
   </div>
   <div class='ocr_carea' id='block_1_96' title="bbox 405 5551 2067 5626">
    <p class='ocr_par' dir='ltr' id='par_1_96' title="bbox 405 5551 2067 5626">
     <span class='ocr_line' id='line_1_96' title="bbox 405 5551 2067 5626; baseline -0.003 -17"><span class='ocrx_word' id='word_1_640' title='bbox 405 5555 696 5610; x_wconf 65' lang='lat' dir='ltr'>Ecclesia:</span> <span class='ocrx_word' id='word_1_641' title='bbox 725 5551 1151 5626; x_wconf 82' lang='lat' dir='ltr'>supellectilem</span> <span class='ocrx_word' id='word_1_642' title='bbox 1169 5551 1484 5626; x_wconf 82' lang='lat' dir='ltr'>Ambrosio</span> <span class='ocrx_word' id='word_1_643' title='bbox 1508 5551 1855 5626; x_wconf 61' lang='lat' dir='ltr'>nullomotlo</span> <span class='ocrx_word' id='word_1_644' title='bbox 1879 5551 2067 5626; x_wconf 81' lang='lat' dir='ltr'>fuisse</span> 
     </span>
    </p>
   </div>
   <div class='ocr_carea' id='block_1_97' title="bbox 403 5621 2066 5696">
    <p class='ocr_par' dir='ltr' id='par_1_97' title="bbox 403 5621 2066 5696">
     <span class='ocr_line' id='line_1_97' title="bbox 403 5621 2066 5696; baseline -0.005 -16"><span class='ocrx_word' id='word_1_645' title='bbox 403 5621 820 5696; x_wconf 56' lang='lat' dir='ltr'>improbatam;</span> <span class='ocrx_word' id='word_1_646' title='bbox 844 5643 978 5681; x_wconf 91' lang='lat' dir='ltr'>cum</span> <span class='ocrx_word' id='word_1_647' title='bbox 1008 5642 1125 5680; x_wconf 91' lang='lat' dir='ltr'>non</span> <span class='ocrx_word' id='word_1_648' title='bbox 1155 5625 1273 5696; x_wconf 81' lang='lat' dir='ltr'>nisi</span> <span class='ocrx_word' id='word_1_649' title='bbox 1302 5624 1482 5696; x_wconf 81' lang='lat' dir='ltr'>certis</span> <span class='ocrx_word' id='word_1_650' title='bbox 1517 5639 1587 5676; x_wconf 91' lang='lat' dir='ltr'>ac</span> <span class='ocrx_word' id='word_1_651' title='bbox 1619 5621 1876 5696; x_wconf 71' lang='lat' dir='ltr'>deﬁnitis</span> <span class='ocrx_word' id='word_1_652' title='bbox 1907 5621 2066 5696; x_wconf 83' lang='lat' dir='ltr'>cas_i-_</span> 
     </span>
    </p>
   </div>
   <div class='ocr_carea' id='block_1_98' title="bbox 400 5690 2064 5770">
    <p class='ocr_par' dir='ltr' id='par_1_98' title="bbox 400 5690 2064 5770">
     <span class='ocr_line' id='line_1_98' title="bbox 400 5690 2064 5770; baseline -0.005 -17"><span class='ocrx_word' id='word_1_653' title='bbox 400 5690 600 5770; x_wconf 72' lang='lat' dir='ltr'>bu§,et</span> <span class='ocrx_word' id='word_1_654' title='bbox 611 5690 1023 5757; x_wconf 74' lang='lat' dir='ltr'>deficientibus</span> <span class='ocrx_word' id='word_1_655' title='bbox 1039 5696 1173 5754; x_wconf 87' lang='lat' dir='ltr'>aliis</span> <span class='ocrx_word' id='word_1_656' title='bbox 1187 5694 1496 5762; x_wconf 83' lang='lat' dir='ltr'>subsidiis,</span> <span class='ocrx_word' id='word_1_657' title='bbox 1516 5707 1644 5750; x_wconf 88' lang='lat' dir='ltr'>eam</span> <span class='ocrx_word' id='word_1_658' title='bbox 1657 5690 1794 5764; x_wconf 83' lang='lat' dir='ltr'>jure</span> <span class='ocrx_word' id='word_1_659' title='bbox 1816 5691 2064 5746; x_wconf 83' lang='lat' dir='ltr'>distrahi</span> 
     </span>
    </p>
   </div>
   <div class='ocr_carea' id='block_1_99' title="bbox 2113 4532 2170 4596">
    <p class='ocr_par' dir='ltr' id='par_1_99' title="bbox 2113 4532 2170 4596">
     <span class='ocr_line' id='line_1_99' title="bbox 2113 4532 2170 4596; baseline 0 0"><span class='ocrx_word' id='word_1_660' title='bbox 2113 4532 2170 4596; x_wconf 91' lang='lat' dir='ltr'><strong>D</strong></span> 
     </span>
    </p>
   </div>
   <div class='ocr_carea' id='block_1_100' title="bbox 2207 3249 3879 3330">
    <p class='ocr_par' dir='ltr' id='par_1_100' title="bbox 2207 3249 3879 3330">
     <span class='ocr_line' id='line_1_100' title="bbox 2207 3249 3879 3330; baseline 0.007 -27"><span class='ocrx_word' id='word_1_661' title='bbox 2207 3249 2346 3318; x_wconf 80' lang='lat' dir='ltr'>t3)?</span> <span class='ocrx_word' id='word_1_662' title='bbox 2398 3251 2608 3307; x_wconf 86' lang='lat' dir='ltr'>Nonne</span> <span class='ocrx_word' id='word_1_663' title='bbox 2667 3253 2880 3308; x_wconf 91' lang='lat' dir='ltr'>melius</span> <span class='ocrx_word' id='word_1_664' title='bbox 2937 3257 3195 3310; x_wconf 82' lang='lat' dir='ltr'>conﬂant</span> <span class='ocrx_word' id='word_1_665' title='bbox 3244 3257 3589 3314; x_wconf 79' lang='lat' dir='ltr'>sacerdotes</span> <span class='ocrx_word' id='word_1_666' title='bbox 3637 3263 3879 3330; x_wconf 88' lang='lat' dir='ltr'>propter</span> 
     </span>
    </p>
   </div>
   <div class='ocr_carea' id='block_1_101' title="bbox 2208 3339 3872 3417">
    <p class='ocr_par' dir='ltr' id='par_1_101' title="bbox 2208 3339 3872 3417">
     <span class='ocr_line' id='line_1_101' title="bbox 2208 3339 3872 3417; baseline 0.007 -25"><span class='ocrx_word' id='word_1_667' title='bbox 2208 3339 2546 3394; x_wconf 88' lang='lat' dir='ltr'>alimoniam</span> <span class='ocrx_word' id='word_1_668' title='bbox 2593 3357 2917 3413; x_wconf 89' lang='lat' dir='ltr'>pauperum</span> <span class='ocrx_word' id='word_1_669' title='bbox 2950 3344 3080 3414; x_wconf 76' lang='lat'>(49),</span> <span class='ocrx_word' id='word_1_670' title='bbox 3116 3345 3167 3399; x_wconf 91' lang='lat' dir='ltr'>si</span> <span class='ocrx_word' id='word_1_671' title='bbox 3212 3345 3325 3400; x_wconf 87' lang='lat' dir='ltr'>alia</span> <span class='ocrx_word' id='word_1_672' title='bbox 3355 3346 3624 3401; x_wconf 89' lang='lat' dir='ltr'>subsidia</span> <span class='ocrx_word' id='word_1_673' title='bbox 3655 3348 3872 3417; x_wconf 89' lang='lat' dir='ltr'>desint,</span> 
     </span>
    </p>
   </div>
   <div class='ocr_carea' id='block_1_102' title="bbox 2205 3431 3876 3506">
    <p class='ocr_par' dir='ltr' id='par_1_102' title="bbox 2205 3431 3876 3506">
     <span class='ocr_line' id='line_1_102' title="bbox 2205 3431 3876 3506; baseline 0.007 -25"><span class='ocrx_word' id='word_1_674' title='bbox 2205 3444 2380 3500; x_wconf 90' lang='lat' dir='ltr'>quam</span> <span class='ocrx_word' id='word_1_675' title='bbox 2424 3433 2486 3484; x_wconf 92' lang='lat' dir='ltr'>ut</span> <span class='ocrx_word' id='word_1_676' title='bbox 2523 3431 2858 3503; x_wconf 88' lang='lat' dir='ltr'>sacrilegus</span> <span class='ocrx_word' id='word_1_677' title='bbox 2901 3433 3291 3488; x_wconf 89' lang='lat' dir='ltr'>contaminata</span> <span class='ocrx_word' id='word_1_678' title='bbox 3331 3439 3593 3506; x_wconf 89' lang='lat' dir='ltr'>asportet</span> <span class='ocrx_word' id='word_1_679' title='bbox 3630 3437 3876 3493; x_wconf 83' lang='lat' dir='ltr'>hostis?</span> 
     </span>
    </p>
   </div>
   <div class='ocr_carea' id='block_1_103' title="bbox 2202 3517 3874 3595">
    <p class='ocr_par' dir='ltr' id='par_1_103' title="bbox 2202 3517 3874 3595">
     <span class='ocr_line' id='line_1_103' title="bbox 2202 3517 3874 3595; baseline 0.007 -24"><span class='ocrx_word' id='word_1_680' title='bbox 2202 3517 2414 3573; x_wconf 90' lang='lat' dir='ltr'>Nonne</span> <span class='ocrx_word' id='word_1_681' title='bbox 2445 3519 2710 3574; x_wconf 89' lang='lat' dir='ltr'>dicturus</span> <span class='ocrx_word' id='word_1_682' title='bbox 2743 3524 2836 3576; x_wconf 90' lang='lat' dir='ltr'>est</span> <span class='ocrx_word' id='word_1_683' title='bbox 2887 3522 3206 3578; x_wconf 90' lang='lat' dir='ltr'>Dominus:</span> <span class='ocrx_word' id='word_1_684' title='bbox 3242 3524 3360 3578; x_wconf 88' lang='lat' dir='ltr'>Cur</span> <span class='ocrx_word' id='word_1_685' title='bbox 3405 3541 3624 3595; x_wconf 89' lang='lat' dir='ltr'>passus</span> <span class='ocrx_word' id='word_1_686' title='bbox 3676 3542 3742 3582; x_wconf 91' lang='lat' dir='ltr'>es</span> <span class='ocrx_word' id='word_1_687' title='bbox 3787 3529 3874 3582; x_wconf 88' lang='lat' dir='ltr'>tot</span> 
     </span>
    </p>
   </div>
   <div class='ocr_carea' id='block_1_104' title="bbox 2202 3606 3872 3682">
    <p class='ocr_par' dir='ltr' id='par_1_104' title="bbox 2202 3606 3872 3682">
     <span class='ocr_line' id='line_1_104' title="bbox 2202 3606 3872 3682; baseline 0.005 -23"><span class='ocrx_word' id='word_1_688' title='bbox 2202 3606 2411 3677; x_wconf 88' lang='lat' dir='ltr'>inopes</span> <span class='ocrx_word' id='word_1_689' title='bbox 2441 3607 2595 3662; x_wconf 86' lang='lat' dir='ltr'>fame</span> <span class='ocrx_word' id='word_1_690' title='bbox 2627 3609 2822 3664; x_wconf 85' lang='lat' dir='ltr'>mori?</span> <span class='ocrx_word' id='word_1_691' title='bbox 2869 3609 2940 3664; x_wconf 89' lang='lat' dir='ltr'>Et</span> <span class='ocrx_word' id='word_1_692' title='bbox 2968 3615 3126 3666; x_wconf 90' lang='lat' dir='ltr'>certe</span> <span class='ocrx_word' id='word_1_693' title='bbox 3173 3611 3438 3668; x_wconf 88' lang='lat' dir='ltr'>habebas</span> <span class='ocrx_word' id='word_1_694' title='bbox 3488 3629 3723 3682; x_wconf 88' lang='lat' dir='ltr'>aurum,</span> <span class='ocrx_word' id='word_1_695' title='bbox 3756 3614 3872 3668; x_wconf 88' lang='lat' dir='ltr'>mi-</span> 
     </span>
    </p>
   </div>
   <div class='ocr_carea' id='block_1_105' title="bbox 2202 3689 3874 3772">
    <p class='ocr_par' dir='ltr' id='par_1_105' title="bbox 2202 3689 3874 3772">
     <span class='ocr_line' id='line_1_105' title="bbox 2202 3689 3874 3772; baseline 0.007 -24"><span class='ocrx_word' id='word_1_696' title='bbox 2202 3695 2530 3751; x_wconf 87' lang='lat' dir='ltr'>nistrasses</span> <span class='ocrx_word' id='word_1_697' title='bbox 2585 3697 2940 3754; x_wconf 90' lang='lat' dir='ltr'>alimoniam.</span> <span class='ocrx_word' id='word_1_698' title='bbox 2999 3699 3118 3755; x_wconf 88' lang='lat' dir='ltr'>Cur</span> <span class='ocrx_word' id='word_1_699' title='bbox 3154 3703 3237 3756; x_wconf 89' lang='lat' dir='ltr'>tot</span> <span class='ocrx_word' id='word_1_700' title='bbox 3285 3701 3498 3772; x_wconf 90' lang='lat' dir='ltr'>captivi</span> <span class='ocrx_word' id='word_1_701' title='bbox 3539 3689 3778 3758; x_wconf 78' lang='lat' dir='ltr'>deducti</span> <span class='ocrx_word' id='word_1_702' title='bbox 3811 3704 3874 3760; x_wconf 90' lang='lat' dir='ltr'>in</span> 
     </span>
    </p>
   </div>
   <div class='ocr_carea' id='block_1_106' title="bbox 2201 3841 3871 3913">
    <p class='ocr_par' dir='ltr' id='par_1_106' title="bbox 2201 3841 3871 3913">
     <span class='ocr_line' id='line_1_106' title="bbox 2201 3841 3871 3913; baseline 0.005 -21"><span class='ocrx_word' id='word_1_703' title='bbox 2201 3853 2383 3908; x_wconf 86' lang='lat' dir='ltr'>posse</span> <span class='ocrx_word' id='word_1_704' title='bbox 2415 3841 2718 3913; x_wconf 76' lang='lat' dir='ltr'>concedat.</span> <span class='ocrx_word' id='word_1_705' title='bbox 2752 3841 2952 3913; x_wconf 90' lang='lat' dir='ltr'>Itaque</span> <span class='ocrx_word' id='word_1_706' title='bbox 2983 3843 3179 3898; x_wconf 88' lang='lat' dir='ltr'>sicubi</span> <span class='ocrx_word' id='word_1_707' title='bbox 3225 3845 3492 3900; x_wconf 90' lang='lat' dir='ltr'>nonnulli</span> <span class='ocrx_word' id='word_1_708' title='bbox 3531 3846 3720 3900; x_wconf 88' lang='lat' dir='ltr'>sancti</span> <span class='ocrx_word' id='word_1_709' title='bbox 3755 3847 3871 3901; x_wconf 88' lang='lat' dir='ltr'>Pa-</span> 
     </span>
    </p>
   </div>
   <div class='ocr_carea' id='block_1_107' title="bbox 2200 3911 3869 3988">
    <p class='ocr_par' dir='ltr' id='par_1_107' title="bbox 2200 3911 3869 3988">
     <span class='ocr_line' id='line_1_107' title="bbox 2200 3911 3869 3988; baseline 0.006 -26"><span class='ocrx_word' id='word_1_710' title='bbox 2200 3913 2356 3988; x_wconf 71' lang='lat' dir='ltr'>tres,</span> <span class='ocrx_word' id='word_1_711' title='bbox 2419 3914 2480 3988; x_wconf 87' lang='lat' dir='ltr'>ut</span> <span class='ocrx_word' id='word_1_712' title='bbox 2532 3911 2947 3988; x_wconf 19' lang='lat' dir='ltr'>Hieronymus;</span> <span class='ocrx_word' id='word_1_713' title='bbox 2987 3916 3158 3988; x_wconf 83' lang='lat' dir='ltr'>epist.</span> <span class='ocrx_word' id='word_1_714' title='bbox 3212 3917 3262 3988; x_wconf 75' lang='lat'>2,</span> <span class='ocrx_word' id='word_1_715' title='bbox 3317 3917 3393 3970; x_wconf 80' lang='lat' dir='ltr'>ad</span> <span class='ocrx_word' id='word_1_716' title='bbox 3429 3917 3869 3988; x_wconf 80' lang='lat' dir='ltr'>Nepotianum,-</span> 
     </span>
    </p>
   </div>
   <div class='ocr_carea' id='block_1_108' title="bbox 2199 3980 3870 4060">
    <p class='ocr_par' dir='ltr' id='par_1_108' title="bbox 2199 3980 3870 4060">
     <span class='ocr_line' id='line_1_108' title="bbox 2199 3980 3870 4060; baseline 0.006 -26"><span class='ocrx_word' id='word_1_717' title='bbox 2199 3980 2667 4060; x_wconf 68' lang='lat' dir='ltr'>Qhrysostomus</span> <span class='ocrx_word' id='word_1_718' title='bbox 2697 3980 2960 4060; x_wconf 65' lang='lat' dir='ltr'>hom.__52</span> <span class='ocrx_word' id='word_1_719' title='bbox 2987 3980 3286 4060; x_wconf 68' lang='lat' dir='ltr'>inMattli.</span> <span class='ocrx_word' id='word_1_720' title='bbox 3317 3991 3374 4042; x_wconf 91' lang='lat' dir='ltr'>et</span> <span class='ocrx_word' id='word_1_721' title='bbox 3403 3988 3472 4042; x_wconf 86' lang='lat'><strong>60</strong></span> <span class='ocrx_word' id='word_1_722' title='bbox 3501 3980 3577 4042; x_wconf 76' lang='lat' dir='ltr'>ad</span> <span class='ocrx_word' id='word_1_723' title='bbox 3593 3980 3870 4060; x_wconf 84' lang='lat' dir='ltr'>populum</span> 
     </span>
    </p>
   </div>
   <div class='ocr_carea' id='block_1_109' title="bbox 2197 4051 3871 4130">
    <p class='ocr_par' dir='ltr' id='par_1_109' title="bbox 2197 4051 3871 4130">
     <span class='ocr_line' id='line_1_109' title="bbox 2197 4051 3871 4130; baseline 0.007 -26"><span class='ocrx_word' id='word_1_724' title='bbox 2197 4051 2505 4130; x_wconf 56' lang='grc' dir='ltr'>ρηιιοοΙιην</span> <span class='ocrx_word' id='word_1_725' title='bbox 2552 4053 3160 4130; x_wconf 53' lang='grc' dir='ltr'>ΙεὶἀοιῖιιεΡθΙιιεὶοιει</span> <span class='ocrx_word' id='word_1_726' title='bbox 3210 4059 3312 4113; x_wconf 91' lang='lat' dir='ltr'>lib.</span> <span class='ocrx_word' id='word_1_727' title='bbox 3359 4076 3416 4127; x_wconf 87' lang='grc' dir='ltr'><strong>ιι,</strong></span> <span class='ocrx_word' id='word_1_728' title='bbox 3469 4051 3640 4130; x_wconf 77' lang='lat' dir='ltr'>epist.</span> <span class='ocrx_word' id='word_1_729' title='bbox 3664 4051 3766 4130; x_wconf 57' lang='lat'>&#39;88,</span> <span class='ocrx_word' id='word_1_730' title='bbox 3811 4064 3871 4116; x_wconf 87' lang='lat' dir='ltr'>et</span> 
     </span>
    </p>
   </div>
   <div class='ocr_carea' id='block_1_110' title="bbox 2201 4123 3874 4199">
    <p class='ocr_par' dir='ltr' id='par_1_110' title="bbox 2201 4123 3874 4199">
     <span class='ocr_line' id='line_1_110' title="bbox 2201 4123 3874 4199; baseline 0.005 -23"><span class='ocrx_word' id='word_1_731' title='bbox 2201 4123 2553 4199; x_wconf 74' lang='lat' dir='ltr'>Bernartius,</span> <span class='ocrx_word' id='word_1_732' title='bbox 2573 4141 2700 4196; x_wconf 89' lang='lat' dir='ltr'>cap.</span> <span class='ocrx_word' id='word_1_733' title='bbox 2731 4126 2790 4180; x_wconf 87' lang='grc'>11</span> <span class='ocrx_word' id='word_1_734' title='bbox 2809 4127 3130 4199; x_wconf 71' lang='grc' dir='ltr'>ΑροΙοῃίέθ,</span> <span class='ocrx_word' id='word_1_735' title='bbox 3149 4123 3424 4184; x_wconf 83' lang='lat' dir='ltr'>videntur</span> <span class='ocrx_word' id='word_1_736' title='bbox 3439 4123 3874 4186; x_wconf 53' lang='lat' dir='ltr'>au&#39;reorum&#39;ar-</span> 
     </span>
    </p>
   </div>
   <div class='ocr_carea' id='block_1_111' title="bbox 2239 4198 3867 4258">
    <p class='ocr_par' dir='ltr' id='par_1_111' title="bbox 2239 4198 3867 4258">
     <span class='ocr_line' id='line_1_111' title="bbox 2239 4198 3867 4258; baseline 0.005 -10"><span class='ocrx_word' id='word_1_737' title='bbox 2239 4198 2620 4250; x_wconf 89' lang='lat' dir='ltr'>enteorumve</span> <span class='ocrx_word' id='word_1_738' title='bbox 2638 4198 3120 4254; x_wconf 88' lang='lat' dir='ltr'>ornamentorum</span> <span class='ocrx_word' id='word_1_739' title='bbox 3145 4201 3202 4254; x_wconf 91' lang='lat' dir='ltr'>in</span> <span class='ocrx_word' id='word_1_740' title='bbox 3227 4201 3503 4256; x_wconf 90' lang='lat' dir='ltr'>ecclesiis</span> <span class='ocrx_word' id='word_1_741' title='bbox 3525 4218 3700 4257; x_wconf 91' lang='lat' dir='ltr'>usum</span> <span class='ocrx_word' id='word_1_742' title='bbox 3722 4219 3867 4258; x_wconf 85' lang='lat' dir='ltr'>con-</span> 
     </span>
    </p>
   </div>
   <div class='ocr_carea' id='block_1_112' title="bbox 2235 4268 3871 4342">
    <p class='ocr_par' dir='ltr' id='par_1_112' title="bbox 2235 4268 3871 4342">
     <span class='ocr_line' id='line_1_112' title="bbox 2235 4268 3871 4342; baseline 0.005 -22"><span class='ocrx_word' id='word_1_743' title='bbox 2235 4281 2506 4334; x_wconf 80' lang='lat' dir='ltr'>emnare;</span> <span class='ocrx_word' id='word_1_744' title='bbox 2548 4268 2857 4342; x_wconf 82' lang='lat' dir='ltr'>_ita_1_nens</span> <span class='ocrx_word' id='word_1_745' title='bbox 2909 4286 3113 4325; x_wconf 90' lang='lat' dir='ltr'>eorum</span> <span class='ocrx_word' id='word_1_746' title='bbox 3163 4273 3599 4342; x_wconf 88' lang='lat' dir='ltr'>interpretanda</span> <span class='ocrx_word' id='word_1_747' title='bbox 3643 4277 3752 4342; x_wconf 91' lang='lat' dir='ltr'>est,</span> <span class='ocrx_word' id='word_1_748' title='bbox 3803 4277 3871 4328; x_wconf 90' lang='lat' dir='ltr'>ut</span> 
     </span>
    </p>
   </div>
   <div class='ocr_carea' id='block_1_113' title="bbox 2195 4337 3875 4414">
    <p class='ocr_par' dir='ltr' id='par_1_113' title="bbox 2195 4337 3875 4414">
     <span class='ocr_line' id='line_1_113' title="bbox 2195 4337 3875 4414; baseline 0.005 -24"><span class='ocrx_word' id='word_1_749' title='bbox 2195 4352 2312 4414; x_wconf 76' lang='lat' dir='ltr'>non</span> <span class='ocrx_word' id='word_1_750' title='bbox 2343 4353 2526 4414; x_wconf 78' lang='lat' dir='ltr'>usum</span> <span class='ocrx_word' id='word_1_751' title='bbox 2548 4337 2896 4414; x_wconf 81' lang='lat' dir='ltr'>legitimum,</span> <span class='ocrx_word' id='word_1_752' title='bbox 2931 4343 3037 4396; x_wconf 89' lang='lat' dir='ltr'>sed</span> <span class='ocrx_word' id='word_1_753' title='bbox 3061 4337 3749 4414; x_wconf 49' lang='lat' dir='ltr'>abusum—proscriptum</span> <span class='ocrx_word' id='word_1_754' title='bbox 3769 4361 3875 4399; x_wconf 84' lang='lat' dir='ltr'>ve-</span> 
     </span>
    </p>
   </div>
   <div class='ocr_carea' id='block_1_114' title="bbox 2194 4407 3868 4486">
    <p class='ocr_par' dir='ltr' id='par_1_114' title="bbox 2194 4407 3868 4486">
     <span class='ocr_line' id='line_1_114' title="bbox 2194 4407 3868 4486; baseline 0.007 -26"><span class='ocrx_word' id='word_1_755' title='bbox 2194 4407 2318 4486; x_wconf 78' lang='lat' dir='ltr'>lint,</span> <span class='ocrx_word' id='word_1_756' title='bbox 2353 4407 2636 4486; x_wconf 76' lang='lat' dir='ltr'>videlicet</span> <span class='ocrx_word' id='word_1_757' title='bbox 2657 4415 2752 4464; x_wconf 90' lang='lat' dir='ltr'>aut</span> <span class='ocrx_word' id='word_1_758' title='bbox 2777 4411 2978 4466; x_wconf 87' lang='lat' dir='ltr'>luxum</span> <span class='ocrx_word' id='word_1_759' title='bbox 3008 4417 3064 4486; x_wconf 84' lang='lat' dir='ltr'>et</span> <span class='ocrx_word' id='word_1_760' title='bbox 3098 4415 3312 4468; x_wconf 79' lang='lat' dir='ltr'>fastum</span> <span class='ocrx_word' id='word_1_761' title='bbox 3335 4407 3504 4484; x_wconf 73' lang='lat' dir='ltr'>plane</span> <span class='ocrx_word' id='word_1_762' title='bbox 3531 4407 3868 4486; x_wconf 70' lang='lat' dir='ltr'>profanum,</span> 
     </span>
    </p>
   </div>
   <div class='ocr_carea' id='block_1_115' title="bbox 2193 4483 3866 4558">
    <p class='ocr_par' dir='ltr' id='par_1_115' title="bbox 2193 4483 3866 4558">
     <span class='ocr_line' id='line_1_115' title="bbox 2193 4483 3866 4558; baseline 0.006 -26"><span class='ocrx_word' id='word_1_763' title='bbox 2193 4483 2291 4533; x_wconf 90' lang='lat' dir='ltr'>aut</span> <span class='ocrx_word' id='word_1_764' title='bbox 2312 4485 2734 4558; x_wconf 68' lang='lat' dir='ltr'>praeposteram</span> <span class='ocrx_word' id='word_1_765' title='bbox 2755 4498 2959 4537; x_wconf 90' lang='lat' dir='ltr'>eorum</span> <span class='ocrx_word' id='word_1_766' title='bbox 2983 4483 3455 4558; x_wconf 27' lang='lat' dir='ltr'>religionem’qui</span> <span class='ocrx_word' id='word_1_767' title='bbox 3475 4483 3690 4542; x_wconf 85' lang='lat' dir='ltr'>multos</span> <span class='ocrx_word' id='word_1_768' title='bbox 3712 4483 3866 4558; x_wconf 51' lang='lat' dir='ltr'>paué</span> 
     </span>
    </p>
   </div>
   <div class='ocr_carea' id='block_1_116' title="bbox 2195 4553 3881 4628">
    <p class='ocr_par' dir='ltr' id='par_1_116' title="bbox 2195 4553 3881 4628">
     <span class='ocr_line' id='line_1_116' title="bbox 2195 4553 3881 4628; baseline 0.005 -24"><span class='ocrx_word' id='word_1_769' title='bbox 2195 4565 2368 4620; x_wconf 91' lang='lat' dir='ltr'>peres</span> <span class='ocrx_word' id='word_1_770' title='bbox 2404 4553 2862 4628; x_wconf 81' lang='lat' dir='ltr'>_perire,_quam</span> <span class='ocrx_word' id='word_1_771' title='bbox 2906 4553 3148 4628; x_wconf 77' lang='lat' dir='ltr'>aureum</span> <span class='ocrx_word' id='word_1_772' title='bbox 3199 4553 3433 4628; x_wconf 80' lang='lat' dir='ltr'>aliquod</span> <span class='ocrx_word' id='word_1_773' title='bbox 3483 4553 3791 4612; x_wconf 81' lang='lat' dir='ltr'>vasculum</span> <span class='ocrx_word' id='word_1_774' title='bbox 3844 4574 3881 4614; x_wconf 88' lang='lat' dir='ltr'>e</span> 
     </span>
    </p>
   </div>
   <div class='ocr_carea' id='block_1_117' title="bbox 2193 4623 3866 4683">
    <p class='ocr_par' dir='ltr' id='par_1_117' title="bbox 2193 4623 3866 4683">
     <span class='ocr_line' id='line_1_117' title="bbox 2193 4623 3866 4683; baseline 0.006 -10"><span class='ocrx_word' id='word_1_775' title='bbox 2193 4623 2456 4675; x_wconf 88' lang='lat' dir='ltr'>sacrario</span> <span class='ocrx_word' id='word_1_776' title='bbox 2491 4623 2778 4678; x_wconf 89' lang='lat' dir='ltr'>decedere</span> <span class='ocrx_word' id='word_1_777' title='bbox 2810 4625 3000 4680; x_wconf 80' lang='lat' dir='ltr'>levius</span> <span class='ocrx_word' id='word_1_778' title='bbox 3034 4627 3273 4682; x_wconf 80' lang='lat' dir='ltr'>ferrent.</span> <span class='ocrx_word' id='word_1_779' title='bbox 3299 4623 3427 4682; x_wconf 76' lang='lat' dir='ltr'>Hoc</span> <span class='ocrx_word' id='word_1_780' title='bbox 3449 4633 3642 4682; x_wconf 88' lang='lat' dir='ltr'>autem</span> <span class='ocrx_word' id='word_1_781' title='bbox 3664 4631 3866 4683; x_wconf 87' lang='lat' dir='ltr'>animo</span> 
     </span>
    </p>
   </div>
   <div class='ocr_carea' id='block_1_118' title="bbox 2194 4691 3868 4769">
    <p class='ocr_par' dir='ltr' id='par_1_118' title="bbox 2194 4691 3868 4769">
     <span class='ocr_line' id='line_1_118' title="bbox 2194 4691 3868 4769; baseline 0.005 -23"><span class='ocrx_word' id='word_1_782' title='bbox 2194 4691 2384 4769; x_wconf 69' lang='lat' dir='ltr'>fuisse</span> <span class='ocrx_word' id='word_1_783' title='bbox 2415 4695 2802 4769; x_wconf 79' lang='lat' dir='ltr'>agnoscimus</span> <span class='ocrx_word' id='word_1_784' title='bbox 2835 4697 3088 4752; x_wconf 87' lang='lat' dir='ltr'>Arianos</span> <span class='ocrx_word' id='word_1_785' title='bbox 3113 4699 3266 4766; x_wconf 91' lang='lat' dir='ltr'>illos,</span> <span class='ocrx_word' id='word_1_786' title='bbox 3301 4701 3401 4769; x_wconf 91' lang='lat' dir='ltr'>qui</span> <span class='ocrx_word' id='word_1_787' title='bbox 3427 4703 3633 4753; x_wconf 89' lang='lat' dir='ltr'>sancto</span> <span class='ocrx_word' id='word_1_788' title='bbox 3657 4706 3868 4754; x_wconf 90' lang='lat' dir='ltr'>nostro</span> 
     </span>
    </p>
   </div>
   <div class='ocr_carea' id='block_1_119' title="bbox 2193 4763 3872 4838">
    <p class='ocr_par' dir='ltr' id='par_1_119' title="bbox 2193 4763 3872 4838">
     <span class='ocr_line' id='line_1_119' title="bbox 2193 4763 3872 4838; baseline 0.006 -22"><span class='ocrx_word' id='word_1_789' title='bbox 2193 4763 2491 4838; x_wconf 61' lang='lat' dir='ltr'>invidiam,</span> <span class='ocrx_word' id='word_1_790' title='bbox 2519 4763 2700 4838; x_wconf 88' lang='lat' dir='ltr'>hujus</span> <span class='ocrx_word' id='word_1_791' title='bbox 2725 4782 3023 4838; x_wconf 90' lang='lat' dir='ltr'>nunquam</span> <span class='ocrx_word' id='word_1_792' title='bbox 3057 4771 3203 4823; x_wconf 89' lang='lat' dir='ltr'>satis</span> <span class='ocrx_word' id='word_1_793' title='bbox 3227 4763 3440 4824; x_wconf 77' lang='lat' dir='ltr'>laudati</span> <span class='ocrx_word' id='word_1_794' title='bbox 3466 4771 3749 4826; x_wconf 84' lang='lat' dir='ltr'>facinoris</span> <span class='ocrx_word' id='word_1_795' title='bbox 3773 4788 3872 4826; x_wconf 90' lang='lat' dir='ltr'>oc-</span> 
     </span>
    </p>
   </div>
   <div class='ocr_carea' id='block_1_120' title="bbox 2192 4835 3866 4912">
    <p class='ocr_par' dir='ltr' id='par_1_120' title="bbox 2192 4835 3866 4912">
     <span class='ocr_line' id='line_1_120' title="bbox 2192 4835 3866 4912; baseline 0.006 -26"><span class='ocrx_word' id='word_1_796' title='bbox 2192 4835 2454 4912; x_wconf 77' lang='lat' dir='ltr'>casione,</span> <span class='ocrx_word' id='word_1_797' title='bbox 2479 4837 2738 4912; x_wconf 70' lang='lat' dir='ltr'>conflare</span> <span class='ocrx_word' id='word_1_798' title='bbox 2755 4835 3164 4912; x_wconf 75' lang='lat' dir='ltr'>moliebantur.</span> <span class='ocrx_word' id='word_1_799' title='bbox 3195 4841 3320 4894; x_wconf 83' lang='lat' dir='ltr'>Huc</span> <span class='ocrx_word' id='word_1_800' title='bbox 3344 4841 3652 4912; x_wconf 79' lang='lat' dir='ltr'>referquae</span> <span class='ocrx_word' id='word_1_801' title='bbox 3677 4859 3866 4912; x_wconf 86' lang='lat' dir='ltr'>supra</span> 
     </span>
    </p>
   </div>
   <div class='ocr_carea' id='block_1_121' title="bbox 2190 4905 3869 4983">
    <p class='ocr_par' dir='ltr' id='par_1_121' title="bbox 2190 4905 3869 4983">
     <span class='ocr_line' id='line_1_121' title="bbox 2190 4905 3869 4983; baseline 0.006 -25"><span class='ocrx_word' id='word_1_802' title='bbox 2190 4905 2481 4983; x_wconf 68' lang='lat' dir='ltr'>habentur</span> <span class='ocrx_word' id='word_1_803' title='bbox 2509 4923 2644 4983; x_wconf 78' lang='lat' dir='ltr'>pag.</span> <span class='ocrx_word' id='word_1_804' title='bbox 2676 4908 2765 4976; x_wconf 83' lang='lat'>86,</span> <span class='ocrx_word' id='word_1_805' title='bbox 2788 4925 2956 4983; x_wconf 85' lang='lat' dir='ltr'>num.</span> <span class='ocrx_word' id='word_1_806' title='bbox 2990 4911 3079 4980; x_wconf 91' lang='grc'>70,</span> <span class='ocrx_word' id='word_1_807' title='bbox 3111 4911 3212 4966; x_wconf 89' lang='lat' dir='ltr'>ubi</span> <span class='ocrx_word' id='word_1_808' title='bbox 3236 4928 3352 4982; x_wconf 92' lang='lat' dir='ltr'>quo</span> <span class='ocrx_word' id='word_1_809' title='bbox 3382 4905 3646 4983; x_wconf 67' lang='lat' dir='ltr'>tempore</span> <span class='ocrx_word' id='word_1_810' title='bbox 3678 4905 3869 4968; x_wconf 74' lang='lat' dir='ltr'>enac-</span> 
     </span>
    </p>
   </div>
   <div class='ocr_carea' id='block_1_122' title="bbox 2187 4976 3856 5049">
    <p class='ocr_par' dir='ltr' id='par_1_122' title="bbox 2187 4976 3856 5049">
     <span class='ocr_line' id='line_1_122' title="bbox 2187 4976 3856 5049; baseline 0.005 -19"><span class='ocrx_word' id='word_1_811' title='bbox 2187 4976 2454 5049; x_wconf 17' lang='lat' dir='ltr'>ciderint,</span> <span class='ocrx_word' id='word_1_812' title='bbox 2485 4976 2958 5049; x_wconf 57' lang='lat' dir='ltr'>sub&#39;notavimus,</span> <span class='ocrx_word' id='word_1_813' title='bbox 3000 4976 3154 5036; x_wconf 83' lang='lat' dir='ltr'>sicut</span> <span class='ocrx_word' id='word_1_814' title='bbox 3194 4976 3348 5037; x_wconf 59' lang='lat' dir='ltr'>et&#39;in</span> <span class='ocrx_word' id='word_1_815' title='bbox 3393 4976 3686 5038; x_wconf 82' lang='lat' dir='ltr'>Admonit.</span> <span class='ocrx_word' id='word_1_816' title='bbox 3738 5001 3856 5040; x_wconf 89' lang='lat' dir='ltr'>no-</span> 
     </span>
    </p>
   </div>
   <div class='ocr_carea' id='block_1_123' title="bbox 2187 5048 3358 5109">
    <p class='ocr_par' dir='ltr' id='par_1_123' title="bbox 2187 5048 3358 5109">
     <span class='ocr_line' id='line_1_123' title="bbox 2187 5048 3358 5109; baseline 0.005 -7"><span class='ocrx_word' id='word_1_817' title='bbox 2187 5049 2306 5102; x_wconf 87' lang='lat' dir='ltr'>stra</span> <span class='ocrx_word' id='word_1_818' title='bbox 2339 5048 2410 5102; x_wconf 90' lang='lat' dir='ltr'>ad</span> <span class='ocrx_word' id='word_1_819' title='bbox 2444 5048 2554 5104; x_wconf 89' lang='lat' dir='ltr'>hos</span> <span class='ocrx_word' id='word_1_820' title='bbox 2582 5050 2656 5104; x_wconf 84' lang='lat' dir='ltr'>de</span> <span class='ocrx_word' id='word_1_821' title='bbox 2691 5050 2856 5106; x_wconf 80' lang='lat' dir='ltr'>Ofﬁc.</span> <span class='ocrx_word' id='word_1_822' title='bbox 2891 5052 3114 5108; x_wconf 85' lang='lat' dir='ltr'>minist.</span> <span class='ocrx_word' id='word_1_823' title='bbox 3152 5053 3358 5109; x_wconf 92' lang='lat' dir='ltr'>libros.</span> 
     </span>
    </p>
   </div>
   <div class='ocr_carea' id='block_1_124' title="bbox 2256 5118 3859 5196">
    <p class='ocr_par' dir='ltr' id='par_1_124' title="bbox 2256 5118 3859 5196">
     <span class='ocr_line' id='line_1_124' title="bbox 2256 5118 3859 5196; baseline 0.006 -25"><span class='ocrx_word' id='word_1_824' title='bbox 2256 5119 2373 5196; x_wconf 66' lang='lat'>(49)</span> <span class='ocrx_word' id='word_1_825' title='bbox 2406 5118 2653 5196; x_wconf 88' lang='lat' dir='ltr'>Erasm._</span> <span class='ocrx_word' id='word_1_826' title='bbox 2687 5126 2744 5176; x_wconf 90' lang='lat' dir='ltr'>et</span> <span class='ocrx_word' id='word_1_827' title='bbox 2784 5122 2921 5178; x_wconf 89' lang='lat' dir='ltr'>edit.</span> <span class='ocrx_word' id='word_1_828' title='bbox 2974 5139 3102 5194; x_wconf 87' lang='lat' dir='ltr'>seq.</span> <span class='ocrx_word' id='word_1_829' title='bbox 3148 5141 3280 5178; x_wconf 89' lang='lat' dir='ltr'>cum</span> <span class='ocrx_word' id='word_1_830' title='bbox 3329 5141 3476 5180; x_wconf 85' lang='lat' dir='ltr'>mss.</span> <span class='ocrx_word' id='word_1_831' title='bbox 3529 5126 3859 5196; x_wconf 73' lang='lat' dir='ltr'>nonnullis,</span> 
     </span>
    </p>
   </div>
   <div class='ocr_carea' id='block_1_125' title="bbox 2185 5190 3868 5266">
    <p class='ocr_par' dir='ltr' id='par_1_125' title="bbox 2185 5190 3868 5266">
     <span class='ocr_line' id='line_1_125' title="bbox 2185 5190 3868 5266; baseline 0.005 -22"><span class='ocrx_word' id='word_1_832' title='bbox 2185 5190 2721 5266; x_wconf 77' lang='lat' dir='ltr'>conﬂat__sacerdos</span> <span class='ocrx_word' id='word_1_833' title='bbox 2757 5199 3006 5266; x_wconf 84' lang='lat' dir='ltr'>prapter</span> <span class='ocrx_word' id='word_1_834' title='bbox 3046 5190 3380 5250; x_wconf 72' lang='lat' dir='ltr'>alimoniam</span> <span class='ocrx_word' id='word_1_835' title='bbox 3427 5197 3596 5265; x_wconf 88' lang='lat' dir='ltr'>(edit.</span> <span class='ocrx_word' id='word_1_836' title='bbox 3654 5190 3868 5265; x_wconf 55' lang='grc' dir='ltr'>Ποῖα,</span> 
     </span>
    </p>
   </div>
   <div class='ocr_carea' id='block_1_126' title="bbox 2179 5261 3872 5340">
    <p class='ocr_par' dir='ltr' id='par_1_126' title="bbox 2179 5261 3872 5340">
     <span class='ocr_line' id='line_1_126' title="bbox 2179 5261 3872 5340; baseline 0.005 -26"><span class='ocrx_word' id='word_1_837' title='bbox 2179 5277 2292 5332; x_wconf 86' lang='lat' dir='ltr'>pro</span> <span class='ocrx_word' id='word_1_838' title='bbox 2334 5261 2632 5340; x_wconf 75' lang='lat' dir='ltr'>alimonia)</span> <span class='ocrx_word' id='word_1_839' title='bbox 2683 5261 3086 5340; x_wconf 76' lang='lat' dir='ltr'>pauperum.__.</span> <span class='ocrx_word' id='word_1_840' title='bbox 3133 5309 3146 5322; x_wconf 93' lang='lat'>.</span> <span class='ocrx_word' id='word_1_841' title='bbox 3192 5309 3205 5321; x_wconf 96' lang='lat'>.</span> <span class='ocrx_word' id='word_1_842' title='bbox 3252 5309 3264 5321; x_wconf 91' lang='lat'>.</span> <span class='ocrx_word' id='word_1_843' title='bbox 3309 5261 3480 5338; x_wconf 84' lang='lat' dir='ltr'>quam</span> <span class='ocrx_word' id='word_1_844' title='bbox 3520 5261 3872 5340; x_wconf 78' lang='lat' dir='ltr'>sacrilegus</span> 
     </span>
    </p>
   </div>
   <div class='ocr_carea' id='block_1_127' title="bbox 2185 5331 3869 5408">
    <p class='ocr_par' dir='ltr' id='par_1_127' title="bbox 2185 5331 3869 5408">
     <span class='ocr_line' id='line_1_127' title="bbox 2185 5331 3869 5408; baseline 0.005 -23"><span class='ocrx_word' id='word_1_845' title='bbox 2185 5331 2540 5408; x_wconf 74' lang='lat' dir='ltr'>contaminia</span> <span class='ocrx_word' id='word_1_846' title='bbox 2606 5331 2908 5408; x_wconf 70' lang='lat' dir='ltr'>asportet:</span> <span class='ocrx_word' id='word_1_847' title='bbox 2949 5337 3185 5408; x_wconf 89' lang='lat' dir='ltr'>quidam</span> <span class='ocrx_word' id='word_1_848' title='bbox 3234 5331 3402 5402; x_wconf 67' lang='lat' dir='ltr'>mss,</span> <span class='ocrx_word' id='word_1_849' title='bbox 3469 5331 3869 5406; x_wconf 65' lang='lat' dir='ltr'>contaminat,</span> 
     </span>
    </p>
   </div>
   <div class='ocr_carea' id='block_1_128' title="bbox 2185 5405 3872 5482">
    <p class='ocr_par' dir='ltr' id='par_1_128' title="bbox 2185 5405 3872 5482">
     <span class='ocr_line' id='line_1_128' title="bbox 2185 5405 3872 5482; baseline 0.007 -28"><span class='ocrx_word' id='word_1_850' title='bbox 2185 5409 2450 5482; x_wconf 72' lang='lat' dir='ltr'>asportet</span> <span class='ocrx_word' id='word_1_851' title='bbox 2473 5405 2681 5482; x_wconf 80' lang='lat' dir='ltr'>hostis.</span> <span class='ocrx_word' id='word_1_852' title='bbox 2709 5407 2874 5461; x_wconf 78' lang='lat' dir='ltr'>Rom.</span> <span class='ocrx_word' id='word_1_853' title='bbox 2901 5405 3060 5479; x_wconf 62' lang='lat' dir='ltr'>edit,</span> <span class='ocrx_word' id='word_1_854' title='bbox 3086 5425 3257 5482; x_wconf 81' lang='lat' dir='ltr'>quam</span> <span class='ocrx_word' id='word_1_855' title='bbox 3280 5415 3344 5464; x_wconf 85' lang='lat' dir='ltr'>ut</span> <span class='ocrx_word' id='word_1_856' title='bbox 3367 5410 3704 5480; x_wconf 82' lang='lat' dir='ltr'>sacrilegus</span> <span class='ocrx_word' id='word_1_857' title='bbox 3725 5427 3872 5464; x_wconf 85' lang='lat' dir='ltr'>con-</span> 
     </span>
    </p>
   </div>
   <div class='ocr_carea' id='block_1_129' title="bbox 2186 5475 3875 5558">
    <p class='ocr_par' dir='ltr' id='par_1_129' title="bbox 2186 5475 3875 5558">
     <span class='ocr_line' id='line_1_129' title="bbox 2186 5475 3875 5558; baseline 0.005 -30"><span class='ocrx_word' id='word_1_858' title='bbox 2186 5475 2432 5558; x_wconf 75' lang='lat' dir='ltr'>taminet</span> <span class='ocrx_word' id='word_1_859' title='bbox 2472 5481 2529 5528; x_wconf 90' lang='lat' dir='ltr'>et</span> <span class='ocrx_word' id='word_1_860' title='bbox 2569 5484 2852 5558; x_wconf 76' lang='lat' dir='ltr'>asportet,</span> <span class='ocrx_word' id='word_1_861' title='bbox 2899 5484 3012 5558; x_wconf 71' lang='lat' dir='ltr'>etc.</span> <span class='ocrx_word' id='word_1_862' title='bbox 3049 5475 3290 5558; x_wconf 40' lang='lat' dir='ltr'>&#39;A&#39;merb.</span> <span class='ocrx_word' id='word_1_863' title='bbox 3337 5475 3642 5558; x_wconf 30' lang='lat' dir='ltr'>cum‘aliis</span> <span class='ocrx_word' id='word_1_864' title='bbox 3685 5482 3875 5552; x_wconf 88' lang='lat' dir='ltr'>longe</span> 
     </span>
    </p>
   </div>
   <div class='ocr_carea' id='block_1_130' title="bbox 2183 5545 3866 5624">
    <p class='ocr_par' dir='ltr' id='par_1_130' title="bbox 2183 5545 3866 5624">
     <span class='ocr_line' id='line_1_130' title="bbox 2183 5545 3866 5624; baseline 0.007 -26"><span class='ocrx_word' id='word_1_865' title='bbox 2183 5545 2478 5624; x_wconf 71' lang='lat' dir='ltr'>plurimis,</span> <span class='ocrx_word' id='word_1_866' title='bbox 2525 5550 2591 5624; x_wconf 88' lang='lat' dir='ltr'>ut_</span> <span class='ocrx_word' id='word_1_867' title='bbox 2631 5545 2691 5602; x_wconf 85' lang='lat' dir='ltr'>in</span> <span class='ocrx_word' id='word_1_868' title='bbox 2726 5553 2905 5616; x_wconf 80' lang='lat' dir='ltr'>textu,</span> <span class='ocrx_word' id='word_1_869' title='bbox 2957 5552 3279 5624; x_wconf 79' lang='lat' dir='ltr'>nisiquod</span> <span class='ocrx_word' id='word_1_870' title='bbox 3318 5553 3499 5624; x_wconf 88' lang='lat' dir='ltr'>aliqui</span> <span class='ocrx_word' id='word_1_871' title='bbox 3552 5568 3701 5608; x_wconf 90' lang='lat' dir='ltr'>mss.</span> <span class='ocrx_word' id='word_1_872' title='bbox 3748 5545 3866 5624; x_wconf 68' lang='lat' dir='ltr'>pro</span> 
     </span>
    </p>
   </div>
   <div class='ocr_carea' id='block_1_131' title="bbox 2183 5615 3178 5695">
    <p class='ocr_par' dir='ltr' id='par_1_131' title="bbox 2183 5615 3178 5695">
     <span class='ocr_line' id='line_1_131' title="bbox 2183 5615 3178 5695; baseline 0.008 -25"><span class='ocrx_word' id='word_1_873' title='bbox 2183 5615 2544 5689; x_wconf 83' lang='lat' dir='ltr'>sacrilegus,</span> <span class='ocrx_word' id='word_1_874' title='bbox 2579 5619 2782 5692; x_wconf 88' lang='lat' dir='ltr'>legunt</span> <span class='ocrx_word' id='word_1_875' title='bbox 2813 5615 3178 5695; x_wconf 77' lang='lat' dir='ltr'>saerilegiis.</span> 
     </span>
    </p>
   </div>
  </div>
