4128 6132
270 268 368 335 149

1216 260 1329 324 DE
1369 259 1726 338 OFFICIIS
1762 258 2377 325 MINISTRORUM
2422 260 2679 324 LIBER
2704 262 2785 324 II.

3550 258 3672 327 150

274 466 566 527 commercio
597 468 737 521 sunt
767 465 901 537 (50),
933 480 1043 521 nec
1077 464 1386 535 redempti,
1433 462 1507 516 ab
1555 461 1728 517 hoste
1787 476 1884 515 oc-
1909 441 1969 510 Α
1994 460 2102 517 luit
2139 477 2387 534 erogare
2418 463 2781 533 pauperibus
2812 480 2988 535 quam
3035 464 3405 535 persecutori
3456 479 3658 521 reser-

276 562 362 616 cisi
380 559 542 613 sunt?
565 557 779 611 Melius
811 555 999 610 fuerat
1031 559 1092 608 ut
1132 570 1275 608 vasa
1315 551 1643 606 viventium
1683 566 1886 606 serva-

275 665 366 717 res,
402 664 557 719 quam
579 645 967 700 metallorum.

330 737 426 792 138.
468 736 567 789 His
617 751 734 789 non
793 736 998 804 posset
1043 747 1403 803 responsum
1454 729 1686 785 referri.
1736 728 1886 793 Quid

270 829 391 882 enim
417 826 633 879 diceres
669 840 680 877 :
716 823 907 877 Timui
940 838 1013 876 ne
1045 821 1259 891 templo
1294 820 1398 873 Dei
1431 821 1676 873 ornatus
1715 818 1888 872 dees-

265 920 335 970 set
360 917 382 968 ?
412 913 805 983 Responderet
839 928 851 966 :
892 913 1117 965 Aurum
1148 912 1517 964 sacramenta
1564 923 1682 962 non
1715 923 1883 977 quae-

270 1008 374 1058 runt
401 1019 411 1057 :
441 1018 623 1073 neque
644 1017 785 1056 aura
810 1001 1060 1070 placent,
1093 1016 1227 1070 quae
1258 1014 1403 1053 auro
1439 1013 1557 1052 non
1587 999 1881 1051 emuntur.

265 1094 474 1148 Ornatus
495 1095 999 1145 sacramentorum
1021 1088 1344 1159 redemptio
1377 1087 1742 1157 captivorum
1767 1088 1881 1139 est.

260 1182 379 1236 Vere
404 1181 492 1234 illa
513 1184 651 1234 sunt
683 1196 825 1233 vasa
856 1182 1136 1250 pretiosa,
1171 1194 1304 1249 quae
1326 1177 1626 1231 redimunt
1660 1175 1887 1228 animas

254 1289 280 1325 a
303 1270 594 1324 morte.llle
628 1285 807 1323 verus
832 1269 1154 1322 thesaurus
1186 1270 1279 1321 est
1319 1266 1573 1335 Domini,
1624 1265 1725 1335 qui
1753 1279 1891 1334 ope-

260 1364 391 1414 ratur
431 1360 580 1430 quod
631 1358 883 1429 sanguis
914 1357 1048 1428 ejus
1094 1360 1373 1426 operatus
1423 1359 1539 1409 est.
1585 1355 1751 1408 Tunc
1781 1368 1889 1407 vas

262 1448 508 1502 Dominici
568 1447 882 1518 sanguinis
932 1446 1317 1517 agnoscitur,
1370 1460 1504 1498 cum
1550 1444 1611 1497 in
1641 1446 1891 1513 utroque

260 1538 563 1607 viderit(5'l)
600 1537 1104 1605 redemptionem;
1145 1537 1205 1588 ut
1238 1534 1393 1588 calix
1422 1534 1496 1587 ab
1532 1533 1703 1587 hoste
1737 1531 1892 1585 redi-

258 1629 367 1691 mat,
397 1642 541 1697 quos
577 1627 830 1697 sanguis
877 1641 909 1678 a
958 1626 1201 1695 peccato
1239 1622 1491 1677 redimit.
1542 1620 1729 1685 Quam
1758 1619 1892 1689 pul-

257 1715 449 1783 chrum,
472 1717 531 1768 ut
569 1731 697 1768 cum
732 1713 968 1786 agmina
993 1713 1357 1782 captivorum
1380 1710 1588 1780 (5‘2)ah
1624 1708 1893 1763 Ecclesia

254 1804 604 1870 redimuntur,
650 1803 880 1857 dicatur
912 1818 923 1857 :
952 1802 1076 1855 Hos
1095 1800 1369 1854 Christus
1401 1798 1652 1854 redemit
1685 1796 1697 1852 l
1735 1797 1890 1851 Ecce

255 1908 427 1946 aurum
449 1892 606 1963 quod
625 1892 868 1961 probari
899 1893 1113 1961 potest,
1140 1905 1278 1944 ecce
1310 1904 1519 1942 aurum
1549 1887 1711 1956 utile,
1754 1901 1894 1940 ecce

256 1997 430 2035 aurum
460 1980 683 2035 Christi
724 1980 883 2051 quod
930 1997 964 2033 a
1014 1982 1199 2033 morte
1232 1979 1461 2046 liberat,
1508 1992 1647 2031 ecce
1688 1990 1897 2029 aurum

257 2086 349 2140 quo
376 2070 682 2124 redimitur
711 2069 1011 2139 pudicitia,
1046 2071 1323 2123 servatur
1352 2066 1618 2121 castitas.

312 2157 415 2213 139.
450 2159 573 2213 Hos
598 2160 747 2230 ergo
772 2158 949 2212 malui
978 2157 1153 2211 vobis
1184 2157 1410 2211 liberos
1442 2154 1696 2223 tradere,
1722 2167 1898 2224 quam

254 2265 427 2301 aurum
446 2263 782 2302 reservare.
804 2247 912 2300 Hic
923 2261 1208 2300 numerus
1228 2244 1615 2314 captivorum,
1635 2242 1733 2296 hic
1752 2241 1896 2295 ordo

250 2339 592 2406 praestantior
611 2340 708 2391 est
730 2351 905 2406 quam
925 2335 1162 2405 species
1194 2333 1542 2404 poculorum
1577 2330 1712 2401 (53).
1746 2330 1898 2383 Huic

255 2427 447 2480 muneri
505 2425 805 2496 proiicere
850 2424 1051 2479 debuit
1099 2439 1308 2477 aurum
1351 2419 1786 2491 Redemptoris,
1838 2420 1901 2473 ut

254 2514 533 2569 redimeret
592 2513 1048 2585 pericilitantes.
1105 2514 1388 2584 Agnosco
1445 2509 1709 2565 infusum
1755 2523 1899 2562 auro

254 2604 577 2675 sanguinem
618 2602 845 2657 Christi
874 2618 993 2657 non
1040 2601 1235 2656 solum
1292 2600 1645 2654 irrutilasse.
1694 2613 1900 2653 verum

254 2695 399 2747 etiam
427 2693 649 2747 divinae
690 2691 1052 2763 Operationis
1084 2690 1472 2761 impressisse
1502 2688 1777 2742 virtutem
1807 2702 1900 2741 re-

253 2781 578 2852 demptionis
606 2797 875 2836 munere.

312 2871 417 2925 l-tO.
450 2872 590 2926 Tale
611 2887 823 2925 aurum
843 2872 1087 2924 sanctus
1120 2870 1340 2939 martyr
1371 2865 1726 2922 Laurentius
1756 2862 1903 2928 104

252 2958 466 3015 Domino
506 2960 867 3028 reservavit,
908 2975 939 3013 a
973 2974 1090 3030 quo
1136 2973 1270 3011 cum
1309 2957 1720 3027 quaererentur
1767 2953 1901 3007 the-

250 3051 381 3102 sauri
411 3049 728 3116 Ecclesiae,
775 3048 1047 3118 promisit
1084 3062 1152 3101 se
1192 3046 1754 3100 demonstraturum.
1789 3041 1895 3097 Se-

250 3139 533 3209 quentidie
567 3153 866 3209 pauperes
898 3137 1081 3191 duxit.
1124 3136 1529 3206 Interrogatus
1563 3133 1665 3187 ubi
1697 3132 1903 3186 essent

252 3227 482 3281 thesauri
499 3244 662 3299 quos
685 3228 1056 3297 promiserat,
1074 3224 1637 3293 ostenditpauperes
1652 3221 1858 3275 dicens
1888 3235 1900 3275 :

253 3315 311 3369 Hi
346 3321 476 3371 sunt
521 3316 796 3371 thesauri
843 3314 1151 3369 Ecclesiae.
1203 3312 1273 3367 Et
1322 3327 1460 3367 vere
1514 3309 1802 3379 thesauri,
1843 3310 1903 3363 in

251 3407 442 3476 quibus
470 3406 756 3461 Christus
786 3407 898 3472 est,
949 3404 1009 3457 in
1038 3403 1257 3475 quibus
1290 3401 1438 3456 fides
1470 3403 1581 3455 est.
1631 3400 1896 3470 Denique

251 3496 550 3565 Apostolus
581 3494 668 3549 ait
702 3510 714 3549 :
750 3493 1053 3548 Habemus
1087 3493 1428 3546 thesaurum
1458 3490 1519 3543 in
1565 3489 1725 3543 vasis
1752 3487 1907 3542 {icti-

252 3583 388 3639 libus
407 3586 492 3653 (Il
521 3586 668 3641 Cor.
693 3601 774 3654 1v,
798 3584 875 3653 Ἴ).
907 3583 1069 3648 Quos
1096 3581 1375 3636 meliores
1395 3580 1711 3634 thesauros
1731 3577 1908 3632 habet

252 3672 521 3743 Christus,
557 3690 742 3746 quam
782 3688 889 3727 eos
921 3673 979 3725 in
1018 3671 1239 3743 quibus
1285 3685 1351 3724 se
1384 3684 1522 3723 esse
1564 3667 1768 3721 dixit?
1809 3664 1909 3720 Sic

253 3763 385 3816 enim
414 3765 713 3834 scriptum
745 3764 836 3816 est
870 3776 883 3815 :
916 3760 1105 3814 Esuri
1117 3760 1191 3829 vi,
1227 3763 1285 3813 et
1309 3757 1568 3812 dedistis
1587 3755 1736 3810 mihi
1757 3770 1910 3808 man-

252 3849 485 3908 ducare:
520 3852 724 3920 sitivi,
779 3856 839 3904 et
877 3850 1138 3904 dedistis
1175 3848 1325 3902 mihi
1370 3846 1586 3901 bibere
1628 3860 1641 3901 :
1694 3845 1912 3916 hospes

254 3956 412 4009 eram,
448 3949 508 3997 et
539 3939 883 4011 collegistis
903 3955 994 3992 me
1024 3937 1265 4007 (Matth.
1297 3952 1439 4002 xxv,
1462 3935 1575 4003 35).
1609 3933 1681 3987 Et
1709 3933 1862 3987 infra
1895 3946 1907 3988 :

257 4028 397 4094 Quod
426 4033 586 4086 enim
622 4030 725 4084 nni
746 4030 953 4083 horum
987 4026 1245 4096 fecistis,
1286 4024 1437 4078 mihi
1467 4022 1706 4078 fecistis
1730 4021 1909 4091 (Ibid.

252 4119 348 4188 10).
370 4120 532 4185 Quos
562 4119 850 4174 meliores
890 4117 1070 4171 Jesus
1118 4115 1294 4170 habet
1335 4113 1677 4181 thesauros,
1737 4126 1913 4181 quam

256 4222 345 4263 eos
373 4210 431 4263 in
449 4210 676 4281 quibus
702 4210 855 4260 amat
876 4205 1065 4260 videri
1106 4206 1135 4258 ‘?

313 4295 427 4352 HI.
455 4300 586 4353 Hos
606 4298 925 4351 thesauros
944 4291 1370 4349 demonstravit
1401 4288 1756 4345 Laurentius
1777 4287 1911 4358 (54),

256 4389 303 4438 et
345 4388 503 4457 vicit,
539 4386 704 4459 quod
736 4402 842 4440 eos
873 4401 983 4439 nec
1023 4384 1377 4454 persecutor
1430 4379 1619 4450 potuit
1659 4377 1912 4432 auferre.

255 4475 437 4548 Itaque
460 4477 759 4543 Joachim,
809 4474 910 4546 qui
929 4489 1138 4528 aurum
1180 4471 1240 4525 in
1272 4469 1583 4525 obsidione
1615 4465 1912 4535 servabat,

253 4578 350 4617 nec
377 4564 769 4635 dispensabat
799 4562 1092 4617 alimoniae
1136 4557 1548 4629 comparanda
1575 4572 1589 4626 ;
1623 4559 1679 4610 et
1709 4569 1916 4609 aurum
1953 4548 2014 4616 D

250 4653 380 4707 vidit
413 4654 588 4724 eripi,
638 4657 696 4707 et
741 4667 809 4706 se
838 4652 896 4705 in
929 4649 1325 4720 captivitatem
1365 4645 1575 4711 deduci
1628 4643 1744 4713 (IV
1767 4642 1917 4713 Reg.

256 4758 402 4812 xxw,
445 4744 535 4811 12,
570 4742 685 4810 13).
720 4740 1094 4808 Laurentius,
1126 4738 1228 4809 qui
1249 4752 1457 4791 aurum
1490 4733 1781 4788 Ecclesiae
1804 4747 1921 4786 ma-

324 4884 435 4953 (50)
460 4885 623 4939 Edit.
646 4900 713 4937 ac
751 4883 923 4954 pauci
953 4898 1124 4951 mss.,
1148 4880 1210 4934 in
1233 4878 1664 4946 commercium,
1690 4891 1798 4930 nec
1817 4890 1920 4930 re-

256 4953 461 5025 dempti
490 4958 520 5010 ?
546 4955 673 5010 Cur
704 4953 785 5009 tot
823 4954 898 5008 ab
930 4954 1121 5019 hoste,
1146 4955 1257 5007 etc.
1726 5018 1735 5023 _

316 5019 424 5093 (51)
456 5028 599 5081 Era.
627 5030 682 5080 et
711 5042 839 5096 seq.
865 5025 1000 5079 edit.
1036 5039 1169 5078 cum
1198 5038 1345 5077 mss.
1372 5019 1696 5089 nonnullis,
1726 5019 1920 5089 ‘agno-

256 5111 361 5161 sco,
382 5116 509 5152 eum
534 5099 600 5151 in
629 5104 872 5169 utroque
903 5096 1127 5169 videro,
1160 5098 1272 5149 etc.
1830 5159 1840 5169 ⁸

315 5169 424 5236 (52)
453 5167 904 5225 CodexThuan.
939 5170 996 5222 et
1023 5167 1120 5220 alii
1141 5180 1354 5237 magno
1378 5178 1645 5232 numero,
1682 5167 1917 5233 agmina

255 5249 645 5308 peccatorum.

317 5313 423 5377 (3x3)
451 5312 708 5377 Quidam
740 5326 912 5378 mss.,
947 5310 1181 5380 species
1222 5306 1603 5361 vasculorum.

319 5374 426 5453 (54)
477 5374 767 5437 Nonnulli
816 5374 989 5449 mss.,
1040 5380 1417 5447 Laurentius,
1472 5382 1531 5431 et
1586 5374 1737 5430 vidit
1784 5388 1925 5446 quos

265 5467 369 5518 eos,
403 5459 518 5509 etc.

319 5527 425 5593 (55)
458 5525 618 5580 Edit.
646 5540 711 5578 ac
731 5524 893 5579 multi
912 5539 1081 5591 mss.,
1094 5538 1206 5594 per
1227 5521 1483 5575 minutas
1505 5517 1885 5594 erogationes
1900 5532 1918 5568 :

262 5588 472 5667 Thua'n.
524 5612 675 5650 vero
707 5600 761 5650 et
789 5596 886 5650 alii
917 5588 1139 5667 aliquot
1168 5594 1341 5648 bonae
1372 5595 1546 5662 notae,
1575 5588 1689 5662 per
1735 5588 1923 5642 minu-

271 5666 375 5722 tias
403 5666 799 5741 erogationis.
1026 5666 1031 5667 “
1488 5692 1491 5695 <

1936 3184 1993 3253 C

1995 567 2157 621 vare,
2189 568 2294 623 pro
2326 552 2619 624 singulari
2650 569 2777 607 suae
2807 554 3305 623 interpretationis
3348 555 3663 609 vivacitate

1997 656 2229 695 sacram
2260 642 2518 712 martyrii
2550 642 2779 711 accepit
2799 658 3096 696 coronam.
3121 643 3418 715 Numquid
3437 643 3659 697 dictum

1997 734 2088 784 est
2110 733 2315 785 sancto
2340 731 2654 785 Laurentio
2683 747 2694 785 :
2720 731 2854 785 Non
2876 732 3133 785 debuisti
3156 748 3402 803 erogare
3421 733 3663 786 thesau-

1993 836 2096 874 ros
2132 820 2439 889 Ecclesiye,
2474 836 2615 874 vasa
2657 824 3166 875 sacramentorum
3203 821 3460 875 vendere
3489 823 3517 875 ‘?

2066 909 2187 963 HQ.
2221 909 2381 979 Opus
2413 913 2504 963 est
2536 913 2595 963 ut
2634 910 2768 980 quis
2820 910 2933 963 ﬁde
2975 911 3209 964 sincera
3239 913 3296 964 et
3326 910 3659 979 perspicaci

1993 999 2362 1068 providentia
2400 1015 2616 1053 munus
2658 1000 2769 1053 hoc
2801 999 3056 1069 impleat.
3080 1000 3233 1053 Sane
3256 999 3306 1052 si
3338 1000 3398 1051 in
3432 1014 3538 1053 sua
3559 1000 3657 1052 ali-

1997 1088 2132 1156 quis
2151 1088 2376 1142 derivat
2398 1088 2808 1158 emolumenta,
2837 1089 3060 1143 crimen
3083 1092 3173 1143 est
3198 1104 3210 1142 :
3246 1088 3340 1141 sin
3358 1103 3499 1142 vero
3522 1104 3664 1157 pau-

1996 1177 2241 1247 peribus
2273 1181 2496 1249 erogat,
2531 1178 2822 1248 captivum
2852 1178 3104 1246 redimit,
3126 1177 3536 1232 misericordia
3549 1159 3660 1230 θεῖ

1998 1267 2185 1321 Nemo
2209 1267 2364 1321 enim
2394 1268 2505 1337 (12,
2547 1284 2604 1338 q.
2638 1267 2700 1335 2,
2745 1283 2872 1338 cap.
2914 1266 3140 1321 Aurum
3169 1267 3198 1339 ἓ
3229 1267 3420 1321 Nemo
3442 1267 3662 1338 potest)

1997 1359 2191 1427 potest
2220 1356 2416 1410 dicere
2441 1372 2452 1410 :
2480 1354 2597 1410 Cur
2616 1372 2840 1427 pauper
2860 1356 3040 1411 vivit?
3055 1357 3241 1410 Nemo
3260 1359 3452 1426 potest
3473 1355 3663 1427 queri,

1999 1446 2134 1516 quia
2165 1446 2380 1516 captivi
2401 1446 2684 1515 redempti
2716 1450 2854 1501 sunt
2889 1462 2900 1500 :
2936 1462 3107 1500 nemo
3130 1449 3323 1516 potest
3351 1460 3658 1512 accusare,

1999 1535 2134 1605 quia
2158 1535 2437 1605 templum
2470 1535 2575 1589 Dei
2604 1538 2695 1589 est
2717 1536 3103 1605 aediﬁcatum;
3139 1551 3309 1590 nemo
3344 1536 3540 1605 potest
3570 1534 3667 1587 in-

2000 1624 2252 1695 dignari,
2277 1624 2412 1694 quia
2445 1624 2757 1678 humandis
2782 1624 3041 1678 fidelium
3072 1624 3342 1694 reliquiis
3373 1623 3562 1694 spatia
3592 1622 3671 1676 la.

2000 1717 2133 1766 xata
2164 1717 2338 1768 sunt:
2372 1729 2543 1768 nemo
2574 1716 2771 1783 potest
2801 1713 3022 1782 dolere,
3069 1714 3205 1784 quia
3236 1714 3295 1766 in
3344 1712 3668 1782 sepulturis

1926 1826 1982 1889 Β
2003 1802 2471 1857 Christianorum
2501 1802 2741 1873 requies
2774 1802 3185 1857 defunctorum
3208 1805 3317 1856 est.
3350 1802 3412 1855 In
3447 1801 3541 1855 his
3572 1801 3669 1854 tri-

2003 1892 2119 1946 bus
2140 1892 2464 1963 generibus
2486 1907 2630 1945 vasa
2662 1891 2949 1946 Ecclesia:
2971 1893 3145 1946 etiam
3166 1891 3387 1945 initiata
3409 1890 3672 1945 confrin-

2008 1997 2171 2053 gere,
2206 1982 2484 2049 conﬂare,
2518 1981 2775 2035 vendere
2807 1981 2962 2036 licet.

2080 2070 2202 2124 143.
2234 2070 2395 2139 Opus
2419 2073 2510 2123 est
2532 2072 2593 2123 ut
2615 2070 2685 2123 de
2708 2069 2976 2124 Ecclesia
2998 2070 3233 2139 mystici
3254 2069 3452 2139 poculi
3484 2068 3673 2123 forma

2011 2175 2129 2214 non
2168 2161 2357 2226 exeat,
2390 2174 2463 2213 ne
2496 2159 2566 2211 ad
2600 2174 2747 2212 usus
2767 2158 3029 2213 nefarios
3053 2160 3210 2213 sacri
3234 2158 3437 2213 calicis
3460 2160 3673 2212 minis-

2009 2248 2221 2303 terium
2248 2236 2656 2301 transferatur.
2692 2247 2828 2301 Ideo
2860 2247 3009 2301 intra
3060 2247 3390 2301 Ecclesiam
3419 2248 3674 2316 primum

2011 2354 2143 2409 quae
2174 2337 2284 2390 sita
2308 2340 2445 2390 sunt
2474 2352 2618 2390 vasa
2649 2352 2782 2406 quas
2800 2336 3021 2389 initiata
3043 2352 3163 2390 non
3185 2339 3389 2390 essent
3423 2351 3434 2389 :
3463 2334 3674 2389 deinde

2013 2427 2389 2494 comminuta,
2414 2427 2713 2495 postremo
2734 2426 3001 2493 conﬂata,
3035 2440 3142 2494 per
3155 2424 3433 2479 minutias
3466 2439 3677 2495 eroga-

2009 2516 2189 2570 tionis
2220 2516 2333 2585 (55)
2373 2514 2713 2584 dispensata
2761 2514 3097 2585 egentibus,
3140 2513 3504 2583 captivorum
3525 2529 3677 2585 quo-

2013 2621 2127 2675 que
2174 2604 2380 2675 pretiis
2438 2603 2835 2673 profecerunt.
2868 2602 3035 2667 Quod
3085 2604 3136 2657 si
3170 2603 3384 2657 desunt
3413 2618 3587 2671 nova,
3621 2605 3680 2656 et

2014 2711 2147 2765 quae
2186 2709 2558 2764 nequaquam
2606 2693 2828 2747 initiata
2864 2692 3195 2759 videantur,
3230 2692 3288 2745 in
3333 2690 3680 2762 hujusmodi

2014 2799 2185 2852 usus,
2236 2797 2389 2853 quos
2437 2797 2618 2851 supra
2674 2781 2964 2851 diximus,
3025 2781 3281 2836 arbitror
3337 2780 3531 2835 omnia
3586 2780 3680 2851 pie

2015 2888 2197 2944 posse
2222 2872 2505 2928 converti.

2502 2981 2534 3042 1
2549 2980 2644 3042 05
2689 2987 2940 3043 CAPUT
2970 2988 3181 3043 XXIX.

2018 3098 2297 3169 Deposita
2326 3097 2653 3169 viduarum,
2679 3097 2793 3150 imo
2815 3096 3065 3169 omnium
3090 3095 3368 3169 ﬁdelium,
3397 3095 3457 3148 in
3477 3095 3685 3150 Eccle-

2088 3167 2179 3224 sia
2226 3186 2353 3223 cum
2401 3168 2495 3222 sui
2539 3168 2717 3221 etiam
2750 3167 3019 3238 periculo
3067 3167 3315 3221 defendi
3346 3172 3624 3238 oportere
3665 3186 3683 3220 .-

2090 3258 2215 3313 quae
2235 3239 2523 3313 resOuize
2541 3237 2896 3313 sacerdotis,
2922 3238 3232 3313 Ambrosii
3248 3254 3315 3291 ac
3342 3237 3678 3291 Ticinensis

2091 3309 2349 3384 episcOpi
2379 3309 2667 3381 exemplis
2687 3309 2872 3364 lucem
2902 3310 3081 3381 capit.

2091 3401 2213 3456 144.
2255 3400 2403 3454 Illud
2432 3415 2575 3453 sane
2617 3399 2932 3471 diligenter
2968 3399 3313 3453 intuendum
3345 3400 3455 3467 est,
3490 3400 3552 3452 ut
3581 3398 3689 3452 de—

2019 3491 2213 3563 posita
2234 3490 2549 3544 viduarum
2570 3488 3215 3558 intemeratamaneant,
3249 3489 3379 3542 sine
3411 3487 3526 3542 ulla
3559 3503 3688 3542 ser-

2022 3585 2235 3636 ventur
2265 3578 2614 3646 offensione,
2649 3594 2766 3633 non
2788 3578 2983 3632 solum
3004 3578 3333 3647 viduarum,
3368 3579 3475 3632 sed
3516 3578 3691 3632 etiam

2026 3670 2322 3738 omnium;
2364 3669 2513 3723 fides
2553 3668 2709 3723 enim
2749 3667 3082 3722 exhibenda
3116 3668 3392 3722 omnibus
3442 3670 3534 3722 est
3582 3666 3693 3721 sed

2026 3760 2218 3832 major
2248 3763 2339 3813 est
2367 3758 2676 3812 viduarum
2698 3774 2878 3811 causa
2909 3760 2966 3811 et
2992 3758 3367 3828 pupillorum.

2102 3850 2221 3904 145.
2250 3848 2513 3919 Denique
2541 3847 2655 3902 hoc
2686 3847 2816 3901 solo
2848 3847 3157 3902 viduarum
3180 3848 3435 3916 nomine,
3455 3846 3610 3902 sicut
3630 3847 3692 3904 in

2026 3940 2197 3995 libris
2210 3937 2685 3993 Machabaeorum
2698 3937 2975 4008 legimus,
2991 3937 3463 3992 commendatum
3476 3936 3691 4006 templo

2031 4045 2202 4085 omne
2233 4030 2533 4083 servatum
2564 4029 2675 4081 est.
2710 4026 2859 4081 Nam
2891 4042 3022 4081 cum
3042 4026 3324 4080 indicium
3357 4026 3573 4080 factum
3605 4042 3697 4080 es-

2029 4122 2122 4174 set
2147 4117 2549 4189 pecuniarum,
2583 4132 2732 4186 quas
2764 4117 2823 4169 in
2852 4116 3068 4185 templo
3104 4115 3536 4186 Hierosolymis
3569 4131 3694 4169 ma-

2030 4210 2222 4261 ximas
2254 4205 2500 4276 reperiri
2532 4220 2715 4275 posse
2743 4204 2945 4259 Simon
2968 4205 3231 4259 nefarius
3247 4205 3539 4259 Antiocho
3561 4204 3693 4275 regi

2031 4295 2307 4367 prodidit,
2349 4294 2576 4349 missus
2606 4294 2665 4348 in
2693 4309 2817 4348 rem
2867 4294 3227 4349 Heliodorus
3256 4294 3391 4364 (56),
3424 4295 3494 4347 ad
3543 4296 3694 4347 tem-

2031 4385 2192 4456 plum
2212 4384 2373 4439 venit
2403 4386 2459 4438 et
2480 4398 2711 4439 summo
2745 4384 3036 4438 sacerdoti
3053 4384 3281 4454 aperuit
3306 4382 3509 4436 indicii
3539 4382 3696 4435 invi-

2033 4475 2208 4542 diam,
2243 4477 2298 4528 et
2320 4474 2608 4528 adventus
2642 4473 2737 4527 sui
2766 4489 3005 4527 causam
3047 4473 3131 4542 (II
3163 4472 3383 4539 illac/1.,
3432 4488 3512 4539 ιιι,
3546 4470 3697 4540 4-9).

2107 4565 2229 4619 146.
2264 4564 2429 4617 Tunc
2448 4563 2732 4617 sacerdos
2751 4562 3016 4632 deposita
3042 4576 3178 4615 esse
3212 4560 3358 4613 dixit
3387 4560 3698 4614 viduarum

2033 4654 2308 4710 victualia
2331 4656 2386 4707 et
2409 4652 2762 4722 pupillorum
2782 4667 2794 4705 :
2813 4643 3082 4721 quaedam
3114 4652 3307 4703 autem
3333 4649 3571 4704 Hircani
3594 4650 3702 4705 To-

2033 4746 2149 4800 bim
2207 4743 2315 4797 viri
2348 4741 2538 4796 sancti
2569 4741 2701 4811 (5'7),
2737 4754 2922 4810 eaque
2954 4738 3396 4793 demonstravit.
3449 4738 3701 4811 Argenti

2106 4887 2220 4959 (56)
2251 4885 2401 4939 Edit.
2435 4898 2641 4937 omnes
2662 4898 2732 4959 ac
2764 4882 3029 4959 plerique
3051 4882 3437 4959 mssmissus
3465 4883 3528 4959 in
3550 4884 3698 4938 Hie-

2035 4953 2293 5014 rusalem
2319 4972 2331 5010 :
2351 4970 2558 5009 verum
2576 4953 2836 5023 potiores
2850 4954 3333 5025 antiquioresque
3356 4958 3697 5009 constanter

2034 5031 2258 5102 legunt,
2291 5027 2512 5102 missus
2540 5026 2601 5078 in
2646 5041 2794 5095 rem,
2828 5025 3036 5096 supple
3068 5032 3452 5097 praesentem,
3487 5027 3545 5080 id
3585 5028 3697 5097 est,

2035 5099 2320 5170 in'ipsum
2344 5099 2558 5153 locum.

2108 5168 2218 5240 (57)
2242 5169 2515 5234 Quaedam
2545 5173 2829 5223 autem...
2864 5168 2999 5222 auri
3032 5184 3174 5223 vero
3191 5168 3462 5237 ducenta,
3487 5169 3704 5223 desunt

2037 5245 2247 5299 isthacc
2279 5242 2471 5296 omnia
2492 5240 2548 5293 in
2566 5240 2792 5293 Thuan.
2828 5240 3080 5311 aliisque
3111 5240 3382 5309 pluribus
3401 5256 3469 5293 ac
3492 5240 3701 5294 melio-

2038 5317 2122 5370 ris
2164 5315 2273 5368 aevi
2297 5313 2428 5367 cod.
2456 5312 2527 5365 Et
2554 5311 2799 5381 proinde
2824 5311 2996 5365 nobis
3030 5310 3315 5381 majorem
3357 5312 3414 5364 in
3465 5312 3704 5365 modum

2039 5389 2318 5456 suspecta
2364 5388 2520 5456 sunt.
2564 5385 2833 5456 Attamen
2882 5398 3013 5456 cum
3065 5382 3123 5435 in
3154 5383 3472 5456 nonnullis,
3527 5385 3701 5456 atque

2039 5452 2315 5513 omnibus
2339 5456 2474 5509 edit.
2501 5454 2847 5522 habeantur,
2871 5454 2959 5507 eis
2978 5455 3291 5524 spongiam
3310 5452 3703 5507 inducendam

2039 5545 2156 5653 agn
2195 5527 2551 5653 pu%azimtis.
2584 5524 2845 5590 Quatuor
2884 5540 3055 5591 mss.,
3092 5525 3352 5596 qumdam
3385 5530 3576 5577 autem
3608 5536 3703 5574 0r-

2041 5617 2075 5653 n
2120 5616 2216 5653 am
2302 5614 2333 5653 0
2379 5615 2472 5652 1w.

2035 5600 2220 5673 phani
2258 5598 2472 5653 Tobiae.
