4128 6132
386 265 507 328 153

983 470 1235 526 CAPUT
1264 472 1455 526 XXX.

384 556 564 632 Liliri
593 557 889 632 conclusio
931 578 1044 632 per
1100 563 1571 615 exhortationem
1630 561 1703 614 ad
1745 561 2059 631 fugiendos

463 630 718 705 invidos,
774 630 947 703 atque
995 634 1069 686 ad
1096 635 1508 703 prudentiam,
1544 634 1754 705 ﬁdem,
1796 630 2057 703 aliasque

466 702 720 755 virtutes
743 702 1209 775 prosequendus.

466 804 580 860 132.
617 807 767 876 Filii,
802 809 988 879 fugite
1020 812 1346 881 improbos,
1377 816 1577 865 cavete
1610 812 1863 865 invidos.
1902 812 2057 865 Inter

380 894 719 964 improbum
754 901 807 951 et
842 900 1101 953 invulum
1136 902 1246 955 hoc
1279 902 1523 954 interest
1559 917 1569 955 :
1606 902 1911 970 improbus
1945 917 2053 954 suo

399 985 724 1039 delectatur
753 987 930 1056 bono,
962 989 1197 1044 invidus
1230 994 1536 1061 torquetur
1564 990 1755 1044 alieno
1791 1007 1801 1043 :
1837 990 1931 1043 ille
1964 990 2055 1043 di-

386 1072 521 1143 ligit
553 1075 722 1144 mala,
758 1076 853 1129 hic
885 1078 1034 1131 bona
1068 1080 1215 1147 odit;
1249 1083 1311 1132 ut
1342 1097 1522 1149 prope
1556 1080 1917 1133 tolerabilior
1957 1080 2052 1149 sit,

391 1162 495 1232 qui
526 1163 640 1215 sibi
674 1165 795 1219 vult
821 1166 992 1235 bene,
1027 1184 1202 1238 quam
1233 1170 1332 1240 qui
1363 1170 1511 1222 male
1543 1169 1836 1223 omnibus.

470 1252 589 1304 153.
624 1252 791 1322 Filii,
823 1259 955 1308 ante
988 1257 1203 1311 factum
1239 1258 1489 1329 cogitate
1525 1275 1536 1313 :
1572 1262 1627 1312 et
1672 1275 1804 1312 cum
1836 1259 2055 1312 diutius

383 1341 816 1411 cogitaveritis,
848 1347 985 1397 tunc
1016 1346 1187 1399 facile
1210 1348 1364 1417 quod
1398 1348 1679 1417 probatis.
1718 1348 2057 1401 Laudabilis

379 1428 502 1497 (6:?)
553 1432 759 1485 mortis
818 1449 949 1487 cum
999 1436 1234 1489 occasio
1275 1437 1472 1505 datur,
1514 1438 1789 1506 rapienda
1829 1439 1920 1489 est
1949 1436 2059 1489 illi-

400 1534 495 1571 co.
533 1519 715 1573 Dilata
747 1522 935 1592 gloria
966 1524 1145 1595 fugit,
1180 1542 1287 1580 nec
1320 1526 1489 1580 facile
1522 1526 2056 1596 comprehenditur.

465 1607 612 1669 107
654 1618 771 1672 154.
806 1620 1008 1674 Fidem
1040 1623 1293 1694 diligite,
1330 1625 1605 1694 quoniam
1636 1641 1742 1694 per
1783 1626 1955 1678 ﬁdem
1998 1628 2050 1677 et

1289 267 1402 331 DE
1449 267 1805 332 OFFICIIS
1849 266 2460 335 MINISTRORUM
2504 271 2758 341 LIBER
2796 274 2907 340 III.

3719 283 3837 348 154

2085 451 2143 513 Α
2170 472 2305 527 Zelo
2338 475 2530 546 itaque
2560 476 2622 529 ut
2651 476 2791 530 vicit
2820 480 3180 550 superiores,
3216 482 3291 536 ita
3322 485 3376 536 et
3407 498 3533 550 vos,
3569 483 3690 555 ﬁlii,
3726 502 3825 540 ze-

2166 561 2284 615 lum
2320 565 2423 617 I)ei
2455 566 2685 620 sumite.
2725 567 3005 638 Exquirat
3034 586 3143 624 vos
3189 572 3293 625 Dei
3339 573 3500 627 zelus
3551 579 3609 628 et
3645 575 3831 630 devo-

2162 655 2279 719 ret;
2320 657 2377 706 ut
2418 657 2825 727 unusquisque
2845 662 3105 712 vestrum
3130 660 3281 713 dicat
3317 678 3326 715 :
3360 662 3704 733 Exquisirit
3737 681 3824 719 me

2161 742 2324 795 zelus
2343 744 2545 796 domus
2564 752 2673 797 ture
2695 746 2880 807 (Psal.
2907 764 3100 815 rxvm,
3132 750 3236 809 10).
3264 753 3583 818 Apostolus
3617 752 3825 807 Chris-

2159 831 2200 883 ti
2232 832 2450 886 zelotes
2474 833 2665 887 dictus
2698 839 2785 887 est
2818 835 2979 904 (Luc.
3014 854 3090 901 vr,
3130 837 3232 905 15).
3258 838 3405 902 Quid
3439 840 3509 893 de
3542 843 3828 911 Apostolo

2163 920 2293 972 dico
2316 923 2342 974 ‘?
2374 923 2502 992 Ipse
2542 923 2823 977 Dominus
2848 926 2926 977 ait
2966 926 3145 980 Zelus
3175 928 3378 981 domus
3420 935 3531 981 tuae
3574 932 3827 985 comedit

2162 1026 2254 1063 me
2286 1010 2472 1077 (Joan.
2508 1028 2565 1080 ιι,
2604 1012 2710 1079 17).
2759 1013 2842 1065 Sit
2875 1029 3018 1085 ergo
3051 1015 3154 1068 Dei
3187 1016 3366 1079 zelus,
3405 1032 3520 1070 non
3549 1018 3661 1071 istc
3711 1019 3826 1073 hu-

2163 1114 2372 1151 manus
2404 1116 2578 1169 quem
2609 1102 2826 1154 invidia
2859 1108 3097 1173 generat
3132 1103 3273 1170 (61,).

2238 1188 2355 1239 Ἠῶ.
2389 1188 2473 1241 Sit
2504 1189 2656 1242 inter
2687 1206 2804 1244 vox
2825 1208 2957 1260 pax,
2992 1209 3124 1262 quae
3157 1197 3395 1263 superat
3427 1210 3659 1249 omnem
3690 1212 3827 1251 sen-

2164 1292 2315 1329 sum.
2353 1277 2553 1330 Amate
2595 1295 2701 1331 vos
2751 1280 3022 1334 invicem.
3060 1282 3217 1334 Nihil
3251 1283 3531 1337 charitate
3565 1284 3825 1355 dulcius,

2164 1366 2309 1418 nihil
2341 1382 2482 1435 pace
2514 1368 2759 1437 gratius.
2796 1368 2863 1421 Et
2885 1386 2992 1423 vos
3027 1370 3139 1439 ipsi
3173 1372 3339 1425 scitis
3372 1372 3527 1442 quod
3558 1390 3681 1442 prae
3716 1391 3831 1428 ca:-

2166 1456 2307 1508 teris
2340 1472 2449 1509 vos
2486 1473 2721 1526 semper
2750 1458 2927 1511 dilexi
2958 1462 3012 1511 et
3045 1459 3224 1529 diligo
3258 1476 3268 1513 :
3305 1462 3474 1530 quasi
3510 1462 3686 1515 unius
3724 1480 3833 1533 pa-

2164 1546 2285 1597 tres
2318 1545 2420 1598 filii
2452 1546 2754 1599 coaluistis
2787 1548 2844 1599 in
2877 1546 3147 1600 affectum
3180 1551 3605 1618 germanitatis.

2242 1635 2358 1687 156.
2392 1634 2532 1698 Quae
2562 1636 2713 1689 bona
2745 1639 2882 1689 sunt
2913 1640 3130 1704 tenete,
3164 1642 3219 1691 et
3252 1638 3407 1692 Deus
3440 1641 3604 1707 pacis
3638 1643 3693 1693 et
3728 1641 3821 1694 di-

373 1704 754 1760 devotionem
785 1709 983 1763 JOSIIIS
1007 1728 1284 1783 magnum
1316 1714 1429 1766 sibi
1458 1714 1528 1765 ab
1552 1714 1911 1767 adversariis
1936 1715 2047 1779 ('63)
2087 1747 2134 1807 B
2166 1724 2435 1777 lectionis
2486 1726 2596 1777 erit
2626 1725 2934 1778 vobiscum
2982 1726 3041 1778 in
3093 1727 3337 1781 Domino
3371 1704 3516 1782 Jeéu
3551 1744 3562 1782 ;
3598 1730 3692 1783 cui
3737 1734 3829 1784 est

381 1809 649 1848 amorem
693 1798 1006 1867 acquisivit.
1062 1816 1073 1854 :
1125 1802 1399 1871 quoniam
1450 1803 1767 1856 celebravit
1821 1803 2047 1856 Pascha

383 1880 641 1950 Domini,
675 1901 806 1938 cum
839 1892 999 1941 esset
1032 1906 1319 1944 annorum
1351 1893 1550 1945 decem
1583 1895 1637 1945 et
1668 1896 1817 1953 octo,
1846 1907 2047 1960 quem-

370 1970 693 2027 admodum
723 1991 895 2029 nemo
926 1982 1057 2031 ante
1089 1996 1221 2033 eum
1254 1981 1372 2050 (λγ.
1407 1982 1553 2052 Iieg.
1604 1999 1767 2049 xxm,
1804 1980 1889 2047 221,
1934 1982 2043 2048 '25).

378 2112 626 2193 aliquot,
662 2119 791 2188 quia
823 2136 928 2173 res
961 2130 1205 2191 nonest,
1242 2124 1391 2177 fides
1419 2124 1896 2193 periclitabatur.
1931 2124 2045 2177 Sed

370 2184 685 2265 fortenon
724 2198 835 2255 est,
872 2193 1093 2247 librarii
1125 2184 1294 2264 lapsu
1329 2184 1612 2264 scriptum
1664 2198 1754 2247 est
1785 2211 1890 2263 pro
1937 2212 2044 2248 non

373 2263 457 2321 et,
491 2263 619 2337 sive
670 2279 782 2313 non
813 2265 1009 2331 etiam,
1064 2263 1196 2319 nisi,
1224 2267 1317 2319 hic
1351 2263 1583 2337 quoque
1628 2266 1803 2319 fuerit
1845 2270 2041 2318 trans-

374 2333 596 2398 positio
630 2348 733 2398 pro
766 2340 823 2385 et
857 2351 988 2388 non.

444 2397 561 2467 (6‘2)
590 2397 807 2458 Omnes
841 2408 956 2458 edit
991 2425 1120 2461 cum
1148 2426 1292 2462 mss.
1331 2410 1650 2463 nonnullis.
1690 2408 2038 2461 Iumrlabilis

366 2484 554 2548 mors,
591 2488 715 2548 eum
746 2479 994 2547 occasio,
1030 2486 1139 2533 etc.
1172 2481 1313 2534 Cod.
1350 2481 1575 2533 Thuan.
1611 2483 1665 2533 et
1692 2481 1785 2532 alii
1821 2480 2038 2548 proba—

379 2542 587 2620 tiores,
623 2542 1220 2623 Laudabilis'rmortis,
1249 2555 1357 2604 etc.
1386 2551 1575 2623 Magis
1600 2542 1897 2621 apposite;
1925 2566 2039 2623 non

373 2619 543 2693 enini
566 2619 756 2669 omnis
794 2636 953 2693 mors
985 2622 1315 2691 laudabilis,
1343 2639 1449 2676 nec
1483 2619 1728 2693 proinde
1762 2622 2041 2693 quaelibet

368 2688 580 2737 mortis
615 2691 852 2744 occasio
885 2694 1181 2762 rapienda.

412 2831 687 2842 ——_—_

691 2833 843 2841 ..-
850 2835 993 2844 ,—

2166 1813 2372 1881 honor,
2408 1815 2633 1885 gloria,
2670 1814 3121 1884 magnificentia,
3155 1819 3438 1887 potestas,
3472 1834 3603 1872 cum
3634 1818 3825 1889 Spiri-

2162 1907 2221 1957 tu
2254 1906 2456 1957 sancto
2488 1904 2548 1956 in
2581 1904 2800 1956 saecula
2835 1904 3211 1959 saeculorum.
3248 1907 3455 1961 Amen.

2227 2119 2339 2185 ('63)
2388 2121 2466 2172 Ita
2498 2134 2642 2170 mss.
2677 2117 2877 2191 plures
2910 2134 2976 2170 ac
3022 2119 3281 2187 potiores
3318 2136 3328 2174 :
3362 2137 3477 2175 non
3527 2122 3698 2191 pauci
3732 2126 3821 2177 ta-

2154 2206 2286 2245 men
2316 2196 2486 2261 atque
2520 2205 2725 2242 omnes
2750 2189 2892 2261 edit.
2918 2229 2929 2249 ,
2966 2191 3039 2242 ab
3084 2192 3404 2244 universis.
3444 2189 3578 2246 Veri
3628 2197 3820 2249 tamen

2154 2260 2407 2315 similius
2454 2265 2544 2313 est
2588 2261 2699 2313 hoc
2744 2260 2875 2312 loco
2925 2261 3185 2314 alludere
3238 2263 3613 2317 Ambrosium
3646 2266 3717 2319 ad
3762 2266 3821 2319 id

2151 2334 2307 2403 quod
2339 2334 2438 2386 lib.
2465 2350 2500 2384 ιι
2536 2332 2783 2404 Paralip.
2820 2347 2945 2404 cap.
2984 2349 3143 2404 xxxv
3176 2338 3530 2387 memoratur
3561 2352 3692 2389 cum
3723 2352 3814 2404 eo,

2152 2402 2355 2474 regem
2413 2402 2832 2477 .‘Egyptiunon
2874 2402 3003 2477 _nisi
3067 2403 3329 2471 invitum,
3392 2407 3448 2457 et
3505 2402 3819 2477 postquam

2148 2473 2411 2528 amanter
2463 2490 2597 2527 euzn
2650 2473 2996 2527 dissuadere
3049 2478 3294 2527 conatus
3347 2473 3546 2544 esset,
3602 2473 3810 2533 manus

2149 2546 2558 2600 conseruisse.

2219 2619 2332 2686 (ti-’1)
2366 2618 2505 2671 God.
2540 2617 2735 2684 Carm,
2773 2616 2869 2687 qui
2899 2616 3187 2670 invidiam
3216 2623 3487 2688 generat.

1588 2971 1961 3051 LIBER
2034 2966 2620 3047 TERTIUS.

2061 3176 2151 3193 -

897 3280 1147 3334 CAPI'T
1187 3278 1511 3334 PRIMUM.

356 3377 412 3431 Λ
449 3373 687 3429 Daride
734 3388 800 3426 ac
834 3370 1142 3425 Salomone
1176 3369 1346 3422 nobis
1374 3374 1759 3438 praeceptum,
1797 3383 1902 3437 qua
1938 3383 2037 3418 ra-

437 3448 601 3499 tione
633 3462 757 3497 eum
782 3443 959 3496 corde
985 3448 1184 3493 nostro
1208 3458 1312 3493 cou
1330 3441 1678 3493 versandum
1713 3440 1812 3506 sit,
1836 3439 2039 3508 proin-

434 3517 627 3589 der/ue
646 3514 1405 3589 Sf'lliltJIICIUdlC’l,(Illatlej
1445 3512 1751 3589 tribuitur,
1784 3511 2036 3589 primum

432 3581 881 3643 auctorem-nou
914 3581 1321 3654 reputandum.
1361 3584 1539 3648 Quam
1560 3583 1805 3654 [uile/ira
1839 3581 2038 3634 iuotio

433 3678 541 3713 suo
568 3658 1057 3729 perpetraverint
1090 3656 1283 3729 sancti
1310 3656 1669 3729 prophetae;
1705 3654 1910 3706 horum
1943 3658 2034 3704 at-

437 3748 549 3803 que
568 3726 827 3783 aliorum
858 3729 973 3781 otia
994 3727 1398 3803 conferuntur,
1426 3726 1875 3796 ostemliturque
1901 3740 2036 3776 nun-

435 3799 606 3874 iiuam
632 3801 812 3853 solum
845 3805 942 3853 aut
975 3800 1034 3851 in
1067 3804 1311 3869 augusto
1330 3799 1557 3868 justum
1592 3813 1745 3850 esse.

436 3893 486 3944 1.
528 3890 711 3944 David
748 3889 1026 3958 propheta
1062 3888 1257 3940 docuit
1290 3902 1398 3939 nos
1432 3890 1703 3956 tanquam
1754 3887 1811 3938 in
1844 3884 2031 3953 ampla

363 3982 546 4035 domo
580 3979 954 4033 deambulare
989 3979 1046 4030 in
1079 3977 1254 4030 corde
1304 3979 1537 4044 nostro,
1590 3979 1644 4028 et
1690 3974 2032 4028 conversari

355 4086 497 4124 cum
530 4085 600 4122 eo
636 4072 908 4138 tanquam
942 4083 1072 4120 cum
1104 4067 1259 4119 bono
1307 4064 1743 4129 contubernali;
1798 4066 1855 4116 ut
1902 4064 2029 4131 ipse

350 4160 473 4212 sibi
500 4159 741 4225 diceret,
764 4161 817 4210 et
842 4158 1179 4226 loqueretur
1200 4171 1426 4219 secum,
1452 4159 1512 4207 ut
1544 4157 1633 4207 est.
1656 4153 1795 4206 illud
1825 4169 1834 4204 :
1862 4152 2025 4217 Dixi,

358 4248 693 4301 custodiam
734 4247 859 4299 vias
899 4262 1059 4298 meas
1098 4244 1284 4307 (I’sal.
1311 4261 1535 4296 xxxviii
1562 4283 1574 4306 ,
1629 4244 1702 4299 ἓ).
1750 4242 2028 4294 Salomon

352 4352 599 4407 quoque
632 4336 786 4388 illius
817 4335 949 4404 ejus
989 4336 1064 4387 ait
1100 4351 1110 4388 :
1152 4334 1302 4387 Bibe
1333 4350 1536 4404 aquam
1570 4333 1642 4386 (lu
1679 4332 1795 4384 tuis
1832 4330 2022 4393 rasis,

355 4432 417 4478 et
452 4426 528 4477 de
554 4430 861 4494 puteorum
887 4429 1111 4477 tuorum
1147 4423 1634 4479 l'outilmst'l’ror.
1672 4439 1726 4489 γ,
1762 4421 1879 4488 iii);
1917 4420 2027 4472 hoc

2072 3253 2121 3314 Ο
2151 3287 2307 3338 esse,
2357 3287 2489 3324 cum
2539 3271 2704 3325 solus
2739 3273 2937 3337 esset;
2991 3286 3097 3325 nec
3146 3272 3340 3326 minus
3373 3272 3621 3343 otiosus,
3677 3289 3810 3328 cum

2149 3361 2377 3413 otiosus
2412 3364 2573 3414 esset
2620 3358 2730 3423 (66)
2768 3377 2777 3413 ε
2814 3361 2987 3413 scivxt
3018 3364 3149 3414 ante
3185 3361 3376 3430 ipsum
3421 3361 3681 3431 Moyses,
3719 3363 3819 3433 qui

2148 3466 2279 3503 cum
2312 3453 2546 3513 taceret,
2571 3450 2855 3503 clamabat
2879 3450 3094 3517 (Exod.
3122 3468 3240 3517 xw,
3282 3451 3370 3517 15)
3399 3466 3409 3503 :
3434 3466 3565 3504 eum
3586 3451 3820 3506 otiosus

2146 3542 2362 3607 staret,
2404 3540 2781 3608 prmliabatur
2815 3557 2824 3592 :
2862 3555 2969 3592 nec
3013 3540 3205 3593 solum
3245 3540 3661 3609 preeliabatur,
3712 3540 3820 3594 sed

2148 3628 2323 3680 etiam
2355 3628 2426 3681 de
2459 3628 2753 3696 hostibus,
2790 3645 2940 3698 quos
2971 3644 3087 3681 non
3122 3630 3466 3699 contigerat,
3502 3629 3820 3699 triumpha-

2142 3714 2259 3769 bat.
2288 3716 2449 3769 Adeo
2472 3718 2731 3784 otiosus,
2784 3719 2845 3769 ut
2879 3732 3085 3770 manus
3119 3716 3252 3785 ejus
3302 3716 3399 3769 alii
3450 3710 3818 3771 sustinerent

2148 3805 2364 3873 (Exod.
2399 3822 2539 3868 xvn,
2576 3805 2694 3869 lt):
2730 3820 2837 3859 nec
2863 3806 3057 3858 minus
3096 3806 3240 3869 108
3280 3821 3455 3875 quam
3486 3806 3681 3860 caeteri
3717 3823 3823 3860 ne-

2142 3894 2438 3963 gotiosus,
2474 3895 2570 3964 qui
2598 3894 2807 3947 otiosis
2847 3895 3118 3947 manibus
3143 3895 3520 3964 expugnabat
3557 3895 3813 3965 hostem,

2142 3999 2319 4052 quem
2358 3999 2475 4036 non
2510 3986 2779 4051 poterant
2814 3985 3052 4036 vincere
3097 3985 3195 4053 qui
3238 3984 3611 4038 dimicabant.
3657 3985 3814 4055 Ergo

2142 4072 2381 4140 Moyses
2407 4073 2544 4126 etin
2563 4074 2796 4125 silentio
2818 4073 3183 4142 loquebatur,
3214 4075 3269 4126 ct
3292 4073 3349 4125 in
3374 4074 3489 4127 otio
3524 4074 3805 4143 operaba-

2140 4164 2253 4214 tur.
2276 4161 2463 4231 quus
2486 4166 2675 4214 autem
2703 4162 2924 4231 majora
2960 4163 3213 4231 negotia,
3239 4178 3413 4231 quam
3448 4162 3628 4232 hujus
3665 4162 3778 4215 otia
3800 4203 3813 4229 ,

2140 4250 2240 4320 qui
2288 4251 2717 4321 quadringenta
2762 4251 2974 4304 diebus
3007 4251 3239 4321 positus
3274 4251 3331 4303 in
3364 4254 3558 4304 monte
3588 4250 3802 4320 (Exod.

2141 4356 2302 4406 xxw,
2330 4339 2440 4408 '18),
2463 4342 2641 4393 totam
2661 4340 2850 4409 legem
2874 4340 3219 4410 complexus
3246 4342 3355 4407 est,
3382 4342 3438 4392 et
3477 4339 3536 4391 in
3559 4339 3653 4391 illa
3680 4338 3821 4391 soli-

2143 4429 2341 4482 tudine
2361 4430 2459 4498 qui
2492 4445 2625 4482 cum
2657 4445 2725 4482 eo
2756 4429 3114 4499 loqueretur,
3142 4445 3259 4481 non
3291 4427 3514 4481 defuit?
3556 4426 3722 4479 Unde
3754 4427 3811 4479 et

352 4518 471 4579 est,
507 4517 608 4566 tuo
640 4513 888 4567 consilio
914 4517 1092 4566 utere.
1122 4513 1344 4583 Aquam
1369 4512 1524 4565 enim
1547 4510 1684 4579 alta,
1721 4510 2027 4563 consilium

2157 4518 2345 4571 David
2376 4518 2453 4570 ait
2487 4536 2496 4571 :
2533 4518 2785 4571 Audiam
2819 4518 2957 4589 quid
3000 4518 3271 4587 loquatur
3303 4518 3364 4569 in
3397 4531 3490 4569 me
3536 4515 3821 4569 Dominus

347 4603 418 4655 in
442 4603 626 4655 corde
668 4602 785 4654 Viri
815 4602 1020 4665 (Prov.
1064 4619 1163 4664 xx,
1198 4604 1271 4655 5),
1312 4602 1513 4661 Nemo,
1550 4600 1757 4670 inquit,
1800 4600 2030 4652 alienus

340 4693 658 4764 particeps
674 4692 754 4744 sit
777 4691 909 4744 tibi.
933 4690 1048 4744 [που
1064 4707 1083 4742 ς
1099 4708 1258 4759 ςσιιμιέιρ
1279 4696 1389 4742 lzl'e
1410 4691 1489 4742 sit
1506 4689 1619 4742 tibi
1631 4688 1911 4760 preprius
1929 4704 1943 4736 :
1973 4694 2029 4741 et

340 4780 687 4850 jucumlure
735 4796 860 4832 eum
896 4796 1097 4846 uxore,
1152 4797 1277 4851 quae
1318 4786 1407 4833 est
1458 4779 1570 4831 lilii
1620 4796 1651 4831 a
1686 4779 2025 4849 juventute.

352 4869 596 4921 Cervus
628 4869 905 4921 amicitiai
937 4874 994 4921 et
1030 4869 1226 4938 pullus
1263 4870 1595 4938 gratiarum
1645 4868 2030 4922 cantabit/en-

351 4962 453 5008 tur
478 4962 669 5009 tecum
686 4956 895 5026 (Prov.
922 4974 977 5022 v,
1018 4957 1098 5009 t7.
1142 4958 1243 5011 1th.

417 5046 471 5097 :2.
502 5044 634 5097 Non
667 5062 810 5116 ergo
850 5046 1075 5114 primus
1108 5046 1303 5115 Scipio
1340 5046 1450 5114 ((35)
1484 5047 1658 5099 scivit.
1699 5047 1865 5101 solus
1910 5064 2026 5100 non

421 5188 537 5249 (63)
571 5188 691 5239 (Zic.
737 5186 836 5239 lib.
889 5205 947 5239 ιιι
985 5188 1153 5241 Ollio.
1203 5189 1397 5242 statim
1442 5188 1605 5242 initio
1642 5205 1651 5241 :
1693 5211 1712 5235 «
1754 5190 2022 5244 Publium

344 5259 728 5327 Scipionem,
787 5259 978 5311 Marce
1012 5260 1111 5325 tili,
1148 5277 1279 5312 cum
1313 5261 1411 5329 qui
1447 5262 1694 5329 primus,
1738 5284 1755 5310 υ
1794 5267 1902 5315 etc.
1942 5264 2021 5316 De

340 5329 453 5382 hac
488 5335 683 5381 autem
718 5332 1007 5383 sententia
1040 5332 1218 5384 multo
1256 5332 1446 5384 t'usius
1481 5332 1740 5401 disputat
1774 5336 2019 5387 Ambro-

344 5401 500 5456 sius.
536 5401 712 5466 epist.
746 5401 799 5461 3,
832 5402 901 5453 ad
936 5402 1241 5455 Sabinum.

408 5470 528 5541 (liti;
558 5472 681 5524 Vet.
720 5472 882 5536 edit.,
910 5489 1015 5525 uer
1040 5474 1230 5525 minus
1257 5475 1614 5541 negotiosus,
1645 5492 1770 5527 eum
1803 5476 2024 5529 otiosus

342 5551 542 5608 e::<et,
587 5543 751 5596 liozn.
789 5560 920 5596 cum
961 5560 1107 5597 mss.
1144 5562 1321 5613 prope
1356 5546 1652 5611 omnibus,
1690 5564 1796 5599 nec
1831 5548 2023 5599 minus

341 5616 594 5677 alimus,
617 5632 765 5681 rma,
794 5620 905 5667 etc.
948 5616 1307 5668 Sententiam
1332 5617 1692 5670 autemhanc
1732 5633 1865 5670 cum
1908 5635 2023 5671 non

340 5687 490 5739 satis
514 5689 1004 5757 asscquercntur,
1031 5686 1379 5756 qui'ultimis
1405 5688 1592 5743 l’aris.
1615 5689 1752 5743 edit.
1780 5688 2026 5759 praefue-

2141 4607 2303 4659 l)eus
2334 4606 2523 4661 (l’sal.
2558 4623 2807 4673 LXXXIV,
2841 4608 2917 4673 9).
2953 4606 3021 4657 Et
3052 4609 3269 4674 quanto
3304 4605 3436 4673 plus
3479 4608 3571 4657 est
3602 4604 3655 4657 si
3688 4618 3822 4657 cum

2136 4698 2331 4766 aliquo
2368 4697 2522 4749 Deus
2555 4698 2841 4765 loquatur,
2878 4712 3051 4765 quam
3086 4696 3213 4763 ipse
3248 4693 3489 4750 secum!

2210 4788 2261 4838 3.
2301 4785 2653 4837 'I‘ransibant
2683 4784 2934 4852 apostoli
2964 4826 2977 4852 ,
3013 4786 3065 4836 et
3100 4784 3306 4837 umbra
3339 4784 3541 4838 eorum
3576 4783 3819 4838 curabat

2137 4874 2404 4926 infirmos
2450 4873 2606 4933 (Aet.
2643 4889 2698 4938 ν,
2735 4872 2843 4940 15).
2877 4872 3297 4943 Tangehantur
3324 4874 3679 4929 vestimenta
3709 4889 3815 4929 eo-

2137 4978 2268 5015 rum
2301 4963 2355 5015 et
2387 4962 2609 5015 sanitas
2641 4960 3044 5016 deferebatur.

2203 5050 2257 5104 4.
2291 5050 2635 5103 Sermonem
2681 5051 2911 5104 locutus
2946 5054 3035 5105 est:
3086 5051 3271 5123 Elias,
3316 5055 3371 5106 et
3401 5052 3605 5123 pluvia
3653 5053 3821 5106 stetit

2134 5194 2837 5264 runt,particulamquam,
2863 5198 2993 5249 ante
3052 5211 3256 5257 voces,
3300 5211 3426 5248 eum
3468 5195 3690 5249 otiosus
3728 5210 3819 5247 es-

2135 5273 2246 5331 set,
2283 5266 2451 5335 quasi
2477 5266 2683 5318 sensui
2704 5267 3100 5319 necessariam
3127 5267 3423 5319 addidere.
3451 5268 3563 5319 Sed
3603 5284 3667 5319 ea
3693 5265 3808 5318 hoc

2134 5338 2248 5390 loci
2280 5353 2397 5389 non
2430 5340 2520 5389 est
2552 5354 2728 5405 opus,
2766 5353 2897 5389 cum
2931 5338 3134 5406 procul
3166 5339 3344 5390 dubio
3376 5338 3608 5405 ellipsis
3644 5352 3807 5405 quaa-

2133 5408 2263 5460 dam
2297 5407 2373 5460 sit
2403 5408 2477 5460 ita
2511 5408 2836 5476 supplenda
2874 5424 2883 5459 :
2927 5430 2946 5455 ‹‹
2984 5408 3106 5460 Nec
3138 5410 3363 5475 primus
3397 5409 3571 5459 scivit
3604 5408 3803 5458 minus

2133 5481 2360 5532 otiosus
2396 5496 2554 5547 esse,
2592 5496 2724 5531 cum
2771 5479 2999 5551 otiosus
3033 5483 3212 5531 esset.
3254 5501 3273 5526 ν»
3314 5480 3438 5531 Duo
3472 5482 3666 5551 tamen
3701 5491 3806 5551 co-

2132 5551 2295 5601 dices
2332 5551 2567 5618 legunt,
2608 5570 2627 5598 (ι
2667 5567 2774 5601 nec
2808 5550 2999 5601 minus
3034 5553 3320 5618 pugnaret
3353 5565 3526 5616 quam
3556 5547 3764 5598 caeteri
3793 5585 3805 5610 ,

2133 5638 2240 5674 nec
2275 5623 2504 5673 otiosus
2539 5624 2699 5674 esset
2735 5645 2779 5690 η,
2815 5623 2924 5675 etc.
2961 5620 3092 5673 Non
3127 5620 3271 5672 satis
3304 5623 3455 5687 apte.
