4002 6150
329 215 450 285 155

1801 208 1867 275 S.
1909 206 2331 273 AMBROSII

3645 211 3762 277 156

327 437 438 478 nec
470 419 678 478 cecidit
707 433 890 490 super
914 420 1131 474 terram
1159 415 1352 471 tribus
1381 413 1552 469 annis
1593 414 1650 468 et
1679 427 1790 468 sex
1817 425 1986 465 men-
2005 389 2066 456 Ᾰ
2095 409 2266 480 quasi
2286 408 2498 480 tristis,
2523 412 2579 465 et
2598 411 3034 481 semperlaetior
3057 413 3147 467 :ut
3162 427 3412 484 egenus,
3437 414 3495 467 et
3513 411 3749 485 largus:

329 511 499 566 sibus
531 508 624 579 (Ill
659 508 805 580 Reg.
844 524 988 576 XVII,
1024 507 1096 576 1).
1129 506 1346 561 Iterum
1377 504 1611 560 locutus
1642 504 1754 570 est,
1786 504 1842 556 et
1870 500 1981 571 hy-

327 599 453 654 dria
483 597 687 653 farinaa
719 612 838 652 non
868 595 1104 664 defecit,
1129 597 1184 649 et
1200 610 1307 648 vas
1329 593 1442 648 olei
1464 595 1582 646 toto
1615 591 1788 644 famis
1820 589 1984 644 diur-

327 703 419 743 nw
451 689 712 757 tempore
743 702 860 740 non
889 688 981 740 est
1011 683 1371 739 exinanitum
1401 681 1569 752 (Ibid.
1606 679 1713 750 l6).

396 793 450 847 5.
482 792 553 848 Et
586 793 862 864 quoniam
904 793 1220 862 plerosque
1253 790 1541 844 delectant
1567 787 1814 856 bellica;
1846 785 1987 858 quid

324 885 416 937 est
451 881 860 952 praestantius,
893 880 1192 935 exercitus
1223 879 1422 950 magni
1465 877 1705 932 lacertis
1740 873 1875 945 (67),
1908 891 1984 928 an

329 971 477 1026 solis
500 971 725 1024 meritis
756 969 1091 1024 confecisse
1113 969 1421 1040 praelium?
1452 967 1706 1022 Sedebat
1728 965 1982 1020 Elisaaus

323 1059 384 1113 in
408 1075 523 1114 uno
545 1059 694 1123 loco,
722 1061 778 1114 et
803 1075 909 1113 rex
929 1058 1114 1130 Syriae
1142 1074 1415 1130 magnam
1434 1056 1574 1111 belli
1596 1055 1809 1110 molem
1831 1054 1984 1109 infe-

327 1147 494 1203 rebat
513 1147 728 1218 populo
763 1151 1010 1218 patrum,
1036 1147 1376 1218 diversique
1399 1146 1786 1201 consiliorum
1815 1160 1985 1198 acer-

331 1235 506 1290 vabat
522 1236 852 1306 fraudibus,
877 1240 934 1290 et
964 1235 1390 1291 circumvenire
1427 1235 1662 1290 insidiis
1698 1234 1986 1289 molieba-

326 1327 456 1394 tur;
489 1325 594 1379 sed
619 1341 825 1380 omnes
847 1325 980 1396 ejus
1001 1328 1314 1396 apparatus
1337 1325 1622 1394 propheta
1653 1323 1986 1394 deprehen-

329 1413 522 1484 debat,
575 1418 631 1468 et
678 1416 882 1486 vigore
916 1416 1129 1468 mentis
1162 1430 1268 1484 per
1315 1415 1562 1487 gratiam
1612 1414 1718 1468 Dei
1768 1413 1986 1484 ubique

326 1519 619 1573 praesens,
653 1504 1041 1575 cogitationes
1069 1503 1326 1558 hostium
1349 1504 1478 1559 suis
1509 1502 1906 1572 annuntiabat,
1931 1505 1988 1558 et

328 1592 601 1647 monebat
655 1593 872 1664 quibus
936 1593 1078 1656 109
1123 1597 1400 1648 caverent
1447 1595 1617 1650 locis.
1679 1593 1847 1660 Quod
1884 1593 1986 1648 ubi

324 1681 456 1752 regi
474 1680 660 1752 Syriae
695 1681 1132 1737 manifestatum
1153 1687 1263 1752 est,
1289 1685 1476 1738 misso
1500 1685 1784 1753 exercitu,
1819 1683 1984 1738 clau-

2098 499 2276 571 utqui
2297 498 2440 552 nihil
2459 498 2688 567 habeat,
2709 503 2764 553 et
2786 500 3088 570 possideat
3109 501 3300 556 omnia
3320 501 3394 572 (ll
3410 501 3544 570 Cor,
3569 519 3648 570 vn,
3679 503 3757 572 8).

2095 587 2253 641 Nihil
2276 588 2432 641 enim
2461 591 2687 657 spectat
2704 589 2796 642 vir
2809 588 3033 660 justus,
3070 590 3184 644 nisi
3215 591 3372 662 quod
3397 595 3677 646 constans
3699 595 3757 646 et

2097 675 2412 730 honestum
2443 680 2553 731 est.
2575 677 2645 730 Et
2667 677 2797 732 ideo
2827 678 3055 732 etiamsi
3087 679 3184 732 alii
3207 679 3474 734 videatur
3493 696 3714 750 pauper
3737 722 3752 750 ,

2095 765 2212 818 sibi
2255 765 2422 819 dives
2472 769 2563 820 est
2597 782 2607 819 :
2641 766 2742 837 qui
2787 783 2905 820 non
2953 782 3156 821 eorum
3201 783 3334 838 quae
3367 768 3607 836 caduca,
3642 769 3750 823 sed

2095 868 2299 908 eorum
2329 870 2461 926 quae
2491 857 2707 910 aeterna
2740 860 2897 924 sunt,
2934 857 3319 911 aestimatione
3350 861 3644 912 censetur.

2746 980 2998 1036 CAPUT
3037 982 3106 1036 II.

2098 1101 2261 1168 Quod
2276 1103 2703 1190 pliilosoplii_de
2725 1107 3150 1190 lionestiatque
3175 1107 3342 1190 utilis
3365 1110 3756 1190 comparatio-

2167 1192 2241 1248 ne
2255 1175 2577 1247 disputant,
2604 1178 2712 1231 hoc
2732 1179 2884 1248 apud
2908 1175 3288 1234 Christianos
3305 1175 3499 1235 locum'
3517 1197 3628 1235 non
3651 1182 3761 1236 ha-

2166 1247 2334 1321 bere,
2357 1247 2568 1321 quibus
2586 1247 2740 1302 nihil
2761 1247 2904 1304 utile
2923 1251 3046 1303 nisi
3067 1251 3217 1321 quod
3225 1251 3260 1320 j
3269 1259 3476 1306 ustum.
3508 1250 3645 1317 Quae
3667 1252 3761 1307 of-

2165 1317 2597 1391 liciaperl‘ecta,
2620 1335 2744 1391 qure
2757 1337 2822 1374 vc
2842 1321 3034 1376 media
3050 1317 3357 1377 fEasdem
3378 1339 3548 1378 voces
3560 1323 3624 1377 di
3636 1340 3766 1378 ver-

2163 1389 2253 1442 sis
2291 1389 2355 1442 di
2366 1405 2553 1466 versae
2587 1389 2910 1466 convenire
2946 1409 2962 1442 :
2983 1394 3503 1466 postremoivirum
3525 1395 3758 1466 justum

2166 1477 2452 1538 nunquam
2471 1461 2664 1516 alieno
2677 1461 3036 1538 incommodo
3048 1465 3406 1538 commodum
3419 1461 3762 1538 suu'mquze-

2164 1546 2326 1600 rere,
2344 1532 2452 1586 sed
2465 1539 2668 1586 contra
2691 1549 2926 1606 semper
2942 1534 3192 1590 aliorum
3213 1536 3462 1592 studere
3480 1532 3760 1592 utilitati.

2163 1655 2215 1708 8.
2251 1655 2319 1709 Et
2349 1657 2626 1726 quoniam
2658 1657 2730 1712 de
2770 1658 3003 1713 duobus
3035 1661 3446 1729 superioribus
3479 1662 3628 1718 locis
3660 1663 3754 1718 di-

324 1745 802 1842 sit'prophetam.
831 1772 1030 1826 Oravit
1061 1745 1334 1842 Elisaeus,
1379 1777 1435 1828 et
1467 1789 1674 1828 omnes
1705 1745 1840 1826 illos
1873 1788 1985 1827 caa-
2015 1769 2072 1834 Β
2093 1745 2308 1842 ﬁmus,
2343 1747 2401 1799 in
2433 1747 2649 1842 ‘1‘“st
2684 1747 2995 1842 honesmf“
3025 1750 3138 1818 (ἻΟ)
3171 1750 3311 1804 illud
3341 1755 3396 1804 et
3428 1751 3566 1842 “m9
3597 1756 3755 1807 tme'

327 1859 498 1914 citate
530 1862 754 1930 percuti
785 1861 941 1929 fecit,
969 1867 1024 1916 et
1043 1863 1306 1932 captivos
1326 1863 1542 1916 Intrare
1565 1863 1620 1916 in
1639 1863 1981 1933 Samariam,

328 1949 429 2020 qui
455 1953 738 2004 venerant
769 1951 1044 2006 obsidere
1077 1967 1209 2005 eum
1242 1951 1349 2020 (1V
1369 1952 1516 2023 Reg.
1544 1969 1620 2020 vi,
1648 1951 1755 2020 18).

394 2055 446 2110 6.
478 2054 864 2112 Conferamus
886 2057 998 2128 (68)
1037 2057 1148 2112 hoc
1188 2059 1368 2114 otium
1401 2074 1533 2112 cum
1564 2059 1812 2112 aliorum
1843 2059 1980 2114 otio.

324 2144 440 2200 Alii
471 2146 626 2200 enim
659 2145 1074 2216 requiescendi
1111 2163 1290 2200 causa
1329 2147 1622 2202 abducere
1653 2149 1911 2202 animum
1951 2163 1983 2202 a

326 2234 582 2306 negotiis
623 2234 836 2304 solent,
880 2238 936 2289 et
975 2239 1322 2290 aconventu
1369 2240 1637 2307 czetuque
1680 2236 1982 2291 hominum

325 2322 674 2378 subtrahere
698 2339 866 2394 sese;
889 2327 944 2378 et
965 2327 1062 2379 aut
1079 2325 1237 2380 ruris
1276 2333 1474 2394 petere
1497 2329 1812 2394 secretum,
1839 2341 1982 2406 cap-

323 2414 448 2468 tare
479 2427 759 2484 agrorum
799 2413 1172 2482 solitudines,
1210 2417 1309 2468 aut
1347 2415 1496 2468 intra
1536 2415 1742 2468 urbem
1771 2429 1983 2468 vacare

323 2500 539 2569 animo,
561 2500 868 2572 indulgere
883 2502 1058 2572 quieti
1077 2503 1546 2574 ettranquillitati
1572 2519 1583 2556 :
1609 2503 1862 2557 Eliszeus
1882 2519 1984 2556 au-

321 2591 439 2643 tem
454 2593 552 2644 aut
574 2590 632 2644 in
661 2591 976 2645 solitudine
1001 2591 1315 2646 Jordanem
1346 2593 1595 2647 transitu
1633 2609 1742 2647 suo
1779 2592 1985 2646 dividit

315 2681 380 2733 ut
417 2695 556 2748 pars
588 2679 802 2734 defluat
822 2681 1133 2750 posterior,
1173 2682 1447 2751 superior
1466 2687 1659 2736 autem
1680 2683 1738 2735 in
1763 2682 1984 2736 fontem

322 2771 590 2822 recurrat
624 2784 635 2822 :
669 2771 766 2822 aut
787 2768 846 2822 in
867 2768 1132 2824 Carmelo
1163 2772 1422 2825 resoluta
1443 2770 1784 2826 difficultate
1803 2786 1982 2843 gene-

323 2857 489 2911 randi
511 2858 644 2927 (69),
681 2858 917 2928 inopina
949 2860 1230 2929 sterilem,
1253 2861 1635 2931 conceptione
1659 2860 1932 2914 fecundat
1965 2876 1976 2914 :

321 2949 419 3002 aut
440 2947 754 3001 resuscitat
776 2951 1040 3002 mortuos
1067 2965 1077 3002 :
1104 2953 1201 3002 aut
1233 2949 1499 3003 ciborum
1523 2952 1805 3020 temperat
1825 2965 1981 3004 amn-

320 3035 629 3104 ritudines,
654 3039 711 3091 et
742 3036 880 3090 facit
908 3036 1114 3092 farinie
1170 3037 1521 3092 admistione
1575 3039 1922 3093 dulcescere
1962 3056 1973 3093 :

317 3127 416 3179 aut
446 3125 650 3179 decem
680 3126 931 3195 panibus
981 3126 1314 3181 distributis
1339 3169 1352 3196 ,
1385 3127 1666 3198 reliquias
1718 3129 1977 3200 colligit,
2015 3120 2071 3192 Ο

316 3213 488 3287 plebe
511 3218 768 3269 saturata
793 3232 804 3269 :
831 3219 928 3270 aut
968 3215 1190 3270 ferrum
1213 3216 1446 3271 securis
1471 3232 1793 3272 excussum
1809 3261 1822 3288 ,
1844 3217 1981 3273 etin

315 3303 478 3359 fluvii
497 3303 772 3359 Jordanis
806 3319 1064 3360 mersum
1084 3305 1460 3376 profundum,
1486 3307 1673 3362 misso
1705 3307 1763 3361 in
1791 3323 1977 3378 aquas

315 3392 480 3464 ligno
505 3434 518 3461 ,
555 3392 691 3446 facit
720 3398 1104 3464 supernatare
1137 3411 1149 3448 :
1182 3398 1281 3450 aut
1328 3395 1739 3450 emundatione
1780 3396 1978 3466 lepro-

316 3497 469 3549 sum,
503 3484 602 3534 aut
633 3481 956 3537 siccitatem
989 3484 1300 3552 imbribus,
1325 3487 1422 3539 aut
1455 3483 1666 3540 famem
1698 3488 1877 3540 mutat
1901 3485 1978 3540 fe-

315 3569 608 3625 cunditate
638 3570 752 3639 (IV
775 3571 920 3643 Reg.
954 3589 1031 3640 xv,
1066 3590 1122 3642 v,
1155 3575 1255 3642 vn).

386 3676 439 3731 ’7.
480 3675 723 3742 Quando
755 3693 899 3750 ergo
926 3678 1128 3749 justus
1159 3681 1326 3736 solus
1359 3683 1488 3751 est,
1521 3683 1619 3753 qui
1673 3698 1806 3737 cum
1856 3682 1976 3737 Deo

315 3781 552 3836 semper
569 3771 658 3822 est
674 3769 702 3821 ‘?
723 3767 964 3832 Quando
989 3769 1289 3824 solitarius
1313 3774 1422 3838 est,
1445 3771 1543 3842 qui
1567 3788 1864 3842 nunquam
1889 3788 1978 3828 se-

315 3859 552 3926 paratur
580 3872 614 3910 a
642 3855 922 3912 Christo?
959 3857 1103 3923 Quis
1155 3874 1280 3927 nos,
1329 3859 1534 3931 inquit,
1588 3861 1896 3932 separabit
1943 3877 1975 3916 a

316 3943 636 3999 dilectione
660 3944 933 4000 Christi?
952 3946 1193 4003 Conﬁdo
1228 3949 1360 4020 quia
1387 3964 1572 4021 neque
1591 3966 1768 4013 mors,
1795 3967 1978 4022 neque

321 4034 459 4098 vita,
487 4049 672 4104 neque
690 4034 937 4105 angelus
972 4036 1157 4103 (Rom.
1183 4055 1304 4104 vm,
1329 4039 1417 4106 35,
1451 4041 1563 4108 38).
1595 4038 1838 4104 Quando
1868 4055 1977 4093 au-

308 4121 701 4178 tem-feriatur
729 4139 762 4178 a
793 4125 1050 4196 negotio,
1087 4127 1182 4198 qui
1219 4144 1515 4198 nunquam
1550 4127 1844 4182 feriatura
1867 4143 1982 4184 me-

311 4211 424 4268 rito
448 4255 461 4282 ,
510 4229 626 4284 quo
658 4219 1100 4270 consummatur
1129 4217 1471 4288 negotium?
1501 4217 1728 4282 Quibus
1779 4221 1973 4272 autem

309 4301 460 4357 locis
486 4303 1010 4373 circumscribitur,
1033 4306 1125 4360 cui
1157 4310 1315 4360 totus
1349 4307 1603 4361 mundus
1638 4307 1975 4360 divitiarum

310 4392 624 4462 possessio
653 4395 786 4447 est?
809 4391 930 4458 Qua
969 4395 1356 4450 aestimatione
1380 4396 1673 4464 delinitur,
1704 4397 1804 4466 qui
1827 4412 1974 4450 nun-

2088 1835 2345 1888 tavimus
2371 1877 2384 1904 ,
2418 1835 2688 1906 sequitur
2719 1841 2910 1892 utrum
2943 1837 3310 1894 honestatem
3344 1844 3400 1895 et
3447 1841 3755 1896 utilitatem

2089 1923 2242 1978 inter
2270 1939 2336 1978 se
2369 1940 2710 1994 comparare
2741 1925 3084 1993 debeamus,
3119 1931 3174 1982 et
3205 1945 3472 1999 quaerere
3504 1930 3642 2000 quid
3674 1933 3756 1986 sit

2091 2013 2480 2083 sequendum.
2533 2013 2696 2067 Sicut
2727 2015 2882 2068 enim
2913 2031 3093 2086 supra
3143 2017 3286 2080 110
3335 2019 3716 2074 tractavimus
3742 2063 3758 2090 ,

2088 2105 2285 2156 utrum
2314 2103 2626 2156 honestum
2661 2103 2804 2157 illud
2835 2120 2908 2157 an
2957 2108 3125 2174 turpe
3155 2110 3346 2173 esset;
3393 2111 3450 2161 et
3491 2109 3756 2163 secundo

2089 2190 2242 2261 loco,
2294 2195 2489 2245 utrum
2532 2192 2672 2246 utile
2717 2209 2791 2246 an
2839 2193 3040 2248 inutile
3075 2211 3085 2248 :
3120 2194 3390 2249 similiter
3437 2196 3549 2250 hoc
3599 2196 3752 2264 loco,

2089 2283 2283 2334 utrum
2312 2279 2628 2334 honestum
2661 2281 2832 2336 sitan
2866 2283 3004 2337 utile
3048 2284 3310 2338 nonnulli
3343 2286 3763 2357 requirendum

2089 2371 2294 2440 putant
2323 2370 2456 2440 ('ll).

2159 2476 2213 2531 9.
2248 2477 2374 2532 Nos
2424 2479 2614 2532 autem
2663 2495 2970 2536 movemur
2993 2523 3006 2550 ,
3042 2498 3114 2536 ne
3147 2481 3275 2536 haec
3320 2483 3472 2537 inter
3504 2499 3570 2538 se
3603 2483 3764 2538 velut

2093 2567 2548 2637 compugnantia
2584 2567 2864 2624 inducere
2897 2570 3228 2639 videamur,
3262 2587 3394 2643 quae
3423 2572 3545 2644 jam
3579 2588 3762 2644 supra

2093 2671 2273 2709 unum
2303 2671 2440 2710 esse
2473 2657 2839 2712 ostendimus
2876 2675 2887 2712 :
2922 2675 3030 2714 nec
3061 2659 3376 2714 honestum
3405 2677 3542 2716 esse
3575 2678 3758 2731 posse

2093 2744 2228 2814 (⁸72),
2263 2745 2380 2800 nisi
2409 2746 2564 2818 quod
2615 2747 2756 2801 utile
2790 2763 2802 2802 :
2837 2763 2946 2802 nec
2997 2749 3136 2802 utile
3160 2791 3173 2816 ,
3207 2749 3322 2802 nisi
3373 2750 3527 2820 quod
3574 2750 3759 2805 hone-

2094 2837 2280 2904 stum;
2313 2834 2449 2906 quia
2479 2852 2594 2890 non
2628 2836 2934 2907 sequimur
2963 2837 3310 2908 sapientiam
3345 2839 3572 2906 carnis,
3606 2840 3765 2910 apud

2092 2939 2268 2994 quam
2298 2925 2519 2978 utilitas
2549 2926 2906 2996 pecuniariae
2936 2926 3110 2980 istius
3159 2927 3590 2982 commoditatis
3625 2929 3760 2999 plu-

2092 3013 2177 3068 ris
2210 3013 2488 3084 habetur,
2525 3015 2628 3070 sed
2659 3015 3007 3086 sapientiam
3037 3032 3170 3087 qum
3202 3032 3278 3070 ex
3308 3017 3430 3072 Deo
3461 3020 3571 3084 est,
3606 3018 3765 3088 apud

2093 3119 2266 3175 quam
2298 3119 2365 3158 ea
2397 3120 2529 3176 qua}
2575 3105 2634 3158 in
2676 3105 2788 3159 hoc
2838 3105 3060 3160 saeculo
3093 3122 3308 3178 magna
3352 3107 3720 3162 mstimantur
3743 3149 3758 3178 ,

2095 3209 2201 3264 pro
2233 3193 2580 3248 detrimento
2613 3194 2922 3249 habentur.

2165 3309 2252 3364 10.
2286 3311 2413 3365 Hoc
2442 3310 2656 3365 etenim
2684 3307 3005 3384 κατόρθωμα,
3037 3313 3194 3384 quod
3221 3311 3546 3383 perfectum
3577 3315 3636 3368 et
3663 3313 3764 3368 ab-

2093 3392 2350 3448 solutum
2382 3393 2642 3448 officium
2672 3396 2764 3448 est
2779 3393 2912 3462 ('13),
2937 3409 2970 3448 a
3001 3410 3144 3448 vero
3173 3393 3409 3448 virtutis
3440 3393 3599 3448 fonte
3622 3410 3760 3464 pro-

2091 3482 2400 3537 ﬁciscitur.
2449 3483 2555 3537 Cui
2607 3483 2934 3538 secundum
2984 3487 3075 3538 est
3115 3499 3426 3538 commune
3457 3483 3759 3554 officium,

2091 3571 2248 3643 quod
2279 3571 2410 3642 ipso
2459 3587 2734 3626 sermone
2780 3571 3152 3644 significatur
3199 3588 3317 3627 non
3361 3588 3500 3628 esse
3548 3573 3758 3628 ardua:
3791 3561 3808 3576 ⁸

2089 3660 2324 3715 virtutis
2357 3676 2424 3714 ac
2457 3660 2780 3732 singularis
2805 3703 2822 3728 ,
2865 3661 3021 3732 quod
3070 3664 3262 3732 potest
3304 3661 3573 3731 plurimis
3619 3675 3763 3716 esse

2093 3765 2422 3805 commune.
2459 3749 2606 3803 Nam
2638 3749 2905 3819 pecuniae
2936 3750 3283 3820 compendia
3314 3753 3547 3821 captare
3579 3750 3757 3804 fami-

2090 3839 2235 3894 liare
2282 3838 2520 3907 multis,
2573 3838 2920 3910 elcgantiori
2967 3839 3241 3894 convivio
3291 3843 3347 3894 et
3375 3840 3761 3894 suavioribus

2092 3927 2371 3983 delectari
2420 3927 2612 3998 epulis
2657 3928 2935 3982 usitatum
2966 3931 3092 3996 est;
3140 3927 3418 4000 jejunare
3464 3936 3659 3983 autem
3707 3932 3766 3984 et

2093 4017 2488 4073 continentem
2536 4033 2674 4072 esse
2723 4033 3046 4088 paucorum
3093 4021 3184 4072 est
3218 4033 3230 4071 :
3265 4021 3322 4072 et
3369 4017 3542 4072 alieni
3591 4019 3765 4088 cupi-

2091 4107 2229 4162 dum
2258 4122 2376 4162 non
2409 4121 2568 4176 esse,
2603 4122 2830 4175 rarum;
2853 4109 3052 4162 contra
3083 4111 3276 4161 autem
3297 4107 3606 4162 detrahere
3632 4107 3758 4162 vel-

2090 4195 2145 4250 le
2187 4195 2373 4262 alteri,
2409 4198 2465 4250 et
2495 4211 2612 4250 non
2658 4211 2796 4250 csse
2828 4198 3167 4250 contentum
3197 4211 3307 4250 suo
3343 4213 3354 4250 :
3389 4212 3520 4250 nam
3554 4195 3612 4250 in
3643 4195 3762 4250 hoc

2092 4301 2226 4339 cum
2256 4286 2555 4356 plerisque
2585 4285 2949 4340 consortium
2997 4288 3106 4340 est.
3156 4285 3284 4338 Alia
3317 4285 3498 4357 igitur
3527 4285 3717 4355 prima
3741 4327 3758 4355 ,

2090 4375 2202 4428 alia
2232 4375 2422 4429 media
2469 4374 2663 4428 ofﬁcia
2693 4373 2828 4444 (71).
2883 4373 3074 4427 l’rima
3109 4389 3240 4428 cum
3283 4373 3518 4444 paucis,
3560 4373 3757 4429 media

309 4496 485 4551 quam
507 4481 780 4551 Opinione
805 4483 1360 4553 comprehenditur?
1377 4484 1601 4539 Etenim
1625 4464 1796 4556 quasi
1816 4486 1978 4558 igno-
2004 4485 2062 4551 D
2093 4480 2224 4520 cum
2258 4464 2548 4534 Pluribus-

307 4573 470 4625 ratur
497 4574 553 4624 et
583 4572 966 4643 cognoscitur
1000 4573 1204 4644 :quasi
1239 4575 1498 4636 moritur,
1537 4578 1593 4629 et
1621 4590 1759 4630 ecce
1791 4576 1970 4630 vivit:

381 4711 492 4787 (6'7)
524 4714 784 4787 Amerb.,
817 4714 927 4769 Gil.
963 4731 1030 4769 ac
1061 4731 1207 4770 mss.
1244 4732 1362 4770 non
1393 4717 1600 4787 pauci,
1636 4719 1836 4786 magni
1883 4717 1972 4772 la-

313 4784 532 4858 certis;
579 4785 790 4858 melius
821 4789 1268 4858 tamenimagni
1304 4784 1594 4857 lacertis,
1622 4793 1682 4843 ut
1711 4784 1769 4842 iu
1801 4793 1975 4844 caete-

307 4854 521 4930 ris._Et
550 4857 825 4930 continuo
857 4862 991 4930 post
1016 4854 1229 4930 Eraet
1261 4875 1387 4930 seq.
1413 4860 1550 4914 edit.
1575 4854 1716 4914 cum
1741 4861 1972 4929 paucis-

309 4925 479 4980 simis
507 4943 652 4981 mss.
685 4928 1103 4990 suismeritis;
1130 4925 1367 4984 Απιθιιὺῖ
1402 4946 1681 4986 verocum
1704 4925 1836 4986 aliis
1855 4933 1976 4987 lon-

305 5012 381 5070 ge
411 4997 681 5067 plurimis
710 5014 780 5052 ac
809 4999 1268 5068 probatissimis,
1304 5002 1450 5056 solis
1471 5005 1724 5057 meritis.

375 5085 626 5160 (68)Cic.
653 5087 754 5140 lib.
779 5103 840 5140 ιιι
859 5087 1044 5160 _Ol'[ic.
1071 5105 1204 5160 pag.
1243 5089 1366 5156 387,
1393 5090 1493 5146 lin.
1519 5091 1618 5146 47:
1649 5115 1669 5138 σε
1701 5091 1814 5146 Sed
1859 5107 1966 5147 nec

303 5157 487 5211 otium
505 5157 615 5210 hoc
639 5174 771 5211 cum
796 5158 1058 5212 Africani
1077 5157 1212 5223 otio,
1236 5176 1345 5214 nec
1366 5163 1492 5216 haec
1512 5163 1824 5228 solitudo,»
1851 5168 1962 5218 etc.

372 5245 486 5314 (69)
519 5245 664 5321 Mss.
710 5247 950 5316 aliquot,
987 5246 1352 5321 Difﬁcultate
1383 5257 1441 5305 et
1470 5253 1804 5321 generandi
1836 5253 1966 5307 ino-

299 5316 414 5396 Hia,
453 5317 720 5396 sterilem
754 5320 1222 5390 conceptionem;
1273 5316 1510 5392 quidam
1535 5365 1548 5392 ,
1591 5326 1970 5396 conceptione

306 5386 606 5443 fecundat.

321 5548 332 5559 .
379 5477 494 5560 (70)
525 5476 928 5560 Cic..lib.:m,
961 5496 1098 5560 pag.
1131 5481 1237 5536 388
1261 5524 1274 5550 ,
1309 5481 1568 5560 lin._‘_30‘::
1609 5482 1974 5560 ("Panaetius

318 5551 565 5622 igitur...
597 5551 1149 5623 tribus'generibus
1179 5551 1584 5626 propositisf»,
1617 5555 1729 5609 etc.

2161 4571 2246 4626 11.
2274 4571 2537 4642 Denique
2559 4571 2619 4624 in
2638 4570 2850 4624 iisdem
2869 4569 3072 4625 verbis
3105 4569 3445 4642 frequenter
3473 4569 3759 4625 discretio

2159 4715 2273 4786 (71)
2305 4714 2452 4769 Mss.
2494 4713 2778 4786 nonnulli,
2813 4716 2869 4768 et
2898 4713 3114 4786 ultimis
3146 4712 3283 4786 edit.
3321 4712 3540 4786 AParis.,
3576 4712 3763 4786 hone-

2093 4784 2356 4840 stum-sit
2396 4802 2469 4839 an
2499 4785 2711 4839 inutile
2743 4784 3092 4838 concinnius
3123 4784 3354 4854 reliqui.
3377 4826 3389 4838 .
3409 4825 3422 4838 .
3472 4800 3546 4838 an
3590 4784 3759 4840 utile.

2092 4859 2327 4913 Rursus
2355 4872 2498 4912 vero
2545 4857 2644 4910 ubi
2687 4872 2894 4911 omnes
2943 4855 3081 4910 edit.
3108 4897 3122 4922 ,
3156 4855 3284 4909 Nos
3329 4860 3520 4909 autem
3555 4871 3764 4910 mone-

2087 4945 2252 4992 mus,-
2281 4945 2428 4983 mss.
2456 4927 2578 4982 fere
2607 4927 2680 4980 ad
2703 4943 2882 4981 unum
2905 4926 3247 4997 praeferunt,
3272 4926 3399 4982 Nos
3427 4934 3621 4980 autem
3644 4942 3762 4982 mo-

2095 5017 2325 5068 vemur,
2373 4999 2527 5054 haud
2555 4999 2960 5066 incommode;
2993 4997 3148 5052 idem
3200 4997 3494 5068 siquidem
3527 5000 3652 5067 est,
3685 5013 3760 5052 ac

2089 5071 2142 5126 si
2174 5071 2457 5142 scriptum
2489 5070 2584 5139 sit,
2619 5069 2746 5125 Nos
2775 5075 2966 5124 autem
3003 5084 3300 5138 veremur,
3334 5073 3446 5123 etc.

2159 5161 2272 5230 ('12)
2301 5160 2422 5215 Cic.
2448 5159 2550 5213 lib.
2575 5157 2855 5230 mO/‘Iicq
2881 5174 3016 5228 pag.
3037 5157 3161 5230 388,
3184 5157 3341 5230 lin._3
3363 5172 3426 5230 :Aa
3453 5157 3604 5210 Nam
3627 5158 3761 5212 sive

2089 5228 2404 5286 honestum
2425 5231 2618 5285 solum
2640 5229 2857 5283 bonum
2877 5233 2986 5296 est,
3011 5232 3090 5296 ut,
3116 5228 3334 5283 Stoicis
3349 5228 3560 5298 placet,
3590 5252 3611 5276 ιι
3640 5233 3757 5285 ctc.

2158 5319 2448 5392 (73)-Ibid.
2482 5320 2608 5392 lin,
2644 5319 2705 5392 15
2741 5335 2751 5372 :
2794 5342 2814 5366 αι
2851 5317 3078 5392 Etenim
3125 5317 3280 5388 quod
3313 5333 3608 5370 summum
3653 5317 3764 5373 bo-

2089 5388 2228 5447 num
2255 5388 2292 5445 ὁ
2321 5391 2528 5445 stoicis
2559 5390 2772 5444 dicitur
2799 5388 3238 5458 convenienter,
3278 5410 3298 5436 υ
3337 5392 3450 5442 etc.

2158 5480 2277 5550 (’74)
2307 5480 2476 5548 Ibid.,
2527 5480 2630 5534 lin.
2664 5479 2732 5550 23
2765 5496 2776 5532 :
2816 5501 2838 5526 «
2877 5479 3020 5532 Haec
3051 5477 3232 5550 igitur
3254 5477 3454 5550 omnia
3487 5477 3756 5534 officia...

2089 5549 2279 5609 media
2308 5551 2492 5608 Stoici
2520 5549 2834 5622 appellant,
2867 5565 2936 5605 ea
2967 5549 3320 5620 communia,
3357 5572 3379 5596 ιι
3413 5551 3526 5605 etc.
