4128 6132
376 231 482 294 157

1245 321 1252 326 ξ
1292 227 1400 293 DE
1441 226 1798 290 OFFICIIS
1842 225 2454 292 MINISTRORUM
2501 228 2758 292 LIBER
2797 228 2910 292 III.

3692 229 3810 299 158

375 435 470 486 est.
517 429 695 484 Aliter
732 431 890 484 enim
919 430 1141 486 bonum
1190 430 1376 484 Deum
1406 429 1681 498 dicimus,
1715 428 1886 484 aliter
1915 411 2104 484 ho-IA.
2200 433 2556 506 pra-ceptum
2594 434 2859 506 urgetur,
2881 431 3143 506 primum,
3169 447 3208 506 a_
3240 431 3475 506 Christi
3513 433 3804 506 exemplo,

373 521 606 588 minem;
636 519 804 573 aliter
834 519 1064 590 justum
1097 520 1283 574 Deum
1304 519 1668 589 appellamus
1699 519 1834 586 ('75),
1859 518 2027 572 aliter

371 610 666 664 hominem.
699 608 984 664 Similiter
1012 611 1068 662 et
1100 609 1428 678 sapientem
1462 609 1645 662 Deum
1675 608 1846 662 aliter
1882 607 2025 660 dici-

369 714 506 765 mus,
539 697 706 751 aliter
749 697 1067 752 hominem.
1101 697 1270 762 Quod
1300 701 1355 752 et
1385 697 1444 750 in
1495 697 1818 768 Evangelio
1842 697 2024 750 doce-

367 803 520 841 mus:
555 787 765 840 Estote
808 803 953 857 ergo
992 792 1050 840 et
1101 803 1203 841 vos
1248 786 1527 858 perfecti,
1565 787 1717 839 sicut
1748 793 1804 839 et
1836 785 2028 838 Pater

372 881 557 929 vester
582 875 686 946 qui
716 877 778 928 in
804 875 972 930 ccelis
1004 881 1115 944 est,
1133 876 1443 946 perfectus
1465 881 1556 929 est
1578 875 1888 943 (.l!attb.v,
1908 875 2020 944 48).

365 965 544 1034 Ipsum
575 965 821 1019 Paulum
860 965 996 1036 lego
1045 965 1370 1034 perfectum
1412 967 1468 1018 et
1505 979 1623 1018 non
1672 963 2018 1032 perfectum.

364 1053 495 1106 Nam
524 1069 654 1107 cum
685 1054 940 1108 dixisset
972 1069 984 1108 :
1016 1054 1151 1108 Non
1193 1053 1343 1126 quod
1373 1054 1500 1125 jam
1533 1052 1882 1123 acceperim,
1923 1055 2021 1106 aut

351 1142 462 1213 jam
500 1142 810 1214 perfectus
847 1143 959 1197 sim
994 1164 1010 1196 .-
1059 1159 1282 1212 sequor
1312 1148 1504 1196 autem
1536 1142 1591 1195 si
1630 1141 2019 1212 comproben-

360 1231 476 1284 dam
500 1231 783 1303 (Philipp.
817 1249 900 1301 ιιι,
937 1233 1044 1300 12),
1087 1232 1280 1285 statim
1330 1231 1588 1301 subjecit
1629 1245 1640 1284 :
1683 1229 2018 1300 Quicunque

359 1335 488 1391 ergo
505 1321 768 1392 perfecti
797 1338 996 1374 smnus
1031 1321 1207 1389 (Ibid.
1245 1321 1351 1390 15).
1389 1321 1616 1390 Duplex
1640 1319 1795 1373 enim
1829 1319 2018 1372 forma

355 1409 723 1479 perfectionis
750 1425 762 1464 :
788 1410 901 1463 alia
936 1410 1184 1478 medios,
1217 1409 1330 1462 alia
1360 1409 1571 1478 plenos
1602 1422 1884 1462 numeros
1907 1407 2016 1461 ha-

353 1497 522 1566 bens;
565 1497 677 1551 alia
728 1498 848 1566 hic,
891 1499 1002 1552 alia
1048 1499 1160 1567 ibi;
1209 1498 1320 1551 alia
1371 1497 1698 1552 secundum
1754 1496 2012 1550 hominis

352 1586 813 1656 possibilitatem,
849 1587 960 1640 alia
991 1587 1320 1640 secundum
1351 1585 1777 1656 perfectionem
1809 1584 2010 1638 futuri.

353 1674 496 1728 Deus
535 1679 732 1730 autem
761 1675 964 1746 justus
996 1692 1103 1746 per
1144 1677 1356 1743 omnia,
1393 1676 1634 1745 sapiens
1668 1690 1849 1744 super
1893 1689 2015 1727 om-

350 1763 452 1832 nia,
484 1763 786 1834 perfectus
819 1765 879 1818 in
911 1765 1207 1818 omnibus.

413 1870 492 1924 12.
533 1871 696 1926 Inter
739 1871 908 1941 ipsos
961 1881 1197 1943 quoque
1257 1871 1528 1926 homines
1587 1871 1860 1925 distantia
1897 1873 2007 1924 est.

348 1959 517 2013 Aliter
562 1960 773 2014 Daniel
811 1961 1087 2030 sapiens,
1130 1961 1201 2015 de
1249 1977 1364 2032 quo
1415 1960 1633 2014 dictum
1683 1963 1818 2013 est:
1869 1959 2014 2024 Quis

346 2047 578 2103 Daniele
635 2050 968 2122 sapientior
996 2050 1240 2121 (Ezeeb.
1299 2067 1505 2118 xxvm,
1546 2049 1646 2120 3)?
1689 2048 1874 2102 Aliter
1915 2047 2012 2102 alii

347 2139 654 2208 sapientes,
693 2139 863 2192 aliter
893 2139 1190 2209 Salomon,
1223 2141 1321 2210 qui
1351 2140 1613 2210 repletus
1647 2142 1737 2192 est
1767 2137 2008 2208 sapien-

347 2227 413 2280 tia
441 2243 618 2297 super
653 2243 888 2282 omnem
921 2229 1269 2298 sapientiam
1300 2229 1694 2300 antiquorum,
1730 2231 1785 2281 et
1829 2243 2012 2296 super

347 2331 534 2371 omnes
586 2317 894 2387 sapientes
943 2317 1192 2388 Aﬁgypti
1223 2317 1339 2387 (ΙΙΙ
1363 2318 1510 2389 Heg.
1545 2334 1622 2385 ιν,
1671 2318 1782 2386 29).
1829 2315 2005 2370 Aliud

344 2408 422 2458 est
451 2407 603 2460 enim
630 2407 1023 2460 communiter
1045 2422 1275 2476 sapere,
1295 2406 1452 2460 aliud
1481 2421 1689 2475 sapere
1719 2405 2004 2476 perfecte.

341 2492 436 2558 Qui
466 2496 858 2550 communiter
894 2497 1066 2565 sapit,
1101 2512 1206 2566 pro
1238 2495 1660 2566 temporalibus
1701 2495 1872 2565 sapit,
1895 2511 2002 2564 pro

345 2599 401 2636 se
427 2585 575 2654 sapit
607 2585 723 2654 ('76)
759 2601 771 2639 :
804 2588 865 2638 ut
905 2585 1074 2640 alteri
1104 2585 1323 2656 aliquid
1355 2584 1639 2652 detrahat,
1665 2589 1720 2639 et
1750 2585 1864 2638 sibi
1896 2584 2002 2638 ad-

336 2671 550 2744 jungat.
601 2673 718 2739 Qui
763 2673 1021 2744 perfecte
1082 2675 1272 2744 sapit,
1326 2674 1518 2728 nescit
1573 2690 1682 2728 sua
1732 2678 2002 2745 spectare

341 2764 630 2817 commoda
671 2779 682 2818 :
718 2764 826 2817 sed
875 2763 948 2817 ad
991 2763 1132 2817 illud
1175 2763 1333 2834 quod
1381 2767 1666 2818 aeternum
1699 2767 1809 2833 est,
1844 2765 2003 2835 quod

341 2850 606 2906 decorum
661 2857 836 2924 atque
881 2853 1235 2920 honestum,
1296 2854 1414 2906 toto
1462 2851 1672 2908 affectu
1731 2854 1998 2923 intendit,

341 2955 598 3010 querens
620 2958 742 2996 non
761 2943 916 3013 quod
939 2942 1054 2996 sibi
1078 2942 1216 2996 utile
1239 2943 1348 3011 est,
1387 2943 1494 2996 sed
1523 2943 1678 3013 quod
1702 2943 1997 2997 omnibus.

401 3029 481 3084 13.
523 3031 729 3103 Itaque
762 3031 890 3086 hinc
921 3032 1000 3086 sit
1035 3031 1286 3086 formula
1318 3031 1452 3102 (Π),
1475 3035 1537 3086 ut
1565 3032 1716 3087 inter
1736 3033 1850 3087 duo
1880 3033 1998 3101 illa,

337 3117 642 3174 honestum
673 3123 846 3190 atque
877 3121 1037 3188 utile,
1081 3136 1279 3174 errare
1322 3137 1708 3192 nequeamus,
1743 3137 1812 3176 eo
1843 3122 2000 3192 quod

341 3209 460 3272 111
506 3209 718 3280 justus
769 3210 915 3263 nihil
961 3209 1126 3264 alteri
1177 3210 1600 3264 detrahendum
1657 3213 1837 3281 putet,
1889 3227 1999 3266 nec

337 3287 562 3343 alterius
595 3290 972 3344 incommodo
995 3307 1172 3345 suum
1203 3292 1573 3346 commodum
1603 3291 1810 3363 augeri
1835 3291 1994 3344 velit.

339 3375 485 3432 Hanc
529 3378 782 3433 formam
829 3380 934 3432 tibi
985 3381 1318 3444 praescribit
1368 3381 1690 3450 Apostolus
1741 3380 1992 3434 dicens:

341 3464 526 3522 Omnia
557 3468 766 3538 licent,
805 3469 915 3524 sed
945 3486 1058 3524 non
1081 3473 1271 3524 omnia
1295 3470 1615 3541 expediunt
1648 3490 1664 3524 :
1698 3471 1888 3524 omnia
1920 3469 1996 3523 Ii-

339 3562 474 3624 cent,
507 3558 623 3612 sed
647 3574 758 3611 non
790 3560 980 3613 omnia
999 3559 1317 3614 aedificant.
1343 3561 1532 3614 Nemo
1551 3559 1700 3631 quod
1719 3576 1883 3613 suum
1907 3563 1999 3613 est

336 3653 564 3715 qureret,
585 3647 702 3702 sed
729 3648 884 3718 quod
903 3647 1158 3702 alterius
1188 3649 1243 3718 (Ι
1258 3649 1393 3704 Cor.
1417 3667 1476 3716 ιι,
1497 3647 1714 3717 22-24);
1749 3648 1859 3702 hoc
1883 3650 1994 3718 est,

337 3747 490 3787 nemo
523 3735 900 3790 commodum
924 3752 1098 3791 suum
1120 3741 1365 3808 quaerat,
1392 3738 1499 3791 sed
1529 3737 1793 3791 alterius.
1830 3737 1998 3791 Unde

337 3824 384 3873 et
442 3825 576 3878 alibi
630 3825 768 3878 dicit
803 3841 814 3880 :
856 3826 1042 3881 Alter
1081 3827 1331 3882 alterum
1373 3828 1790 3881 existimantes
1832 3842 2000 3897 supe-

336 3913 538 3967 riorem
569 3914 715 3984 sibi,
761 3931 873 3969 non
914 3933 1037 3987 quae
1066 3934 1173 3971 sua
1203 3923 1341 3972 sunt
1377 3916 1603 3988 singuli
1642 3917 1992 3988 cogitantes,

337 4001 432 4054 sed
452 4020 573 4074 quae
608 4002 857 4058 aliorum
881 4005 1164 4077 (Philipp.
1199 4023 1259 4076 ιι,
1293 4005 1346 4076 3,
1381 4007 1457 4071 4).

399 4107 478 4162 14.
529 4110 720 4164 Nemo
769 4111 940 4164 etiam
999 4129 1168 4166 suam
1227 4114 1474 4184 gratiam
1533 4115 1778 4183 quaerat,
1822 4127 1994 4167 nemo

336 4210 486 4251 suam
518 4199 773 4268 laudem,
826 4201 932 4254 sed
965 4201 1228 4256 alterius.
1274 4200 1441 4266 Quod
1481 4202 1785 4256 evidenter
1823 4202 1997 4255 etiam

337 4281 388 4336 in
416 4285 753 4342 Proverbiis
793 4289 1151 4344 declaratum
1187 4307 1513 4360 possumus
1545 4291 1872 4355 advertere,
1910 4291 1996 4344 di-

338 4378 486 4428 cente
520 4381 728 4431 sancto
770 4394 877 4448 per
911 4378 1282 4434 Salomonem
1315 4379 1537 4450 Spiritu
1571 4395 1582 4434 :
1617 4379 1753 4439 Fili.
1817 4379 1874 4433 si
1902 4395 1996 4434 sa-

332 4462 489 4530 piens
504 4465 719 4534 fueris,
738 4467 850 4521 tibi
871 4469 1112 4540 sapiens
1133 4471 1259 4523 eris
1289 4475 1347 4524 et
1365 4469 1687 4540 proximis,-
1712 4469 1768 4523 si
1799 4476 1993 4522 autem
2025 4491 2033 4498 ·

335 4552 508 4606 malus
535 4556 832 4623 evaseris,
866 4557 1028 4611 solus
1057 4558 1305 4612 bauries
1346 4557 1497 4612 mala
1521 4558 1728 4627 (Prov.
1766 4575 1844 4626 ix,
1883 4559 1990 4626 12).

338 4637 566 4709 Sapiens
615 4644 770 4697 enim
801 4645 934 4699 aliis
969 4647 1243 4715 consulit,
1280 4648 1433 4701 sicut
1471 4646 1707 4718 justus;
1755 4647 1990 4717 quando

335 4728 550 4798 quidem
580 4749 832 4788 consors
857 4735 950 4789 sui
979 4740 1088 4804 est,
1115 4737 1426 4808 utriusque
1455 4736 1644 4790 forma
1674 4736 1930 4790 virtutis.

953 4877 1204 4932 CAPUT
1247 4879 1346 4933 ΙΙΙ.

338 4992 703 5054 Praemissum
735 5001 810 5056 de
842 5017 954 5057 non
986 5003 1310 5074 quaerendo
1325 5003 1570 5074 proprio
1602 5002 1991 5058 emolumento

397 5139 500 5216 (Ἷξξ)
539 5142 702 5216 Ibid.,
737 5145 840 5198 iin.
881 5145 950 5198 36
983 5161 994 5200 :
1043 5168 1064 5194 ιι
1101 5146 1225 5200 Nec
1258 5162 1399 5200 vero
1448 5162 1580 5200 cum
1629 5147 1750 5216 duo
1802 5147 1986 5213 Decii,

337 5213 420 5261 aut
445 5211 902 5288 di_i_o_Scipiones
944 5217 1127 5271 fortes
1158 5217 1269 5270 viri
1302 5211 1853 5288 commemorantur,
1889 5211 1988 5272 aut

340 5292 468 5354 cum,
484 5283 805 5354 Fabricius,
847 5311 867 5334 ι)
903 5291 1012 5342 etc.

397 5352 500 5409 (³76)
541 5355 704 5426 Ιὴι‹1.,
757 5352 858 5412 lin.
908 5359 976 5414 48
1017 5375 1028 5414 :
1085 5383 1106 5405 ιι
1145 5359 1254 5424 Qui
1284 5363 1476 5414 autem
1509 5360 1701 5413 omnia
1735 5361 1985 5415 metiun-

337 5421 417 5542 tltlr
443 5421 844 5483 emolumentis
876 5433 933 5483 et
976 5421 1322 5498 commodis,
1373 5447 1563 5501 neque
1595 5449 1661 5485 ea
1694 5433 1914 5501 volunt,
1955 5453 1977 5481 ι

339 5505 364 5541 e
388 5508 433 5542 c.

339 5505 433 5545 CIC.

396 5562 498 5644 «ἷςῖι
534 5567 648 5623 Cic.
682 5571 794 5644 lib.
813 5589 882 5644 ιιι
913 5572 1123 5644 iOffie.,
1174 5591 1232 5644 p.
1283 5574 1406 5644 398,
1439 5575 1542 5628 lin.
1579 5574 1639 5628 11
1671 5590 1683 5629 :
1723 5597 1744 5620 «ι
1781 5574 1980 5644 Itaque

339 5635 388 5685 ut
412 5635 531 5694 sine
548 5654 743 5698 errore
767 5642 1092 5717 dijudicare
1111 5635 1491 5716 possimus...
1527 5645 1779 5722 formula
1811 5635 1979 5718 quae-

2204 507 2320 554 tum
2353 500 2426 576 ab
2458 500 2954 576 interpretatione
2989 503 3260 576 nominis,
3285 504 3546 576 denique
3577 505 3651 559 ab
3673 500 3800 576 ipsa

2198 571 2595 648 membrorum
2617 571 2806 648 forma
2829 579 2887 624 et
2912 573 3136 648 usibus.
3165 571 3332 648 (inde
3351 571 3611 648 ostendit
3635 571 3801 648 quam

2197 642 2556 711 ﬂagitiosum
2595 644 2676 695 sit
2721 642 2935 695 alienze
2966 643 3213 696 utilitati
3253 645 3578 700 detrahere
3620 642 3804 701 {eum

2196 713 2305 767 boe
2329 712 2560 767 scelere
2582 713 2876 785 naturalis
2902 714 3000 767 [ex
3018 730 3182 785 (eque
3205 731 3271 768 ae
3293 717 3496 770 divina
3526 717 3800 772 violetur.

2198 789 2370 856 atque
2400 801 2646 856 insuper
2672 784 2816 856 illud
2837 784 3146 837 amittatur
3172 802 3279 856 quo
3295 793 3649 856 praestamus
3679 804 3800 844 eaa-

2201 855 2352 908 teris
2392 854 2810 929 animantibus,
2854 856 2929 908 ad
2972 854 3334 929 postremum
3381 857 3548 929 leges
3587 859 3803 916 civiles

2198 943 2323 979 cum
2355 942 2576 980 summa
2598 925 2843 980 infamia
2866 925 3305 980 conculcentur.

2193 1047 2280 1104 15.
2323 1049 2384 1104 Si
2419 1050 2553 1121 quis
2586 1050 2767 1122 igitur
2798 1051 2920 1105 vult
2949 1051 3184 1120 placere
3219 1051 3514 1121 omnibus,
3540 1068 3644 1123 per
3674 1069 3803 1109 om-

2119 1137 2216 1190 nia
2249 1141 2474 1208 quaerat
2505 1153 2621 1192 non
2653 1139 2811 1209 quod
2847 1139 2962 1192 sibi
2996 1139 3134 1194 utile
3167 1142 3278 1209 est,
3311 1141 3417 1193 sed
3451 1141 3608 1212 quod
3644 1143 3798 1196 mul-

2118 1227 2215 1295 tis,
2251 1227 2404 1280 sicut
2435 1227 2738 1296 quaerebat
2769 1230 2823 1281 et
2857 1228 3094 1282 Paulus.
3143 1229 3270 1282 Hoc
3319 1231 3411 1284 est
3453 1229 3607 1283 enim
3660 1247 3800 1284 con-

2119 1315 2358 1368 formari
2395 1315 2649 1381 Christo,
2685 1316 2941 1370 alienum
2971 1333 3089 1372 non
3117 1333 3408 1388 quaerere,
3443 1318 3590 1372 nihil
3629 1319 3797 1374 alteri

2117 1403 2446 1470 detrahere,
2475 1408 2538 1458 ut
2559 1405 2822 1475 acquirat
2846 1406 2982 1460 sibi.
3017 1405 3292 1460 Christus
3317 1407 3474 1461 enim
3511 1407 3797 1464 Dominus

2117 1508 2249 1546 cum
2278 1496 2444 1548 esset
2474 1493 2534 1546 in
2567 1494 2669 1547 Dei
2709 1494 2914 1562 forma,
2962 1495 3284 1548 exinanivit
3315 1511 3402 1564 se,
3439 1499 3500 1550 ut
3546 1496 3795 1552 formam

2115 1581 2448 1651 susciperet
2478 1582 2734 1635 hominis
2757 1583 3041 1654 (I’bilipp.
3069 1601 3128 1651 ιι,
3162 1583 3314 1653 6,7),
3340 1600 3515 1655 quam
3548 1601 3793 1655 operum

2115 1685 2358 1724 suorum
2409 1671 2792 1741 locupletaret
2830 1672 3170 1726 virtutibus.
3221 1672 3308 1726 Tu
3355 1689 3500 1745 ergo
3541 1673 3788 1743 spolias,

2044 1775 2288 1854 Bquem
2346 1759 2621 1814 Christus
2678 1760 2911 1815 induit?
2955 1761 3042 1815 'I‘u
3084 1761 3277 1830 exuis,
3329 1777 3503 1832 quem
3553 1764 3793 1818 vestivit

2111 1848 2432 1903 Christus?
2463 1849 2590 1902 I-Ioc
2641 1851 2796 1903 enim
2842 1851 2995 1922 agis,
3043 1851 3276 1921 quando
3325 1851 3568 1906 alterius
3612 1851 3790 1907 detri-

2111 1939 2308 1992 mento
2336 1941 2435 1992 tua
2466 1938 2772 1993 commoda
2803 1955 3023 2010 augere
3058 1940 3310 2009 expetis.

2183 2044 2269 2098 16.
2311 2043 2656 2114 Considera,
2692 2060 2725 2099 o
2760 2045 2954 2112 homo,
2997 2046 3154 2100 unde
3182 2062 3397 2102 nomen
3428 2047 3782 2118 sumpseris,

2109 2131 2182 2186 ab
2214 2132 2388 2186 humo
2421 2133 2640 2203 utique,
2677 2149 2808 2203 quae
2831 2133 2975 2187 nihil
3000 2135 3274 2205 cuiquam
3306 2135 3497 2205 eripit,
3531 2137 3638 2190 sed
3661 2152 3786 2190 om-

2108 2221 2204 2275 nia
2235 2222 2484 2293 largitur
2514 2221 2811 2290 omnibus,
2833 2226 2888 2275 et
2919 2223 3193 2277 diversos
3227 2224 3284 2278 in
3314 2239 3488 2278 usum
3523 2225 3782 2278 omnium

2106 2311 2487 2364 animantium
2539 2311 2767 2364 fructus
2813 2311 3124 2366 ministrat.
3178 2312 3316 2366 Inde
3357 2312 3646 2382 appellata
3675 2312 3784 2366 hu-

2107 2401 2358 2454 manitas
2389 2400 2669 2470 specialis
2691 2404 2747 2454 et
2768 2399 3091 2454 domestica
3120 2400 3310 2455 virtus
3343 2401 3623 2472 hominis,
3645 2417 3778 2473 quae

2113 2491 2446 2542 consortem
2469 2488 2728 2559 adjuvet.

2186 2585 2271 2639 17.
2314 2586 2447 2655 Ipsa
2469 2590 2524 2640 te
2555 2586 2761 2640 doceat
2791 2586 2978 2640 forma
3008 2587 3091 2641 tui
3125 2588 3395 2658 corporis
3425 2587 3558 2658 (‘78),
3591 2603 3780 2642 mem-

2108 2674 2470 2744 brorumque
2509 2690 2679 2728 usus.
2730 2675 3028 2746 Numquid
3064 2677 3392 2732 membrum
3419 2680 3582 2731 tuum
3632 2677 3781 2732 alte-

2107 2763 2236 2818 rius
2269 2763 2516 2817 membri
2549 2763 2743 2818 ofﬁcia
2784 2765 2900 2818 sibi
2938 2765 3214 2835 vindicat,
3260 2769 3358 2820 aut
3405 2765 3616 2820 oculus
3647 2765 3782 2820 offl-

2109 2853 2264 2906 cium
2297 2853 2441 2920 oris,
2480 2855 2578 2906 aut
2618 2869 2686 2907 os
2719 2853 2872 2908 oculi
2915 2854 3174 2908 ofﬁcium
3211 2855 3329 2908 sibi
3375 2855 3651 2923 vindicat,
3683 2857 3784 2908 aut

2106 2958 2317 2995 manus
2347 2941 2561 3011 pedum
2585 2943 2999 3012 ministerium,
3020 2946 3118 2998 aut
3148 2959 3255 3014 pes
3285 2959 3562 2998 manuum
3580 2946 3608 2998 ἱ)
3631 2942 3783 3008 Quid

2109 3031 2280 3084 etiam
2311 3031 2458 3100 ipsae
2482 3047 2691 3085 manus
2715 3032 2955 3086 dextera
2987 3047 3054 3086 ac
3087 3033 3330 3086 sinistra
3353 3032 3659 3103 dispertita
3679 3031 3787 3086 ha-

2041 3118 2247 3214 Cbent
2279 3118 2473 3214 officia
2504 3119 2807 3190 pleraque,
2832 3123 2894 3174 ut
2924 3121 2976 3174 si
3004 3137 3178 3174 usum
3212 3125 3539 3175 commutes
3571 3120 3788 3175 utrius-

2107 3223 2242 3278 que,
2275 3207 2594 3262 adversum
2625 3213 2892 3262 naturam
2923 3210 3019 3279 sit,
3053 3209 3338 3280 priusque
3373 3212 3556 3263 totum
3588 3209 3783 3263 homi-

2106 3313 2240 3351 nem
2287 3312 2492 3367 exuas,
2529 3313 2701 3368 quam
2748 3298 3142 3352 membroram
3177 3302 3408 3352 tuorum
3453 3297 3783 3352 ministeria

2109 3389 2458 3440 convertas:
2502 3387 2555 3440 si
2585 3391 2684 3441 aut
2718 3387 2789 3441 de
2831 3388 3074 3441 sinistra
3105 3387 3300 3441 cibum
3331 3402 3650 3459 suggeras,
3685 3388 3784 3440 aut

2106 3475 2177 3529 de
2200 3475 2441 3529 dextera
2473 3475 2742 3548 fungaris
2761 3477 3088 3531 ministerio
3113 3477 3394 3545 sinistrae,
3418 3479 3480 3530 ut
3497 3475 3782 3547 reliquias

2107 3563 2373 3618 ciborum
2405 3564 2612 3618 abluas
2645 3565 2762 3618 nisi
2794 3565 2943 3619 forte
2975 3569 3182 3635 poscat
3211 3565 3564 3620 necessitas.

2178 3670 2262 3724 18.
2307 3671 2492 3742 Finge
2543 3671 2694 3724 hanc
2725 3676 2781 3726 et
2820 3672 2892 3725 da
2940 3672 3110 3727 oculo
3143 3672 3439 3741 virtutem,
3483 3674 3546 3726 ut
3587 3673 3783 3742 possit

2107 3759 2416 3814 detrahere
2465 3775 2710 3814 sensum
2759 3761 2952 3831 capiti,
3005 3761 3266 3816 auditum
3310 3761 3576 3831 auribus,
3636 3761 3780 3826 112

2106 3852 2284 3903 menti
2319 3849 2728 3921 cogitationes,
2755 3849 3058 3904 odoratum
3077 3850 3344 3918 naribus,
3372 3849 3456 3904 ori
3481 3865 3775 3920 saporem,

2105 3940 2160 3992 et
2202 3937 2318 3991 sibi
2360 3938 2622 3992 conferat
2657 3953 2669 3992 :
2716 3953 2909 3992 nonne
2942 3954 3173 3992 onmem
3223 3942 3439 3992 statum
3488 3938 3781 3994 dissolvet

2105 4029 2374 4081 naturae?
2419 4026 2586 4080 Unde
2634 4027 2878 4096 pulchre
2928 4027 3251 4096 Apostolus
3307 4028 3431 4082 ait:
3475 4027 3545 4082 Si
3595 4034 3778 4083 totum

2105 4132 2320 4186 corpus
2349 4115 2572 4184 oculus,
2607 4116 2714 4168 ubi
2742 4116 3030 4170 auditus?
3061 4116 3130 4170 Si
3165 4121 3346 4170 totum
3389 4117 3651 4186 auditus,
3676 4117 3783 4172 ubi

2107 4203 2464 4274 odoratus(1
2483 4204 2617 4259 Cor.
2638 4221 2740 4274 xu,
2777 4205 2863 4274 17)
2884 4208 2912 4259 ‘2
2940 4205 3158 4260 Omnes
3180 4221 3325 4277 ergo
3352 4221 3532 4260 unum
3562 4221 3778 4276 corpus

2105 4309 2315 4348 sumus
2347 4297 2402 4348 et
2437 4293 2673 4347 diversa
2706 4294 2988 4364 membra,
3032 4295 3136 4348 sed
3169 4295 3367 4348 omnia
3406 4294 3637 4364 corpori
3669 4309 3778 4347 ne-

2105 4383 2364 4438 cessaria
2405 4399 2417 4437 :
2457 4398 2575 4436 non
2631 4383 2786 4438 enim
2817 4386 3011 4453 potest
3041 4383 3368 4437 membrum
3403 4382 3474 4436 de
3513 4381 3776 4436 membro

2104 4472 2300 4526 dicere
2333 4471 2466 4541 (79).
2506 4473 2637 4526 Non
2670 4488 2736 4526 es
2769 4472 2910 4526 mihi
2954 4470 3382 4526 necessarium.
3420 4469 3569 4533 Quin
3603 4470 3778 4524 etiam

2103 4563 2231 4631 ipsa
2262 4577 2394 4632 quae
2425 4561 2699 4615 videntur
2740 4561 3061 4614 infirmiora
3091 4559 3352 4612 membra
3385 4574 3543 4628 esse,
3595 4559 3776 4614 multo

2103 4652 2296 4721 magis
2356 4649 2694 4703 necessaria
2743 4652 2918 4716 sunt,
2971 4652 3027 4702 et
3085 4647 3371 4717 majorem
3427 4648 3775 4720 plerumque

2097 4739 2294 4792 tuendi
2331 4755 2397 4792 se
2429 4738 2735 4808 requirunt
2766 4736 3244 4791 sollicitudinem.
3272 4735 3340 4790 Et
3372 4737 3584 4808 siquid
3619 4738 3776 4793 dolet

2095 4827 2422 4882 membrum
2457 4843 2656 4895 unum,
2697 4826 3130 4896 compatiuntur
3159 4825 3212 4880 ei
3245 4826 3508 4880 membra
3553 4827 3768 4880 omnia.

2167 4917 2252 4970 19.
2299 4915 2465 4970 Unde
2498 4931 2673 4986 quam
2704 4931 2886 4987 grave
2930 4917 3022 4969 est
3051 4918 3113 4968 ut
3142 4914 3520 4969 detrahamus
3549 4915 3773 4986 aliquid

2095 5005 2168 5075 ei,
2213 5005 2306 5059 cui
2339 5020 2449 5058 nos
2483 5004 2732 5074 compati
2763 5006 2991 5074 oportet
3029 5019 3041 5058 :
3079 5007 3135 5058 et
3167 5003 3262 5058 cui
3293 5003 3579 5058 debemus
3625 5019 3772 5059 con-

2093 5149 2226 5203 dam
2256 5147 2666 5202 coustituenda
2699 5150 2808 5216 est,
2839 5169 2858 5194 n
2879 5149 2988 5201 etc.
3024 5145 3095 5200 Et
3125 5145 3297 5212 infra,
3331 5145 3432 5199 lin.
3465 5145 3527 5199 21
3559 5161 3570 5200 :
3609 5167 3631 5196 ι
3656 5146 3767 5201 De-

2089 5221 2322 5274 trahere
2357 5220 2537 5290 igitur
2557 5218 3069 5290 aliquidalteri,et
3093 5217 3410 5290 hominem,
3441 5241 3460 5262 η
3497 5221 3608 5290 etc.

2161 5292 2272 5360 ('78)
2310 5287 2430 5344 Cie.
2467 5291 2567 5343 lib.
2595 5287 2859 5343 ιιι-(Νῆα.
2894 5306 2949 5358 p.
2978 5289 3100 5342 390.
3135 5289 3236 5342 lin.
3267 5289 3338 5360 27
3383 5303 3395 5341 :
3444 5308 3464 5360 ς
3505 5287 3577 5360 L't
3608 5287 3764 5341 enim

2089 5363 2140 5416 si
2174 5358 2632 5432 unumquodque
2657 5361 2979 5414 membrum
3003 5374 3246 5412 sensum
3267 5358 3422 5412 hunc
3447 5358 3706 5424 haberet,
3733 5380 3754 5403 ιν

2088 5438 2198 5488 etc.

2157 5505 2268 5574 (79)
2312 5504 2461 5558 Edit.
2499 5519 2566 5557 ac
2598 5502 2770 5573 pauci
2811 5517 2982 5572 mss.,
3017 5500 3345 5556 membrum
3376 5496 3639 5552 membro
3669 5496 3758 5552 di-

2086 5591 2259 5632 cere:
2293 5575 2427 5631 Νοη
2460 5581 2552 5630 est
2573 5574 2738 5641 mibi,
2773 5575 2885 5628 etc.
