4128 6132
319 257 440 329 159

1757 249 1822 314 S.
1869 243 2313 313 AMBROSII.

3663 231 3783 297 160

321 464 571 523 sortium
603 461 932 531 ministerii,
965 461 1019 517 ei
1063 459 1256 515 fraudi
1285 459 1342 514 et
1379 472 1552 513 noxae
1585 450 1808 509 simus!
1843 451 1987 506 Haec
2017 430 2076 492 Α
2101 447 2287 503 Debet
2305 444 2464 501 istud
2493 445 2625 515 ipso
2650 445 2874 498 naturae
2894 439 3050 512 jure.
3076 437 3244 504 Quod
3277 437 3326 492 si
3360 451 3476 491 non
3499 434 3637 488 licet
3659 447 3777 487 non

321 556 522 626 utique
553 553 650 608 lex
688 555 911 606 naturae
945 553 1054 621 est,
1089 566 1222 622 qua:
1252 565 1362 604 nos
1404 547 1476 601 ad
1509 560 1739 601 omnem
1769 542 1988 597 astrin-

326 644 410 716 git
457 641 902 710 humanitatem,
962 644 1024 695 ut
1069 641 1216 694 alter
1273 637 1436 693 alteri
1492 639 1768 706 tanquam
1813 631 1989 686 unius

325 733 526 802 partes
559 731 826 800 corporis
860 729 1110 784 invicem
1140 729 1496 783 deferamus.
1528 725 1650 779 Nec
1682 721 1992 778 detrahen-

325 819 464 874 dum
485 819 804 890 quidquam
833 823 1127 889 putemus,
1162 833 1293 872 cum
1313 818 1514 870 contra
1545 816 1768 868 naturae
1800 811 1994 881 legem

328 908 406 962 sit
435 924 553 962 non
591 906 823 978 juvare.
865 908 964 963 Sic
1001 907 1155 962 enim
1205 905 1506 960 nascimur
1535 906 1596 958 ut
1626 899 1995 956 consentiant

327 997 591 1051 membra
639 996 920 1050 membris
966 1001 1022 1050 et
1069 995 1315 1049 alterum
1360 993 1526 1047 alteri
1574 991 1888 1056 adhaereat,
1939 988 1996 1040 ct

328 1085 732 1156 obsequantur
760 1085 876 1140 sibi
905 1088 1104 1140 mutuo
1144 1083 1491 1138 ministerio.
1535 1079 1701 1146 Quod
1731 1078 1784 1132 si
1814 1091 1994 1131 unum

329 1174 483 1228 desit
515 1174 711 1229 officio
757 1191 888 1242 suo,
936 1174 1326 1244 impediantur
1373 1175 1585 1226 caetera
1611 1186 1622 1224 :
1647 1172 1709 1224 ut
1740 1167 1792 1221 si
1829 1168 1996 1220 eruat

327 1263 563 1317 oculum
585 1265 1034 1334 manus,'nonne
1053 1263 1164 1317 sibi
1185 1263 1384 1333 operis
1407 1261 1503 1315 sui
1526 1275 1697 1314 usum
1721 1255 1995 1327 negavit?

331 1350 390 1404 Si
423 1351 633 1420 pedem
671 1352 956 1422 vulneret,
993 1355 1340 1423 quantorum
1381 1350 1497 1404 sibi
1527 1350 1759 1402 actuum
1796 1343 1994 1416 profe-

330 1442 488 1494 ctum
509 1440 826 1496 inviderit?
859 1441 928 1496 Et
947 1444 1162 1513 quanto
1197 1440 1440 1512 gravius
1470 1442 1562 1494 est
1591 1439 1773 1492 totum
1801 1433 1996 1488 homi-

329 1543 465 1583 nem
485 1545 659 1600 quam
681 1545 862 1584 unum
893 1531 1220 1584 membrum
1251 1528 1526 1584 detrahi?
1549 1527 1677 1582 Jam
1706 1525 1760 1580 si
1782 1523 1839 1578 in
1878 1537 1995 1577 uno

331 1617 594 1672 membro
626 1620 808 1672 totum
837 1635 1054 1690 corpus
1087 1619 1356 1688 violatur,
1393 1617 1590 1688 utique
1623 1616 1681 1668 in
1723 1629 1839 1668 uno
1886 1612 1996 1666 bo-

2101 537 2260 606 dare,
2281 534 2574 606 quomodo
2594 533 2900 588 detrahere
2925 531 3104 584 licet?
3126 528 3249 582 Nec
3269 527 3416 596 ipsae
3435 525 3604 606 leges
3635 524 3667 584 1
3686 523 3777 585 13

2099 632 2212 671 nos
2243 603 2455 670 docent
2485 613 2596 684 (84)
2618 614 2645 668 ?
2677 628 2742 666 ea
2775 627 2906 682 quae
2939 609 3199 664 detracta
3243 609 3381 660 sunt
3411 603 3606 671 alicui,
3644 617 3778 656 cum

2099 705 2316 776 injuria
2338 719 2632 775 personae,
2657 704 2756 754 aut
2787 701 2871 754 rei
2895 698 3085 769 ipsius
3122 695 3375 764 cumulo,
3415 691 3646 748 restitui
3673 689 3777 762 ju-

2099 795 2268 862 bent;
2301 808 2417 864 quo
2454 791 2644 846 furem
2692 805 2724 842 a
2765 786 3148 856 detrahendo,
3195 788 3294 838 aut
3340 781 3533 854 pomis
3581 779 3779 834 deter-

2101 886 2287 952 reant,
2313 884 2410 936 aut
2434 880 2612 935 multa
2636 880 2936 934 revocent.

2172 987 2260 1043 2'2.
2304 988 2463 1042 Pone
2495 989 2688 1040 tamen
2729 984 2886 1055 quod
2936 981 3150 1053 aliquis
3182 979 3375 1050 possit
3424 980 3522 1031 aut
3552 991 3778 1046 paenam

2101 1093 2221 1134 non
2249 1077 2473 1144 timere,
2517 1077 2616 1128 aut
2663 1073 2862 1128 multae
2902 1071 3147 1126 illudere
3182 1067 3506 1138 :numquid
3537 1065 3782 1138 dignum

2103 1169 2196 1222 est
2243 1169 2304 1220 ut
2333 1163 2512 1236 aliqui
2553 1163 2720 1218 alteri
2760 1161 3066 1216 detrahant
3100 1157 3258 1228 (85)?
3288 1155 3515 1212 Servile
3547 1155 3661 1208 hoc
3699 1152 3786 1206 vi-

2100 1255 2266 1323 tium,
2302 1258 2358 1310 et
2389 1253 2674 1308 familiare
2720 1251 2939 1306 ultimae
2981 1245 3330 1314 conditioni;
3384 1244 3530 1298 adeo
3581 1245 3784 1297 contra

2105 1347 2392 1412 naturam,
2425 1346 2486 1396 ut
2507 1341 2702 1412 inopia
2731 1339 2922 1411 magis
2957 1337 3069 1392 hoc
3102 1339 3456 1406 extorquere
3488 1332 3776 1396 videatur,

2104 1449 2280 1504 quam
2336 1435 2542 1486 natura
2597 1429 2870 1484 suadere.
2923 1426 3244 1481 Servorum
3292 1427 3487 1476 tamen
3548 1419 3776 1475 occulta

2105 1521 2278 1590 furta,
2312 1520 2557 1575 divitum
2587 1519 2809 1589 rapinae
2833 1515 3107 1586 publicae.

2176 1629 2264 1683 23.
2307 1627 2454 1692 Quid
2498 1629 2692 1680 autem
2741 1629 2856 1678 tam
2905 1625 3108 1678 contra
3159 1623 3425 1674 naturam
3463 1615 3575 1686 (86)
3606 1629 3782 1686 quam

327 1705 484 1759 mine
509 1707 840 1762 communio
879 1709 1058 1762 totius
1090 1706 1466 1762 humanitatis
1499 1703 1777 1772 solvitur;
1807 1701 1996 1756 viola-
2025 1729 2078 1790 Β
2106 1717 2330 1772 violare
2359 1717 2607 1770 alterum
2635 1719 2716 1768 tu,
2755 1711 3048 1768 commodi
3080 1723 3299 1777 causa;
3335 1722 3467 1761 cum
3514 1721 3622 1776 pro
3655 1719 3784 1757 om-

327 1795 425 1848 tur
479 1796 686 1849 natura
732 1797 974 1868 generis
1025 1797 1263 1851 humani
1288 1797 1419 1865 ('80),
1453 1798 1509 1848 et
1541 1797 1761 1848 sanetae
1793 1791 1997 1868 Eccle-

330 1882 440 1937 siae
472 1886 878 1956 congregatio,
926 1902 1058 1957 quae
1089 1886 1146 1939 in
1179 1901 1358 1939 unum
1409 1898 1738 1938 connexum
1779 1867 1996 1950 corpus

329 1973 502 2041 atque
535 1977 901 2042 compactum
934 1977 1153 2028 unitate
1194 1974 1324 2028 fidei
1359 1977 1412 2028 et
1445 1972 1746 2026 charitatis
1789 1984 2000 2022 assur-

329 2059 417 2132 git
449 2059 760 2116 :Christus
799 2079 1033 2134 quoque
1074 2063 1380 2132 Dominus,
1431 2061 1528 2133 qui
1563 2076 1668 2131 pro
1701 2057 2000 2114 universis

330 2151 598 2294 auertuus
631 2155 740 2222 est,
783 2154 1115 2230 mercedem
1160 2152 1472 2225 sanguinis
1519 2151 1614 2204 sui
1661 2150 2003 2204 evacuatam

372 2237 570 2294 olebit.

372 2237 570 2296 olebit.

401 2346 490 2405 20.
532 2349 714 2416 Quid!
752 2353 908 2424 quod
940 2355 1112 2409 etiam
1143 2354 1268 2424 ipsa
1303 2353 1397 2406 lex
1431 2347 1657 2404 Domini
1692 2347 1844 2400 hanc
1884 2343 2004 2396 for-

331 2451 486 2491 mam
534 2441 844 2496 tenendam
887 2443 1090 2497 edocet
1121 2443 1252 2512 (81),
1303 2445 1365 2496 ut
1407 2439 1549 2494 nihil
1601 2436 1765 2490 alteri
1813 2433 2005 2486 detra-

330 2523 460 2594 has,
495 2528 579 2580 tui
611 2531 901 2585 commodi
941 2533 1217 2586 servandi
1250 2531 1456 2603 gratia,
1493 2543 1626 2582 cum
1649 2524 1786 2578 dicit
1821 2537 1832 2576 :
1871 2520 2005 2574 Non

334 2614 674 2672 transferas
716 2620 1040 2691 terminos,
1087 2636 1226 2692 quos
1281 2621 1619 2674 statuerunt
1665 2618 1873 2686 patres
1920 2613 2009 2670 tui

335 2700 544 2770 (Prov.
577 2722 722 2776 χχιι,
759 2707 880 2777 28);
921 2725 1051 2763 cum
1082 2709 1328 2762 vitulum
1376 2708 1669 2760 errantem
1693 2700 1893 2756 fratris
1925 2697 2007 2751 tui

332 2791 735 2850 reducendum
779 2798 1047 2868 praecipit
1085 2797 1300 2867 (Exod.
1335 2813 1500 2864 xxm,
1534 2795 1608 2861 4),
1645 2807 1778 2846 cum
1820 2789 2008 2842 furem

333 2881 486 2935 mori
518 2881 690 2954 jubet
735 2887 952 2954 (Exod.
999 2905 1144 2952 xxu,
1190 2887 1268 2955 2),
1322 2901 1455 2940 cum
1506 2885 1661 2937 vetat
1715 2890 2013 2934 mercena-

335 2967 487 3025 rium
524 2972 719 3028 debita
751 2976 1021 3031 mercede
1055 2976 1334 3044 fraudari,
1373 2990 1505 3028 cum
1535 2970 1845 3042 pecuniam
1877 2967 2007 3021 sine

334 3060 538 3115 usuris
570 3064 910 3119 reddentam
945 3065 1176 3120 censuit
1206 3065 1424 3135 (Lerit.
1468 3079 1592 3129 χιχ,
1627 3060 1739 3129 t3).
1774 3057 2006 3112 Subve-
2045 3051 2096 3113 C

328 3147 456 3204 nire
487 3151 645 3206 enim
673 3171 792 3209 non
823 3155 1058 3209 habenti
1090 3153 1466 3209 humanitatis
1497 3155 1621 3206 est:
1656 3147 1886 3203 duritiae
1905 3161 2006 3198 au-

329 3238 449 3292 tem
469 3239 604 3310 plus
637 3247 990 3315 extorquere
1013 3261 1188 3315 quam
1217 3243 1453 3298 dederis
1485 3240 1680 3311 (Deut.
1701 3253 1866 3303 χχιιι,
1896 3233 2005 3300 l9).

337 3324 566 3382 Etenim
599 3329 649 3384 si
689 3331 820 3386 ideo
849 3333 1067 3388 auxilio
1098 3337 1198 3387 tuo
1230 3333 1339 3387 erit
1369 3346 1518 3401 opus
1559 3325 1690 3398 (8?),
1725 3326 1857 3398 quia
1889 3339 2007 3378 non

341 3413 545 3472 habuit
591 3420 746 3474 unde
785 3421 856 3475 de
913 3439 1022 3476 suo
1067 3422 1356 3488 redderet,
1401 3433 1594 3473 nonne
1629 3416 1868 3486 impium
1915 3416 2008 3468 est

333 3505 396 3558 ut
435 3507 549 3562 sub
597 3509 974 3565 humanitatis
1008 3511 1382 3565 simulatione
1410 3507 1662 3578 amplius
1693 3505 1765 3560 ab
1805 3519 1874 3559 eo
1905 3519 2006 3574 po-

334 3606 494 3666 seas,
519 3598 618 3670 qui
653 3615 768 3654 non
793 3601 1044 3654 habebat
1076 3601 1228 3655 unde
1251 3601 1446 3654 minus
1465 3597 1762 3652 solveret?
1792 3592 2006 3646 Absol-

329 3685 425 3740 vis
461 3687 642 3760 igitur
681 3689 850 3746 alteri
881 3690 1226 3758 debitorem,
1262 3691 1324 3743 ut
1373 3687 1734 3742 condemnes
1764 3683 1869 3736 tibi
1905 3696 1916 3736 :
1951 3682 2008 3734 et

329 3775 483 3832 hanc
514 3777 932 3834 humanitatem
983 3794 1184 3860 vocas,
1239 3777 1336 3832 ubi
1384 3781 1477 3830 est
1525 3772 1850 3845 iniquitatis
1898 3786 2006 3825 au-

337 3865 452 3920 ctio
485 3867 638 3938 (83)?
1140 3933 1144 3936 _

402 3972 489 4028 21.
532 3974 659 4029 Hoc
697 3978 1051 4046 praestamus
1100 3975 1334 4029 caeteris
1384 3969 1810 4038 animantibus,
1849 3965 2005 4038 quod

330 4061 442 4116 alia
473 4079 691 4135 genera
713 4065 1091 4119 animantium
1125 4063 1396 4118 conferre
1425 4061 1646 4132 aliquid
1677 4059 1953 4112 nesciunt
1995 4051 2008 4091 τ

332 4150 476 4208 ferae
524 4157 716 4208 autem
765 4154 1038 4224 eripiunt,
1083 4153 1351 4208 homines
1396 4150 1678 4204 tribuunt.
1737 4146 1901 4200 Unde
1957 4152 2014 4203 9t

330 4239 647 4296 Psalmista
685 4243 762 4296 ait
796 4259 806 4298 :
844 4243 1048 4297 Justus
1091 4243 1430 4309 miseretur,
1472 4245 1529 4292 et
1574 4236 1788 4291 tribuit
1819 4233 1994 4306 (l’sal

331 4347 534 4400 xxxvx,
586 4331 696 4402 ‘21).
739 4333 884 4386 Sunt
915 4335 1108 4386 tamen
1139 4331 1356 4402 quibus
1406 4332 1461 4382 et
1505 4327 1647 4380 ferae
1681 4315 2010 4400 conferant:

2109 1807 2287 1861 nibus
2333 1803 2764 1865 excubandum,
2815 1800 3158 1856 subeundas
3205 1795 3533 1862 molestias,
3584 1793 3784 1847 susci-

2109 1894 2388 1965 piendum
2437 1893 2699 1947 laborem
2748 1889 3033 1944 naturalis
3089 1885 3338 1941 affectus
3383 1881 3786 1955 persuadeat:

2113 1987 2170 2038 et
2200 1983 2526 2055 gloriosum
2578 1980 2894 2050 unicuique
2927 1979 3193 2043 ducatur,
3244 1975 3295 2029 si
3340 1971 3624 2044 periculis
3655 1985 3794 2039 pro-

2112 2073 2259 2144 priis
2293 2075 2516 2142 quaerat
2566 2069 2982 2124 universorum
3021 2063 3498 2134 tranquillitatem
3545 2076 3556 2114 :
3609 2058 3792 2112 multo

2115 2161 2232 2216 sibi
2262 2159 2674 2230 unusquisque
2713 2157 3032 2211 arbitretur
3069 2155 3296 2226 gratius
3330 2150 3557 2205 excidia
3589 2147 3794 2218 patriae

2115 2249 2432 2319 repulisse,
2478 2263 2651 2318 quam
2689 2245 2925 2316 propria
2971 2241 3264 2314 pericula;
3293 2238 3792 2310 praestantiusun

2119 2353 2257 2392 esse
2289 2337 2586 2399 existimet
2607 2335 2765 2406 quod
2796 2349 3034 2405 operam
3066 2347 3234 2385 suam
3265 2329 3469 2400 patriae
3493 2325 3793 2396 impende-

2119 2429 2213 2496 rit,
2235 2443 2410 2498 quam
2441 2427 2493 2480 si
2515 2427 2574 2480 in
2598 2426 2714 2480 otio
2739 2424 2970 2494 positus
2992 2419 3368 2492 tranquillam
3389 2415 3564 2470 vitam
3589 2413 3796 2483 volup-

2120 2519 2302 2570 tatum
2333 2515 2521 2584 copiis
2553 2515 2792 2568 functus
2825 2511 3072 2583 egisset.

2761 2652 3012 2708 CAPUT
3053 2651 3149 2704 ιν.

2131 2780 2248 2837 Ubi
2277 2781 2528 2836 strictus
2577 2783 2874 2834 ostensum
2923 2781 3014 2832 est
3061 2791 3189 2831 eum
3234 2773 3334 2846 qui
3374 2770 3659 2846 commodi
3702 2767 3798 2822 sui

2195 2869 2369 2930 causa
2399 2857 2604 2930 noceat
2627 2851 2828 2930 alteri,
2851 2865 2968 2930 μνᾶ
2983 2863 3090 2928 νος.
3116 2845 3497 2930 coiiscieutiee
3526 2858 3647 2897 suae
3671 2856 3794 2930 μω]

2196 2941 2304 2979 uas
2323 2923 2624 2991 luiturum,
2659 2910 2962 2992 colligatur
2990 2918 3090 2973 uni
3123 2917 3264 2972 utile
3285 2914 3441 2992 nihil
3461 2929 3616 2980 esse,
3646 2910 3796 2992 quod

2195 2995 2404 3050 itidem
2428 3010 2540 3048 non
2576 2987 2656 3047 sit
2687 2987 2956 3046 omnibus
2989 3004 3001 3044 ε
3037 2996 3211 3060 atque
3243 2987 3388 3042 adeo
3418 2987 3740 3060 propositae
3762 2997 3794 3034 a

2189 3065 2562 3138 pliilOSOp/iis
2577 3063 2653 3138 de
2687 3062 2997 3138 nardi-agis
3027 3053 3253 3138 duobus
3271 3053 3580 3138 quzestioni
3608 3053 3793 3138 locum

2197 3123 2309 3192 Inoa
2346 3123 2480 3192 esse
2501 3135 2653 3206 apud
2677 3123 3076 3206 Christianos,
3112 3123 3324 3206 quibus
3356 3127 3568 3198 ubique
3599 3123 3794 3179 cliari-

2199 3215 2290 3263 tas
2309 3213 2482 3280 atque
2509 3205 2814 3261 humilitas
2835 3205 3189 3258 exercendae
3211 3205 3367 3254 sunt.

2195 3334 2283 3388 24.
2327 3333 2477 3388 Hinc
2509 3348 2654 3404 ergo
2686 3328 2986 3401 colligitur
3014 3326 3172 3399 quod
3203 3325 3379 3380 homo
3401 3321 3535 3394 (87),
3570 3321 3670 3392 qui
3693 3334 3794 3374 se-

2125 3423 2382 3478 cundum
2413 3424 2638 3476 naturae
2667 3419 2955 3474 formatus
2987 3420 3078 3471 est
3107 3413 3512 3480 directionem,
3544 3413 3605 3464 ut
3649 3407 3796 3463 obe-

2123 3513 2243 3566 diat
2270 3512 2344 3582 ei,
2379 3526 2594 3566 nocere
2625 3525 2742 3564 non
2770 3504 3140 3578 possitalteri
3164 3519 3176 3558 :
3203 3502 3356 3574 quod
3383 3502 3436 3555 si
3454 3499 3548 3554 cui
3567 3500 3794 3566 noceat,

2123 3604 2390 3655 naturam
2418 3599 2625 3668 violet;
2669 3612 2861 3668 neque
2889 3597 3111 3649 tantum
3141 3606 3281 3647 esse
3313 3588 3603 3644 commodi
3640 3586 3798 3658 quod

2123 3689 2375 3760 adipisci
2406 3703 2544 3743 sese
2590 3689 2770 3759 putet,
2805 3686 3084 3756 quantum
3128 3678 3506 3748 incommodi,
3539 3675 3692 3748 quod
3724 3691 3800 3730 ex

2125 3795 2196 3834 eo
2219 3779 2335 3833 sibi
2365 3776 2610 3832 accidat.
2645 3774 2788 3840 Quae
2815 3773 2969 3828 enim
3006 3785 3176 3842 poma
3215 3767 3472 3840 gravior,
3505 3780 3680 3837 quam
3712 3763 3800 3816 in-

2124 3867 2364 3922 terioris
2402 3865 2620 3920 vulnus
2667 3861 3088 3918 conscientiae?
3119 3857 3284 3923 Quod
3330 3854 3608 3910 severius
3633 3851 3799 3923 judi-

2127 3958 2304 4026 cium;
2336 3971 2510 4027 quam
2541 3952 2952 4018 domesticum,
2983 3964 3100 4020 quo
3132 3945 3544 4017 unusquisque
3575 3941 3690 3995 sibi
3708 3943 3801 3995 est

2124 4062 2288 4117 rcus,
2324 4059 2508 4116 seque
2539 4045 2667 4114 ipse
2699 4041 2896 4112 arguit
2940 4037 3097 4110 quod
3140 4035 3417 4106 injuriam
3449 4032 3614 4086 fralri
3643 4029 3798 4084 indi-

2128 4151 2244 4208 gne
2274 4134 2520 4190 fecerit?
2549 4130 2716 4196 Quod
2745 4145 2862 4182 non
2897 4125 3272 4181 mediocriter
3301 4123 3604 4193 Scriptura
3640 4135 3801 4173 com-

2128 4223 2491 4292 mendat(88)
2523 4221 2758 4275 dicens:
2785 4219 2884 4271 Ex
2911 4231 3015 4271 ore
3043 4213 3355 4268 stultorum
3383 4209 3644 4266 baculum
3665 4224 3800 4262 con-

2131 4313 2386 4369 tumeliae
2421 4312 2628 4382 (Prov.
2665 4324 2785 4376 xw,
2837 4306 2914 4376 3).
2947 4303 3198 4359 Stultitia
3227 4301 3408 4374 igitur
3450 4299 3801 4354 condemna-

332 4418 396 4474 Si
439 4421 677 4492 quidem
725 4421 1034 4476 collatione
1082 4387 1348 4474 sobolem
1396 4432 1566 4470 suam
1614 4414 1897 4480 nutriunt,
1955 4387 2016 4476 ei
2041 4420 2094 4481 D
2126 4407 2240 4474 tur,
2275 4403 2410 4475 quia
2448 4397 2857 4455 contumeliam
2905 4394 3060 4448 facit.
3097 4393 3306 4447 Nonne
3337 4390 3450 4444 hoc
3483 4387 3672 4459 magis
3703 4387 3802 4440 fu-

318 4526 477 4566 'aves
509 4511 642 4566 cibo
687 4527 796 4566 suo
836 4511 1032 4580 pullos
1070 4509 1286 4563 satiant
1323 4522 1468 4560 suos
1510 4503 1772 4560 :homini
1817 4505 2012 4556 autem

335 4600 450 4654 soli
483 4601 762 4654 tributum
793 4604 903 4669 est,
941 4603 1000 4654 ut
1039 4613 1244 4653 omnes
1277 4600 1551 4666 tanquam
1592 4609 1738 4647 suos
1783 4594 2008 4662 pascat.

407 4743 522 4826 (8.0)
559 4743 814 4826 Cic._lib.
849 4761 909 4796 ιιι
956 4741 1124 4826 orae,
1177 4756 1310 4811 pag.
1331 4739 1470 4826 .390,
1518 4737 1619 4792 lin.
1653 4736 1766 4790 32:
1805 4733 2011 4788 «Illud

335 4814 580 4887 quidem,
605 4818 808 4887 natura
831 4829 946 4887 non
979 4814 1212 4882 patitur,
1244 4835 1263 4858 υ
1292 4815 1402 4866 etc.

383 4886 514 4966 ,(81)
545 4885 716 4966 Ιὴὶἀ.)
747 4885 848 4938 lin.
871 4876 997 4966 3'7”:-
1018 4907 1038 4934 α
1087 4876 1276 4954 Atque
1305 4884 1418 4966 hoc
1451 4880 1632 4966 multo
1664 4877 1857 4966 magis
1889 4876 2012 4932 cxi-

338 4950 422 5029 git
452 4950 580 5082 ipsa:
611 4950 835 5010 natura)
866 4955 1036 5024 ratio,
1079 4950 1209 5026 (μιτό
1242 4959 1332 5009 est
1368 4954 1462 5007 lcx
1487 4953 1683 5006 divina
1715 4955 1770 5004 et
1801 4950 2010 5003 huma-

340 5045 434 5082 na.
473 5049 494 5076 ι
521 5044 551 5081 e
581 5045 631 5082 c.

340 5045 434 5083 na.
473 5049 494 5076 ι
521 5044 631 5082 etc.

406 5098 519 5169 (8‘2)
552 5100 630 5152 lla
671 5115 816 5152 mss.
853 5097 1030 5169 longe
1079 5096 1314 5166 plurimi
1361 5099 1534 5169 atque
1565 5091 2006 5169 antiquissimi:

333 5162 599 5226 nonnulli
633 5175 822 5224 tamen
846 5173 900 5223 ct
931 5162 1137 5224 omnes
1163 5169 1322 5238 edit.,
1355 5167 1410 5222 si
1440 5162 1573 5221 ideo
1604 5162 1772 5236 inops
1792 5162 2014 5216 auxilio

344 5249 439 5297 tuo
469 5243 652 5314 eguit,
679 5246 789 5314 etc.

407 5307 526 5439 (8‘13)
559 5307 704 5367 MSS.
747 5313 985 5384 aliquot,
1033 5311 1367 5384 iniquitatis
1399 5309 1570 5363 actio.
1618 5307 1811 5360 Minus
1847 5321 2010 5358 com-

407 5401 438 5439 o
483 5401 535 5439 e.

341 5401 535 5440 moue.

410 5456 522 5524 (84)
557 5456 676 5511 Cic.
708 5454 812 5509 lib.
845 5473 905 5509 ιιι
933 5453 1100 5509 Ofﬁc.
1126 5470 1262 5525 pag.
1283 5452 1406 5522 390,
1431 5451 1532 5504 lin.
1566 5449 1636 5504 36
1669 5446 1830 5502 :Hoc
1857 5446 2012 5500 enim

342 5532 611 5600 spectant
633 5528 828 5600 leges,
843 5527 953 5600 lIOO
990 5525 1204 5600 volant,
1238 5528 1349 5600 etc.

410 5599 526 5667 (85)
559 5591 729 5652 Boni.
763 5591 923 5665 edit.,
959 5596 1196 5667 utaltcr
1217 5593 1398 5667 altari
1415 5591 1713 5667 detrahat.

417 5659 528 5737 (86)
565 5669 688 5724 Cic.
719 5669 822 5724 lib.
848 5659 920 5722 ιιι
943 5665 1112 5722 Ot'lle.
1135 5680 1271 5739 pag.
1289 5663 1414 5734 890,
1440 5662 1541 5718 lin.
1564 5661 1632 5716 45
1657 5677 1669 5716 :
1707 5680 1729 5712 σι
1757 5659 2016 5734 itemque

2126 4493 2406 4566 giendum
2435 4492 2570 4561 (89),
2603 4502 2779 4559 quam
2811 4499 2992 4552 mors,
3017 4497 3192 4554 quam
3213 4478 3798 4550 dispendium,quam

2123 4583 2341 4654 inopia,
2375 4596 2549 4653 quam
2579 4576 3067 4644 exsilium,quam
3090 4570 3410 4626 debilitatis
3441 4567 3612 4622 dolor
3638 4567 3752 4636 (90)
3773 4567 3800 4618 1’

2123 4727 2315 4798 magis
2347 4727 2440 4780 est
2479 4719 2806 4778 secundum
2839 4722 3106 4772 naturam
3136 4730 3242 4786 pro
3285 4712 3563 4768 omnibus
3614 4709 3802 4784 genti-

2121 4799 2316 4943 ιιιιὲῖῖ
2559 4879 2696 4943 pag.
2743 4861 3006 4943 3ᾗ)1,“.1ὶιιἶ
3050 4859 3074 4912 1
3115 4874 3198 4943 :_«
3249 4857 3502 4943 Exque
3545 4853 3801 4910 efﬁciun-

2121 4929 2419 4996 hominem
2477 4929 2702 4990 naturae
2739 4929 3110 4990 obedientem
3152 4929 3373 4985 homini
3419 4941 3636 4982 nocere
3677 4940 3798 4979 non

2163 5028 2324 5067 OSSB.
2363 5033 2384 5058 ι)

2163 5029 2324 5067 osse.
2363 5033 2384 5058 ι»

2120 5029 2156 5084 p
2192 5083 2303 5153 (88)
2334 5082 2552 5137 Omnes
2596 5079 2732 5153 edit.
2767 5095 2835 5132 ac
2867 5075 3256 5153 pauci__ms§.,
3295 5070 3614 5153 Scriptura
3655 5083 3796 5122 con-

2122 5144 2394 5233 demnat;
2427 5152 2756 5233 elegantius
2787 5144 2980 5203 autem
3007 5145 3128 5233 alii,
3163 5144 3478 5233 Scriptura
3512 5155 3800 5233 commen-

2123 5227 2242 5281 dat.
2279 5210 2405 5281 Hoc
2446 5210 2601 5278 enim
2651 5222 2904 5276 refertur
2951 5217 3022 5271 ad
3075 5210 3464 5271 domesticum
3504 5210 3796 5283 judicium

2123 5297 2525 5358 conscientia»,
2560 5295 2630 5348 de
2661 5309 2776 5363 quo
2809 5291 3032 5362 agitur.

2191 5371 2304 5438 (89)
2343 5352 2465 5422 iac.
2501 5352 2606 5438 lib.
2632 5352 2697 5438 ιιὶ
2732 5352 2923 5427 ωηιξη
2956 5357 3253 5438 page_39_l,
3285 5356 3387 5438 li‘n.
3413 5356 3492 5438 -1”;_
3523 5377 3544 5402 ιε
3577 5353 3683 5434 Sin
3707 5352 3796 5406 fu-

2123 5423 2402 5513 giendum
2433 5439 2491 5494 id
2513 5437 2748 5513 quidem
2768 5423 2990 5513 censet,
3016 5423 3124 5486 sed
3147 5435 3202 5485 et
3224 5423 3401 5483 multo
3436 5426 3531 5480 illa
3560 5423 3788 5496 pejora,

2123 5509 2390 5579 mortem,
2424 5509 2844 5581 paupertatem,
2872 5526 2890 5552 ιι
2930 5509 3042 5558 etc.

2195 5565 2631 5656 (90—)77N6nmilli
2659 5565 2842 5646 mss.,'
2866 5591 3032 5648 quam
3057 5571 3355 5640 exsilium,
3385 5567 3689 5633 debilitas,
3713 5565 3806 5620 do-

2127 5655 2242 5713 lor.
