4128 6132
330 300 429 364 161

1215 294 1327 360 DE
1372 288 1729 361 OFFICIIS
1774 284 2387 362 MINISTRORUM
2432 294 2689 361 LIBER
2727 280 2839 360 111'.

3647 297 3767 362 162

339 504 468 570 Quis
522 505 674 559 enim
700 503 907 558 vitium
969 503 1259 574 corporis,
1311 506 1410 557 aut
1454 502 1788 575 patrimonii
1819 480 2056 557 dam-5
2090 498 2188 552 nis
2216 496 2371 552 enim
2423 497 2521 570 qui
2562 496 2777 569 gladio
2802 496 3198 567 percusserit,
3239 496 3439 567 gladio
3495 496 3758 552 ferietur

334 611 454 649 num
486 610 600 648 non
631 594 823 647 levius
878 592 1050 647 ducat
1078 594 1220 647 vitio
1271 592 1469 662 animi,
1517 595 1573 647 et
1603 593 1981 647 existimatio-

329 684 409 737 nis
440 682 742 752 dispendio
759 684 788 735 ?

401 788 536 852 114
565 795 653 852 ‘25.
714 798 928 868 Liquet
984 796 1166 869 igitur
1216 798 1329 861 (91)
1389 797 1447 849 id
1505 797 1892 867 spectandum
1922 799 1980 851 et

331 886 626 941 tenendum
658 886 935 940 omnibus
986 886 1119 955 (99.),
1166 886 1323 957 quod
1370 885 1575 940 eadem
1606 885 1980 957 singulorum

335 975 401 1029 sit
421 974 654 1041 utilitas,
680 991 813 1045 qum
832 975 910 1028 sit
939 975 1388 1029 universorum:
1424 973 1688 1045 nihilque
1707 973 1979 1045 judican-

328 1064 445 1117 dum
469 1063 626 1131 utile,
661 1063 778 1117 nisi
811 1063 967 1134 quod
1000 1063 1057 1117 in
1091 1079 1400 1117 commune
1425 1063 1637 1132 prosit.
1672 1061 1978 1126 Quomodo

325 1153 462 1207 enim
508 1154 704 1221 potest
750 1152 854 1205 uni
897 1152 1188 1222 prodesse
1238 1152 1399 1221 (93)?
1447 1150 1616 1215 Quod
1648 1151 1851 1205 inutile
1903 1151 1981 1204 sit

321 1240 598 1309 omnibus,
635 1244 833 1295 nocet.
868 1240 1010 1294 Mihi
1042 1244 1200 1295 certe
1230 1255 1349 1294 non
1380 1240 1633 1308 videtur,
1667 1240 1769 1310 qui
1800 1239 1979 1293 inuti-

322 1329 426 1383 tilis
446 1331 536 1384 est
565 1329 871 1398 omnibus,
907 1328 1025 1383 sibi
1056 1329 1222 1384 utilis
1256 1344 1395 1383 esse
1424 1344 1627 1399 posse.
1663 1328 1891 1383 Etenim
1927 1328 1981 1382 si

325 1434 425 1472 una
452 1418 547 1472 lex
579 1422 809 1473 naturae
858 1418 1154 1487 omnibus,
1189 1432 1305 1471 una
1352 1419 1553 1488 utique
1583 1417 1803 1472 utilitas
1846 1419 1981 1471 uni-

325 1522 640 1575 versorum,
674 1506 746 1560 ad
770 1506 1204 1562 consulendum
1222 1506 1424 1577 utique
1447 1505 1723 1560 omnibus
1757 1508 1982 1560 naturai

322 1595 440 1666 lege
467 1595 956 1668 constringimur.
989 1596 1122 1650 Non
1155 1599 1247 1650 est
1278 1611 1422 1667 ergo
1453 1594 1720 1667 ejusqui
1753 1595 1986 1651 consul-

323 1688 428 1738 tum
458 1685 596 1738 velit
624 1684 793 1739 alteri
840 1685 1170 1740 secundum
1200 1689 1487 1757 naturam,
1544 1699 1759 1740 nocere
1793 1684 1843 1739 ei
1876 1684 1982 1738 ad-

318 1788 517 1827 versus
548 1774 748 1845 legem
779 1777 1027 1829 naturae.

375 1880 457 1934 26.
490 1879 725 1934 Etenim
774 1881 829 1934 si
876 1881 936 1934 hi
965 1880 1064 1952 qui
1111 1880 1172 1935 in
1205 1880 1400 1935 stadio
1448 1882 1693 1935 currunt
1723 1879 1858 1950 (94),
1904 1880 1982 1933 ita
2013 1861 2069 1924 Β

322 1968 575 2024 feruntur
635 1971 956 2040 praeceptis
1016 1970 1331 2024 informari
1389 1972 1564 2041 atque
1619 1969 1854 2039 instrui,
1921 1979 1987 2030 ut

322 2059 725 2130 unusquisque
757 2059 1056 2114 celeritate
1086 2075 1204 2114 non
1237 2058 1445 2113 fraude
1477 2058 1809 2126 contendat,
1845 2074 1985 2112 cur-

324 2164 519 2219 suque,
581 2152 870 2219 quantum
932 2150 1147 2218 potest,
1181 2148 1256 2201 ad
1312 2149 1622 2201 victoriam
1680 2151 1981 2218 properet:

326 2236 694 2306 supplantare
728 2239 923 2290 autem
952 2236 1200 2290 alterum
1241 2240 1339 2290 aut
1369 2252 1547 2291 manu
1577 2236 1838 2307 dejicere
1866 2252 1984 2290 non

321 2325 494 2379 ausit:
526 2329 752 2396 quanto
786 2325 980 2397 magis
1013 2327 1072 2379 in
1105 2325 1217 2379 hoc
1250 2341 1433 2380 cursu
1462 2326 1598 2380 vitae
1630 2325 1827 2394 istius,
1854 2325 1984 2379 sine

320 2412 508 2469 fraude
530 2414 785 2469 alterius
819 2418 873 2469 et
905 2414 1458 2485 circumscriptione
1495 2415 1758 2487 gerenda
1808 2414 1985 2469 nobis

323 2502 553 2558 victoria
584 2508 683 2557 est
712 2503 828 2574 (95)
849 2506 878 2558 ?

380 2610 461 2663 27.
484 2609 774 2675 Quaerunt
792 2610 995 2681 aliqui,
1012 2610 1065 2665 si
1084 2611 1326 2681 sapiens
1345 2611 1404 2665 in
1424 2610 1735 2684 naufragio
1762 2611 1873 2681 (96)
1887 2626 1988 2681 po-

323 2698 459 2753 situs
480 2700 790 2769 insipienti
810 2699 1100 2771 naufrago
1123 2700 1380 2753 tabulam
1403 2704 1755 2771 extorquere
1768 2701 1981 2770 possit,

322 2792 501 2842 utrum
524 2789 743 2843 debeat
760 2790 790 2843 ?
812 2789 951 2842 Mihi
993 2790 1250 2860 quidem,
1268 2790 1377 2844 etsi
1401 2790 1803 2860 praestabilius
1835 2805 1986 2844 com-

328 2878 473 2931 muni
503 2878 784 2932 videatur
812 2878 949 2933 usui
997 2880 1322 2949 sapientem
1352 2879 1424 2933 de
1470 2878 1780 2949 naufragio
1810 2895 1987 2950 quam

324 2965 691 3036 insipientem
723 2967 1011 3035 evadere;
1046 2970 1239 3022 tamen
1271 2983 1391 3022 non
1441 2968 1676 3022 videtur
1704 2969 1859 3039 quod
1894 2968 1987 3021 vir

323 3052 716 3125 Christianus,
749 3059 805 3110 et
834 3055 1062 3127 justus,
1085 3061 1141 3111 et
1169 3057 1432 3127 sapiens,
1460 3073 1728 3128 quaerere
1761 3056 1879 3111 sibi
1899 3057 1987 3110 vi-

324 3148 429 3199 tam
481 3146 679 3200 aliena
709 3149 896 3199 morte
934 3146 1175 3200 debeat:
1225 3149 1422 3216 utpote
1468 3147 1569 3217 qui
1598 3148 1771 3200 etiam
1803 3148 1858 3201 si
1905 3146 1988 3199 la-

327 3237 542 3288 tronem
591 3239 886 3288 armatum
930 3234 1167 3303 incidat,
1218 3235 1526 3289 ferientem
1572 3235 1819 3290 referire
1868 3252 1987 3290 non

327 3324 504 3391 possit
561 3321 724 3393 (97);
782 3339 855 3377 ne
898 3324 1035 3378 dum
1091 3324 1342 3378 salutem
1390 3324 1669 3395 defendit,
1714 3325 1987 3394 pietatem

331 3412 700 3466 contaminet.
734 3412 818 3466 De
868 3428 984 3483 quo
1015 3414 1075 3467 in
1126 3412 1437 3484 Evangelii
1481 3413 1652 3468 libris
1682 3417 1881 3484 aperta
1932 3417 1989 3468 et

329 3501 558 3555 evidens
582 3501 881 3555 sententia
902 3504 1024 3556 est:
1058 3501 1336 3557 Reconde
1350 3501 1611 3573 gladium
1636 3508 1793 3557 tuum
1812 3523 1830 3568 ;
1863 3519 1986 3558 om-

331 3712 365 3766 b
392 3642 708 3766 (9l)tlbid.,
742 3642 845 3697 lin.
878 3642 948 3698 8:
996 3643 1166 3716 Ergo
1199 3661 1369 3698 unum
1420 3644 1599 3699 debet
1632 3661 1767 3701 esse
1798 3646 1987 3701 omni-

371 3730 448 3766 us.
480 3731 511 3766 e
541 3730 596 3766 c.

371 3730 448 3767 us.
480 3719 596 3769 etc.

391 3786 501 3855 (92)
534 3787 686 3839 Mss.
721 3785 943 3859 aliquot
974 3788 1030 3840 et
1047 3786 1183 3840 edit.
1210 3802 1439 3856 omnes,
1464 3787 1529 3841 id
1558 3788 1985 3859 expetendum;

331 3855 415 3930 alii
446 3873 564 3911 non
617 3855 838 3930 paucig
860 3858 925 3912 id
973 3855 1457 3930 exspectandum,
1508 3855 1720 3930 reliqui
1754 3855 1989 3913 tandem

333 3928 491 3981 etiam
519 3929 712 3995 multi,
759 3929 825 3983 id
851 3929 1272 3999 spectandum;
1331 3930 1488 4001 quod
1520 3928 1657 3984 aliis
1699 3935 1988 4000 prmstare

333 3999 558 4053 negabit
591 4014 786 4053 nemo.

332 4004 558 4070 negabit
591 4014 786 4053 nemo.

398 4072 505 4139 (93)
536 4070 694 4124 Edit.
729 4086 959 4139 omnes,
1011 4074 1068 4124 at
1097 4071 1270 4141 pauci
1318 4087 1425 4126 nec
1456 4088 1573 4127 non
1622 4072 1988 4127 recentiores

334 4155 491 4214 mss..
527 4143 631 4214 uni
654 4142 947 4212 prodesse
978 4144 1127 4214 quod
1158 4144 1369 4197 inutile
1408 4145 1488 4197 sit
1525 4143 1837 4198 omnibus?
1874 4143 1988 4196 Alii

334 4213 495 4286 paulo
524 4213 753 4286 plures,
789 4213 889 4267 uni
910 4213 1225 4285 prodesse,
1260 4215 1409 4286 quod
1439 4215 1711 4286 omnibus
1741 4217 1992 4269 noceat?

336 4284 569 4374 Quidam
595 4284 768 4374 etiam
787 4284 1191 4374 utrumque...
1217 4284 1366 4374 quod
1399 4285 1614 4374 inutile
1654 4297 1745 4340 εει
1776 4292 1836 4374 e‘t
1867 4301 1990 4374 om-

341 4354 503 4424 nibus
533 4356 751 4408 nocet?
792 4354 1175 4424 Aptius’vero
1224 4354 1451 4410 Thuan.
1488 4361 1549 4410 ut
1598 4357 1658 4410 in
1690 4360 1987 4411 contextu.

346 4423 549 4479 lterum
589 4430 782 4478 autem
825 4423 922 4479 ubi
947 4430 1175 4480 cunctae
1197 4427 1333 4481 edit.
1380 4444 1511 4480 cum
1544 4443 1659 4481 uno
1679 4430 1775 4480 aut
1806 4428 1991 4481 altero

348 4496 538 4569 codice
566 4495 826 4569 junioris
859 4512 1089 4564 manus,
1117 4497 1346 4552 utilitas
1376 4499 1476 4551 uni
1488 4514 1825 4561 versorum;
1846 4498 1996 4569 quod

2090 587 2328 656 (Matth.
2378 586 2683 653 xxv1,5?.).
2734 583 2879 648 Quis
2926 584 3074 638 latro
3132 585 3553 655 detestabilior,
3586 601 3762 656 quam

2090 678 2440 746 persecutor
2495 674 2595 746 qui
2649 675 2891 727 venerat
2939 675 3001 726 ut
3056 672 3356 727 Christum
3412 675 3758 729 occideret?

2091 763 2208 818 Sed
2239 763 2424 817 noluit
2464 778 2530 816 se
2570 760 2847 815 Christus
2877 764 3326 831 persecutorum
3359 762 3597 816 defendi
3626 762 3760 816 vul-

2094 867 2256 923 nere,
2291 853 2391 922 qui
2431 850 2615 905 voluit
2637 865 2746 904 suo
2771 849 3014 904 vulnere
3036 865 3243 904 omnes
3274 865 3504 905 sanare.

2158 940 2248 994 28.
2282 940 2401 994 Cur
2427 940 2581 994 enim
2600 942 2655 993 te
2678 939 2964 1009 potiorem
2986 938 3169 992 altero
3196 937 3434 1008 judices
3465 939 3596 1008 (98),
3624 955 3757 993 cum

2088 1029 2200 1082 viri
2234 1030 2312 1082 sit
2349 1027 2636 1082 Chistiani
2667 1026 2948 1096 praeferre
2981 1026 3097 1080 sibi
3148 1026 3415 1096 alterum,
3448 1027 3593 1080 nihil
3642 1027 3760 1081 sibi

2095 1132 2397 1187 arrogare,
2451 1115 2674 1169 nullum
2730 1115 2847 1168 sibi
2905 1114 3190 1168 honorem
3240 1130 3579 1183 assumere,
3642 1131 3761 1169 non

2089 1206 2394 1260 vindicare
2424 1204 2616 1258 meriti
2637 1204 2729 1257 sui
2749 1204 2998 1273 pretium
3020 1206 3048 1257 ?
3070 1203 3291 1257 Deinde
3323 1220 3430 1257 cur
3460 1219 3578 1258 non
3593 1206 3758 1257 tuum

2091 1294 2343 1348 tolerare
2361 1293 2558 1363 potius
2580 1292 2638 1345 in
2660 1292 3116 1361 incommodum,
3141 1308 3314 1363 quam
3336 1292 3593 1346 alienum
3606 1308 3759 1346 com-

2091 1382 2329 1436 modum
2352 1381 2608 1451 diripere
2626 1395 2951 1435 assuescas
2968 1381 2996 1434 ἶ)
3024 1379 3172 1445 Quid
3190 1384 3307 1434 tam
3336 1380 3629 1435 adversus
3660 1396 3763 1435 na-

2090 1474 2299 1539 turam,
2335 1486 2510 1541 quam
2540 1485 2659 1523 non
2688 1484 2826 1524 esse
2858 1472 3194 1523 contentum
3216 1485 3286 1524 eo
3318 1470 3475 1541 quod
3507 1470 3756 1542 habeas,

2090 1560 2281 1614 aliena
2310 1574 2600 1630 quaerere,
2627 1558 2851 1613 ambire
2884 1558 3132 1629 turpiter
3155 1560 3183 1612 ξ)
3213 1558 3363 1612 Nam
3389 1559 3441 1613 si
3475 1559 3760 1614 honestas

2093 1648 2423 1702 secundum
2455 1650 2742 1715 naturam,
2776 1647 2970 1701 omnia
3019 1648 3177 1701 enim
3208 1647 3349 1701 fecit
3397 1647 3553 1701 Deus
3602 1647 3761 1701 bona

2091 1737 2281 1806 valde,
2334 1736 2631 1806 turpitudo
2661 1736 2863 1806 utique
2922 1735 3215 1789 contraria
3257 1739 3369 1789 est.
3402 1735 3535 1789 Non
3566 1736 3762 1805 potest

2094 1841 2238 1897 ergo
2270 1825 2565 1880 honestati
2600 1824 2919 1879 convenire
2960 1827 3016 1878 et
3044 1823 3414 1895 turpitudini,
3467 1840 3600 1878 cum
3632 1824 3763 1878 haec

2091 1914 2245 1968 inter
2273 1930 2340 1968 se
2370 1914 2627 1968 discreta
2647 1916 2874 1967 naturai
2903 1913 3036 1984 lege
3063 1913 3200 1967 sint.

2657 2023 2690 2083 1
2709 2022 2741 2083 1
2756 2023 2801 2083 5
2846 2019 3098 2074 CAPUT
3132 2020 3199 2074 V.

2092 2136 2322 2192 Justum
2354 2136 2511 2190 nihil
2529 2151 2712 2207 agere
2734 2135 2883 2207 quod
2911 2136 2993 2189 sit
3012 2146 3217 2190 contra
3249 2134 3528 2205 alliciam,
3556 2136 3762 2207 etiam-

2165 2210 2220 2262 si
2239 2207 2465 2261 Iatendi
2494 2206 2656 2278 spem
2686 2206 2968 2278 habuerit
2992 2225 3010 2270 ;
3052 2207 3127 2260 ad
3164 2207 3275 2278 hoc
3307 2207 3495 2278 ipsum
3534 2206 3765 2278 signiti-

2166 2279 2411 2333 candum
2427 2276 2684 2331 fabulam
2700 2277 2773 2331 de
2790 2277 2980 2348 Gygis
2993 2276 3206 2330 annulo
3219 2276 3612 2348 exc'ogitatam
3628 2292 3763 2331 esse

2129 2373 2133 2377 υ
2165 2366 2197 2403 a
2222 2349 2613 2420 philosophis,
2665 2364 2772 2420 qua
2806 2347 3066 2418 ekplosa,
3115 2348 3370 2420 Davidis
3398 2363 3466 2401 ac
3514 2347 3762 2401 Joannis

2164 2418 2467 2491 Baptistae
2485 2425 2650 2474 certa
2675 2418 2739 2474 et
2759 2434 2898 2473 vera
2923 2418 3187 2489 exempla
3203 2418 3616 2489 proferuntur.

2164 2527 2253 2581 29.
2286 2526 2400 2581 Sed
2427 2525 2551 2596 jam
2583 2528 2645 2580 ut
2685 2526 2859 2580 etiam
2889 2525 2949 2579 in
2992 2524 3106 2579 hoc
3145 2524 3295 2579 libro
3327 2540 3620 2595 ponamus
3672 2524 3764 2579 fa-

2096 2616 2338 2688 stigium
2373 2616 2505 2685 (99),
2530 2616 2590 2669 in
2619 2631 2737 2686 quo
2754 2614 2917 2669 velut
2948 2615 3007 2667 in
3021 2614 3136 2669 line
3165 2614 3586 2684 disputationis
3618 2629 3767 2669 nos—

2093 2709 2201 2760 trae
2234 2705 2562 2775 dirigamus
2622 2705 2974 2758 sententiam
3017 2718 3029 2757 :
3074 2706 3138 2757 ut
3166 2703 3312 2757 nihil
3367 2703 3763 2773 expetendum

2094 2796 2191 2864 sit,
2227 2794 2342 2848 nisi
2375 2794 2533 2865 quod
2579 2792 2896 2848 honestum
2944 2791 3041 2862 (1).
3096 2792 3257 2846 Nihil
3300 2792 3424 2863 agit
3472 2792 3714 2861 sapiens
3747 2832 3763 2862 ,

2093 2884 2208 2938 nisi
2242 2884 2399 2954 quod
2423 2898 2554 2937 cum
2587 2882 2946 2949 sinceritate,
3001 2882 3131 2935 sine
3174 2881 3378 2935 fraude
3409 2882 3488 2936 sit
3523 2897 3534 2936 :
3571 2897 3764 2952 neque

2095 2973 2414 3044 quidquam
2433 2971 2592 3040 facit,
2612 2972 2672 3024 in
2694 2987 2811 3042 quo
2834 2986 2900 3025 se
2921 2971 3166 3024 crimine
3198 2985 3494 3041 quoquam
3516 2970 3761 3042 obliget,

2096 3062 2326 3116 etiamsi
2348 3061 2530 3115 latere
2553 3060 2764 3130 possit.
2787 3059 2908 3113 Sibi
2933 3059 3090 3113 enim
3120 3062 3212 3113 est
3241 3074 3380 3113 reus
3403 3059 3568 3128 prius
3588 3075 3765 3129 quam

2097 3149 2375 3204 caeteris:
2420 3163 2529 3203 nec
2578 3152 2695 3202 tam
2725 3147 2997 3217 pudenda
3055 3148 3207 3217 apud
3263 3162 3398 3201 eum
3443 3147 3763 3216 publicatio

2023 3220 2326 3310 cﬂagitii,
2360 3253 2535 3308 quam
2566 3237 2932 3291 conscientia
2986 3236 3061 3304 (2)
3105 3239 3216 3291 est.
3250 3234 3417 3299 Quod
3460 3251 3577 3290 non
3610 3236 3765 3290 fictis

2096 3328 2335 3397 fabulis,
2367 3330 2430 3380 ut
2449 3324 2792 3396 philosophi
2822 3324 3220 3394 disputabant,
3270 3324 3375 3378 sed
3427 3324 3766 3379 verissimis

2090 3416 2395 3488 justorum
2424 3415 2692 3469 virorum
2720 3413 3011 3483 exemplis
3042 3413 3257 3468 docere
3279 3428 3624 3483 possumus.

2166 3505 2257 3560 30.
2292 3505 2425 3559 Non
2457 3504 2647 3575 igitur
2675 3518 2820 3574 ergo
2853 3502 3147 3557 simulabo
3178 3505 3351 3556 terrae
3375 3501 3617 3572 hiatum,
3638 3518 3771 3573 quin

2096 3648 2180 3701 dit
2210 3646 2608 3701 Tertullianus
2641 3646 2698 3699 in
2728 3643 3041 3717 Apologet.
3078 3661 3089 3700 :
3126 3644 3459 3717 Cyprianus
3485 3646 3658 3717 epist.
3693 3644 3769 3699 ad

2097 3718 2414 3773 Thebanos
2464 3718 2601 3771 edit.
2658 3715 2979 3770 Priorianaa
3018 3716 3088 3770 56
3119 3720 3175 3770 et
3204 3717 3290 3781 5'7,
3327 3717 3399 3769 ad
3429 3715 3767 3770 Cornelium

2098 3804 2343 3861 papam;
2376 3789 2643 3861 synodus
2671 3793 2890 3861 Ancyr.
2925 3804 3053 3841 can.
3088 3788 3176 3857 22,
3219 3788 3290 3861 de
3322 3787 3639 3861 homicidio
3672 3788 3767 3841 in-

2096 3858 2449 3925 voluntario,
2486 3863 2542 3914 et
2574 3859 2831 3914 Basilius
2870 3860 3042 3929 epist.
3078 3860 3153 3913 ad
3200 3858 3570 3929 Amphiloch.
3632 3875 3761 3913 can.

2100 3934 2188 3986 11.
2224 3932 2313 3985 Ex
2341 3931 2435 3985 his
2458 3931 2615 3985 enim
2647 3930 2819 3984 facile
2843 3930 3141 4001 intelliges
3164 3929 3469 3983 doctorem
3498 3933 3764 3987 nostrum

2100 4020 2218 4058 non
2253 4003 2311 4056 in
2339 4002 2646 4056 Ciceronis
2679 4000 3055 4072 aliorumque
3085 4001 3224 4054 licet
3254 4000 3661 4054 honestiorum
3692 4001 3772 4054 in-

2100 4080 2190 4130 ter
2219 4090 2506 4145 paganos,
2533 4074 2639 4145 sed
2672 4073 2732 4126 in
2760 4071 2965 4126 eadem
2987 4071 3208 4125 Christi
3239 4072 3466 4141 schola,
3502 4087 3616 4142 qua
3637 4087 3767 4125 san-

2102 4148 2145 4201 ti
2178 4146 2258 4198 illi
2288 4144 2491 4198 Patres
2521 4144 2793 4197 edoctum
2812 4159 2970 4197 esse.

2174 4218 2285 4286 (98)
2318 4216 2486 4279 lbib.,
2513 4231 2649 4286 pag.
2674 4215 2916 4283 39l,lin.
2949 4215 3018 4268 39
3043 4230 3054 4269 :
3094 4237 3115 4261 «
3142 4214 3315 4269 Modo
3339 4214 3451 4267 hoc
3473 4213 3546 4268 ita
3570 4212 3765 4283 faciat,

2102 4292 2164 4341 ut
2195 4303 2266 4341 ne
2298 4286 2427 4357 ipse
2460 4286 2530 4340 de
2563 4302 2629 4340 se
2660 4286 2810 4340 bene
2844 4286 3212 4351 existimans,
3241 4307 3267 4357 ii
3300 4289 3409 4339 etc.

2173 4357 2286 4428 (99)
2316 4354 2561 4423 Quidam
2591 4373 2762 4429 mss_.,
2798 4357 2921 4411 Sed
2964 4373 3037 4410 ne
3054 4356 3289 4429 jarmgin
3322 4357 3430 4427 hoc
3457 4354 3619 4429 libro
3654 4369 3767 4429 po-

2103 4425 2309 4483 namus
2344 4429 2670 4482 l'astidium.
2705 4427 2827 4482 Cic.
2864 4429 2964 4482 lib.
2997 4425 3071 4480 ιη’
3094 4426 3294 4494 01770.,
3328 4441 3462 4495 pag.
3496 4425 3620 4493 392,
3654 4425 3769 4477 lin-

2102 4501 2136 4554 2
2163 4516 2174 4554 :
2205 4522 2232 4548 α
2266 4500 2381 4555 Sed
2414 4501 2690 4569 quoniam
2723 4500 2888 4569 operi
2918 4499 3259 4552 inchoato...
3293 4500 3569 4565 tanquam
3600 4496 3772 4549 fasti-

342 4567 390 4619 si
420 4584 527 4643 una
562 4567 793 4621 utilitas
824 4569 1260 4643 universorum,
1295 4569 1369 4622 ad
1408 4567 1991 4643 consulendum—etc.
2028 4578 2086 4641 ι)
2107 4573 2352 4643 gium,»
2386 4567 2496 4624 etc.

344 4640 529 4691 caeteri
563 4654 711 4691 mss.
747 4640 1017 4692 omittunt
1046 4655 1178 4709 quae
1211 4641 1602 4707 resecuimus,

406 4710 536 4777 (91).
569 4710 690 4762 Cic.
723 4709 824 4763 lib.
863 4727 922 4763 in
958 4709 1125 4763 OI'Iic.
1161 4726 1327 4781 parg.
1376 4710 1502 4778 393,
1538 4711 1638 4764 lin.
1671 4711 1774 4765 ‘26:
1828 4710 1997 4765 Scite

354 4778 780 4863 Chﬂrsippus‘...
818 4782 917 4863 qui
945 4778 1402 4863 stadia,iinquit‘,
1438 4785 1851 4863 c.ur_runt,‘etc..

412 4850 525 4917 (93)
557 4850 924 4923 SicAAmerb.
958 4868 1091 4906 cum
1123 4850 1300 4923 longe
1331 4852 1600 4921 plurimis
1631 4853 1996 4907 veterrimis-

348 4936 451 4990 que
483 4938 629 4995 mss.
654 4921 797 4995 Era.
830 4926 1027 4977 autem
1057 4926 1113 4978 et
1143 4921 1272 4994 seq.
1307 4924 1445 4978 edit.
1481 4940 1614 4978 cum
1644 4925 1797 4994 aliis,
1833 4940 1997 4995 quae-

353 4994 530 5047 renda
563 4994 750 5061 nobis,
786 4998 896 5048 etc.

418 5064 527 5131 (96)
559 5066 677 5118 Cic.
711 5065 813 5118 lib.
848 5082 907 5118 ιιι
945 5065 1135 5132 (Πήρη
1171 5082 1306 5137 pag.
1339 5066 1463 5136 391,
1497 5067 1597 5120 lin.
1650 5064 1755 5121 24:
1796 5089 1817 5112 «
1854 5065 2002 5119 For-

353 5133 505 5209 sitan
550 5137 847 5209 quispiam
872 5137 1139 5209 dixerit:
1173 5133 1412 5209 :Nonne
1445 5133 1625 5209 igitur
1682 5138 1945 5206 sapiens,
1976 5158 1996 5185 ι»
2044 5196 2053 5205 ,

355 5208 455 5277 etc.
488 5206 625 5260 ltem
656 5224 791 5277 pag.
823 5207 947 5275 409,
1000 5208 1101 5262 lin.
1135 5206 1240 5263 “.20:
1296 5232 1317 5253 «ι
1353 5211 1411 5264 Si
1444 5206 1701 5263 tabulam
1750 5210 1820 5262 de
1852 5224 1999 5262 nau-

359 5274 539 5346 fragio
572 5274 787 5331 stu—ltu's
819 5274 1153 5348 arripuerit,
1192 5303 1213 5327 ι»
1249 5284 1360 5333 etc.

421 5349 676 5425 (unum.
728 5349 830 5425 lib.
866 5366 903 5402 ιι
939 5352 1328 5425 uruc.,_pag.
1379 5350 1503 5419 376,
1558 5352 1658 5405 1m.
1715 5351 1819 5425 9.2,:
1886 5374 1905 5398 α
1943 5350 2006 5405 Si

361 5419 491 5491 quid
549 5420 891 5489 importetur
935 5419 1534 5489 nobis-incdmmodi,
1588 5423 2006 5491 propulsemus

362 5489 842 5561 ulciscamurque,
882 5514 903 5538 υ
940 5497 1052 5546 etc.
1106 5493 1245 5564 Item
1284 5510 1391 5564 pro
1425 5489 1660 5562 Milone,
1698 5489 1739 5542 “ι
1794 5493 1857 5547 Si
1888 5493 2006 5545 vita

366 5564 560 5615 nostra
604 5564 659 5615 in
698 5563 929 5633 aliquas
975 5563 1293 5620 insidias...
1329 5566 1521 5619 omnis
1568 5565 1817 5619 honesta
1859 5564 2007 5617 ratio

367 5633 929 5706 essetespediendee
974 5634 1205 5692 salutis.
1246 5660 1267 5685 η
1317 5635 1535 5692 Confer
1563 5652 1696 5691 cum
1727 5635 1836 5691 hac
1864 5636 2009 5689 Am-

363 5698 544 5765 brosii
587 5698 849 5766 doctrina
882 5720 1017 5786 quae
1058 5722 1241 5785 super
1278 5707 1487 5769 eodem
1515 5709 1863 5787 argumento
1893 5708 2011 5767 tra-

2177 4643 2251 4709 (l)
2277 4637 2500 4695 Omnes
2533 4642 2669 4695 edit.
2702 4640 2880 4694 Nihil
2907 4654 3151 4710 namque
3184 4637 3308 4710 agit
3347 4637 3608 4710 sapiens,
3651 4638 3773 4691 nisi

2147 4714 2257 4767 uod
2278 4713 2584 4767 honestum
2617 4714 2715 4776 sit,
2741 4726 2946 4764 verum
2977 4709 3110 4780 quae
3143 4709 3473 4779 omisimus,
3497 4709 3558 4762 in
3589 4710 3775 4763 omni-

2151 4801 2222 4838 us
2242 4799 2389 4837 mss.
2421 4783 2855 4836 desiderantur.
2877 4782 2998 4834 Cic.
3034 4781 3136 4834 lib.
3163 4798 3223 4852 in
3249 4780 3444 4852 Ol'lie.,
3477 4796 3612 4852 pag.
3645 4781 3772 4849 392,

2109 4856 2210 4908 lin.
2245 4854 2357 4908 33:
2411 4875 2436 4903 «
2489 4853 2883 4917 Quamobrem
2928 4853 3040 4905 hoc
3085 4850 3534 4923 deliberantium
3566 4850 3778 4923 genus

2108 4926 2361 4996 pellatur
2391 4940 2422 4977 e
2460 4924 2673 4992 medio,
2703 4947 2756 4996 ,ιχ
2787 4928 2898 4977 etc.
2919 4923 3009 4996 Et
3041 4923 3211 4996 infra,
3246 4922 3347 4996 lin.
3379 4922 3447 4975 37
3485 4938 3496 4976 :
3534 4942 3557 4970 «
3583 4926 3776 4996 Atque

2112 4993 2287 5050 etiam
2317 4996 2377 5048 in
2408 4996 2567 5049 omni
2626 4994 3047 5049 deliberatione
3099 4994 3327 5049 celandi
3357 4997 3413 5048 et
3443 4993 3777 5048 occultandi

2112 5083 2274 5135 spes,
2311 5087 2336 5117 »
2365 5070 2475 5120 etc.

2146 5084 2648 5207 Ρὲὶῗιῖοῗιῗοθάίίη
2684 5154 2848 5209 quam
2880 5137 3260 5191 conscientiae
3291 5142 3401 5190 est.
3429 5136 3598 5209 Haud
3630 5135 3777 5209 satis

2112 5213 2272 5264 recte
2299 5225 2313 5277 ;
2346 5225 2453 5263 nec
2486 5209 2641 5262 enim
2672 5207 2767 5262 hic
2808 5210 3180 5280 significatur
3221 5209 3415 5261 minus
3444 5207 3776 5280 pudendam

2114 5297 2256 5335 esse
2305 5280 2510 5351 ﬂagitii
2543 5279 3020 5350 publicationem,
3053 5296 3229 5350 quam
3262 5279 3643 5351 conscientiae
3673 5293 3780 5347 pu-

2115 5349 2511 5420 blicationem,
2545 5349 2650 5405 sed
2686 5368 2861 5422 quam
2883 5349 3304 5404 conscientiam
3332 5350 3540 5422 ipsam,
3575 5349 3633 5402 id
3663 5351 3773 5422 est,

2116 5424 2456 5477 interiorem
2487 5418 2732 5476 admissi
2756 5422 2963 5493 flagitii
2991 5418 3409 5492 cognitionem.
3432 5418 3778 5493 Infraetiam

2117 5495 2321 5549 eadem
2353 5494 2490 5548 edit.
2517 5495 2709 5564 Rom.,
2748 5488 2915 5566 quem
2972 5488 3181 5566 magna
3216 5492 3459 5566 quadam
3491 5488 3777 5566 imbrium

2118 5571 2471 5637 tempestate
2504 5560 2991 5637 texortafterram
3014 5560 3254 5637 fecisse,
3281 5561 3417 5616 etin
3440 5574 3627 5637 quem,
3664 5560 3776 5616 etc.

2117 5629 2252 5721 Sed
2274 5652 2561 5709 quorsum
2589 5651 2657 5695 ea
2712 5635 2955 5694 mutatio
3001 5636 3243 5710 spectet,
3286 5646 3406 5690 non
3435 5629 3583 5687 satis
3612 5642 3780 5709 esse.

2117 5723 2374 5791 quimur.
2818 5744 2827 5749 -
