4128 6132
267 269 388 342 163

1718 263 1788 329 S.
1831 259 2278 330 AMBROSII.

3613 259 3731 324 164

267 477 502 549 magnis
525 473 882 546 quibusdam
911 471 1241 526 dissiluerit
1272 471 1466 526 soluta
1514 468 1806 523 imbribus
1837 467 1940 538 (3),
1977 449 2042 512 Α·
2132 467 2219 521 33.
2269 467 2532 538 Denique
2581 464 2774 549 pavid
2823 480 2954 518 cum
3000 464 3234 536 fugeret
3291 479 3325 516 a
3373 462 3524 516 facie
3570 462 3734 533 regis

265 568 326 620 in
359 581 534 637 quem
570 562 962 617 descendisse
1011 561 1232 632 Gyges,
1277 563 1450 630 atque
1484 559 1564 613 ibi
1605 557 1935 612 fabularum

269 655 434 708 illum
467 651 781 723 equum(t)
814 666 1044 706 aeneum
1077 648 1399 704 oﬂ‘endisse
1431 664 1464 701 a
1493 648 1734 701 Platone
1770 645 1944 700 indu-

274 743 443 810 citur,
477 740 576 812 qui
607 741 668 794 in
716 739 1004 792 lateribus
1048 738 1176 792 suis
1224 737 1385 792 fores
1447 737 1691 790 haberet
1734 753 1746 790 :
1782 750 1932 806 quas

273 830 375 884 ubi
399 829 648 899 aperuit,
669 827 1079 881 animadverlit
1109 826 1383 880 annulam
1415 841 1658 880 aureum
1682 825 1742 878 in
1765 824 1948 895 digito

280 920 493 973 mortui
527 917 805 986 hominis,
839 915 1016 987 cujus
1049 915 1167 970 illic
1200 914 1536 969 exanimum
1559 929 1777 983 corpus
1795 911 1952 984 jace—

276 1010 385 1077 ret,
424 1007 672 1078 aurique
705 1021 948 1060 avarum
977 1005 1300 1059 sustulisse
1333 1003 1632 1057 annulum.
1667 1001 1784 1056 Sed
1816 1017 1951 1056 cum

283 1112 349 1151 se
381 1095 455 1150 ad
510 1098 784 1166 pastores
816 1093 1148 1164 recepisset
1194 1093 1398 1165 regios
1433 1093 1502 1146 de
1535 1107 1785 1162 quorum
1819 1091 1948 1160 ipse

279 1199 526 1239 numero
550 1184 720 1250 foret,
767 1199 910 1238 casu
941 1183 1216 1253 quodam,
1251 1181 1406 1252 quod
1430 1180 1622 1250 palam
1653 1179 1788 1250 ejus
1847 1195 1949 1232 an-

280 1273 407 1328 nuli
435 1272 509 1326 ad
531 1273 781 1342 palmam
806 1273 1177 1326 converterat
1195 1271 1292 1340 (5),
1313 1271 1441 1340 ipse
1465 1284 1672 1324 omnes
1691 1267 1946 1338 videbat,

278 1365 452 1433 atque
471 1377 504 1415 a
533 1362 693 1416 nullo
714 1361 1026 1416 videbatur
1051 1359 1293 1414 :deinde
1317 1375 1448 1413 cum
1470 1359 1528 1412 in
1547 1359 1742 1413 locum
1775 1373 1950 1411 suum

159 1435 200 1522 ι’
237 1513 241 1516 ,
277 1455 632 1506 revocasset
664 1450 943 1504 annulum
969 1492 984 1519 ,
1041 1449 1355 1503 videbatur
1383 1447 1455 1502 ab
1497 1447 1791 1502 omnibus.
1841 1445 1955 1500 Cu-

275 1539 380 1611 jus
411 1539 604 1594 solers
638 1539 830 1593 factus
861 1539 1162 1608 miraculi,
1206 1554 1312 1609 per
1346 1536 1542 1591 annuli
1603 1535 1950 1606 opportuni-

275 1631 456 1682 tatem
487 1629 713 1700 reginae
765 1631 970 1697 stupro
1004 1629 1246 1698 potitus,
1299 1642 1506 1680 necem
1560 1626 1689 1696 regi
1736 1623 1946 1694 intulit,

281 1716 634 1788 caeterisque
681 1717 1068 1786 interemptis,
1105 1731 1255 1786 quos
1290 1715 1592 1769 necandos
1622 1716 1948 1784 putaverat,

279 1821 354 1860 ne
396 1805 515 1860 sibi
545 1805 964 1876 impedimento
1005 1805 1218 1874 forent,
1253 1804 1454 1875 Lydiae
1486 1817 1736 1874 regnum
1766 1801 1950 1872 adep-
1985 1826 2034 1888 Β

277 1897 376 1950 tus
410 1895 521 1950 est.

353 1981 441 2038 31.
467 1983 572 2053 Da,
595 1983 802 2054 inquit,
827 1983 985 2037 hunc
1017 1982 1297 2037 annulum
1328 1980 1578 2050 sapienti
1611 1979 1706 2050 (6),
1744 1983 1804 2034 ut
1831 1979 1942 2034 be-

285 2073 498 2129 neﬁcio
529 2071 662 2144 ejus
685 2072 877 2142 possit
895 2072 1095 2139 latere,
1122 2087 1255 2126 cum
1273 2069 1584 2141 deliquerit
1617 2084 1628 2122 :
1655 2083 1774 2122 non
1791 2067 1947 2122 enim

283 2163 480 2218 minus
513 2161 700 2233 fugiet
731 2163 1107 2232 peccatorum
1131 2159 1486 2232 contagium,
1539 2174 1713 2228 quam
1753 2158 1805 2212 si
1829 2173 1948 2212 non

282 2252 478 2323 possit
508 2251 709 2304 latere.
743 2251 877 2306 Non
923 2250 1080 2305 enim
1111 2247 1612 2327 latebrasapienti
1663 2263 1805 2318 spes
1835 2246 1950 2300 im-

279 2340 584 2412 punitatis,
620 2339 728 2394 sed
757 2339 1091 2394 innocentia
1122 2341 1232 2393 est.
1267 2337 1530 2407 Deinque
1562 2336 1665 2390 lex
1692 2335 1949 2408 nonjus-

277 2436 360 2500 to,
394 2429 504 2484 sed
519 2429 743 2500 injuste
765 2429 960 2500 posita
995 2432 1085 2480 est
1116 2427 1168 2495 (1
1195 2426 1336 2480 Tim.
1370 2444 1408 2494 1,
1445 2425 1499 2494 9)
1537 2441 1551 2495 ;
1583 2425 1720 2495 quia
1743 2423 1949 2494 justus

275 2519 483 2590 legem
523 2517 699 2571 habet
729 2518 944 2570 mentis
977 2531 1124 2584 sum,
1179 2518 1236 2568 et
1283 2513 1573 2584 aequitatis
1607 2528 1675 2565 ac
1701 2511 1948 2583 justitiae

293 2621 420 2660 sum
443 2620 707 2660 normam
729 2622 739 2658 :
766 2605 1017 2674 ideoque
1039 2619 1158 2658 non
1177 2607 1403 2656 terrore
1425 2617 1616 2672 pmnae
1638 2603 1950 2655 revocatur

279 2710 313 2748 a
347 2693 537 2764 culpa,
573 2691 1021 2746 sedhonestatis
1043 2691 1270 2762 regula.

351 2801 438 2854 32.
473 2798 653 2871 Ergo,
685 2800 750 2852 ut
778 2797 850 2851 ad
880 2795 1249 2866 propositum
1277 2795 1608 2861 redeamus,
1647 2811 1765 2849 non
1789 2794 1950 2849 fabu-

275 2891 407 2946 losa
435 2904 542 2960 pro
573 2888 754 2952 veris,
791 2887 898 2942 sed
919 2901 1060 2940 vera
1082 2901 1187 2956 pro
1213 2884 1507 2938 fabulosis
1531 2885 1798 2954 exempla
1820 2900 1948 2955 pro-

273 2979 478 3035 feram.
511 2975 661 3042 Quid
691 2976 847 3031 enim
876 2975 1020 3029 mihi
1051 2990 1200 3044 opus
1224 2977 1314 3028 est
1344 2972 1569 3045 fingere
1584 2973 1804 3028 hiatum
1833 2977 1950 3028 ter-

277 3084 387 3137 rae,
419 3081 637 3139 equum
667 3081 916 3135 aeneum,
969 3064 1369 3134 annulumque
1399 3078 1642 3117 aureum
1673 3063 1732 3116 in
1761 3063 1946 3135 digito

282 3155 544 3212 defuncti
583 3156 881 3224 repertum
915 3169 928 3222 ;
970 3152 1146 3223 cujus
1178 3152 1379 3206 annuli
1407 3155 1564 3206 tanta
1603 3153 1681 3206 sit
1709 3153 1824 3220 vis,
1885 3155 1948 3206 ut

273 3261 381 3318 pro
404 3243 648 3299 arbitrio
678 3259 789 3298 suo
819 3243 1070 3314 quieum
1089 3243 1168 3296 sit
1199 3241 1439 3296 indutus
1471 3241 1771 3312 annulum,
1801 3241 1834 3303 1
1853 3241 1942 3304 16

275 3336 572 3404 appareat,
599 3348 732 3386 cum
763 3331 902 3384 velit
935 3345 948 3384 :
983 3347 1116 3385 cum
1149 3333 1342 3384 autem
1364 3329 1526 3400 nolit,
1553 3345 1584 3384 e
1618 3332 1944 3400 conspectu

278 3438 345 3478 se
375 3420 758 3492 praesentium
789 3419 1124 3488 subtrahat,
1158 3421 1221 3474 ut
1273 3434 1544 3489 praesens
1589 3434 1708 3472 non
1749 3418 1942 3488 possit

277 3511 466 3565 videri
490 3513 518 3564 ξ)
541 3510 764 3580 Nempe
789 3523 858 3563 eo
891 3509 1072 3562 tendit
1095 3508 1272 3578 istud,
1293 3511 1486 3562 utrum
1510 3508 1748 3578 sapiens
1767 3507 1940 3562 etiam

273 3600 326 3654 si
357 3601 471 3654 isto
505 3603 698 3653 utatur
726 3597 942 3652 annulo
967 3599 1064 3668 ('7),
1101 3613 1216 3668 quo
1241 3597 1434 3667 possit
1453 3597 1689 3667 propria
1718 3596 1940 3668 ﬂagitia

279 3688 493 3756 celare,
529 3691 586 3742 et
609 3703 861 3759 regnum
883 3685 1159 3757 assequi;
1184 3686 1402 3740 nolitne
1420 3700 1688 3756 peccare,
1723 3689 1780 3739 et
1807 3701 1942 3756 gra-

272 3778 409 3832 vius
440 3777 614 3831 ducat
635 3776 884 3830 sceleris
903 3775 1244 3847 contagium
1256 3791 1563 3844 pmnarum
1595 3773 1934 3829 doloribus:

272 3881 347 3920 an
376 3881 519 3920 vero
569 3881 675 3936 spe
705 3864 1068 3934 impunitatis
1125 3867 1320 3918 utatur
1365 3863 1440 3917 ad
1485 3863 1940 3934 perpetrandum

275 3953 714 4018 scelus?Quid,
750 3955 1010 4023 inquam,
1042 3953 1186 4006 mihi
1216 3968 1366 4022 opus
1398 3955 1490 4006 est
1530 3953 1810 4024 figmento
1839 3968 1941 4006 an-

271 4044 416 4114 nuli,
443 4059 576 4097 cum
607 4042 833 4113 possim
865 4043 1080 4096 docere
1118 4058 1192 4096 ex
1223 4041 1404 4096 rebus
1441 4041 1631 4112 gestis
1663 4041 1818 4112 quod
1849 4041 1942 4094 vir

270 4133 512 4203 sapiens
545 4148 676 4186 cum
709 4131 825 4185 sibi
858 4131 918 4184 in
949 4134 1189 4202 peccato
1223 4147 1341 4184 non
1391 4131 1584 4184 solum
1616 4130 1934 4200 latendum,

276 4221 386 4277 sed
407 4221 580 4277 etiam
621 4221 989 4293 regnandum
1031 4220 1278 4289 videret,
1315 4221 1367 4273 si
1399 4223 1704 4289 peceatum
1733 4219 1938 4273 admit-

270 4314 421 4366 teret
453 4327 464 4366 :
491 4313 694 4365 contra
723 4313 916 4364 autem
947 4309 1275 4380 periculum
1307 4308 1515 4362 salutis
1563 4311 1846 4378 cerneret,
1879 4309 1933 4364 si

273 4400 594 4455 declinaret
624 4399 910 4470 ﬂagitium
947 4413 962 4467 ;
997 4397 1243 4469 elegerit
1265 4401 1458 4452 tamen
1486 4399 1678 4470 magis
1727 4397 1936 4452 salutis

271 4488 621 4558 periculum,
645 4490 707 4542 ut
728 4489 963 4541 vacaret
993 4487 1234 4559 ﬂagitio,
1288 4503 1465 4558 quam
1503 4487 1788 4559 ﬂagitium
1821 4503 1936 4560 quo

275 4577 650 4648 sibiregnum
675 4578 907 4647 pararet
934 4577 962 4630 ἱ)

345 4717 563 4790 (ϐλεῖο.
598 4719 701 4772 lib.
735 4735 794 4772 ιιι
830 4717 1022 4785 Ol'ﬁe.,
1073 4735 1210 4790 pag.
1250 4719 1376 4788 392,
1427 4719 1528 4774 lin.
1565 4719 1668 4774 40:
1705 4725 1734 4769 «'
1783 4719 1934 4773 Hinc

273 4788 370 4842 ille
400 4788 598 4870 Gyges
639 4791 936 4870 inducitur
963 4807 998 4844 a
1031 4788 1288 4862 Platone,
1335 4791 1436 4862 qui
1485 4807 1619 4846 cum
1650 4794 1801 4844 terra
1835 4791 1934 4844 de-

273 4865 583 4926 cessisset,
620 4882 646 4910 »
673 4865 784 4914 etc.

341 4931 418 5001 (4)
452 4930 601 4984 Edit.
659 4931 898 4985 Amerb.
940 4936 998 4986 et
1037 4933 1290 5001 Erasm.,
1349 4932 1712 4987 fabularium
1769 4932 1933 4988 illum

273 5018 522 5075 equum;
555 5001 687 5058 Gill.
723 5008 780 5056 et
819 5004 1010 5072 Rom.,
1046 5005 1394 5068 faba/aram,
1428 5007 1539 5059 etc.

339 5075 414 5144 (5)
440 5074 584 5146 Mss.
640 5089 846 5128 omnes
879 5075 1148 5129 scribunt
1175 5076 1424 5146 paleam,
1457 5079 1581 5130 tres
1635 5078 1828 5130 tamen
1859 5091 1934 5130 ex

265 5145 386 5218 illis
407 5145 817 5218 explicationis
841 5161 987 5218 ergo
1019 5147 1146 5200 haec
1172 5145 1389 5200 habent
1420 5148 1474 5199 in
1509 5149 1797 5218 margine,
1831 5149 1929 5202 Al.

269 5217 558 5280 «Palam;
615 5218 706 5271 sic
762 5217 929 5271 enim
951 5223 1119 5272 vocat
1169 5219 1538 5288 superiorem
1569 5217 1792 5287 partem
1824 5235 1932 5272 an-

267 5288 410 5357 nuli,
444 5288 502 5360 in
534 5303 650 5360 qua
682 5288 832 5359 lapis
865 5289 1084 5343 infixus
1117 5292 1226 5343 est.
1268 5311 1288 5337 »

336 5361 404 5432 (6)
433 5357 692 5432 Cicflib.
727 5357 787 5413 in
815 5359 1008 5432 0l‘lic.,
1054 5377 1190 5432 pag.
1241 5358 1474 5432 399,1in.
1523 5359 1592 5413 49
1644 5375 1656 5414 ;
1723 5381 1745 5410 α
1781 5361 1933 5416 Hinc

262 5431 671 5512 igituripsum
703 5431 1069 5512 annulumnsi
1093 5431 1595 5512 liabeat'sapieus,
1636 5453 1664 5512 »_
1693 5435 1804 5512 etc.

333 5501 602 5578 (7)_I_bid._,
638 5519 773 5578 pag.
807 5503 928 5566 293,
982 5503 1086 5578 lin.
1135 5503 1168 5558 3
1197 5518 1214 5578 7:
1237 5523 1264 5553 «
1295 5503 1439 5558 Haec
1471 5506 1562 5558 est
1611 5502 1704 5558 vis
1745 5503 1927 5578 hujus

263 5571 470 5646 anguli
487 5577 546 5628 et
573 5571 758 5646 hujus
790 5574 1065 5646 exempli,
1103 5595 1124 5624 υ
1153 5577 1264 5646 etc.

300 5641 411 5722 '(8)
436 5643 608 5706 Rom.
643 5641 782 5706 edit.
817 5641 984 5706 otait
1007 5641 1206 5708 David
1231 5644 1389 5703 Vivit
1417 5645 1724 5707 Dominus.

1978 3191 2028 3254 C

2059 555 2218 625 Saul,
2255 555 2410 626 quod
2444 539 2714 610 eum'rex
2767 569 2899 608 cum
2930 552 3120 607 tribus
3151 551 3412 606 millibus
3459 552 3722 604 virorum

2055 645 2381 700 electorum
2411 645 2482 698 ad
2505 643 2871 699 inferendam
2895 657 3100 696 necem
3143 641 3201 694 in
3225 641 3462 695 deserto
3489 655 3724 710 quaere-

2058 738 2166 803 ret,
2202 733 2520 805 ingressus
2570 734 2631 786 in
2683 734 2878 786 castra
2927 729 3112 801 regis,
3161 745 3294 782 cum
3337 728 3724 784 dormientem

2057 821 2430 892 offendisset,
2485 837 2604 876 non
2652 821 2845 876 solum
2902 819 3031 890 ipse
3081 833 3199 872 non
3242 817 3561 888 percussit,
3624 816 3733 870 sed

2057 911 2232 965 etiam
2266 911 2518 982 protexit
2546 926 2560 979 ;
2595 925 2668 964 ne
2699 909 2772 962 ab
2823 909 3019 979 aliquo
3051 908 3152 978 qui
3201 907 3376 961 simul
3409 906 3728 977 ingressus

2057 1000 2268 1070 fuerat,
2299 1000 2709 1070 perimeretur.
2742 998 2894 1052 Nam
2923 1013 3056 1051 cum
3085 997 3307 1051 diceret
3357 995 3411 1049 ei
3444 995 3676 1048 Abessa
3707 1009 3718 1048 :

2064 1089 2364 1144 Conclusit
2379 1089 2555 1143 liodie
2571 1088 2851 1142 Dominus
2869 1086 3168 1140 inimicum
3189 1092 3345 1138 tuum
3367 1085 3430 1137 in
3452 1082 3726 1137 manibus

2061 1179 2198 1248 tuis,
2235 1184 2294 1232 et
2337 1193 2491 1232 nunc
2521 1177 2780 1232 occidam
2811 1191 2938 1230 eum
2961 1175 2988 1228 ξ)
3035 1173 3386 1245 respondit:
3415 1172 3550 1226 Non
3585 1187 3724 1226 con-

2060 1283 2260 1322 sumas
2292 1283 2440 1332 eum,
2477 1265 2745 1338 quoniam
2778 1265 2910 1336 quis
2943 1263 3181 1336 injiciet
3210 1279 3439 1316 manum
3472 1277 3635 1315 suam
3666 1261 3729 1315 in

2062 1357 2351 1410 cliristum
2383 1355 2640 1425 Domini,
2678 1359 2738 1408 et
2762 1369 2952 1425 purus
2979 1352 3099 1408 erit
3119 1354 3148 1407 ‘2
3181 1351 3249 1406 Et
3267 1351 3520 1406 addidit:
3567 1349 3632 1404 V1
3646 1351 3733 1404 vit

2060 1445 2344 1500 Dominus
2392 1446 2496 1516 18),
2549 1443 2814 1516 quoniam
2861 1442 2980 1496 nisi
3027 1441 3312 1496 Dominus
3355 1439 3732 1512 percusserit

2063 1534 2247 1600 illum,
2305 1538 2402 1587 aut
2452 1533 2574 1586 nisi
2616 1532 2762 1586 liora
2818 1531 2984 1585 illius
3028 1530 3264 1584 venerit
3298 1535 3356 1583 ut
3411 1529 3722 1599 moriatur,

2061 1630 2160 1678 aut
2191 1623 2253 1677 in
2277 1639 2472 1695 pugna
2505 1620 2880 1690 discesserit,
2916 1625 2974 1674 et
3025 1625 3349 1692 apponatur
3377 1619 3562 1683 milii;
3613 1633 3728 1672 non

2063 1713 2144 1766 sit
2173 1729 2204 1766 a
2236 1712 2484 1766 Domino
2531 1711 2610 1782 (9)
2657 1709 2912 1781 injicere
2943 1725 3170 1762 manum
3205 1723 3389 1762 meam
3423 1707 3486 1761 in
3521 1707 3730 1762 Chris-

2069 1808 2185 1856 tum
2217 1801 2454 1855 Domini
2481 1799 2536 1869 (Ι
2554 1799 2701 1870 Reg.
2734 1815 2897 1867 xxvr,
2930 1797 2963 1850 8
2996 1804 3054 1852 et
3083 1798 3236 1868 seq.)

2134 1889 2224 1944 3t.
2257 1889 2454 1959 Itaque
2486 1903 2604 1942 non
2652 1887 2922 1958 permisit
2951 1886 3152 1940 necari
3195 1902 3348 1955 eum,
3385 1885 3490 1940 sed
3539 1885 3726 1940 solam

2060 1980 2327 2034 lanceam
2344 1993 2476 2048 quae
2499 1976 2708 2030 eratad
2733 1978 2906 2046 caput
2941 1974 3096 2046 ejus,
3122 1977 3177 2030 et
3217 1975 3554 2029 lenticulam
3583 1991 3724 2029 sus-

2065 2069 2214 2124 tulit.
2275 2067 2475 2138 Itaque
2533 2065 2962 2120 dormientibus
3011 2065 3262 2134 cunctis,
3313 2079 3602 2136 egressus
3654 2065 3726 2118 de

2063 2157 2277 2212 castris
2307 2155 2580 2210 transivit
2627 2155 2687 2208 in
2727 2170 3010 2208 cacumen
3042 2154 3258 2208 montis
3299 2157 3355 2208 et
3400 2168 3726 2224 coarguere

2065 2247 2236 2317 caapit
2257 2245 2575 2316 stipatores
2605 2245 2828 2315 regios,
2864 2246 2920 2298 et
2949 2243 3248 2313 praecipue
3278 2241 3604 2312 principem
3626 2244 3730 2296 mi-

2061 2337 2202 2391 litiae
2259 2335 2480 2404 Abner,
2541 2333 2700 2404 quod
2758 2347 3128 2403 nequaquam
3175 2331 3352 2385 ﬁdam
3397 2331 3726 2386 custodiam

2059 2425 2189 2498 regi
2239 2428 2295 2478 et
2344 2422 2579 2478 domino
2627 2437 2737 2476 suo
2785 2421 3130 2476 adhiberet:
3193 2421 3446 2491 denique
3477 2421 3725 2476 demon-

2061 2517 2294 2584 straret,
2327 2513 2430 2567 ubi
2460 2514 2624 2566 esset
2669 2511 2874 2564 lancea
2917 2511 3102 2582 regis,
3134 2510 3232 2564 vel
3282 2509 3560 2564 lenticula
3589 2525 3722 2581 quae

2061 2605 2186 2658 erat
2215 2603 2288 2656 ad
2319 2604 2491 2672 caput
2521 2599 2676 2670 ejus.
2734 2599 2804 2652 Et
2833 2599 3161 2669 appellatus
3191 2615 3224 2652 a
3267 2614 3410 2671 rege
3458 2599 3724 2654 lanceam

2059 2691 2367 2747 reddidit:
2436 2690 2519 2742 Et
2585 2689 2888 2758 Dominus,
2955 2687 3173 2758 inquit,
3239 2689 3523 2742 restituat
3591 2689 3723 2742 uni-

2061 2783 2266 2853 cuique
2315 2778 2595 2851 justitias
2658 2793 2841 2847 suas,
2913 2782 2972 2830 et
3035 2776 3211 2831 {idem
3277 2793 3488 2846 suam,
3567 2777 3723 2832 sicut

2065 2868 2316 2924 tradidit
2349 2873 2406 2921 te
2437 2867 2722 2921 Dominus
2751 2867 2814 2920 in
2843 2881 3052 2920 manus
3081 2882 3263 2935 meas,
3307 2871 3366 2920 et
3396 2865 3556 2921 nolui
3593 2867 3722 2921 vin-

2067 2959 2271 3014 dicare
2287 2973 2460 3011 manu
2481 2972 2609 3010 mea
2649 2956 2712 3009 in
2733 2955 3021 3009 Christum
3045 2955 3282 3009 Domini
3318 2953 3452 3026 (10).
3479 2955 3550 3010 Et
3591 2973 3722 3012 cum

2059 3049 2189 3102 haec
2210 3047 2450 3116 diceret,
2485 3045 2727 3099 timebat
2767 3047 2959 3098 tamen
2981 3044 3230 3098 insidias
3271 3043 3426 3116 ejus,
3460 3049 3517 3100 et
3547 3045 3718 3118 fugit,

2061 3139 2262 3192 sedem
2295 3135 2506 3190 exsilio
2539 3137 2794 3188 mutans.
2839 3133 2964 3188 Nec
2995 3137 3190 3188 tamen
3219 3134 3466 3188 salutem
3497 3139 3720 3205 praetu-

2057 3227 2123 3280 lit
2178 3224 2550 3293 innocentire,
2583 3239 2717 3277 cum
2770 3221 2895 3294 jam
2953 3222 3217 3276 secundo
3279 3222 3554 3278 facultate
3603 3224 3721 3280 sibi

2057 3316 2272 3370 tributa
2303 3315 2468 3384 regis
2498 3311 2769 3381 necandi,
2803 3311 3098 3366 noluisset
3127 3312 3211 3366 uti
3243 3313 3580 3368 occasionis
3610 3314 3718 3370 be-

2055 3405 2306 3459 neficio:
2341 3419 2473 3474 quae
2523 3407 2580 3456 et
2629 3401 3005 3456 securitatem
3064 3402 3275 3456 salutis
3305 3403 3604 3474 metuenti,
3665 3407 3722 3458 et

2055 3509 2305 3566 regnum
2337 3492 2618 3547 oﬂ'erebat
2647 3491 2862 3546 exsuli.

2123 3585 2212 3636 35.
2241 3581 2352 3636 Ubi
2406 3597 2555 3652 opus
2605 3581 2715 3634 fuit
2757 3581 2968 3634 Joanni
3017 3581 3220 3652 Gygeo
3251 3580 3488 3650 annulo,
3534 3581 3636 3652 qui
3666 3581 3720 3636 si

2052 3672 2358 3738 tacuisset,
2399 3687 2516 3724 non
2558 3673 2720 3724 esset
2758 3670 2998 3724 occisus
3021 3671 3092 3723 ab
3128 3671 3359 3724 Herode
3387 3670 3601 3740 (Marc.
3637 3685 3715 3739 vr,

2054 3762 2140 3829 18)
2164 3762 2191 3815 ‘2
2222 3762 2512 3814 Prmstare
2536 3759 2648 3813 hoc
2669 3760 2746 3812 illi
2783 3759 2970 3829 putuit
3002 3759 3302 3813 silentium
3331 3775 3527 3830 suum,
3563 3763 3623 3814 ut
3663 3763 3720 3813 et

2049 3851 2350 3904 videre-tur
2379 3853 2435 3904 et
2465 3865 2584 3902 non
2617 3848 3018 3902 occideretur:
3068 3849 3175 3902 sed
3205 3849 3342 3919 quia
3372 3865 3490 3903 non
3523 3849 3719 3903 solum

2056 3931 2198 3994 117
2230 3954 2478 4008 peccare
2504 3953 2570 3992 se
2607 3940 2848 4007 propter
2897 3937 3107 3992 salutis
3139 3937 3548 3992 defensionem
3577 3953 3717 4008 pas-

2051 4044 2159 4082 sus
2216 4043 2334 4082 non
2383 4029 2494 4094 est,
2544 4026 2654 4080 sed
2700 4041 2774 4080 ne
2824 4026 3081 4081 alienum
3127 4027 3365 4098 quidem
3407 4029 3714 4097 peccatum

2051 4116 2207 4172 ferre
2239 4133 2306 4170 ac
2359 4116 2585 4186 perpeti
2635 4115 2856 4186 potuit;
2902 4111 3034 4170 ideo
3076 4116 3136 4170 in
3178 4131 3244 4170 se
3277 4131 3517 4170 causam
3547 4115 3714 4170 necis

2050 4206 2347 4260 excitavit.
2381 4205 2552 4260 Certe
2586 4205 2698 4260 hoc
2739 4220 2960 4276 negare
3001 4221 3120 4259 non
3147 4207 3402 4275 possunt
3446 4203 3715 4274 potuisse

2049 4295 2178 4349 ﬁeri
2205 4298 2267 4350 ut
2296 4297 2531 4362 taceret,
2592 4293 2689 4364 qui
2722 4294 2792 4348 de
2839 4293 2937 4348 illo
2981 4294 3147 4366 Gyge
3189 4295 3407 4366 negant
3447 4291 3718 4364 potuisse

2049 4384 2180 4439 fieri
2210 4388 2272 4438 ut
2300 4384 2503 4438 annuli
2529 4383 2820 4438 beneﬁcio
2851 4383 3340 4452 absconderetur,

2117 4473 2206 4528 36.
2241 4473 2357 4528 Sed
2415 4472 2636 4542 fabula,
2697 4473 2810 4526 etsi
2866 4471 2985 4540 vim
3035 4489 3152 4527 non
3199 4473 3376 4526 habet
3421 4471 3711 4541 veritatis,

1958 4557 2012 4618 D
2049 4562 2200 4617 hanc
2229 4566 2423 4617 tamen
2459 4561 2745 4617 rationem
2789 4561 2984 4630 habet,
3021 4565 3081 4615 ut
3116 4562 3169 4616 si
3200 4561 3393 4632 possit
3421 4561 3614 4616 celare
3647 4575 3713 4615 se

2117 4705 2194 4776 (9)
2225 4705 2350 4759 νοτ.
2387 4705 2521 4758 edit.
2557 4721 2626 4758 ac
2661 4705 2854 4773 Rom.,
2880 4704 2994 4760 hoc
3023 4703 3153 4760 loco
3187 4721 3304 4760 non
3351 4704 3710 4774 discrepant,

2047 4777 2165 4830 nisi
2223 4777 2380 4847 quod
2434 4777 2562 4830 haec
2605 4777 2693 4830 sic
2741 4776 3192 4847 interpungit...,
3248 4782 3306 4831 et
3365 4781 3706 4847 apponatur,

1962 4890 1964 4893 .
2043 4848 2193 4902 mihi
2225 4864 2337 4902 non
2369 4848 2449 4901 sit
2482 4864 2514 4901 a
2546 4847 2812 4916 Domino,
2863 4851 2974 4902 etc.
3026 4849 3318 4902 Nimirum
3347 4851 3410 4900 ut
3457 4861 3712 4916 respon-

2047 4929 2179 4982 deat
2196 4927 2302 5002 his
2333 4927 2536 4982 verbis
2567 4943 2642 4981 ex
2675 4927 2865 4981 LXX:
2913 4928 3018 5002 Kal
3058 4931 3276 5002 προστῆ,
3321 4921 3558 5002 Eudoxum;
3598 4943 3708 4998 μοι,

2045 5005 2156 5054 etc.
2193 4999 2340 5053 Mss.
2375 5004 2567 5052 autem
2601 5015 2734 5071 cum
2775 4999 3076 5071 veteribus
3098 4999 3302 5071 magis
3324 4999 3575 5071 faciunt,
3611 5013 3713 5052 ex-

2045 5075 2214 5140 cepto
2245 5071 2402 5142 quod
2434 5071 2562 5124 haec
2580 5069 2920 5142 praeferunt,
2951 5070 3050 5124 vel
3075 5071 3136 5124 in
3161 5069 3437 5142 pugnam,
3459 5069 3700 5142 hivero,

2047 5149 2104 5196 ut
2136 5143 2198 5195 in
2222 5157 2478 5213 pugnam
2497 5161 2514 5205 ,-
2548 5145 2605 5194 et
2635 5155 2740 5210 pro
2773 5141 3180 5211 descenderit,
3214 5141 3442 5196 Thuan.
3475 5141 3710 5213 disces-

2043 5211 2239 5268 seritf
2257 5211 2325 5266 Et
2355 5215 2491 5283 post
2520 5228 2724 5282 pauca,
2771 5213 2870 5266 ubi
2900 5228 3107 5267 omnes
3144 5213 3304 5282 edit.,
3355 5219 3416 5268 et
3462 5211 3711 5266 lenticu-

2043 5285 2159 5338 lum
2193 5285 2333 5357 tulit
2357 5301 2538 5356 aqum,
2573 5284 3139 5357 dormientibusque,
3175 5288 3310 5355 etc.,
3347 5283 3629 5338 scribitur
3649 5283 3710 5338 in

2043 5372 2192 5410 mss.
2226 5359 2287 5410 ut
2322 5356 2381 5410 in
2413 5360 2594 5410 textu.

2115 5427 2226 5496 (10)
2249 5428 2468 5482 Omnes
2492 5427 2652 5495 edit.,
2675 5425 3176 5498 injicere‘Inanum
3198 5443 3384 5484 meam
3407 5427 3470 5482 in
3507 5425 3707 5482 chris-

2045 5504 2200 5553 stum
2219 5499 2474 5571 Domini,
2499 5498 2734 5571 quidam
2757 5515 2928 5570 mss.,
2951 5500 3237 5558 inducere
3269 5515 3517 5568 manum,
3555 5502 3702 5570 etc.;

2045 5570 2246 5630 caeteri
2277 5585 2484 5628 omnes
2515 5570 2577 5627 ut
2605 5571 2668 5626 in
2695 5573 2878 5630 textu.
