4128 6132
334 290 438 366 165

1302 298 1414 364 DE
1455 290 1810 364 OFFICIIS
1850 290 2461 365 MINISTRORUM
2500 298 2755 363 LIBER
2782 287 2892 362 ῙΙῙ.

3640 295 3762 365 166

339 503 420 555 vir
441 500 666 571 justus;
694 503 890 554 tamen
922 500 997 554 ita
1026 503 1333 570 peccatum
1366 500 1637 567 declinet,
1672 498 1841 570 quasi
1877 514 1976 554 ce-
1996 478 2052 546 Ᾱ
2092 498 2449 569 periclitari,
2501 497 2553 552 si
2598 512 2716 551 non
2746 496 3030 552 haberent
3078 498 3234 569 quod
3266 500 3565 553 emerent?
3596 499 3752 554 Num

337 591 444 644 lare
473 605 586 644 non
618 590 810 660 possit
846 605 858 643 :
894 604 1002 643 nec
1043 605 1359 660 personam
1392 605 1560 644 suam
1599 588 1838 643 indutus
1869 604 1977 643 an-
2088 587 2376 641 industria
2428 587 2489 640 in
2537 588 2759 640 crimen
2792 588 3073 641 vocatur?
3104 587 3257 641 Num
3307 587 3611 659 diligentia
3654 603 3751 643 re-

331 679 538 745 nnlum,
569 678 675 732 sed
705 679 884 731 vitam
915 694 1082 733 suam
1111 676 1410 732 Christum
1444 677 1682 732 indutus
1712 678 1972 732 abscon-

335 768 434 837 dat,
466 767 617 821 sicut
645 767 970 837 Apostolus
999 769 1076 821 ait
1106 768 1218 837 (11)
1255 783 1267 822 :
1307 767 1450 832 Quia
1487 768 1605 822 vita
1638 771 1841 821 nostra
1872 766 1973 821 ab-

328 856 576 911 scondita
608 869 699 910 est
741 872 869 910 cum
922 856 1164 911 Christo
1196 856 1256 909 in
1309 856 1432 910 Deo
1464 855 1713 923 (Coloss.
1760 873 1840 924 ιιι,
1890 855 1968 924 8).

325 945 495 1000 Nemo
526 960 670 1015 ergo
698 944 795 998 hic
828 945 1058 1016 fulgere
1086 948 1329 1016 quaerat,
1364 960 1535 999 nemo
1566 944 1682 998 sibi
1711 946 1969 1015 arroget,

324 1049 479 1088 nemo
507 1049 573 1086 se
599 1032 784 1103 jactet
816 1034 980 1102 (Luc.
1022 1051 1083 1087 ιχ
1104 1076 1118 1098 ,
1158 1032 1268 1102 36).
1312 1032 1561 1087 Nolebat
1597 1048 1664 1087 se
1695 1031 1969 1086 Christus

321 1121 402 1176 hic
419 1122 720 1193 cognosci,
746 1122 982 1177 nolebat
997 1122 1309 1192 praedicari
1333 1122 1391 1175 in
1409 1120 1734 1193 Evangelio
1755 1136 1971 1175 nomen

319 1225 492 1280 suum,
517 1226 651 1264 cum
669 1211 731 1265 in
750 1211 929 1265 terris
968 1214 1313 1266 versaretur
1331 1210 1522 1280 venit;
1544 1213 1608 1264 ut
1627 1210 1833 1264 lateret
1849 1224 1970 1264 sm-

321 1299 496 1353 culum
527 1299 662 1354 hoc.
697 1299 768 1354 Et
796 1316 909 1355 nos
940 1315 1084 1372 ergo
1115 1300 1294 1354 simili
1325 1299 1498 1354 modo
1528 1298 1967 1353 abscondamus

318 1389 475 1442 vitam
504 1392 773 1443 nostram
803 1389 1026 1443 Christi
1056 1388 1326 1459 exemplo
1347 1431 1361 1457 ,
1395 1388 1694 1460 fugiamus
1734 1387 1967 1458 jactan-

314 1477 431 1531 tiam
454 1519 468 1545 ,
508 1478 824 1547 praedicari
856 1493 973 1532 non
1004 1482 1421 1548 exspectemus
1463 1477 1595 1546 (12).
1630 1476 1842 1530 Melius
1873 1478 1970 1531 est

313 1566 395 1620 hic
415 1582 547 1620 esse
570 1566 631 1620 in
671 1566 1018 1636 humilitate,
1044 1567 1123 1621 ibi
1148 1567 1207 1621 in
1241 1567 1450 1638 gloria.
1485 1565 1626 1620 Cum
1661 1565 1959 1631 Christus,

309 1654 495 1726 inquit,
528 1657 897 1726 apparuerit,
933 1661 1069 1710 tunc
1091 1661 1151 1711 et
1179 1671 1280 1711 vos
1301 1672 1428 1710 cum
1458 1654 1562 1710 i110
1592 1654 1966 1727 apparebitis

311 1745 364 1797 in
392 1743 580 1815 gloria
612 1743 870 1815 (Coloss.
902 1761 984 1814 ιιι,
1018 1745 1094 1814 4).

930 1850 1183 1906 CAPUT
1225 1851 1320 1907 VI.

312 1956 649 2030 Prmvalere
684 1958 838 2030 apud
869 1957 1466 2030 nosiemolumentum
1507 1973 1621 2013 non
1661 1963 1961 2030 (oportere.

371 2027 515 2093 Quid
543 2027 882 2085 obtendere
910 2029 1140 2101 soleant
1183 2030 1282 2101 qui
1311 2046 1342 2083 a
1376 2027 1710 2101 frumentis
1730 2028 1961 2101 lucrum

372 2107 625 2172 captant,
663 2101 883 2172 quidve
903 2100 1029 2154 illis
1047 2099 1261 2172 debeat
1289 2100 1647 2172 responderi
1664 2099 1692 2153 .9
1707 2100 1835 2172 Ubi
1853 2106 1965 2172 eis-

366 2170 867 2244 demevangeliea
892 2171 1176 2244 parabole
1208 2177 1266 2226 et
1298 2170 1632 2227 Salomonis
1650 2171 1826 2226 effata
1850 2170 1962 2225 sub

368 2242 545 2296 oculis
566 2242 900 2314 ponuntur.

364 2346 444 2403 3'7.
477 2348 611 2404 Non
658 2348 857 2403 vincat
905 2348 1085 2421 igitur
1129 2348 1500 2405 honestatem
1546 2349 1767 2404 utilitas
1810 2346 1959 2419 (13):

307 2437 399 2491 sed
427 2437 715 2493 honestas
746 2438 1054 2492 utilitatem
1087 2454 1098 2492 :
1132 2436 1285 2494 hanc
1316 2440 1447 2494 dico
1478 2437 1803 2509 utilitatem,
1828 2454 1962 2509 qua)

305 2525 612 2582 aestimatur
645 2528 976 2582 secundum
1019 2527 1184 2600 vulgi
1231 2528 1588 2599 opinionem.
1639 2528 1960 2583 Mortiﬁce-

305 2616 386 2668 tur
412 2617 682 2686 avaritia,
736 2617 1023 2671 moriatur
1054 2618 1554 2688 concupiscentia.
1601 2616 1853 2672 Sanctus
1902 2618 1961 2671 in

303 2705 747 2776 negotiationem
778 2705 1063 2760 introisse
1116 2722 1183 2761 se
1228 2710 1436 2778 negat;
1470 2705 1607 2778 quia
1637 2707 1960 2776 pretiorum

306 2797 517 2863 captare
551 2795 921 2848 incrementa
970 2809 1087 2849 non
1118 2792 1515 2866 simplicitatis
1541 2837 1555 2865 ,
1608 2796 1714 2849 sed
1743 2811 1958 2851 versu-

302 2883 382 2936 tize
409 2887 515 2938 est.
544 2884 617 2953 Et
642 2883 795 2938 alius
826 2884 903 2937 ait
929 2899 940 2939 :
977 2883 1235 2956 Captans
1258 2885 1458 2956 pretia
1489 2883 1794 2952 frumenti,
1830 2901 1956 2939 ma-

300 2967 537 3026 ledic-tus
564 2974 630 3026 in
657 2972 836 3044 plebe
869 2978 959 3027 est
982 2972 1189 3041 (Prov.
1223 2991 1301 3042 xx,
1336 2971 1446 3043 26).

2086 676 2515 746 prehenditur?
2544 676 2697 729 Num
2742 675 3110 745 providentia
3152 677 3553 745 vituperatur?
3601 676 3749 731 For-

2090 768 2253 820 tasse
2283 765 2435 819 dicat
2469 782 2479 819 :
2514 767 2570 819 et
2599 765 2824 834 Joseph
2867 766 2898 826 1
2917 765 3011 828 18
3041 764 3331 818 frumenta
3361 766 3421 818 in
3449 765 3750 819 abundan-

2083 855 2162 908 tia
2194 854 2451 925 collegit,
2484 854 2543 907 in
2575 853 2856 907 charitate
2884 852 3166 906 vendidit.
3200 852 3355 906 Num
3393 854 3587 908 carius
3636 855 3749 908 ali-

2084 943 2218 1014 quis
2266 958 2462 997 emere
2512 941 2919 1012 compellitur?
2950 941 3104 995 Num
3152 942 3246 995 vis
3290 941 3601 996 adhibetur
3629 959 3750 997 em-

2080 1032 2275 1102 ptori?
2305 1031 2594 1086 Omnibus
2629 1030 2892 1085 defertur
2919 1028 3149 1084 emendi
3196 1029 3384 1099 cepia,
3419 1030 3561 1084 nulli
3593 1030 3746 1086 irro-

2081 1123 2254 1191 gatnr
2283 1119 2521 1191 injuria.

2149 1209 2238 1263 40.
2274 1209 2382 1263 His
2423 1209 2606 1281 igitur
2647 1209 2927 1279 quantum
2960 1206 3254 1279 cujusque
3285 1206 3398 1261 fert
3442 1206 3748 1278 ingenium

2079 1297 2427 1368 disputatis,
2462 1297 2735 1368 exsurgit
2785 1297 2973 1366 alius,
3010 1295 3215 1350 dicens
3251 1311 3263 1350 :
3298 1296 3460 1350 Bona
3507 1296 3744 1366 quidem

2078 1387 2475 1458 agricultura,
2510 1402 2643 1457 quae
2675 1385 2904 1439 fructus
2934 1385 3231 1439 ministrat
3259 1385 3535 1438 omnibus
3557 1426 3572 1454 ,
3607 1400 3740 1455 qua:

2079 1476 2333 1545 simplici
2382 1475 2674 1529 industria
2715 1474 3043 1528 accumulat
3073 1477 3364 1528 terrarum
3412 1473 3743 1528 fecundita-

2076 1567 2214 1634 tem,
2249 1563 2394 1617 nihil
2426 1563 2542 1618 doli
2570 1605 2584 1633 ,
2617 1563 2763 1617 nihil
2794 1562 3020 1617 fraudis
3052 1563 3439 1617 interserens.
3474 1563 3740 1633 Denique

2077 1652 2131 1706 si
2160 1652 2302 1723 quid
2333 1652 2460 1706 vitii
2491 1651 2693 1721 fuerit,
2725 1651 2861 1722 plus
2891 1651 3185 1722 dispendii
3217 1654 3347 1721 est;
3381 1652 3515 1722 quia
3548 1650 3603 1705 si
3632 1651 3742 1706 be-

2075 1756 2148 1795 ne
2177 1741 2392 1812 aliquis
2424 1741 2825 1811 seminaverit,
2860 1740 3071 1795 melius
3103 1742 3280 1795 metet
3310 1756 3323 1795 :
3358 1740 3411 1794 si
3441 1740 3742 1795 sincerum

1994 1859 2049 1923 B
2073 1830 2251 1884 tritici
2281 1845 2532 1901 granum
2562 1830 2801 1899 severit,
2834 1829 3133 1900 puriorem
3162 1845 3232 1883 ac
3261 1829 3555 1883 sinceram
3585 1845 3743 1885 mes-

2075 1934 2203 1974 sem
2236 1919 2479 1991 colligit.
2530 1916 2806 1973 Fecunda
2848 1921 3005 1973 terra
3035 1917 3480 1988 multiplicatum
3512 1918 3739 1989 reddit,

2074 2008 2231 2078 quod
2261 2006 2555 2077 acceperit
2596 2023 2608 2062 :
2643 2006 2837 2061 ﬁdelis
2869 2021 3015 2079 ager
3044 2006 3343 2062 feneratos
3384 2006 3536 2062 solet
3563 2006 3737 2062 resti-

2072 2098 2236 2151 tuere
2268 2099 2611 2166 proventus.

2143 2185 2231 2240 41.
2267 2186 2349 2239 De
2378 2185 2667 2239 reditibus
2696 2185 2879 2256 igitur
2920 2183 3125 2239 uberis
3156 2184 3348 2256 glebae
3388 2187 3736 2253 exspectare

2072 2274 2257 2330 debes
2287 2273 2370 2327 tui
2403 2274 2735 2328 mercedem
2785 2272 3031 2342 laboris,
3067 2273 3138 2327 de
3170 2272 3463 2327 fertilitate
3494 2272 3735 2343 pinguis

2071 2365 2184 2419 soli
2211 2364 2374 2436 justa
2406 2378 2647 2433 sperare
2678 2362 3024 2432 compendia
3053 2361 3186 2431 (1'1).
3218 2359 3336 2415 Cur
3364 2361 3437 2414 ad
3469 2360 3737 2415 fraudem

2072 2454 2371 2509 convertis
2403 2456 2637 2507 naturaa
2666 2450 3015 2505 industriam
3033 2449 3190 2521 (18)?
3210 2449 3328 2504 Cur
3358 2449 3590 2503 invides
3620 2450 3739 2504 usi-

2068 2544 2184 2599 bus
2217 2542 2521 2597 hominum
2568 2540 2842 2610 publicos
2872 2541 3076 2610 partus
3124 2538 3286 2608 (19)?
3332 2536 3451 2592 Cur
3496 2538 3732 2609 populis

2068 2633 2287 2687 minuis
2319 2630 2775 2686 abundantiam?
2824 2628 2943 2683 Cur
2986 2626 3228 2682 affectas
3274 2626 3569 2696 inopiam?
3616 2625 3736 2681 Cur

2069 2722 2255 2793 optari
2289 2720 2438 2775 facis
2487 2735 2519 2773 a
2555 2718 2916 2790 pauperibus
2950 2717 3358 2772 sterilitatem?
3403 2716 3549 2770 Cum
3580 2716 3737 2770 enim

2067 2827 2184 2866 non
2216 2810 2478 2866 sentiunt
2507 2808 2797 2863 beneficia
2830 2806 3205 2862 fecunditatis
3231 2848 3245 2876 ,
3277 2809 3332 2860 te
3363 2806 3733 2860 auctionante

2064 2901 2337 2971 pretium,
2398 2901 2454 2953 te
2511 2897 2798 2952 condente
2857 2895 3232 2958 frumentum,
3296 2897 3495 2964 optant
3534 2894 3732 2964 potius

2063 2989 2208 3044 nihil
2253 2988 2453 3056 nasci,
2504 3002 2679 3057 quam
2726 2988 2783 3039 te
2835 2984 2906 3038 de
2950 2984 3104 3039 fame
3134 2984 3370 3054 publica
3416 2983 3728 3055 negotiari.

358 3059 439 3115 38.
473 3062 729 3116 Definita
751 3104 764 3130 ,
797 3065 891 3116 est
920 3062 1235 3133 sententia,
1269 3060 1413 3116 nihil
1450 3062 1831 3133 disputationi
1858 3079 1959 3118 re-

2074 3078 2272 3133 Ambis
2350 3076 2780 3131 frumentorum
2836 3074 3253 3145 indigentiam,
3320 3072 3732 3126 alimentorum

299 3145 586 3221 linquens,
625 3149 801 3221 quale
833 3155 1286 3205 controversum
1316 3167 1507 3223 genus
1538 3151 1689 3207 solet
1721 3152 1957 3207 dicendi
1994 3219 2041 3238 Α
2062 3168 2389 3238 penuriam,
2422 3165 2641 3219 uberes
2676 3162 2786 3217 soli
2818 3164 3023 3232 partus
3054 3160 3437 3233 ingemiscis,
3479 3161 3588 3214 ﬁes
3624 3176 3731 3230 Ρη-
3804 3176 3825 3187 ο

301 3219 421 3311 esse
452 3219 587 3310 (14),
628 3219 762 3294 cum
792 3239 946 3294 alius
977 3237 1194 3312 allegat
1220 3219 1642 3312 agriculturam
1686 3241 1956 3296 laudabi-

2074 3219 2686 3322 bl—i—camfertilitatem,
2719 3219 2932 3307 horrea
2963 3219 3202 3321 frung
3232 3250 3401 3320 plena
3424 3219 3728 3320 deploras,

299 3323 399 3380 Ῑθω
426 3329 579 3399 “Pl”1
628 3344 835 3382 omnes
868 3328 1111 3398 haberi,
1148 3328 1376 3383 ἷΓυοίυε
1426 3333 1601 3384 terrae
1650 3330 1955 3400 Simplices
2062 3347 2339 3416 exploras
2385 3342 2619 3415 quando
2670 3340 2930 3396 sterilior
2977 3341 3300 3410 proventus
3350 3339 3465 3408 sit,
3499 3338 3732 3409 quando

244 3452 249 3455 η
300 3430 454 3486 esse,
485 3418 628 3487 plus
676 3419 775 3488 qui
827 3418 1207 3472 seminaverit
1239 3434 1309 3472 eo
1342 3418 1737 3489 probatiorem
1785 3419 1910 3474 fore
1936 3462 1950 3490 ,

2074 3435 2272 3490 axilior
2301 3436 2525 3504 partus.
2578 3431 2744 3485 Votis
2789 3430 2906 3483 tuis
2937 3428 3164 3501 gaudes
3216 3427 3497 3481 arrisisse
3544 3426 3730 3481 male-

301 3505 589 3561 uberiores
644 3507 871 3561 reditus
903 3506 1208 3562 industria:
1240 3524 1359 3563 non
1388 3507 1648 3563 fraudari
1679 3507 1812 3580 (15),
1845 3525 1952 3564 ne-

2074 3524 2299 3591 lictnm,
2321 3525 2383 3576 ut
2413 3521 2560 3575 nihil
2590 3519 2862 3590 cuiquam
2890 3520 3256 3572 nasceretur.
3277 3517 3441 3570 Tunc
3470 3531 3731 3570 messem

301 3593 632 3666 gligentiam
662 3597 859 3668 magis
908 3599 964 3651 et
992 3596 1281 3651 incuriam
1324 3598 1482 3652 ruris
1515 3597 1719 3653 inculti
1750 3614 1956 3669 repre-

302 3681 459 3738 hendi
490 3684 713 3740 solere.

361 3770 439 3828 39.
487 3773 694 3845 Aravi,
728 3774 934 3846 inquit,
977 3774 1328 3847 studiosius,
1362 3773 1607 3832 uberius
1641 3776 1951 3847 seminavi,

301 3860 629 3934 diligentius
660 3864 915 3934 excolui,
948 3865 1141 3920 bonos
1174 3865 1389 3937 collegi
1418 3870 1763 3937 proventus,
1799 3866 1958 3921 solli-

302 3951 456 4007 citius
486 3952 819 4022 recondidi,
845 3955 1082 4007 servavi
1104 3954 1373 4024 tideliter,
1398 3955 1643 4025 provide
1685 3955 1951 4009 custodi-

301 4040 367 4093 vi.
414 4041 584 4095 Nunc
632 4041 692 4095 in
724 4045 987 4112 tempore
1032 4040 1205 4098 famis
1239 4040 1430 4098 vendo
1481 4044 1623 4115 (16),
1659 4044 1950 4099 subvenio

305 4131 694 4185 esurientibus
729 4148 741 4185 ε
776 4131 967 4186 vendo
1000 4131 1357 4186 frumentum
1384 4148 1503 4187 non
1532 4133 1808 4201 alienum,
1844 4133 1953 4187 sed

305 4233 518 4291 meum;
550 4237 672 4276 non
717 4221 907 4291 pluris
937 4238 1113 4292 quam
1144 4222 1364 4291 caeteri,
1398 4223 1513 4277 imo
1565 4223 1738 4276 etiam
1767 4222 1953 4277 mino-

302 4307 343 4359 ri
368 4310 572 4378 pretio.
608 4308 759 4374 Quid
790 4310 886 4364 hic
917 4309 1109 4365 fraudi
1153 4313 1281 4380 est,
1315 4327 1447 4365 cum
1490 4310 1656 4366 multi
1701 4315 1951 4382 possent

361 4452 463 4521 (ll)
494 4454 644 4507 Mss.
680 4452 946 4525 aliquot,
1001 4470 1109 4508 nec
1140 4470 1458 4525 personam
1496 4470 1658 4508 suam
1709 4453 1953 4509 indutus

303 4520 627 4597 abscondat.
660 4520 940 4579 Romanis
958 4520 1277 4597 Apost-olus
1309 4527 1411 4579 ait.

2056 3615 2214 3666 tuam
2244 3611 2487 3666 venisse
2516 3609 2759 3672 laetaris,
2795 3610 2933 3661 tunc
2966 3606 3072 3661 tibi
3097 3606 3167 3659 de
3200 3607 3461 3660 omnium
3491 3604 3732 3658 miseria

2058 3698 2296 3773 cogeris
2327 3715 2472 3770 opes
2501 3712 2513 3753 :
2551 3702 2607 3752 et
2637 3697 2789 3751 hanc
2834 3699 2896 3750 tu
2928 3695 3278 3749 industriam
3308 3709 3489 3749 vocas
3518 3735 3531 3762 ,
3571 3693 3725 3747 hanc

2057 3789 2420 3861 diligentiam
2451 3786 2743 3855 nominas,
2780 3800 2911 3856 quae
2931 3784 3264 3838 calliditatis
3286 3780 3568 3851 versutia,
3592 3797 3726 3853 quae

2057 3879 2271 3934 astutia
2316 3877 2542 3932 fraudis
2593 3878 2715 3945 est;
2767 3878 2823 3929 et
2872 3874 2986 3928 hoc
3032 3875 3095 3927 tu
3147 3872 3471 3927 remedium
3522 3886 3722 3941 vocas,

2057 3969 2212 4040 quod
2244 3970 2301 4022 et
2329 3968 2725 4021 cummentum
2776 3962 3074 4034 nequitia.
3128 3961 3528 4016 Latrocinium
3575 3960 3723 4030 hoc,

2057 4074 2132 4112 an
2164 4057 2338 4112 fenus
2371 4054 2699 4126 appellem?
2745 4052 3061 4122 Captantur
3106 4053 3383 4121 tanquam
3432 4048 3727 4104 latrocinii

2057 4150 2342 4217 tempora,
2378 4145 2597 4216 quibus
2648 4142 2707 4196 in
2736 4141 2969 4194 viscera
3000 4139 3302 4194 hominum
3342 4139 3527 4193 durus
3572 4136 3723 4191 insi-

2059 4236 2250 4291 diator
2294 4235 2569 4303 obrepas.
2626 4231 2896 4303 Augetur
2940 4228 3191 4298 pretium
3235 4230 3512 4297 tanquam
3561 4227 3721 4280 sorte

2057 4323 2414 4379 cumulatum
2446 4320 2701 4390 fenoris,
2736 4334 2852 4390 quo
2887 4317 3215 4388 periculum
3251 4315 3458 4385 capitis
3492 4328 3727 4367 acerva-

2056 4466 2289 4522 tissime
2322 4481 2451 4519 cum
2484 4460 2895 4532 Xenophontis
2919 4502 2932 4529 ,
2967 4458 3149 4532 cujus
3191 4457 3404 4532 librum
3449 4452 3722 4532 ejusdem

2057 4539 2388 4611 argumenti
2419 4537 2491 4590 ab
2523 4525 2764 4589 Oratore
2796 4525 3154 4611 translatum.
3175 4529 3420 4611 scimus,
3439 4525 3563 4611 his.
3597 4541 3726 4579 ver-

361 4576 630 4685 (12)‘I:3ra,
664 4576 1078 4685 éi'se’g’,'édiil,'
1448 4613 1560 4651 non
1580 4601 1947 4685 expetamus;
1976 4581 1978 4641 ί

2074 4576 2109 4592 ι.
2173 4576 2388 4592 mnu...
2419 4576 2491 4590 ..υ
2526 4576 2763 4589 eum..-
2801 4576 3144 4586 ...ων-η---
3175 4576 3420 4594 ηωηη
3455 4576 3543 4579 __,-

2074 4576 2160 4664 ἠέ
2172 4608 2418 4680 quadrat
2443 4624 2454 4660 :
2475 4614 2600 4674 Τοὺς
2619 4614 2719 4685 ’γὰρ
2740 4629 2928 4682 αριστα
2953 4605 3310 4681 θεραπεύοντας
3332 4603 3488 4661 αὐτὴν
3507 4601 3723 4658 πλεῖστα

304 4662 521 4739 ᾼῳοῄεὶ),
548 4672 603 4720 et
616 4662 772 4721 'mss.
792 4662 1033 4737 aliquot,
1045 4662 1371 4738 praedicari
1384 4684 1496 4722 non
1515 4662 1946 4739 exspectamus,

303 4734 645 4809 aliidemum
676 4734 1097 4809 elegantius?”
1135 4755 1247 4793 non
1281 4734 1709 4809 exspectemus.

364 4806 466 4876 (ιδ)
496 4810 617 4863 Cic.
652 4809 731 4863 lib
766 4806 823 4861 {u
861 4806 1249 4880 oruc.,'pag.
1294 4806 1419 4879 391i,
1452 4810 1553 4864 lin.
1600 4811 1670 4864 '26
1712 4827 1724 4864 ε
1764 4831 1787 4861 ι
1822 4810 1950 4863 Ma-

305 4882 421 4998 :leat
448 4895 611 4952 ergo,
644 4880 802 4951 quod
833 4885 999 4951 turpe
1033 4881 1126 4947 sit,
1162 4880 1221 4935 id
1249 4897 1549 4952 nunquam
1582 4896 1720 4936 esse
1750 4881 1945 4936 utilem

356 4963 402 4998 c.

306 4958 402 5002 ειο.

364 5019 468 5095 (lt)
498 5021 648 5077 Edit.
685 5038 911 5090 omnes,
938 5026 994 5095 et
1011 5038 1138 5077 mss
1193 5024 1489 5093 nonnulli,
1526 5023 1694 5095 quale
1724 5028 1950 5078 contro-

312 5093 622 5147 versiarum
651 5110 869 5165 genus;
902 5094 1000 5147 alii
1031 5098 1226 5149 autem
1250 5111 1494 5149 numero
1524 5093 1581 5149 et
1609 5095 1948 5165 antiquitate

307 5166 766 5241 praestantiores,
800 5165 1014 5241 _quale_
1029 5172 1482 5241 controversum
1530 5182 1767 5241 g_e_nu_s.A
1791 5166 1949 5219 Infra

309 5234 587 5310 etiamnubi
616 5238 674 5289 in
704 5234 1098 5310 iisdemedit.
1118 5253 1350 5310 acimss.
1376 5234 1645 5310 pauculis
1677 5237 1946 5310 habetur,

309 5305 587 5381 simplices
624 5322 758 5362 esse
782 5308 1037 5381 _tr_iplos;
1085 5308 1163 5381 in_
1190 5305 1684 5381 longe'plurimis
1728 5305 1947 5379 proba?-

308 5372 649 5450 tissimisque
680 5372 980 5447 omittitur,
1016 5372 1244 5450 triplos.

367 5446 473 5515 (15)
503 5446 665 5505 Anne
706 5466 939 5505 omnem
970 5446 1165 5505 locum
1196 5467 1270 5505 ex
1297 5450 1420 5506 Cic.
1461 5450 1565 5505 lib.
1619 5449 1951 5506 (Economi-

322 5525 448 5588 σῶα,
471 5520 569 5591 qui
585 5522 706 5594 jam
721 5538 842 5577 non
863 5525 1117 5592 exstant,
1150 5522 1526 5594 desumptum
1545 5538 1683 5578 esse
1700 5521 1953 5577 forsitan

312 5594 450 5676 haud
476 5600 823 5676 sine_causa
853 5603 988 5676 quis
1019 5601 1367 5676 conjecerit.
1405 5601 1636 5676 Etenim
1665 5600 1824 5676 quod
1856 5600 1953 5658 hic

314 5667 508 5734 dicitur
536 5687 552 5739 ;
580 5667 907 5737 liberiores
918 5667 1157 5736 reditus
1184 5675 1522 5753 ωοιαεῑιοίεθ,
1550 5667 1768 5751 etc.,'id
1785 5687 1955 5753 aper-

2055 4698 2225 4770 ἀγαθά
2267 4697 2545 4757 ἀντιποιεϊ;
2582 4683 2637 4739 et
2667 4683 2805 4751 illiS,
2833 4689 2956 4761 ἀνὴρ
2998 4685 3054 4738 οὐ
3077 4684 3317 4759 λαμϐάνει
3358 4692 3499 4737 σῖτον
3540 4683 3594 4737 ἐκ
3633 4687 3724 4737 τοῦ

2054 4760 2239 4851 αᾷροῦ,
2266 4774 2324 4828 οὐ
2344 4776 2444 4848 γὰρ
2474 4770 2781 4845 ἑπιμελειται
2822 4770 2886 4830 ὡς
2908 4760 3046 4839 αὐτῷ
3088 4766 3358 4851 στξείρηται
3379 4764 3505 4851 ἧῖᾠς
3540 4760 3725 4851 ,κόπρος

2052 4835 2278 4930 γὶςλητοέι,
2319 4835 2446 4901 Ᾱιὶὲι
2476 4835 2690 4900 similia
2720 4845 2848 4912 ipse
2879 4857 2985 4911 per
3013 4835 3067 4893 te
3101 4835 3390 4893 observes
3418 4835 3576 4892 licet.

2128 4947 2242 5017 (16)
2276 4947 2446 5019 Rom.
2481 4943 2618 4997 edit.
2646 4941 2780 5019 inde
2811 4940 3177 5019 expunxerat
3196 4936 3464 5019 verbum,
3495 4934 3682 4991 vendo
3704 4952 3722 4989 :

2059 5020 2165 5073 sed
2198 5016 2333 5072 cum
2362 5016 2606 5069 aliarum
2636 5018 2693 5068 et
2723 5027 2871 5066 mss.
2907 5016 3167 5065 omnium
3199 5016 3437 5078 iniuria.
3478 5036 3481 5041 ι

2128 5089 2241 5159 (1Ἶ)
2272 5088 2394 5143 Cic.
2429 5086 2530 5140 lib.
2581 5082 2865 5159 ianl'li_c._,
2901 5097 3037 5159 pag.
3070 5080 3194 5149 894,
3228 5076 3330 5133 lin.
3365 5078 3478 5159 31‘:
3513 5076 3585 5131 Si
3630 5076 3726 5159 Vir

2056 5148 2245 5215 bonus
2317 5156 2692 5214 Alexandria
2766 5148 3032 5210 Rhodum
3089 5148 3360 5223 magnum
3434 5148 3720 5203 frumenti

2057 5235 2240 5374 eu(18)
2287 5301 2439 5374 Edit.
2473 5314 2542 5374 ac
2574 5314 2721 5353 mss.
2770 5294 3072 5365 nonnulli,
3106 5297 3335 5349 natura?
3363 5287 3721 5347 industriam

2057 5380 2117 5431 et
2147 5373 2594 5431 indulaentiam.

2128 5427 2711 5517 (179)"Mss._aliquo_t,
2758 5439 2855 5494 hic
2886 5440 2943 5493 et
2991 5435 3329 5517 infra,‘non
3355 5427 3722 5517 partusgseg

2051 5498 2261 5592 pas—tuis
2282 5498 2314 5592 ,_
2329 5498 2618 5592 scribunt.
2650 5498 2865 5592 Iterum
2893 5524 3036 5592 vero
3067 5498 3204 5592 post
3230 5498 3421 5592 pauca
3456 5498 3724 5592 nonmihi

2060 5574 2461 5667 'cod._habent,
2521 5590 2579 5641 te
2627 5584 3019 5667 auctionante,
3067 5574 3133 5637 at
3171 5574 3423 5655 propter
3458 5574 3722 5667 pretium

2058 5659 2348 5723 candente
2377 5657 2758 5718 frumentum.
