4128 6132
290 296 411 371 167

314 513 434 564 tur.
487 505 617 561 Tibi
661 503 910 556 condita
951 499 1146 570 frugis
1195 499 1614 568 multiplicatur
1651 513 1869 552 usura:
1915 501 1978 552 tu
2011 483 2063 542 Α

319 597 678 650 frumentum
701 591 868 662 quasi
895 590 1192 643 fenerator
1213 589 1495 656 occultas,
1523 589 1688 658 quasi
1711 587 1980 642 venditor

305 681 696 738 auctiouaris.
741 679 889 744 Quid
924 677 1268 746 imprecaris
1301 677 1449 729 male
1501 677 1796 745 omnibus,
1840 676 1977 746 quia

310 772 505 844 major
537 771 726 824 futura
759 769 835 821 sit
865 767 1072 834 fames,
1110 765 1278 836 quasi
1309 765 1452 818 nihil
1488 764 1723 836 frugum
1765 781 1977 834 super-

310 861 408 930 sit,
459 859 631 930 quasi
681 855 1059 910 infecundior
1107 869 1298 908 annus
1353 856 1676 924 sequatur?
1723 854 1980 907 Lucrum

309 953 475 1004 tuum
509 949 783 1001 damnum
815 945 1116 1014 publicum
1157 946 1266 996 est.

389 1039 477 1091 4‘2.
512 1035 738 1104 Joseph
770 1037 1012 1088 sanctus
1046 1032 1320 1085 omnibus
1351 1031 1579 1101 aperuit.
1607 1031 1838 1096 horrea,
1859 1046 1977 1084 non

321 1126 534 1182 clausit
561 1124 736 1194 (Gen.
773 1139 888 1192 xu,
921 1122 1010 1189 '56)
1037 1137 1048 1174 :
1082 1137 1191 1174 nec
1221 1121 1404 1190 pretia
1439 1121 1690 1189 captavit
1711 1135 1983 1184 annonae,

316 1215 428 1270 sed
465 1228 726 1285 perenne
761 1209 1096 1264 subsidium
1135 1209 1464 1277 collocavit,
1489 1209 1633 1262 nihil
1657 1208 1988 1278 sibiacqui—

319 1305 479 1373 sivit,
517 1303 624 1357 sed
665 1299 1158 1372 quemadmodum
1191 1298 1378 1352 fames
1403 1299 1574 1352 etiam
1605 1298 1664 1352 in
1685 1301 1987 1368 posterum

315 1393 691 1458 vinceretur,
753 1387 999 1460 provida
1056 1386 1422 1442 ordinatione
1468 1387 1764 1456 disposuit
1810 1385 1984 1455 (Gen.

319 1498 497 1550 xnvn,
532 1479 740 1548 13-35).

389 1571 476 1623 43.
499 1567 725 1639 Legisti
743 1565 1234 1636 quemadmodum
1249 1564 1405 1618 hunc
1421 1564 1986 1632 frumentariumt’iO)

325 1658 495 1730 pretii
548 1661 794 1725 captator
812 1672 903 1708 em
949 1657 1201 1723 exponat
1246 1655 1304 1706 in
1349 1654 1672 1725 Evangelio
1706 1654 1990 1706 Dominus

323 1749 526 1815 Jesus,
553 1745 729 1814 cujus
751 1744 1068 1813 possessio
1095 1743 1308 1795 divites
1333 1742 1561 1796 fructus
1596 1742 1804 1810 attulit,
1831 1741 1994 1794 ctille

319 1835 490 1908 quasi
525 1849 711 1904 egens
745 1832 996 1886 dicebat.
1035 1831 1187 1895 Quid
1208 1831 1420 1884 laetam
1445 1831 1472 1883 ?
1501 1831 1634 1884 Non
1669 1830 1856 1884 habeo
1887 1845 1995 1900 quo
2022 1861 2075 1922 Β

327 1939 706 1996 congregem,
723 1922 1026 1975 destruam
1041 1921 1277 1982 horrea,
1289 1926 1346 1973 et
1361 1936 1449 1972 ma
1446 1919 1583 1991 jora
1604 1919 1814 1972 faciam
1829 1919 1992 1988 (Luc.

324 2031 428 2083 xu,
482 2010 568 2079 1⁵7,
619 2011 748 2078 18);
801 2001 941 2062 119
995 2025 1128 2062 cum
1167 2009 1322 2061 scire
1370 2024 1486 2061 non
1525 2010 1750 2077 posset,
1800 2012 1994 2061 utrum

331 2100 600 2172 sequenti
635 2102 806 2153 nocte
837 2097 1028 2150 anima
1047 2113 1154 2150 sua
1185 2097 1256 2150 ab
1288 2111 1358 2150 eo
1383 2099 1816 2166 reposcerctur.
1837 2097 1994 2150 Nes-

335 2190 526 2244 ciebat
576 2188 714 2258 quid
766 2186 1005 2253 faceret,
1060 2185 1230 2255 quasi
1281 2185 1331 2238 ei
1377 2185 1648 2238 alimenta
1693 2186 1992 2254 deessent,

326 2278 589 2334 haerebat
619 2275 928 2345 ambiguo.
961 2273 1093 2327 Non
1121 2274 1427 2342 capiebant
1447 2274 1658 2328 horrea
1681 2290 1992 2344 annonam,

327 2373 383 2423 et
412 2367 509 2421 ille
539 2381 605 2420 se
637 2381 814 2437 egere
849 2363 1144 2418 credebat.
1335 2417 1352 2433 ,

387 2456 476 2510 44.
515 2457 696 2509 Recte
729 2452 911 2524 igitur
958 2451 1256 2519 Salomon,
1295 2451 1406 2516 Qui
1448 2453 1731 2518 continet,
1782 2453 1990 2523 inquit,

325 2545 703 2606 frumentum,
723 2541 1021 2612 relinquet
1037 2539 1185 2594 illud
1196 2541 1537 2594 nationibus
1551 2541 1758 2606 (Prov.
1781 2559 1860 2610 xi,
1877 2542 1988 2609 ‘26),

332 2650 451 2689 non
468 2631 831 2698 haeredibus,
853 2629 1127 2700 quoniam
1141 2629 1401 2682 avaritiae
1434 2630 1888 2684 emolumentum
1921 2629 1994 2683 ad

329 2736 755 2777 successorum
781 2719 916 2788 jura
950 2733 1066 2771 non
1096 2719 1380 2787 pervenit.
1415 2719 1580 2782 Quod
1605 2719 1994 2789 nonlegitime

331 2811 676 2883 acquiritur,
711 2807 880 2878 quasi
932 2808 1125 2860 ventis
1174 2807 1550 2876 quibusdam,
1586 2807 1661 2861 ita
1696 2808 1992 2861 extraneis

327 2899 740 2970 diripientibus
773 2897 1116 2966 dissipatur.
1152 2895 1220 2949 Et
1250 2896 1490 2964 addidit,
1529 2898 1786 2966 Captans
1818 2912 1994 2950 anno-

335 3005 466 3045 nam
490 2988 843 3042 ina/edictus
865 2985 925 3038 in
945 2985 1120 3056 plebe
1139 2992 1231 3038 est
1257 3005 1272 3038 :
1297 2985 1637 3040 benedictio
1657 2991 1846 3040 autem
1867 2987 1922 3058 ej
1929 3002 1996 3040 us

337 3080 436 3152 qui
459 3077 783 3150 participat
815 3074 927 3144 (‘21)
966 3074 1188 3142 (lbid.).
1227 3074 1405 3128 Vides
1450 3089 1594 3146 ergo
1624 3076 1779 3146 quod
1809 3075 1994 3146 largi-

323 3171 511 3224 torem
545 3164 832 3220 frumenti
856 3179 992 3217 esse
1017 3163 1240 3232 deceat,
1265 3179 1382 3216 non
1422 3164 1588 3232 pretii
1614 3168 1990 3234 captatorem.

323 3257 458 3312 Non
491 3258 582 3311 est
615 3254 798 3325 igitur
829 3254 939 3306 ista
982 3251 1224 3320 utilitas,
1260 3251 1318 3304 in
1367 3268 1479 3322 qua
1529 3253 1662 3322 plus
1700 3252 1994 3308 honestati

321 3345 667 3413 detrahitur,
702 3359 878 3414 quam
908 3341 1139 3396 utilitati
1169 3340 1533 3412 adjungitur.
1850 3354 1862 3367 ο

945 3465 1198 3520 CAPUT
1247 3465 1364 3518 VII.

320 3593 698 3666 Peregrinos
713 3598 973 3666 tempore
990 3591 1174 3666 hamis
1188 3590 1426 3666 exrurb‘e
1443 3591 1774 3666 neutiquam
1791 3592 1991 3666 expel-

392 3663 956 3735 lendos.l§gregim»
977 3663 1158 3716 hacm
1172 3679 1241 3735 re
1259 3663 1594 3735 Christiani
1606 3665 1772 3735 senis
1793 3664 1990 3717 consi-

389 3739 531 3793 lium
545 3733 846 3792 refertur:
867 3735 961 3789 cui
979 3734 1288 3805 Opponitur
1303 3733 1609 3805 indignum
1629 3733 1860 3787 facinus
1872 3735 1990 3788 Ito-

392 3881 505 3950 (20)
539 3879 769 3933 Erasm.
795 3880 850 3957 et
875 3890 1002 3945 seq.
1037 3875 1198 3942 edit.,
1221 3874 1808 3946 l'rumentariipretii
1829 3893 1994 3947 agro-

323 3969 454 4009 I'UIH
486 3965 820 4005 TCSC'I'Vill'l.

394 4023 507 4093 (21)
537 4021 756 4093 anes
787 4017 924 4093 edit.
947 4033 1014 4069 ac
1038 4015 1204 4086 pauci
1237 4032 1408 4093 mss,
1444 4016 1783 4093 benedictio
1800 4024 1996 4093 autem
2034 4013 2039 4018 ’

325 4087 456 4164 ejus
483 4087 544 4164 in
576 4087 789 4164 capite.
814 4087 992 4164 liras.
1027 4092 1082 4140 et
1101 4103 1228 4164 seq.
1254 4087 1416 4164 _edit.,
1445 4088 1505 4139 in
1539 4089 1731 4157 capite
1756 4089 1884 4158 ejus
1899 4089 1996 4160 qui

317 4157 798 4236 p"articip_at'Quze
814 4159 986 4236 lectio
1005 4175 1138 4236 cum
1153 4157 1414 4236 llebraeo
1431 4162 1591 4236 textu
1605 4164 1660 4211 et
1675 4157 1993 4236 praecipuis

324 4229 708 4288 'versionibus
737 4230 1010 4298 quadrat:
1047 4229 1447 4298 antiquissimi
1477 4233 1668 4282 tamen
1699 4231 1830 4284 cod.
1860 4247 1994 4285 cum

323 4303 606 4372 Paraphr.
641 4301 843 4354 (lliald.
881 4300 1158 4373 omittunt
1198 4315 1425 4373 vocem,
1467 4301 1530 4354 in
1573 4301 1784 4372 capite,
1817 4303 1993 4373 idque

326 4377 456 4430 sine
480 4371 606 4427 fullo
639 4372 946 4427 sententiae
993 4371 1384 4424 incommodo.

399 4447 512 4514 (:22)
540 4445 660 4499 Cic.
686 4444 787 4496 lib.
812 4444 872 4495 in
891 4442 1081 4505 ()l'h'e.,
1103 4458 1239 4512 pag.
1263 4443 1387 4507 391i,
1411 4442 1510 4496 lin.
1544 4443 1612 4496 6:
1637 4443 1797 4497 .lIale
1817 4445 1992 4498 etiam

333 4517 431 4590 qui
442 4513 799 4590 peregrinos
831 4513 1081 4590 urbibus
1105 4515 1190 4566 uti
1203 4513 1544 4590 prohibent,
1561 4518 1670 4568 etc.

400 4584 512 4656 (23)
545 4584 692 4640 Mss.
727 4602 842 4639 non
875 4585 1064 4653 pauci,
1093 4601 1202 4638 nec
1232 4584 1640 4651 inﬁmainotae,
1663 4603 1992 4642 communes

318 4655 638 4741 parentes...
663 4657 846 4741 Ilau'd'
878 4658 953 4736 ita
988 4655 1166 4741 male;
1213 4659 1274 4708 ut
1324 4657 1613 4741 referatur
1641 4658 1802 4741 adid
1837 4661 1992 4729 quod

327 4726 479 4784 infra
503 4729 736 4798 legitur,
769 4726 1054 4797 Plerique
1077 4728 1254 4779 etiam
1287 4729 1479 4780 nostri
1505 4736 1792 4797 parentes
1822 4726 1992 4794 sum;

329 4800 904 4864 concinniustamen,
927 4799 1247 4850 communis
1264 4801 1556 4867 parentis,
1574 4799 1629 4850 id
1654 4805 1744 4852 est
1767 4802 1988 4869 Romae,

327 4887 461 4942 quae
511 4870 690 4924 totius
740 4869 1138 4942 imperiiqei'at
1184 4870 1356 4938 quasi
1401 4872 1604 4936 mater,
1651 4872 1744 4924 vel
1796 4875 1991 4940 potius

325 4939 501 4997 terra)
533 4957 666 5010 quae
700 4939 1028 4992 communis
1062 4943 1321 4992 omnium
1353 4943 1536 4993 mater
1564 4944 1674 4994 est.

400 5014 512 5081 (‘24)
535 5013 703 5066 ltom.
730 5011 890 5077 edit.,
910 5011 1465 5080 urbepel/erentur.
1486 5010 1595 5074 Qui
1617 5028 1792 5080 porro
1819 5013 1993 5066 fuerit

327 5084 462 5154 plus
486 5083 580 5137 ille
605 5098 811 5146 senex,
839 5082 1285 5154 cujusconsilio
1309 5083 1492 5135 ltoma
1517 5085 1706 5136 exacti
1732 5100 1847 5137 non
1874 5086 1993 5137 sint

329 5153 650 5225 peregrini,
689 5168 850 5224 aegre
883 5153 1199 5222 intelligas.
1235 5153 1293 5205 id
1325 5158 1517 5205 tamen
1550 5160 1773 5207 certum
1805 5156 1994 5208 videri

328 5224 542 5298 potest,
579 5227 771 5278 fuiss;
819 5225 1101 5298 videlicet
1133 5239 1266 5298 eum
1315 5224 1667 5298 Christianae
1718 5227 1993 5296 religioni

329 5295 646 5362 addictum,
683 5311 816 5348 cum
853 5296 924 5347 ab
977 5295 1292 5347 Ambrosio
1337 5297 1754 5349 sanctissimus
1808 5313 1994 5351 senex

330 5368 688 5438 appelletur:
711 5383 778 5420 ac
797 5371 1081 5438 praeterea
1097 5381 1212 5438 non
1231 5381 1481 5438 annona:
1503 5368 1866 5438 praefectum,
1886 5370 1994 5422 sed

330 5437 476 5493 Urbi
511 5439 852 5504 exstitisse;
887 5437 1046 5490 illum
1095 5437 1249 5490 enim
1285 5437 1396 5489 sub
1441 5437 1620 5507 hujus
1651 5442 1994 5494 auctoritate

326 5508 542 5579 fuisse,
567 5526 635 5563 ac
667 5513 976 5580 utrumque
1007 5523 1259 5580 annonae
1275 5508 1468 5580 civilis
1488 5525 1688 5562 curam
1719 5511 1994 5580 gessisse

321 5578 537 5637 auctor
563 5583 656 5636 est
683 5579 736 5635 εἰ.
760 5581 828 5651 (ξε
855 5578 1350 5651 Βαιθηεθνυεῗινίὶ).
1375 5597 1432 5632 vr
1455 5580 1528 5633 de
1549 5578 1805 5651 Imperio
1824 5581 1995 5637 Item.

333 5664 466 5722 cap.
511 5651 564 5722 2,
609 5665 729 5722 nec
757 5649 870 5704 alio
906 5654 1177 5722 spectare
1217 5650 1560 5706 dixeremus
1599 5649 1995 5722 Ambrosiana

331 5719 533 5801 verba,
551 5719 1208 5801 'prtefecturtv’urbanw
1229 5737 1426 5783 curam
1449 5721 1692 5780 caeteris
1708 5723 1992 5799 majorem

1833 297 1896 358 S.
1946 291 2364 358 AMBROSII

3650 287 3767 353 168

2169 514 2278 552 mae
2291 496 2636 558 admissum;
2653 511 2758 548 nec
2773 509 2884 547 non
2902 497 3144 564 utroque
3157 492 3217 544 in
3227 498 3320 545 ter
3330 507 3398 544 se
3411 497 3760 561 comparato,

2162 569 2420 640 primum
2441 584 2566 620 eum
2584 567 2896 640 honestate
2920 571 3091 635 atque
3118 564 3375 640 utilitate
3398 565 3766 634 con/unctum

2169 633 2362 694 fuisse
2395 638 2756 702 ostenditur,
2781 652 2956 690 secus
2979 633 3073 688 vel
3089 651 3119 688 0
3141 633 3479 688 secundum.

2171 783 2258 835 45.
2295 781 2410 835 Sed
2444 785 2499 834 et
2531 781 2730 850 illiqui
2762 779 3113 850 peregrinos
3131 777 3277 831 urbe
3299 777 3611 846 prohibent
3633 777 3768 844 (2'2),

2101 887 2474 941 nequaquam
2523 870 2847 939 probandi;
2899 867 3194 936 expellere
3238 882 3307 920 eo
3356 870 3615 935 tempore
3654 882 3770 936 quo

2101 960 2317 1014 debent
2351 959 2582 1029 juvare,
2629 973 2906 1028 separare
2949 973 2980 1009 a
3027 955 3400 1010 commerciis
3441 955 3771 1008 communis

2101 1048 2365 1119 parentis
2401 1047 2534 1116 (~23),
2568 1047 2738 1100 fusos
2791 1045 3066 1100 omnibus
3115 1047 3320 1114 partus
3357 1060 3595 1114 negare,
3630 1043 3771 1096 inita

2099 1137 2223 1207 jam
2256 1137 2554 1190 consortia
2603 1135 2841 1189 vivendi
2885 1149 3316 1187 averruncare:
3369 1149 3502 1186 cum
3551 1132 3770 1202 quibus

2105 1227 2325 1279 fuerint
2355 1225 2685 1279 communia
2713 1223 2870 1294 jura,
2914 1239 3048 1276 cum
3089 1222 3185 1276 his
3226 1222 3382 1276 nolle
3416 1223 3473 1274 in
3504 1224 3767 1290 tempore

2107 1314 2486 1368 necessitatis
2527 1309 2797 1368 subsidia
2837 1312 3059 1382 partiri.
3106 1311 3271 1365 Ferae
3308 1326 3426 1365 non
3467 1310 3771 1380 expellunt

2106 1403 2288 1471 feras,
2325 1406 2379 1457 et
2410 1403 2584 1456 homo
2616 1401 2874 1456 excludit
2903 1401 3220 1455 hominem.
3255 1399 3420 1454 Ferae
3454 1415 3522 1452 ac
3559 1398 3768 1453 bestiae

2107 1507 2477 1546 communem
2506 1494 2708 1560 putant
2727 1490 3002 1543 omnibus
3025 1489 3266 1556 victum,
3291 1504 3464 1558 quem
3489 1492 3641 1541 terra
3665 1489 3774 1541 mi-

2105 1581 2332 1634 nistrat.
2377 1581 2494 1634 lllae
2545 1580 2718 1634 etiam
2765 1579 3128 1632 conformem
3169 1577 3265 1630 sui
3307 1579 3548 1647 generis
3594 1577 3772 1648 adju-

2106 1673 2262 1736 vant,
2297 1669 2472 1722 homo
2506 1669 2828 1738 impugnat,
2862 1666 2964 1736 qui
2994 1667 3136 1719 nihil
3171 1682 3202 1718 a
3226 1682 3291 1720 se
3322 1667 3575 1720 alienum
3599 1665 3778 1720 debet

2109 1759 2348 1812 credere
2381 1757 2664 1827 quidquid
2700 1756 2934 1809 humani
2958 1759 3067 1809 est.

2179 1865 2266 1918 (t6.
2299 1863 2525 1927 Quanto
2569 1863 2666 1916 ille
2716 1863 2957 1929 rectius,
3002 1862 3100 1932 qui
3154 1880 3284 1916 cum
3329 1861 3450 1932 jam
3495 1866 3771 1932 provecta

2107 1955 2512 2024 processisset
2545 1955 2734 2020 (etate,
2769 1955 2825 2005 et
2875 1952 3086 2004 famem
3118 1951 3392 2005 toleraret
3423 1953 3651 2019 civitas,
3691 1955 3772 2006 at-

2107 2059 2221 2114 que
2245 2047 2329 2110 (ut
2358 2043 2415 2094 in
2448 2041 2663 2094 talibus
2696 2041 2868 2105 solet)
2901 2045 3164 2109 peterent
3195 2041 3374 2110 vulgo
3408 2044 3469 2094 ut
3503 2041 3772 2111 peregri-

2107 2133 2164 2186 ni
2197 2132 2342 2185 urbe
2377 2130 2831 2200 prohiberentur
2852 2130 2984 2196 (21),
3018 2130 3386 2200 praefecturae
3407 2130 3773 2183 urbaiuecu-

2106 2237 2230 2275 ram
2266 2220 2499 2274 caeteris
2534 2219 2817 2289 majorem
2851 2219 3176 2286 sustinens,
3213 2219 3560 2272 convocavit
3583 2219 3772 2274 bono-

2105 2315 2266 2364 ratos
2298 2313 2354 2363 et
2384 2308 2800 2377 locupletiores
2825 2309 3011 2374 viros,
3039 2307 3309 2377 poposcit
3339 2312 3396 2361 ut
3435 2308 3493 2361 in
3517 2308 3774 2362 medium

2108 2399 2508 2466 consulerent,
2545 2397 2750 2449 dicens
2773 2413 2948 2466 quam
2972 2396 3221 2450 immane
3242 2401 3401 2450 esset
3421 2398 3770 2468 peregrinos

2107 2489 2243 2560 cjici
2277 2487 2410 2556 r25),
2445 2503 2618 2556 quam
2651 2486 2947 2540 hominem
2979 2485 3051 2538 ab
3102 2485 3334 2539 homine
3366 2485 3521 2553 exui,
3557 2485 3657 2556 qui
3688 2485 3774 2538 ci-

2105 2580 2244 2632 bum
2277 2576 2548 2630 morienti
2580 2577 2845 2645 negaret.
2879 2574 3071 2627 Canes
3101 2578 3232 2628 ante
3265 2591 3527 2628 mensam
3551 2576 3773 2644 impas-

2107 2672 2198 2722 tos
2251 2682 2388 2720 esse
2442 2682 2560 2718 non
2607 2665 2877 2733 patimur,
2929 2667 2984 2716 et
3033 2664 3302 2716 homines
3359 2663 3769 2718 exeludimus:

2108 2772 2281 2827 quam
2331 2754 2533 2808 inutile
2583 2768 2816 2822 quoque
2863 2755 2945 2805 tot
2991 2753 3242 2821 populos
3292 2753 3507 2806 mundo
3556 2752 3770 2820 perire,

2109 2862 2260 2915 quos
2317 2845 2443 2897 dira
2499 2841 2850 2895 conficiebat
2905 2841 3108 2894 tabes:
3160 2845 3412 2911 quantos
3471 2841 3604 2894 urbi
3647 2857 3772 2894 suae

2107 2934 2342 3004 perire,
2429 2931 2528 3002 qui
2617 2931 2879 2983 solerent
2953 2929 3292 2999 adjumcnto
3366 2945 3540 2998 esse,
3631 2921 3772 2985 120

2108 3023 2203 3076 vel
2229 3023 2287 3075 in
2307 3019 2684 3074 conferendis
2704 3018 3018 3087 subsidiis,
3041 3019 3131 3071 vel
3153 3019 3208 3070 iu
3227 3019 3599 3072 celebrandis
3619 3035 3771 3073 com-

2111 3111 2349 3166 merciis
2373 3126 2382 3163 :
2411 3109 2703 3162 neminem
2729 3107 2936 3160 famem
2957 3107 3204 3160 alienam
3225 3106 3434 3177 juvare
3466 3108 3598 3178 (:26),
3641 3124 3773 3178 pro-

2109 3201 2340 3254 trahere
2373 3202 2434 3252 ut.
2465 3197 2778 3267 plurimum
2810 3197 2964 3250 diem
2994 3212 3195 3266 posse,
3239 3213 3358 3250 non
3389 3197 3645 3266 inopiam
3675 3214 3772 3251 re-

2109 3289 2369 3360 pellere;
2403 3288 2517 3340 iino
2553 3291 2632 3339 tot
2666 3285 2992 3339 cultoribus
3042 3285 3373 3353 exstinctis,
3409 3289 3489 3339 tot
3538 3287 3774 3356 agrico-

2106 3378 2181 3431 lis
2217 3376 2645 3442 oecidentibus,
2695 3389 2978 3427 occasura
3028 3374 3086 3426 iu
3129 3378 3473 3443 perpetuum
3505 3375 3774 3429 subsidia

2109 3465 2509 3520 frumentaria.
2562 3465 2686 3517 llos
2737 3464 2916 3534 igitur
2963 3462 3356 3530 excludimus,
3407 3463 3506 3534 qui
3556 3464 3772 3518 victum

2108 3556 2284 3610 nobis
2308 3556 2524 3608 inferre
2546 3555 2942 3606 consuerunt:
2980 3552 3090 3605 hos
3125 3551 3399 3606 nolumus
3431 3553 3488 3605 iu
3513 3556 3771 3623 tempore

2108 3644 2485 3698 necessitatis
2513 3657 2778 3711 pascere,
2805 3642 3038 3711 quinos
3063 3641 3220 3694 omni
3239 3644 3406 3695 aetate
3447 3643 3775 3712 paverunt?

2109 3733 2330 3798 Quanta
2364 3736 2500 3785 sunt
2533 3747 2664 3801 quae
2713 3731 2785 3782 ab
2818 3731 2966 3799 ipsis
2999 3730 3172 3784 nobis
3209 3729 3320 3784 hoc
3351 3731 3482 3800 ipso
3513 3735 3772 3801 tempore

2109 3876 2416 3931 sustinens
2440 3895 2455 3928 :
2479 3875 2694 3944 quibus
2713 3873 2916 3928 verbis
2932 3889 3062 3927 cum
3081 3873 3211 3927 aliae.
3236 3873 3516 3942 minores,
3537 3877 3656 3928 tum
3679 3890 3777 3944 po-

2107 3949 2406 4001 tissimum
2424 3962 2672 3999 annonae
2689 3947 3040 4014 praefectura
3063 3945 3398 4013 includitur,
3424 3946 3578 3998 sicut
3599 3947 3772 4000 etiam

2110 4018 2384 4072 frumenti
2419 4017 2720 4083 dividenti,
2756 4019 2826 4070 de
2845 4017 3127 4086 quaidem
3160 4016 3532 4085 llulengerus
3556 4017 3772 4070 ibidem

2108 4089 2210 4142 lib.
2248 4107 2302 4156 v,
2338 4105 2463 4158 cap.
2503 4089 2582 4140 l3.
2618 4088 2780 4150 Quod
2826 4094 3017 4140 autem
3068 4088 3354 4141 Baronius
3405 4087 3515 4140 hoc
3555 4087 3772 4141 factum

2108 4161 2376 4214 Graccho
2418 4159 2837 4212 ascribcndum
2876 4163 3153 4227 autumat,
3205 4175 3557 4228 quamquam
3610 4159 3770 4212 nullo

2109 4233 2312 4285 nititur
2341 4230 2597 4300 alicujus
2644 4230 3008 4282 auctoritatis
3041 4233 3352 4290 momento,
3389 4230 3596 4283 saltem
3627 4230 3771 4284 nihil

2109 4302 2356 4356 involvit
2377 4301 2828 4354 contrarietatis.
2855 4301 2998 4352 (lum
3023 4301 3176 4354 enim
3195 4301 3246 4352 is
3269 4301 3591 4354 secundam
3615 4302 3772 4354 illam

2108 4374 2385 4427 frumenti
2407 4374 2706 4442 penuriam
2733 4372 2803 4424 de
2823 4388 2934 4441 qua
2959 4371 3233 4424 continuo
3256 4376 3388 4440 post
3406 4371 3620 4441 agitur,
3647 4373 3772 4426 col-

2107 4445 2261 4498 locet
2291 4461 2444 4497 anno
2476 4445 2598 4510 383i,
2635 4443 2768 4512 quid
2805 4442 3130 4511 prohibeat.
3153 4444 3468 4511 quominus
3492 4444 3653 4511 prior
3675 4459 3768 4496 ac-

2110 4517 2306 4570 cidere
2338 4515 2590 4584 potuerit
2620 4531 2713 4567 an.
2746 4515 2850 4566 376
2889 4519 2985 4566 aut.
3017 4513 3140 4578 377,
3177 4514 3393 4583 quibus
3442 4513 3772 4568 Gracchum

2015 4575 2072 4636 D
2110 4575 2518 4656 praefecturam
2553 4585 2825 4656 gessisse
2861 4584 3032 4636 tradit
3053 4575 3437 4656 Lidtliot‘ridus
3467 4585 3568 4638 lib.
3607 4603 3665 4638 iu
3695 4585 3766 4639 de

2109 4655 2572 4724 Qucstionibus,
2593 4657 2689 4710 ubi
2721 4657 2892 4708 etiam
2911 4655 3060 4710 duos
3083 4656 3268 4724 locos,
3293 4655 3538 4709 alterum
3561 4657 3772 4710 Hiero-

2109 4730 2288 4799 nymi,
2329 4728 2626 4799 lfrudentii
2657 4728 2922 4794 alterum,
2957 4728 3026 4799 de
3058 4727 3643 4799 eademprmfectura
3665 4743 3772 4799 ex-

2109 4797 2303 4871 plicat.
2340 4797 2453 4852 Sed
2487 4799 2544 4850 in
2579 4798 2688 4850 hoc
2720 4797 3214 4871 cumGothofi-ido
3241 4797 3614 4871 Hermannus
3638 4797 3771 4852 vitm

2112 4869 2312 4927 Amor.
2340 4871 2438 4923 lib.
2473 4887 2510 4930 ι,
2547 4886 2672 4938 cap.
2708 4871 2760 4936 ti,
2811 4885 2928 4922 non
2978 4869 3252 4936 concinit,
3289 4869 3442 4922 sicut
3485 4885 3594 4923 nec
3639 4887 3773 4924 cum

2114 4944 2367 4996 Baronio
2399 4943 2469 4995 de
2502 4942 2652 4994 fame
2692 4941 2830 4992 anni
2875 4941 3000 5008 383,
3035 4940 3282 5010 primam
3327 4941 3542 5010 quippe
3591 4941 3774 4995 conti-

2110 5015 2277 5083 gisse
2310 5014 2419 5066 hoc
2451 5029 2604 5066 anno
2649 5013 2864 5065 ibidem
2911 5011 3011 5065 lib.
3050 5028 3128 5080 ιιι,
3165 5027 3290 5081 cap.
3324 5015 3374 5076 8,
3423 5027 3563 5065 vero
3613 5015 3775 5082 putat

2109 5085 2491 5138 simillimum.

2183 5158 2295 5217 (25)
2317 5155 2604 5208 Ι⁴Ιι·ιιςιη.ρι
2621 5153 3145 5224 seq.edit.,Dicens
3159 5170 3324 5224 quam
3341 5154 3592 5208 immane
3607 5159 3768 5208 esset

2108 5228 2468 5298 [.eregrinos
2497 5228 2654 5295 ejici,
2700 5242 2864 5298 quam
2895 5226 3182 5278 hominem
3205 5231 3454 5298 exueret
3489 5227 3604 5297 qui,
3647 5231 3759 5280 etc.

2111 5296 2351 5352 Amerb.
2379 5303 2432 5350 et
2457 5297 2876 5366 propemodum
2901 5311 3107 5349 omnes
3131 5313 3276 5349 mss.
3305 5301 3362 5349 ut
3387 5296 3442 5349 in
3470 5296 3768 5366 contextu,

2109 5370 2223 5423 nisi
2243 5369 2394 5438 quod
2418 5369 2675 5421 nonnulli
2699 5367 2904 5436 pro,ab
2919 5367 3774 5436 Immine,habent,exhomine:

2109 5441 2345 5510 quidam
2379 5455 2518 5492 vero
2543 5443 2851 5509 utrumque
2883 5439 3244 5493 confodiunt.

2181 5514 2292 5579 (ἐϋ)
2325 5511 2421 5564 Sic
2456 5509 2693 5582 Amerb.
2727 5527 2794 5564 ac
2827 5526 2973 5582 mss.
3009 5509 3216 5582 majori
3269 5527 3598 5582 consensu:
3636 5509 3770 5566 Era.

2108 5598 2258 5665 vero
2283 5585 2509 5665 etnscq.
2559 5581 2720 5665 edit"
2757 5581 3060 5665 neminem
3099 5581 3492 5665 lauio‘aliena
3519 5582 3734 5665 I“iurari
3752 5599 3772 5647 ,°

2107 5669 2223 5726 qua
2243 5652 2494 5708 lectione
2507 5651 2865 5728 ambiguitas
2890 5653 3160 5728 evitetur,
3178 5653 3284 5710 sed
3308 5651 3569 5714 auctoris
3591 5652 3775 5716 verba

2107 5740 2225 5780 non
2251 5723 2595 5780 retinentur.

2105 5740 2225 5786 non
2251 5737 2595 5783 retinentur.
