4128 6132
350 276 472 344 169

367 475 778 530 ministrentur
811 473 823 529 l
857 474 991 529 Non
1020 474 1082 528 in
1113 471 1237 528 solo
1263 487 1416 545 pane
1452 471 1602 526 vivit
1631 471 1798 526 homo
1826 450 2113 541 (Death

361 581 486 631 vm,
519 564 594 634 8).
637 564 854 618 Nostra
905 563 1023 616 illic
1071 562 1308 630 familia,
1341 561 1605 631 plerique
1637 561 1810 614 etiam
1842 559 2030 613 nostri

365 657 648 723 parentes
671 656 827 707 sunt.
866 651 1206 706 Reddamus
1241 650 1399 722 quod
1424 649 1784 719 accepimus.

431 760 522 814 Π.
564 759 680 814 Sed
714 775 990 814 veremur
1033 774 1105 812 ne
1151 758 1520 812 cumulemus
1572 755 1846 826 inepiam.
1904 755 2030 808 Pri-

371 865 532 902 mum
593 850 852 903 omnium
901 847 1305 902 misericordia
1337 861 1636 916 nunquam
1675 843 2026 912 destituitur,

357 937 470 990 sed
528 937 864 1007 adjuvetur.
891 936 1112 990 Deinde
1146 935 1414 989 subsidia
1445 949 1717 1001 annonae,
1752 949 1883 1004 quae
1935 932 2028 986 his

357 1025 745 1095 impertienda
760 1029 918 1096 sunt,
945 1025 1254 1080 collatione
1281 1023 1660 1091 redimamus,
1684 1035 2028 1092 reparemus

1292 270 1405 338 DE
1450 268 1805 338 OFFICIIS
1848 268 2461 337 MINISTRORUM
2507 271 2762 336 LIBER
2804 268 2892 334 III

3677 267 3798 334 170

2747 505 2997 560 CAPUT
3028 505 3173 560 VIII.

2133 612 2258 668 Eos
2289 613 2387 685 qui
2420 613 2727 685 honestum
2762 612 2898 685 utili
2923 617 3274 685 anteponant
3306 627 3336 664 a
3370 611 3493 665 Deo
3524 611 3794 682 probari,

2206 682 2404 752 Josue,
2459 684 2661 753 Caleb,
2714 689 2772 738 et
2819 683 3065 737 aliorum
3106 682 3540 754 exploratorum
3583 690 3797 753 patere

2208 754 2516 827 exemplis.

2207 861 2295 914 53.
2327 861 2569 926 Quando
2601 859 2860 932 majores
2890 859 3076 915 nostri
3100 859 3342 914 servitio
3373 859 3535 914 exire
3564 861 3796 930 potuis-

2136 953 2288 1019 sent,
2341 952 2458 1004 nisi
2489 951 2546 1004 id
2579 967 2695 1004 non
2725 950 2921 1004 solum
2969 952 3157 1018 turpe,
3210 948 3317 1002 sed
3365 947 3537 1002 etiam
3593 949 3795 1004 inutile

2137 1039 2532 1094 credidissent
2561 1040 2689 1112 regi
2723 1039 2950 1095 servire
2991 1038 3411 1110 r’Egypliorum
3441 1037 3658 1106 (Exod.
3691 1056 3795 1107 xu,

371 1130 539 1169 auro.
573 1114 870 1186 Numquid
917 1115 1012 1168 his
1047 1113 1480 1181 deﬁcientibus,
1539 1128 1656 1166 non
1710 1110 1808 1200 alii
1855 1109 2030 1164 nobis
2133 1127 2227 1200 34)
2255 1131 2284 1184 ε)

369 1203 699 1258 redimendi
742 1204 1008 1258 cultores
1061 1203 1337 1257 videntur
1364 1204 1392 1254 ‘2
1434 1201 1661 1265 Quanto
1708 1199 1884 1253 vilius
1940 1201 2032 1252 est

361 1307 613 1362 pascere
633 1293 767 1361 (2'1),
803 1308 979 1364 quam
1009 1307 1203 1346 emere
1237 1287 1556 1345 cultorem!
1593 1288 1708 1342 Ubi
1738 1288 1912 1342 etiam
1942 1303 2033 1342 re-

362 1395 566 1451 pares,
598 1381 701 1435 ubi
729 1381 999 1436 invenias
1032 1396 1204 1452 quem
1253 1378 1543 1433 reformes
1572 1379 1600 1431 ‘2
1645 1377 1810 1430 Adde
1844 1377 1896 1430 si
1948 1376 2033 1430 in-

372 1470 602 1538 venias,
637 1471 793 1542 quod
825 1471 1118 1542 ignarum,
1161 1472 1216 1524 et
1237 1468 1412 1523 alieni
1431 1482 1600 1537 usus,
1623 1481 1866 1520 numero
1896 1481 2034 1536 pos-

362 1559 455 1612 sis
489 1559 872 1628 substituere,
906 1575 1022 1614 non
1046 1559 1246 1613 cultui.

434 1665 526 1719 48.
559 1665 708 1730 Quid
736 1667 905 1737 plura
934 1667 962 1720 ‘2
1011 1665 1234 1719 Collato
1279 1679 1444 1732 auro,
1480 1665 1682 1717 coacta
1740 1661 2034 1715 frumenta

360 1759 524 1808 sunt.
561 1755 640 1808 Ita
672 1771 781 1810 nec
803 1755 1216 1810 abundantiam
1231 1753 1399 1808 urbis
1424 1752 1649 1820 minuit,
1685 1754 1741 1804 et
1771 1751 2034 1821 peregri-

361 1844 462 1896 nis
497 1843 829 1898 alimoniam
876 1842 1364 1898 subministravit.
1414 1840 1656 1905 Quantas
1705 1839 1817 1892 hoc
1869 1827 2104 1892 com-B

364 1932 760 1986 mendationis
811 1933 963 2002 apud
1022 1932 1206 1985 Deum
1266 1930 1374 1984 fuit
1423 1929 1802 1982 sanctissimo
1862 1928 2031 1995 seni,

372 2025 610 2092 quantae
634 2022 786 2091 apud
837 2021 1106 2075 homines
1140 2020 1347 2092 gloriae
1381 2017 1392 2073 l
1441 2019 1549 2072 Hic
1603 2033 1857 2088 magnus
1897 2032 2036 2070 vere

369 2110 680 2180 probatus,
731 2111 832 2182 qui
889 2125 1026 2164 vere
1076 2109 1263 2180 potuit
1293 2107 1631 2178 imperatori
1675 2107 1893 2176 dicere,
1937 2105 2037 2159 de-

366 2203 711 2253 monstrans
741 2191 1065 2269 provinciae
1096 2199 1276 2252 totius
1307 2196 1559 2268 populos
1585 2211 1597 2251 :
1626 2195 1749 2248 Hos
1782 2194 1884 2248 tibi
1915 2209 2036 2248 om-

367 2303 479 2342 nes
511 2289 834 2356 reservavi,
872 2288 927 2342 hi
952 2288 1156 2342 vivunt
1203 2285 1492 2340 beneﬁcio
1522 2285 1604 2338 tui
1637 2287 1900 2353 senatus,
1926 2282 2038 2338 hos

365 2380 468 2430 tua
493 2377 652 2430 curia
683 2378 851 2432 morti
885 2375 1144 2431 abstulit.

441 2482 531 2538 49.
557 2482 782 2548 Quanto
815 2484 927 2538 hoc
958 2484 1160 2538 utilius
1194 2498 1367 2554 quam
1399 2482 1542 2536 illud
1573 2480 1729 2552 quod
1772 2479 2037 2551 proxime

374 2573 584 2626 Romae
625 2572 840 2627 factum
873 2576 983 2642 est,
1017 2571 1244 2644 ejectos
1294 2587 1432 2626 esse
1463 2571 1609 2624 urbe
1649 2569 2036 2640 amplissima,
2073 2605 2082 2614 .

373 2661 619 2732 quijam
643 2662 952 2732 plurimam
985 2663 1103 2716 illic
1131 2659 2039 2732 aetatemLtransegerant,flentes

373 2765 508 2802 cum
541 2750 678 2803 ﬁliis
708 2750 953 2804 abiisse.
975 2751 1193 2822 quibus
1213 2749 1367 2803 velut
1390 2749 1622 2803 civibus
1645 2747 2039 2802 amoliendum

375 2838 655 2892 exsilium
679 2839 1071 2910 deplorarent,
1099 2840 1451 2908 interruptas
1470 2837 1854 2908 complurium
1871 2851 2041 2890 necs-

373 2927 692 2994 situdincs,
728 2928 1048 2998 diremptas
1081 2927 1396 2982 afﬁnitates
1433 2925 1444 2980 l
1480 2926 1549 2980 Et
1581 2930 1737 2980 certe
1760 2926 2041 2979 arriserat

371 3017 512 3069 anni
540 3015 891 3083 fecunditas,
920 3018 1218 3071 invectitio
1242 3017 1387 3070 urbs
1411 3015 1537 3070 sola
1560 3015 1770 3087 egebat
1790 3015 2044 3069 frumen-

371 3107 431 3158 to
461 3121 473 3158 :
509 3105 802 3174 potuisset
828 3105 1047 3176 juvari,
1082 3106 1131 3160 si
1159 3108 1458 3176 peteretur
1477 3104 1550 3157 ab
1575 3104 1733 3157 Italis
1782 3103 2043 3158 frumen-

366 3197 517 3257 tum,
551 3209 800 3264 quorum
832 3194 936 3248 ﬁlii
967 3194 1434 3264 expellebantur.
1461 3193 1628 3246 Nihil
1650 3193 1761 3247 hoc
1785 3193 2038 3264 turpius,
2069 3189 2122 3259 Ο

372 3282 694 3336 excludere
731 3283 902 3354 quasi
943 3284 1220 3352 alienum,
1273 3287 1330 3337 et
1368 3283 1609 3354 exigere
1639 3283 1810 3354 quasi
1843 3299 2038 3337 suum.

372 3370 524 3436 Quid
559 3371 720 3425 illum
753 3372 945 3442 ejicis,
981 3373 1080 3444 qui
1102 3373 1173 3427 de
1204 3389 1314 3427 suo
1344 3373 1606 3442 pascitur
1634 3374 1662 3426 ‘2
1706 3371 1854 3437 Quid
1879 3371 2041 3426 illum

373 3460 573 3530 ejicis,
609 3461 709 3530 qui
741 3463 795 3514 te
825 3463 1054 3530 pascit?
1077 3462 1324 3515 Servum
1358 3461 1600 3530 retines,
1627 3461 1816 3514 trudis
1840 3477 2044 3531 paren-

373 3553 492 3603 tem
514 3551 542 3602 ‘2
584 3548 963 3604 Frumentum
987 3551 1249 3620 suscipis
1287 3567 1396 3605 nec
1429 3549 1700 3604 aﬁ‘ectum
1730 3550 1993 3620 impcrtis
2015 3553 2042 3604 ‘2

374 3637 610 3690 Victum
631 3641 972 3710 extorques,
1002 3655 1110 3693 nec
1142 3640 1420 3710 rependis
1453 3639 1700 3710 gratiam
1730 3641 1758 3693 ‘2

448 3742 537 3798 50.
571 3742 755 3808 Quam
784 3745 1048 3800 deforme
1077 3747 1209 3814 hoc,
1245 3762 1419 3817 quam
1457 3746 1658 3801 inutile
1691 3744 1702 3801 !
1739 3745 2042 3811 Quomodo

377 3834 536 3887 enim
559 3836 751 3903 potest
773 3835 911 3888 utile
942 3851 1078 3892 esse
1109 3837 1266 3908 quod
1298 3851 1415 3890 non
1445 3835 1614 3890 decet
1636 3839 1662 3890 '2
1697 3837 1824 3901 121
1859 3837 2046 3902 Quan-

375 3922 457 3975 tis
488 3925 935 3992 corporatorum
967 3925 1077 3994 ('28)
1101 3925 1392 3979 subsidiis
1431 3925 1651 3980 dudum
1677 3927 1860 3980 Iloma
1891 3927 2044 3982 frau-

376 4010 513 4063 data
543 4013 677 4064 est?
711 4011 900 4066 Potuit
935 4016 990 4066 et
1019 4014 1152 4068 illos
1184 4030 1300 4068 non
1341 4016 1625 4084 amittere,
1689 4018 1745 4069 et
1792 4017 2044 4070 evadere

376 4098 617 4167 famem,
650 4102 1010 4170 exspectatis
1041 4107 1350 4158 ventorum
1384 4104 1732 4175 opportunis
1783 4105 2039 4176 flatibus,

377 4193 437 4243 et
464 4193 831 4259 speratarum
861 4196 1189 4246 commeatu
1218 4193 1474 4248 navium.

453 4295 640 4360 Quam
669 4314 811 4352 vero
844 4298 985 4353 illud
1015 4301 1294 4370 superius
1325 4301 1639 4356 honestum
1667 4304 1840 4373 atque
1873 4299 2039 4356 utilel

374 4381 530 4450 Quid
574 4386 727 4440 enim
785 4389 899 4440 tam
949 4388 1229 4443 decorum
1279 4393 1452 4461 atque
1511 4390 1846 4459 honestum,
1872 4407 2046 4462 quam

379 4474 698 4529 collatione
727 4476 1298 4549 locupletumjuvari
1325 4483 1592 4550 egentes,
1621 4481 1942 4534 ministrari
1973 4481 2049 4533 vi-

380 4568 545 4617 ctum
569 4564 969 4620 esurientibus
996 4583 1010 4636 ;
1041 4568 1186 4621 nulli
1229 4568 1424 4622 cibum
1455 4568 1656 4623 defore
1687 4571 1715 4622 ‘2
1753 4569 1902 4634 Quid
1934 4574 2046 4623 tam
2073 4557 2132 4622 D

379 4653 549 4721 utile,
583 4670 758 4725 quam
788 4655 1046 4710 cultores
1069 4673 1214 4728 agro
1243 4658 1539 4712 reservari
1569 4657 1703 4728 (29),
1756 4674 1872 4712 non
1906 4659 2050 4713 inte-

380 4743 504 4796 rire
541 4739 771 4812 plebem
801 4741 1238 4800 rusticanorum
1267 4748 1295 4800 ‘2

454 4849 545 4903 5'2.
571 4848 736 4914 Quod
784 4850 1098 4906 honestum
1133 4852 1330 4924 igitur,
1375 4855 1430 4907 et
1461 4852 1598 4907 utile
1629 4856 1721 4907 est
1755 4870 1766 4907 :
1804 4857 1860 4908 et
1893 4854 2052 4925 quod

379 4938 550 5008 utile,
585 4938 918 4994 honestum.
946 4940 1014 4994 Et
1039 4946 1240 4995 contra
1255 4942 1412 5012 quod
1431 4942 1652 5009 inutile,
1673 4942 2050 5012 indecorum;

383 5028 546 5101 quod
569 5031 762 5083 autem
793 5029 1157 5101 indecorum,
1192 5031 1251 5085 id
1282 5032 1454 5086 etiam
1484 5032 1706 5087 inutile.

455 5173 571 5240 (2'7)
592 5173 723 5245 Gill.
749 5174 808 5226 in
840 5189 1028 5245 marg.
1065 5177 1119 5228 et
1149 5174 1418 5245 quaedam
1439 5175 1626 5229 Paris.
1662 5175 1799 5229 edit.
1837 5176 1894 5229 in
1925 5193 2054 5231 cor-

383 5260 560 5313 pore,
619 5244 847 5308 Quanto
882 5244 1094 5298 utilius
1141 5244 1232 5299 est
1283 5250 1394 5300 etc.
1445 5245 1760 5315 Perperam

382 5390 612 5458 pensis.

454 5477 574 5545 (‘28)
635 5476 944 5545 Corporati
984 5476 1336 5531 dicunturin
1383 5478 1679 5532 variarum
1726 5479 1937 5534 artium
1969 5497 2062 5537 so~

385 5551 631 5622 cietates
687 5552 744 5602 et
780 5547 1075 5622 collegia
1110 5549 1386 5622 cooptati,
1410 5553 1470 5603 ut
1491 5554 1633 5622 puta
1663 5550 2056 5622 sculptorum,

382 5621 701 5696 pictorum,
733 5621 850 5696 etc.
888 5619 1115 5696 I_)_e_hi_s
1159 5619 1434 5696 loquitur
1473 5619 1817 5696 Symmachi
1841 5622 1957 5696 l_ib.
1998 5619 2060 5696 x,

379 5689 553 5774 epist.
587 5691 658 5750 27
692 5693 749 5746 et
777 5689 867 5746 58.
902 5689 1030 5747 Vid.
1061 5689 1394 5754 Gothofrid.
1419 5693 1479 5752 in
1513 5689 1613 5755 lib.
1664 5709 1704 5754 ιι
1726 5692 1801 5757 de
1840 5689 2057 5757 Primi

671 5816 932 5886 Peraea.
971 5813 1134 5888 XVI.

2207 1235 2295 1290 54.
2332 1235 2510 1290 Jesus
2541 1251 2776 1308 quoque
2808 1239 2864 1290 et
2883 1234 3060 1290 Caleb
3090 1233 3261 1288 missi
3291 1233 3363 1287 ad
3379 1232 3801 1304 explorandam

2137 1326 2374 1390 terram,
2416 1324 2658 1378 uberem
2691 1325 2928 1396 quidem
2956 1327 3192 1390 terram,
3217 1321 3374 1376 seda
3404 1321 3801 1376 ferocissimis

2138 1412 2474 1467 imhabitari
2522 1414 2800 1485 gentibus
2857 1414 3292 1468 nuntiaverunt.
3353 1411 3605 1466 Terrore
3662 1411 3804 1466 belli

2137 1502 2393 1572 populus
2425 1502 2732 1570 infractus,
2755 1501 3071 1556 recusabat
3092 1505 3264 1555 terrae
3297 1499 3432 1571 ejus
3460 1500 3803 1570 possessio-

2140 1606 2273 1644 nem
2305 1590 2501 1658 (Num.
2536 1608 2660 1659 XIII,
2691 1591 2781 1658 ‘28,
2812 1591 2922 1659 ‘29).
2963 1590 3299 1644 Suadebant
3331 1589 3503 1642 missi
3533 1588 3803 1659 explem-

2138 1682 2299 1733 tores
2333 1679 2511 1733 Jesus
2561 1683 2617 1732 et
2654 1679 2830 1733 ()aleb
2861 1683 3075 1732 terram
3107 1694 3244 1732 esse
3277 1677 3478 1732 utilem
3511 1693 3524 1732 ε
3558 1677 3798 1732 indeco-

2139 1783 2267 1820 rum
2318 1768 2596 1837 putabant
2627 1767 2837 1821 cedere
2877 1766 3250 1820 nationibus:
3313 1765 3558 1836 lapidari
3607 1767 3804 1836 potius

2139 1856 2454 1928 eligebant,
2480 1857 2636 1928 quod
2663 1856 2990 1910 minabatur
3011 1856 3284 1926 populus,
3311 1871 3485 1926 quam
3517 1855 3804 1910 decedere

2139 1945 2209 1998 de
2244 1944 2570 1999 honestate.
2607 1945 3194 2013 Dissuadebantalii;
3225 1944 3394 2014 plebs
3425 1944 3802 2014 reclamabat,

2141 2033 2346 2087 dicens
2375 2033 2488 2104 (30)
2529 2035 2820 2088 adversus
2853 2034 3014 2087 diras
3055 2037 3112 2088 et
3153 2049 3400 2103 asperas
3431 2037 3641 2105 gentes
3674 2033 3805 2087 bel-

2141 2123 2260 2176 lum
2293 2123 2438 2190 fore,
2475 2123 2799 2177 cadendum
2833 2122 2949 2175 sibi
2987 2123 3047 2176 in
3077 2121 3302 2193 praelio,
3349 2123 3630 2178 mulieres
3661 2137 3806 2178 suas

2144 2214 2200 2266 et
2227 2227 2446 2282 pueros
2479 2211 2791 2282 direptioni
2812 2211 3064 2266 futuros.

2218 2317 2306 2371 55.
2332 2317 2572 2371 Exarsit
2616 2317 2846 2371 Domini
2876 2316 3222 2388 indignatio,
3281 2318 3346 2371 ut
3373 2331 3582 2371 omnes
3629 2317 3808 2372 vellet

2145 2407 2393 2478 perdere
2428 2421 2440 2461 :
2493 2406 2600 2460 sed
2631 2408 2876 2478 rogante
2909 2405 3138 2476 Moyse,
3172 2405 3517 2476 temperavit
3563 2409 3807 2460 senten-

2142 2497 2302 2564 tiam,
2345 2495 2623 2550 ultionem
2655 2494 2899 2563 distulit,
2925 2494 3072 2548 satis
3089 2509 3227 2549 esse
3257 2494 3501 2565 perﬁdis
3533 2494 3808 2566 supplicii

2140 2584 2441 2658 judicans,
2501 2587 2556 2639 et
2617 2584 2670 2638 si
2724 2587 2993 2654 parceret
3031 2583 3284 2652 interim,
3325 2599 3434 2638 nec
3476 2586 3811 2654 percuteret

2145 2674 2508 2743 incredulos,
2543 2673 2615 2728 ad
2656 2689 2784 2728 eam
2806 2676 2998 2727 tamen
3028 2676 3244 2727 terram
3281 2688 3456 2744 quam
3486 2687 3811 2727 recusave-

2146 2767 2304 2832 rant,
2329 2767 2568 2834 prOpter
2614 2762 3043 2816 incredulitatis
3091 2777 3218 2816 sua;
3248 2761 3498 2832 pretium
3531 2778 3648 2817 non
3678 2778 3814 2833 per-

2147 2853 2417 2907 venirent
2442 2867 2456 2920 ;
2487 2851 2594 2906 sed
2614 2851 2781 2922 pueri
2801 2854 2858 2904 et
2878 2851 3157 2905 mulieres
3191 2851 3291 2922 qui
3321 2866 3441 2906 non
3471 2851 3814 2906 immurmu-

2150 2944 2443 3010 raverant,
2479 2940 2572 2994 vel
2602 2956 2772 3008 sexu,
2806 2939 2898 2994 vel
2933 2942 3100 2994 aetate
3147 2940 3496 3011 veniabiles,
3537 2943 3815 3010 caperent

2149 3029 2282 3101 ejus
2316 3033 2488 3084 terrae
2521 3030 2876 3099 promissam
2923 3028 3343 3084 haereditatem.
3387 3030 3651 3102 Denique
3679 3030 3816 3101 qui-

2149 3134 2381 3190 cunque
2402 3122 2620 3172 eranta
2659 3118 2944 3172 vicesimo
2977 3133 3130 3172 anno
3163 3121 3219 3172 et
3260 3134 3440 3188 supra
3468 3118 3529 3173 in
3551 3119 3811 3188 deserto,

2149 3224 2353 3264 eorum
2383 3207 2645 3262 membra
2678 3206 3037 3277 ceciderunt,
3079 3208 3186 3262 sed
3215 3207 3464 3261 aliorum
3515 3207 3691 3260 dilata
3721 3211 3816 3262 est

2147 3314 2340 3370 poena.
2374 3297 2481 3362 Qui
2505 3299 2696 3350 autem
2719 3295 3116 3350 ascenderunt
3147 3312 3278 3350 cum
3302 3295 3470 3365 Jesu,
3501 3299 3558 3350 et
3586 3295 3816 3351 dissua-

2150 3387 2405 3442 dendum
2436 3388 2806 3457 putaverunt,
2839 3385 3012 3456 plaga
3043 3401 3256 3456 magna
3288 3385 3484 3439 statim
3513 3385 3627 3453 (3t)
3658 3401 3814 3440 mor-

2150 3477 2232 3531 tui
2266 3478 2404 3530 sunt
2434 3491 2446 3530 :
2501 3475 2678 3529 Jesus
2709 3489 2852 3528 vero
2909 3477 2964 3528 et
2994 3472 3172 3528 Caleb
3205 3490 3337 3528 cum
3367 3474 3608 3528 innoxia
3643 3477 3813 3530 aetate

2151 3565 2245 3620 vel
2279 3581 2430 3618 sexu
2459 3564 2518 3618 in
2541 3567 2752 3618 terram
2776 3563 3194 3633 promissionis
3217 3564 3585 3618 intraverunt
3611 3563 3809 3634 (Deut.

2152 3672 2190 3724 ι,
2213 3653 2300 3720 36,
2333 3653 2444 3724 38).

2222 3761 2310 3815 56.
2366 3761 2509 3814 Pars
2550 3759 2730 3832 igitur
2787 3758 2994 3814 melior
3046 3759 3296 3832 gloriam
3327 3759 3502 3814 saluti
3538 3759 3816 3832 prtetulit,

2152 3850 2409 3905 deterior
2437 3849 2686 3903 salutem
2717 3848 3030 3903 honestati.
3065 3849 3271 3903 Divina
3301 3851 3494 3905 autem
3527 3849 3820 3904 sententia

2153 3956 2258 3994 eos
2288 3939 2578 4009 probavit,
2611 3938 2710 4009 qui
2740 3937 2988 3992 honesta
3009 3938 3252 3993 utilibus
3272 3942 3556 4009 praestare
3579 3939 3822 3994 arbitra-

2153 4029 2403 4083 bantur:
2439 4043 2544 4083 eos
2576 4043 2718 4082 vero
2751 4027 3182 4097 condemnavit,
3217 4028 3372 4098 apud
3403 4044 3556 4100 quos
3586 4043 3654 4084 ea
3685 4043 3819 4099 qum

2152 4118 2506 4172 videbantur
2548 4116 2724 4170 saluti
2772 4115 2970 4185 potius
3010 4132 3186 4188 quam
3235 4117 3530 4172 honestati
3580 4133 3819 4173 accom-

2154 4207 2346 4278 moda,
2380 4204 2928 4277 praeponderabant.

2712 4295 2747 4358 1
2761 4294 2858 4359 22
2901 4302 3154 4359 CAPUT
3185 4304 3284 4360 IX.

2157 4412 2430 4468 Fraudes
2447 4417 2505 4467 et
2538 4409 2732 4482 turpia
2754 4409 2918 4465 lucra
2936 4412 3190 4466 maxime
3221 4410 3518 4465 dedecere
3545 4407 3816 4482 clericos,

2230 4501 2469 4556 quorum
2502 4490 2592 4537 est
2633 4479 2892 4556 utilitati
2921 4484 3172 4556 omnium
3221 4482 3566 4535 inservire:
3593 4479 3735 4556 illos
3757 4481 3820 4534 in

2229 4551 2426 4610 causis
2452 4554 2822 4626 pecuniariis
2844 4554 3224 4607 intervenire
3244 4567 3600 4676 nequajuam
3633 4551 3820 4606 debe-

2231 4644 2318 4676 re-
2372 4642 2546 4676 secus
2595 4639 2734 4676 vero
2780 4625 2842 4676 in
2882 4622 3256 4676 capitalibus.
3302 4623 3416 4676 Eis
3461 4639 3551 4676 em
3594 4637 3665 4676 ne
3704 4622 3819 4676 cui.

2230 4644 2318 4695 re,
2372 4622 2546 4680 secus
2595 4639 2734 4678 vero
2780 4625 2842 4677 in
2882 4622 3256 4694 capitalibus.
3294 4622 3551 4695 Eisdem
3594 4637 3665 4695 ne
3704 4622 3819 4692 cui,

2230 4693 2407 4752 etiam
2430 4696 2718 4762 lacessiti,
2762 4693 3028 4762 noceant,
3069 4693 3396 4764 exemplum
3443 4693 3675 4762 David;
3709 4709 3823 4748 neu

2229 4776 2421 4823 autem
2460 4768 2636 4821 vitam
2687 4765 2986 4819 honestati
3008 4764 3363 4836 praeferant,
3398 4765 3594 4821 caedes
3618 4764 3822 4820 Nabu-

2233 4841 2350 4909 the,
2379 4855 2490 4910 pro
2501 4838 2754 4892 venitur.

2231 4947 2318 5001 57.
2354 4944 2513 4999 Nihil
2553 4944 2744 5014 itaque
2777 4942 3102 4998 deformius
3143 4959 3319 5014 quam
3350 4943 3575 4998 nullum
3605 4942 3824 4998 habere

2161 5051 2421 5091 amorem
2446 5033 2793 5102 honestatis,
2830 5036 2885 5086 et
2915 5048 3027 5087 usu
3050 5033 3304 5104 quodam
3326 5031 3643 5105 degeneris
3674 5047 3826 5086 mer-

2163 5179 2344 5250 legiis
2400 5184 2878 5249 corporatorum,
2941 5175 3083 5232 Cod.
3151 5175 3412 5246 Theod.,
3491 5174 3710 5248 Scalig.
3772 5177 3830 5228 et

1813 5263 1823 5301 :
1877 5247 2056 5304 vilius
2165 5237 2335 5306 alios.

383 5317 539 5368 enim
573 5317 685 5369 hoc
711 5317 840 5370 loco
874 5316 1028 5370 idem
1051 5320 1161 5384 est,
1197 5333 1265 5372 ac
1291 5317 1498 5372 minori
1533 5320 1720 5388 pretio
1753 5322 1925 5390 atque
1948 5321 2056 5375 im-

2238 5340 2349 5422 (‘29)
2384 5338 2535 5394 Edit.
2559 5340 2615 5394 et
2635 5338 2806 5410 pauci
2829 5353 3000 5408 mss.,
3034 5335 3294 5393 cultores
3315 5351 3591 5410 agrorum
3621 5347 3834 5392 reser-

2171 5426 2321 5470 Vari.

2239 5502 2354 5574 (30)
2401 5501 2550 5556 Mss.
2585 5499 2826 5572 aliquot,
2857 5497 3068 5570 plebes
3097 5496 3502 5552 reclamabant
3538 5496 3829 5550 dicentes.

2209 5591 2355 5724 tutu)
2404 5589 2555 5720 E‘dit.
2589 5605 2723 5646 cum
2772 5602 2889 5646 uno
2923 5587 3020 5645 vel
3065 5586 3248 5647 altero
3278 5601 3450 5658 mss.,
3475 5583 3652 5662 plaga
3680 5579 3842 5648 male

2233 5681 2264 5722 a
2296 5679 2375 5721 im
2407 5677 2437 5723 θ
2467 5677 2518 5723 ο.

2172 5677 2375 5726 ειειιω
2407 5677 2518 5723 θιο.

3522 5791 3562 5872 ti
