4002 6150
211 215 336 296 ,171
1663 213 1727 280 S.
1771 215 1824 278 A

2006 209 2215 282 £0811.

3536 221 3656 288 172

215 425 455 491 caturae,
487 421 720 492 quaestu
748 417 1053 473 sollicitari
1106 415 1376 489 ingobili,
1411 417 1875 472 avaro-aestuare
1997 418 2171 474 etiam
2202 419 2262 474 in
2291 420 2448 476 bello
2480 420 2664 478 doluit
2695 423 2980 493 occisum,
3013 427 3070 479 et
3099 425 3373 480 flebiliter
3392 426 3658 498 deplora-

211 511 411 580 corde,
445 507 656 564 diebus
705 522 774 561 ac
823 506 1098 562 noctibus
1147 505 1312 560 hiare
1367 504 1428 559 in
1467 504 1641 558 alieni
1689 497 1920 560 detri-'

205 601 399 654 menta
428 596 784 668 patrimonii,
831 611 950 651 non
1004 594 1236 651 elevare
1281 593 1540 648 animum
1578 593 1651 647 ad
1681 593 1869 649 hone-

203 687 374 742 statis
407 685 678 755 nitorem,
711 700 830 740 non
877 683 1257 740 considerare
1304 698 1464 738 verte
1513 681 1705 736 laudis
1733 683 1867 753 pul-

201 775 612 832 chritudinem.

267 881 356 936 58.
393 881 545 936 Hinc
576 882 904 936 nascuntur
927 879 1046 953 (32)
1083 877 1335 950 aucupio
1367 877 1636 950 quaesitae
1667 877 1861 932 haere-

197 970 411 1025 ditates
441 969 578 1042 (33),
629 969 1005 1024 continentiae
1054 970 1228 1040 atque
1276 965 1586 1036 gravitatis
1621 966 1862 1020 simula-

195 1059 353 1115 tione
375 1061 618 1129 captatze
651 1073 664 1114 :
699 1058 856 1130 quod
887 1057 1165 1113 abhorret
1191 1071 1225 1110 a
1255 1055 1560 1126 proposito
1583 1054 1860 1110 christia-

193 1148 254 1204 ni
283 1147 396 1202 viri
431 1163 446 1216 ;
495 1162 667 1202 omne
701 1148 855 1202 enim
876 1147 1033 1218 quod
1063 1150 1186 1200 arte
1235 1145 1513 1213 elicitum,
1547 1147 1604 1198 et
1650 1138 1857 1198 fraude

193 1236 588 1306 compositum
615 1239 726 1304 est,
748 1239 908 1290 caret
928 1235 1134 1290 merito
1157 1232 1570 1304 simplicitatis.
1609 1232 1670 1286 In
1706 1231 1854 1302 ipsis

191 1325 292 1398 qui
349 1323 576 1379 nullum
607 1323 1014 1379 Ecelesiastici
1046 1323 1272 1378 ordinis
1322 1321 1583 1376 ofﬁcium
1616 1336 1854 1390 recepe-

187 1415 324 1484 rint,
358 1413 685 1486 incongrua
702 1412 1002 1484 judicatur
1020 1411 1303 1466 affectatae
1324 1410 1561 1464 ambitio
1596 1410 1852 1464 haeredi-

186 1502 344 1557 tatis.
378 1502 441 1556 In
489 1517 768 1573 supremo
817 1502 933 1557 ﬁne
976 1501 1113 1556 vitae
1153 1501 1384 1571 positos
1425 1515 1600 1552 suum
1631 1499 1850 1554 habere

179 1591 492 1664 judicium,
543 1594 607 1646 ut
651 1591 837 1646 libere
895 1593 1182 1646 testentur
1237 1589 1395 1660 quod
1435 1588 1714 1656 sentiunt,
1748 1588 1850 1658 qui

182 1683 391 1752 postea
431 1695 550 1734 non
593 1683 731 1734 sunt
777 1679 1138 1735 emendaturi
1173 1694 1186 1734 :
1220 1681 1350 1732 cuin
1383 1677 1696 1731 honestum
1728 1691 1847 1730 non

1994 507 2078 561 vit
2107 507 2313 563 dicens
2349 525 2360 563 :
2395 509 2636 565 litantes
2656 511 2753 583 qui
2775 512 2926 566 estis
2945 511 3008 566 in
3030 512 3294 583 Gelbeal,
3327 531 3514 586 neque
3530 531 3653 585 ros,

1993 612 2182 668 neque
2203 595 2407 669 pluvia
2421 598 2592 652 cadat
2613 615 2793 670 super
2820 617 2936 655 ros.
2970 601 3208 657 Montes
3245 604 3476 672 mortis,
3513 620 3654 676 quo-

1992 687 2148 739 niam
2171 685 2256 739 ibi
2291 685 2522 740 sublata
2555 693 2647 741 est
2668 690 2966 759 protectio
2986 692 3334 761 potentium,
3357 692 3649 762 protectio

1988 772 2150 828 Saul.
2175 773 2308 828 Non
2333 780 2425 828 est
2445 782 2654 830 unctus
2671 777 2733 830 in
2751 775 2878 832 oleo
2908 783 2966 832 ct
2992 781 3282 850 sanguine
3321 780 3646 836 vulnerato-

1985 878 2114 916 rum
2127 862 2241 932 (38)
2275 868 2334 917 et
2365 878 2443 918 ex
2469 863 2642 936 adipe
2671 864 3176 938 belligerantium.
3213 868 3446 940 Sagitta
3471 869 3650 925 Jona-

1987 950 2104 1005 thae
2134 957 2248 1006 non
2279 957 2372 1006 est
2391 967 2648 1010 reversa
2679 958 2868 1022 retro,
2895 958 2953 1008 et
2973 954 3212 1027 gladius
3237 955 3385 1010 Saul
3412 973 3522 1011 non
3555 966 3650 1012 est

1982 1055 2052 1095 re
2065 1055 2276 1095 versus
2307 1056 2542 1095 vacuus.
2566 1040 2716 1096 Saul
2733 1047 2792 1095 et
2825 1043 3109 1098 JODHUHIS
3137 1046 3394 1116 speciosi
3417 1051 3475 1099 ct
3505 1047 3645 1100 elia-

1984 1127 2231 1194 rissimi,
2267 1129 2708 1200 iuseparabilcs
2741 1130 2804 1184 in
2834 1132 2952 1184 vita
2983 1148 3107 1202 sua,
3133 1139 3192 1187 et
3219 1134 3280 1186 in
3311 1139 3500 1188 morte
3532 1151 3644 1189 non

1977 1222 2115 1271 sunt
2133 1216 2416 1288 separati.
2452 1217 2648 1289 Super
2669 1218 2898 1291 aquilas
2927 1219 3212 1291 leviores,
3237 1237 3419 1293 super
3442 1221 3644 1278 leones

1971 1307 2368 1377 potentiores.
2406 1305 2580 1360 Filiae
2629 1306 2839 1377 Israel,
2877 1307 3111 1380 plorata
3141 1325 3323 1381 super
3353 1309 3514 1379 Sani,
3549 1313 3650 1384 qui

1982 1395 2279 1449 vestiebat
2317 1411 2418 1450 vos
2455 1397 2806 1450 vestimenta
2839 1398 3110 1452 coccinea
3143 1415 3268 1452 cum
3299 1409 3644 1456 ornamento

1980 1489 2201 1553 vestro,
2253 1484 2352 1556 qui
2403 1483 2740 1556 imponebat
2779 1486 2801 1539 Ι
2831 1502 3035 1540 aurum
3063 1503 3246 1558 super
3293 1489 3642 1543 vestimenta

1979 1577 2202 1626 vestra.
2241 1571 2532 1636 Quomodo
2559 1573 2906 1628 ceciderunt
2930 1581 3207 1646 potentes
3226 1576 3288 1630 in
3311 1577 3502 1631 inedia
3534 1595 3643 1650 pu-

1969 1676 2085 1730 gna
2105 1661 2133 1714 ‘?
2156 1659 2442 1715 Jonatlias
2461 1661 2523 1714 in
2551 1666 2742 1716 morte
2764 1661 3110 1717 vulneratus
3129 1669 3240 1718 est.
3268 1664 3449 1720 Doleo
3471 1666 3531 1718 in
3557 1672 3634 1730 te,

183 1747 264 1824 'sit
292 1769 680 1840 competentia
711 1767 1057 1838 compendia
1079 1766 1192 1836 (34)
1215 1765 1347 1820 aliis
1369 1765 1462 1819 νει
1485 1765 1680 1819 debila
1709 1764 1842 1835 (35),
1875 1781 1926 1845 Β
1969 1747 2167 1804 frater
2194 1763 2378 1818 meus,
2411 1748 2682 1845 Jonatlia,
2705 1751 3008 1845 speciosus
3021 1752 3370 1845 miliivalde.
3401 1753 3646 1845 decide-

180 1858 276 1913 vel
305 1861 505 1928 parata
533 1860 835 1926 avertere;
867 1872 1003 1912 eum
1031 1855 1125 1910 vel
1157 1854 1486 1909 sacerdotis
1519 1854 1610 1927 vel
1642 1853 1846 1908 minis-

180 1949 255 2003 tri
283 1947 362 2002 sit
390 1947 704 2018 prodesse,
735 1947 788 2000 si
822 1945 950 2000 ﬁeri
1000 1947 1214 2016 potest,
1267 1943 1564 2012 omnibus,
1625 1943 1844 1997 obesse

178 2052 419 2094 nouum.

207 2155 216 2168 ‘
247 2143 336 2198 59.
371 2141 638 2214 Denique
667 2141 780 2213 (l-i,
821 2143 1033 2212 quaest.
1065 2140 1118 2209 5,
1153 2155 1281 2210 cap.
1316 2136 1606 2210 Denique)
1638 2137 1690 2192 si
1721 2153 1840 2192 non

174 2234 371 2304 potest
390 2231 554 2286 alteri
580 2229 907 2298 subveniri,
939 2228 1057 2282 nisi
1097 2227 1244 2282 alter
1273 2227 1538 2294 laedatur,
1573 2241 1838 2280 commo-

175 2321 310 2377 dius
342 2323 434 2376 est
474 2323 747 2375 neutrum
783 2317 1003 2391 juvari,
1053 2333 1228 2389 quam
1283 2316 1521 2388 gravari
1567 2316 1834 2372 alterum.

173 2411 430 2482 Ideoque
459 2409 519 2464 in
551 2408 750 2464 causis
799 2406 1159 2478 pecuniariis
1197 2405 1556 2462 intervenire
1589 2421 1707 2460 non
1747 2408 1841 2460 est

174 2498 505 2555 sacerdotis
526 2512 538 2554 :
556 2497 616 2552 in
637 2497 856 2569 quibus
879 2512 996 2552 non
1019 2499 1210 2566 potest
1232 2495 1380 2564 ﬁeri,
1405 2494 1548 2566 quin
1569 2494 1840 2566 frequen-

171 2592 263 2645 ter
283 2588 529 2643 lmdatur
570 2586 716 2640 alter
745 2586 846 2657 qui
885 2586 1158 2654 vincitur,
1211 2585 1488 2654 quoniam
1546 2583 1836 2638 interces-

173 2678 334 2734 soris
350 2675 639 2730 beneficio
669 2689 736 2730 se
768 2674 986 2727 victum
1019 2673 1352 2727 arbitratur.
1378 2671 1714 2726 Sacerdotis
1744 2675 1836 2726 est

171 2765 352 2838 igitur
389 2764 532 2819 nulli
552 2778 788 2832 nocere,
811 2763 1100 2832 prodesse
1122 2761 1273 2815 velle
1295 2760 1570 2815 omnibus
1605 2776 1617 2816 ε
1651 2776 1834 2831 posse

171 2859 364 2912 autem
397 2854 588 2908 solius
617 2857 708 2907 est
731 2851 855 2906 Dei.
890 2851 1038 2905 Nam
1069 2851 1128 2904 in
1163 2865 1342 2903 causa
1374 2850 1584 2920 capitis
1617 2865 1832 2904 nocere

171 2945 225 3000 ei
247 2959 420 3016 quem
440 2941 650 3014 juvarc
673 2941 894 2996 debeas
924 2938 1370 3010 periclitantem,
1394 2955 1511 2992 non
1544 2938 1672 2994 sine
1704 2954 1836 3010 pec-

171 3037 301 3088 cato
333 3036 424 3087 est
445 3031 646 3104 gravi:
683 3031 741 3084 in
771 3045 950 3084 causa
979 3033 1170 3084 autem
1201 3028 1467 3098 pecunize
1499 3028 1631 3082 odia
1662 3045 1830 3098 qua:-

168 3137 321 3192 rerc,
357 3120 712 3192 insipientire
743 3123 869 3189 est;
912 3133 1044 3173 eum
1065 3132 1172 3188 pro
1195 3117 1382 3171 salute
1414 3117 1670 3171 hominis
1702 3133 1834 3189 gra-
1860 3145 1928 3212 αἱ

167 3227 276 3267 ves
327 3211 670 3282 frequenter
727 3208 863 3262 tiant
920 3206 1208 3262 molestiae
1244 3223 1255 3260 :
1291 3207 1350 3261 in
1381 3222 1497 3278 quo
1528 3207 1702 3261 etiam
1739 3223 1834 3278 pe-
1873 3206 1898 3238 ἶ

165 3300 408 3357 riclitari
461 3299 790 3370 gloriosum
843 3297 940 3352 sit.
978 3297 1284 3366 Proposita
1325 3296 1506 3366 igitur
1535 3295 1720 3350 forma
1769 3299 1828 3351 in

167 3389 498 3445 sacerdotis
529 3387 726 3443 ofticio
748 3390 1052 3454 teneatur;
1104 3389 1164 3440 ut
1203 3384 1345 3439 nulli
1377 3388 1603 3454 noceat,
1637 3401 1709 3440 ne
1740 3386 1826 3440 la-

167 3479 427 3534 cessitus
458 3477 714 3548 quidem,
762 3479 818 3530 et
873 3477 1066 3546 aliqua
1117 3473 1332 3546 injuria
1377 3473 1641 3528 otl‘ensus
1689 3473 1822 3546 (36).

165 3569 369 3622 Bonus
416 3567 570 3620 enim
609 3569 702 3619 est
739 3565 833 3618 vir
874 3564 975 3634 qui
1017 3563 1200 3618 dixit:
1236 3563 1307 3618 Si
1347 3563 1594 3617 reddidi
1640 3565 1823 3619 retri-

163 3655 487 3712 buentibus
506 3655 654 3708 mihi
682 3653 832 3708 mala
855 3652 1043 3723 (Psal.
1095 3669 1196 3721 vn,
1247 3653 1323 3723 5).
1357 3651 1500 3716 Quae
1539 3653 1695 3707 enim
1735 3656 1827 3708 est

163 3745 376 3818 gloria,
408 3744 462 3799 si
491 3759 628 3798 eum
654 3759 772 3798 non
803 3742 1074 3796 laedimus
1125 3741 1225 3812 qui
1257 3757 1368 3796 nos
1399 3757 1517 3796 non
1557 3741 1826 3798 laeserit?

163 3835 280 3890 Sed
307 3834 407 3888 illa
435 3833 624 3888 virtus
653 3836 764 3903 est,
797 3832 851 3886 si
881 3831 1064 3886 laesus
1095 3831 1380 3886 remittas.

231 3941 320 3996 60.
344 3940 529 4006 Quam
566 3939 914 4007 honestum,
963 3937 1122 4010 quod
1170 3953 1302 3992 eum
1343 3939 1637 4008 potuisset
1691 3939 1821 4012 regi

158 4029 400 4086 inimico
431 4044 666 4098 nocere,
709 4028 912 4082 maluit
957 4042 1202 4098 parcere
1235 4027 1346 4097 (3'7)
1379 4027 1434 4096 (Ι
1473 4027 1621 4100 Reg.
1657 4043 1818 4098 xxxv,

157 4119 214 4189 5)
247 4119 260 4174 Ι
295 4118 480 4184 Quam
511 4117 684 4173 etiam
715 4117 874 4187 utile,
899 4117 1036 4188 quia
1067 4116 1408 4171 successori
1445 4116 1556 4170 hoc
1577 4117 1816 4188 profuit,

155 4211 220 4264 ut
247 4207 546 4263 discerent
578 4222 784 4262 omnes
814 4207 987 4260 tidem
1009 4207 1137 4277 regi
1161 4205 1398 4276 proprio
1422 4221 1683 4274 servare,
1709 4221 1819 4260 nec

155 4313 446 4370 usurpare
468 4297 799 4368 imperium,
831 4295 937 4350 sed
960 4295 1154 4348 vereri
1189 4292 1200 4348 l
1234 4293 1433 4365 Itaque
1456 4297 1512 4348 et
1534 4293 1818 4350 honestas

152 4387 384 4444 utilitati
415 4387 654 4459 praelata
686 4389 796 4456 est,
857 4389 914 4440 et
956 4383 1174 4438 utilitas
1214 4387 1416 4438 secuta
1451 4383 1817 4439 honestatem

153 4480 265 4534 est.

236 4585 380 4650 123
423 4592 512 4650 Gl.
549 4595 760 4649 Parum
785 4593 876 4646 est
905 4589 1060 4662 quod
1092 4588 1374 4660 pepercit,
1407 4588 1629 4644 addidit
1659 4591 1814 4661 quod

223 4735 340 4806 (:32)
387 4736 508 4792 Cie.
541 4737 642 4791 lib.
677 4754 739 4789 ιιι
773 4733 966 4804 οῖδα,
1009 4749 1145 4804 ρης.
1187 4731 1444 4806 ϐοδλιίιι.
1480 4733 1512 4787 2
1545 4749 1558 4788 :
1597 4754 1620 4784 ι
1660 4733 1816 4806 Mihi

150 4805 743 4878 quidemctiamvcrze
776 4807 1150 4860 luereditatcs
1169 4819 1285 4858 non
1317 4805 1584 4860 honestae
1614 4805 1817 4860 viden-

149 4884 264 4933 tur.
302 4900 323 4925 »
351 4881 462 4932 etc.
1427 4920 1438 4932 .

219 4919 333 5019 (:33)
362 4949 441 5002 lta
461 4964 608 5003 mss.
641 4949 817 5020 longe
852 4947 1090 5020 plurimi
1117 4963 1186 5000 ac.
1231 4947 1660 5004 vetustissimi:
1695 4948 1818 5019 qui-

145 5021 278 5076 dam
309 5025 504 5076 tamen
543 5024 716 5091 atque
757 5019 984 5073 omnes
1027 5019 1164 5072 edit.
1197 5058 1210 5088 ,
1245 5021 1489 5091 aucupia
1549 5028 1816 5090 quaesuw

144 5093 546 5147 liwreditatis.

215 5164 328 5233 (34)
361 5163 494 5217 Era.
521 5166 578 5216 et
603 5178 732 5233 seq.
772 5162 1204 5230 expunncrunt,
1233 5164 1642 5233 competentia,
1680 5178 1813 5232 quae

142 5251 261 5290 vox
291 5240 485 5306 tamen
525 5235 583 5287 in
616 5233 854 5306 Amcrb.
889 5247 957 5285 ac
989 5247 1138 5306 _m_ss.
1181 5248 1362 5302 prepe
1397 5234 1671 5288 omnibus
1723 5249 1814 5288 re-

141 5307 384 5379 peritur.
420 5305 560 5379 Quae
592 5321 768 5376 porro
802 5304 874 5357 de
905 5304 1106 5379 causis
1139 5309 1258 5379 tum
1277 5306 1657 5379 pecuniariis,
1690 5309 1815 5360 tum

141 5375 353 5450 capitis
374 5378 472 5434 hic
503 5375 826 5450 dicuntur,‘
841 5375 1093 5450 cumbis
1117 5375 1474 5448 conterenda
1507 5384 1648 5432 sunt
1677 5393 1811 5450 quae

139 5443 432 5530 habente?
457 5466 590 5530 sua
621 5445 919 5530 P88-,9§__°‘
945 5443 1067 5503 ίοο·
1121 5443 1222 5530 -M'
1273 5519 1309 5530 ..

209 5525 324 5594 (35)
356 5525 479 5582 Cic.
509 5515 936 5594 lib.31{Qt'/ic_.,
961 5533 1094 5590 pag.
1119 5515 1374 5594 398,_li_n.
1409 5517 1470 5574 tt
1509 5536 1521 5578 :
1559 5541 1585 5572 (ι
1617 5521 1808 5594 Homo

137 5590 333 5660 autem
359 5594 630 5678 justus...
649 5592 796 5657 nihil
818 5591 1092 5674 cuiquam
1111 5590 1271 5669 quod
1300 5591 1360 5648 in
1378 5605 1444 5654 se
1469 5592 1803 5672 transferat,

1839 4513 1890 4575 ι)
1918 4556 1926 4564 .

1967 1844 2066 1892 rat
2096 1852 2262 1892 amor
2295 1845 2428 1892 tuus
2445 1837 2507 1891 in
2538 1854 2649 1902 me,
2686 1841 2839 1893 sicut
2861 1841 3367 1896 ainorinulierum'
3401 1843 3642 1907 Quomo-

1967 1926 2042 1982 do
2060 1926 2407 1981 ceciderunt
2424 1932 2721 1996 potentes,
2745 1934 2802 1982 et
2821 1929 3315 1998 perieruntarma
3338 1933 3644 2003 concupis-

1967 2015 2153 2070 cenda
2187 2015 2272 2084 (ll
2291 2015 2438 2086 Reg.
2465 2033 2504 2085 ι,
2528 2014 2726 2085 “21-25)
2753 2017 2782 2071 ‘?

2035 2105 2126 2158 62.
2169 2103 2310 2168 Quae
2333 2110 2518 2160 mater
2545 2105 2634 2160 sic
2665 2105 2900 2160 unicum
2934 2105 3176 2162 deﬁeret
3210 2109 3394 2164 tilium
3423 2126 3638 2181 quem-

1965 2193 2239 2248 amodum
2271 2193 2368 2248 hic
2391 2194 2626 2248 deﬂevit
2658 2195 2957 2249 inimicum
2979 2196 3172 2260 ‘?Quis
3206 2199 3410 2269 gratiae
3441 2204 3640 2254 aucto-

1966 2298 2090 2337 rem
2137 2282 2316 2336 tantis
2369 2288 2832 2354 prosequeretur
2885 2284 3181 2356 laudibus,
3231 2288 3466 2358 quantis
3520 2289 3638 2344 iste

1963 2374 2319 2442 prosecutus
2349 2375 2441 2426 est
2471 2371 2876 2426 insidiatorem
2908 2374 3116 2444 capitis
3147 2375 3242 2429 sui
3271 2377 3300 2429 ?
3320 2375 3504 2440 Quam
3533 2377 3634 2448 pie

1964 2461 2167 2531 doluit,
2199 2463 2416 2533 quanto
2457 2461 2742 2532 ingemuit
2772 2460 2982 2517 atl‘ectu
3017 2461 3030 2518 ι
3075 2465 3370 2520 Aruerunt
3399 2470 3632 2522 montes

1927 2597 1936 2606 .
1962 2549 2307 2620 prophetico
2337 2549 2669 2620 maledicto,
2705 2551 2970 2607 ctdivina
3000 2553 3092 2607 vis
3123 2554 3473 2609 sententiam
3504 2571 3630 2610 ma-

1959 2638 2270 2694 ledicentis
2292 2638 2572 2710 implevit.
2609 2639 2808 2710 Itaque
2841 2657 2947 2711 pro
2979 2643 3162 2714 regia)
3193 2643 3359 2698 necis
3389 2648 3630 2714 specta-

1961 2727 2094 2782 culo
2124 2744 2357 2799 pcenam
2389 2729 2672 2782 elementa
2695 2729 3021 2784 solverunt.

2028 2817 2119 2872 63.
2155 2817 2304 2882 Quid
2350 2832 2491 2872 vero
2549 2821 2755 2872 sancto
2803 2818 3096 2888 Nabuthc,
3138 2836 3271 2892 quis
3304 2820 3411 2875 fuit
3442 2837 3627 2877 causa

1959 2907 2188 2976 mortis,
2210 2905 2327 2960 nisi
2359 2906 2686 2960 honestatis
2718 2907 3128 2978 contemplatio
3150 2911 3176 2963 '?
3207 2909 3356 2964 Nam
3388 2926 3521 2964 cum
3550 2911 3630 2966 ab

1959 3011 2030 3050 eo
2063 2995 2292 3050 vineam
2324 3011 2431 3050 rex
2451 2999 2748 3066 posceret,
2784 2998 3092 3066 pecuniam
3116 2998 3384 3052 daturum
3409 3015 3474 3054 se
3504 3001 3633 3070 pol-

1958 3083 2166 3154 licens,
2216 3084 2558 3140 indecorum
2607 3087 2857 3155 pretium
2901 3102 3008 3156 pro
3053 3090 3292 3156 paterna
3322 3089 3630 3144 recusavit

1958 3173 2319 3244 lueredilate,
2353 3175 2672 3246 maluitque
2703 3179 2890 3229 morte
2937 3175 3234 3232 declinare
3278 3176 3630 3249 hujusmodi

1955 3263 2395 3332 turpitudinem.
2429 3264 2564 3318 Non
2606 3264 2770 3332 milii,
2819 3263 3026 3335 inquit,
3078 3265 3260 3320 faciat
3317 3266 3625 3337 Dominus,

1959 3358 2016 3405 ut
2049 3351 2181 3406 dem
2202 3351 2316 3406 tibi
2344 3352 2757 3406 limreditatem
2785 3361 3021 3422 patrum
3052 3369 3314 3409 meorum
3345 3355 3450 3416 (III
3468 3355 3622 3426 Reg.

1956 3458 2076 3509 xxx,
2112 3441 2170 3509 3,)
2205 3457 2219 3511 ;
2253 3441 2364 3495 hoc
2397 3445 2507 3508 est,
2540 3445 2758 3496 tantum
2783 3441 2924 3496 mihi
2949 3443 3332 3512 opprobrium
3349 3460 3465 3498 non
3497 3444 3621 3517 ﬁat,

1954 3547 2072 3584 non
2119 3532 2411 3600 permittat
2461 3531 2620 3585 Deus
2661 3533 2882 3584 tantum
2932 3534 3272 3602 extorqueri
3312 3533 3625 3604 ﬂagitium.

1953 3620 2086 3674 Non
2125 3620 2324 3690 utique
2355 3620 2426 3673 de
2457 3619 2677 3673 vitibus
2716 3619 2876 3688 dicit,
2928 3635 3119 3692 neque
3157 3622 3315 3675 enim
3361 3622 3434 3676 de
3463 3624 3628 3677 vitti-

1955 3709 2068 3762 lius
2093 3725 2231 3762 cura
2263 3712 2356 3762 est
2387 3709 2528 3777 Deo,
2564 3723 2755 3779 neque
2777 3708 2848 3763 de
2879 3711 3112 3764 terreno
3162 3712 3372 3781 spatio,
3405 3712 3511 3766 sed
3543 3712 3624 3768 de

1945 3797 2084 3870 jure
2109 3797 2366 3867 loquitur
2394 3800 2644 3866 patrum.
2673 3797 2864 3852 Potuit
2891 3798 3090 3868 utique
3112 3799 3354 3856 alteram
3383 3800 3626 3856 vineam

1953 3887 2024 3941 de
2056 3885 2246 3940 vineis
2279 3885 2442 3956 regis
2467 3887 2758 3956 accipere,
2812 3889 2869 3940 et
2911 3888 3138 3941 amicus
3169 3903 3308 3943 esse
3343 3903 3357 3958 ;
3406 3889 3465 3943 in
3495 3905 3622 3960 quo

1950 3992 2068 4030 non
2100 3975 2416 4028 meliocris
2441 3975 2645 4029 saeculi
2680 3974 2865 4046 hujus
2881 3975 3100 4029 utilitas
3123 3978 3405 4032 mstimari
3425 3979 3618 4036 solet:

1951 4064 2057 4119 sed
2089 4063 2246 4135 quod
2294 4067 2460 4134 turpe
2510 4067 2652 4134 erat,
2701 4063 2990 4134 judicavit
3042 4081 3158 4119 non
3206 4065 3392 4120 videri
3425 4067 3620 4126 utile:

1949 4153 2267 4224 maluitque
2307 4153 2636 4222 periculum
2681 4168 2814 4208 cum
2865 4153 3172 4216 honestate
3223 4155 3426 4210 subire
3454 4151 3616 4226 '(39),

1947 4259 2124 4314 quam
2156 4242 2458 4296 utilitatem
2483 4258 2615 4296 cum
2647 4242 2964 4312 opprobrio
3009 4259 3021 4296 :
3055 4243 3360 4315 vulgarem
3391 4245 3619 4300 utilita-

1951 4335 2064 4386 tem
2095 4332 2326 4403 loquor,
2363 4347 2480 4386 non
2509 4331 2666 4385 illam
2691 4331 2749 4385 in
2779 4347 2894 4404 qua
2922 4332 3093 4386 etiam
3124 4331 3451 4388 honestatis
3475 4351 3620 4406 gra-

1943 4421 2022 4474 tia
2053 4423 2164 4474 est.

2013 4509 2102 4564 64.
2165 4509 2427 4581 Denique
2460 4513 2515 4564 et
2543 4511 2671 4580 ipse
2717 4525 2822 4564 rex
2865 4508 3049 4580 potuit
3093 4514 3464 4584 extorquere,
3500 4512 3618 4570 sed

1945 4599 2258 4670 impudens
2287 4599 2698 4670 arbitrabatur,
2733 4599 2836 4653 sed
2873 4599 3134 4654 occisum
3167 4601 3370 4656 doluit.
3405 4602 3617 4657 Domi-

1943 4744 2226 4810 detrahet,
2257 4765 2280 4793 n
2317 4747 2428 4798 etc.

2011 4817 2126 4886 ('36)
2161 4815 2329 4884 lhid.,
2361 4815 2461 4868 lin.
2491 4813 2555 4868 lt
2591 4829 2602 4870 :
2644 4835 2664 4862 «
2720 4814 2849 4869 Jam
2883 4829 2950 4868 se
2983 4815 3108 4884 ipse
3134 4814 3342 4869 doceat
3371 4831 3501 4870 eum
3521 4818 3617 4872 vi-

1941 4903 2071 4940 rum
2103 4887 2321 4940 bonum
2356 4901 2492 4940 esse
2525 4886 2623 4956 qui
2656 4887 2844 4957 prosit
2881 4886 3098 4956 quibus
3139 4888 3362 4956 possit;
3396 4894 3614 4944 noceat

1940 4958 2180 5027 nemini,
2216 4958 2330 5011 nisi
2364 4956 2680 5011 lacessitus
2730 4956 2965 5024 injuria.
3013 4978 3033 5004 »ι
3083 4957 3226 5011 Vide
3263 4958 3417 5028 quod
3452 4958 3610 5014 hanc

1940 5030 1996 5082 in
2031 5045 2152 5083 rem
2185 5033 2522 5082 annotutum
2555 5034 2645 5081 est
2675 5045 2706 5082 ει
2731 5028 2904 5082 nobis
2919 5043 3053 5099 pag.
3083 5028 3204 5098 114,
3235 5029 3306 5082 ad
3329 5045 3487 5082 num.
3509 5031 3606 5086 2'7.

2009 5101 2125 5170 (3'7)
2165 5099 2334 5168 lbid.,
2395 5115 2526 5170 pag.
2559 5099 2684 5170 396,
2717 5100 2818 5154 lin.
2859 5099 2926 5152 '28
2960 5115 2972 5152 :
3011 5123 3030 5145 «
3068 5099 3205 5153 Sive
3255 5101 3348 5153 vir
3403 5099 3608 5157 bonus

1940 5176 2030 5226 est
2063 5171 2160 5242 qui
2181 5172 2442 5241 prodest,
2476 5171 2692 5240 quibus
2722 5173 2936 5240 potest,
2969 5175 3138 5224 nocet
3162 5171 3402 5242 nemini,
3441 5193 3461 5218 ιι
3484 5176 3604 5229 etc.

2008 5241 2122 5312 (38)
2154 5243 2231 5296 lta
2265 5258 2409 5297 mss.
2443 5243 2644 5312 plures
2667 5258 2735 5296 ac
2765 5242 3048 5312 potiores,
3073 5241 3291 5312 quibus
3311 5242 3610 5300 accedunt

1936 5314 2073 5369 edit.
2109 5314 2222 5368 nisi
2256 5315 2411 5385 quod
2435 5313 2637 5384 prmfci
2655 5317 2766 5380 tur,
2801 5313 3268 5385 sedisanguine;
3300 5313 3419 5379 alii,
3453 5329 3604 5370 vero

1933 5385 2174 5458 aliquot,
2210 5384 2377 5458 quasi
2407 5400 2520 5440 non
2553 5387 2633 5438 sit
2654 5389 2862 5440 unctus
2882 5384 3008 5439 oleo
3028 5389 3086 5439 et
3107 5399 3140 5439 a
3162 5385 3450 5456 sanguine
3477 5387 3608 5441 vul-

1933 5463 2295 5513 neratorum.

2004 5528 2115 5605 ($9)
2141 5524 2366 5586 Erasm.
2400 5530 2457 5584 et
2496 5543 2624 5604 seq.
2658 5525 2819 5603 edit.,
2883 5543 3010 5587 cum
3053 5527 3383 5602 honestate,
3427 5543 3602 5605 quam

1935 5599 2271 5666 utilitatem.
