3932 6152
289 269 409 336 175

288 473 427 527 tabo
459 471 574 540 (50)
599 487 613 540 ;
647 486 779 524 nam
809 469 940 524 haec
971 469 1144 524 etiam
1172 467 1356 540 vulgo
1377 467 1687 522 notabilia:
1723 482 1840 521 non
1870 465 1957 520 si-
1977 451 2035 514 Α

290 559 524 614 mulatae
555 558 904 628 piscationis
936 557 1296 628 compositas
1320 556 1544 628 capias,
1579 558 1639 610 ut
1671 555 1956 625 emptoris

288 648 617 702 illiceretur
635 646 904 701 atl'ectus.
938 645 1056 700 Cur
1077 645 1232 700 enim
1260 649 1377 699 tam
1427 645 1736 700 studiosus
1780 644 1956 698 luxu-

287 737 395 791 ria:
424 751 492 789 ac
519 735 865 790 deliciarum
895 738 1166 806 repertus
1199 736 1308 800 est,
1343 738 1407 788 ut
1437 732 1779 806 hujusmodi
1801 733 1957 786 frau-

289 825 423 880 dem
454 828 752 896 pateretur
769 825 798 878 ?

360 931 450 985 Ἠ.
476 930 625 996 Quid
650 930 794 984 mihi
813 932 1064 985 tractare
1088 929 1160 985 de
1196 927 1572 1000 Syracusano
1593 928 1694 984 illo
1725 943 1956 982 amoeno

288 1022 641 1090 secretoque
671 1034 944 1088 secessu,
980 1022 1036 1073 et
1066 1019 1138 1074 de
1171 1017 1356 1073 Siculi
1383 1017 1642 1072 hominis
1667 1016 1956 1071 callidita-

284 1112 343 1164 te
373 1105 485 1180 (51)
510 1123 522 1164 :
557 1107 805 1180 quicum
822 1108 1204 1180 peregrinum
1225 1107 1480 1178 aliquem
1502 1107 1846 1177 reperisset,
1867 1121 1960 1160 co-

285 1197 452 1270 gnito
489 1197 646 1267 quod
677 1197 929 1267 cupidus
973 1199 1139 1252 esset
1187 1195 1492 1251 hortorum
1534 1195 1850 1264 venalium,
1883 1195 1958 1248 ad

288 1301 516 1339 cmnam
547 1285 606 1339 in
635 1284 840 1339 hortos
872 1285 1173 1356 rogaverit
1203 1299 1215 1340 :
1250 1283 1952 1354 promisisseinvitatum,

284 1373 573 1444 postridie
584 1373 856 1427 venisse:
879 1371 1202 1428 offendisse
1215 1373 1328 1442 (52)
1343 1373 1464 1426 illic
1477 1387 1748 1444 magnam
1762 1371 1956 1442 pisca-

284 1467 480 1518 torum
508 1461 960 1532 multitudinem,
1007 1461 1327 1532 exquisitis
1375 1461 1563 1531 copiis
1609 1461 1956 1514 adornatum

288 1551 647 1619 convivium,
681 1550 742 1604 in
772 1551 1092 1621 prospectu
1123 1549 1479 1604 coenantium
1517 1552 1650 1603 ante
1685 1548 1955 1603 hortulos

287 1643 650 1710 composxtos
675 1639 1028 1710 piscatores,
1053 1638 1155 1694 ubi
1180 1653 1480 1710 nunquam
1505 1641 1640 1692 ante
1653 1637 1957 1709 jaciebant

286 1731 462 1785 retia:
490 1729 912 1800 unusquisque
933 1727 1089 1800 quod
1111 1731 1366 1798 ceperat,
1388 1727 1650 1781 certatim
1675 1725 1958 1780 offerebat

288 1818 703 1890 epulantibus:
751 1832 932 1888 supra
962 1832 1228 1871 mensam
1275 1817 1478 1887 pisces
1511 1815 1952 1887 ingerebantur,
1987 1828 2040 1892 Β

289 1908 498 1962 oculos
522 1906 992 1961 recumbentium
1013 1905 1352 1961 resilientes
1369 1903 1959 1959 verberabant.Mira-

281 1997 336 2052 ri
349 1996 572 2067 hospes
583 1999 798 2050 tantam
814 1997 1060 2066 copiam,
1078 1994 1350 2064 piscium,
1367 1996 1706 2064 tantumque
1734 2007 1946 2046 nume-

288 2101 421 2140 rum
435 2084 923 2156 cymbarum(53).
951 2084 1330 2154 Responsum
1361 2080 1955 2154 quaerenti,aquatio-

293 2189 428 2228 nem
459 2173 578 2228 illic
623 2189 782 2243 esse,
815 2173 1008 2227 dulcis
1057 2189 1228 2244 aquae
1253 2173 1442 2244 gratia
1491 2169 1952 2225 innumerabiles

289 2277 361 2317 eo
392 2261 594 2332 pisces
627 2261 964 2316 convenire.
1016 2259 1167 2326 Quid
1201 2261 1421 2315 multa?
1471 2259 1718 2314 Pellexit
1745 2257 1956 2328 hospi-

288 2353 428 2421 tem,
460 2355 523 2405 ut
551 2350 666 2405 sibi
719 2352 1100 2421 extorqueret
1144 2349 1388 2405 hortos:
1439 2348 1698 2403 vendere
1742 2346 1954 2402 volens

291 2441 544 2512 cogitur,
575 2439 830 2510 pretium
859 2441 1142 2510 gravatus
1173 2437 1425 2508 suscipit
1454 2436 1593 2510 (54,.

359 2543 449 2602 71'.
469 2545 750 2617 Sequenti
765 2545 858 2600 die
879 2545 953 2600 ad
985 2545 1192 2600 hortos
1219 2547 1448 2615 emptor
1478 2559 1611 2598 cum
1624 2542 1831 2597 amicis
1854 2557 1954 2596 ve-

291 2636 395 2706 nit,
416 2637 720 2706 navigium
753 2634 976 2688 nullum
1008 2633 1248 2688 invenit.
1279 2633 1650 2688 Percontanti
1680 2647 1821 2686 num
1851 2631 1954 2684 ali-

292 2739 409 2794 qua
425 2723 828 2794 piscatoribus
863 2738 933 2776 eo
969 2726 1133 2777 esset
1153 2722 1246 2776 die
1282 2721 1562 2776 feriarum
1585 2720 1952 2790 solemnitas,

289 2820 686 2891 respondetur
731 2819 910 2888 nulla,
961 2835 1072 2874 nec
1102 2835 1362 2891 unquam
1409 2819 1530 2873 illic
1565 2810 1706 2874 126
1738 2821 1955 2889 praeter

289 2910 638 2965 hesternum
668 2909 823 2963 diem
854 2908 1074 2979 piscari
1113 2909 1344 2963 solitos.
1388 2907 1572 2972 Quam
1619 2907 1716 2962 hic
1748 2907 1954 2960 redar-

289 2999 514 3072 guendi
561 2998 806 3053 haberet
851 2997 1256 3052 auctoritatem
1287 2997 1424 3067 doli,
1476 2997 1574 3068 qui
1621 3000 1739 3051 tam
1785 2999 1954 3066 turpe

293 3088 540 3158 captarit
583 3088 896 3158 aucupium
941 3087 1324 3141 deliciarum?
1365 3085 1477 3152 Qui
1521 3087 1676 3140 enim
1707 3085 1954 3140 alterum

294 3131 540 3158 πεπυ...
583 3131 896 3158 ..υνηηωη
942 3131 1315 3141 ..-..............
1371 3131 1477 3152 κ..-
1708 3131 1954 3140 _-.--...--

289 3177 520 3248 peccati
550 3177 764 3248 arguit,
800 3177 928 3246 ipse
978 3193 1010 3230 a
1040 3180 1282 3246 peccato
1315 3175 1489 3230 debet
1529 3175 1759 3230 alienus
1791 3189 1952 3229 esse.
1992 3185 2044 3249 ο
2132 3131 2186 3240 ii

292 3267 427 3321 Non
456 3281 604 3337 ergo
637 3264 984 3336 hujusmodi
1013 3281 1206 3336 nugas
1239 3280 1350 3336 ego
1395 3264 1454 3318 in
1485 3264 1636 3318 hanc.
1663 3263 1954 3318 ecclesia-

292 3355 460 3410 sticae
495 3355 798 3408 censionis
828 3355 1231 3409 auctoritatem
1261 3354 1508 3423 vocabo,
1541 3369 1675 3425 quae
1707 3367 1954 3425 genera-

287 3443 425 3499 liter
456 3443 805 3498 condemnat
842 3459 1073 3498 omnem
1124 3442 1272 3497 lucri
1303 3441 1492 3512 turpis
1541 3441 1950 3512 appetentiam,

286 3531 577 3603 brevique
609 3531 907 3588 sermonis
953 3531 1306 3602 compendio
1355 3531 1616 3586 excludit
1658 3529 1954 3586 levitatem

288 3637 358 3676 ac
391 3622 733 3676 versutiam.

359 3726 448 3783 '73.
485 3727 632 3784 Nam
683 3728 754 3783 de
813 3727 914 3782 illo
971 3727 1112 3798 quid
1167 3726 1396 3798 loquar,
1458 3725 1558 3797 qui
1616 3725 1688 3781 de
1747 3742 1816 3781 eo
1863 3730 1954 3780 te-

291 3819 582 3872 stamento
613 3817 771 3887 quod
819 3815 892 3869 ab
925 3815 1059 3868 aliis
1104 3815 1240 3869 licet
1285 3814 1502 3869 factum
1551 3815 1689 3886 (55),
1737 3813 1955 3868 falsum

297 3909 493 3960 tamen
543 3905 906 3976 cognoverit,
953 3904 1355 3958 hanreditalem
1403 3903 1522 3958 sibi
1569 3907 1667 3956 aut
1697 3903 1953 3974 legatum

289 3995 569 4062 vindicet,
603 3999 658 4048 et
697 3994 926 4048 lucrum
974 3997 1198 4064 quaerat
1243 3993 1434 4046 alieno
1483 3993 1766 4046 crimine:
1819 4007 1954 4046 cum

290 4084 464 4140 etiam
492 4083 662 4154 leges
702 4082 958 4152 publicae
1009 4097 1142 4136 eum
1173 4081 1272 4152 qui
1321 4081 1522 4134 sciens
1555 4079 1706 4134 falso
1753 4080 1950 4150 utitur,

287 4176 566 4244 tanquam
617 4186 782 4226 reum
832 4171 1114 4225 facinoris
1158 4169 1534 4241 astringant?
1585 4168 1813 4240 Regula
1852 4185 1954 4222 au-

285 4265 405 4317 tem
432 4261 679 4333 justitiae
713 4259 1021 4314 manifesta
1055 4262 1164 4327 est,
1215 4257 1372 4328 quod
1403 4273 1434 4310 a
1469 4273 1608 4311 vero
1655 4256 1951 4313 declinare

285 4353 484 4406 virum
514 4366 632 4405 non
664 4350 868 4404 deccat
890 4349 1132 4414 bonum,
1169 4363 1278 4401 nec
1311 4346 1521 4400 damno
1555 4344 1776 4417 injuste
1825 4346 1954 4402 atil-

289 4456 425 4496 cere
458 4455 832 4511 quemquam,
867 4452 975 4492 nec
1006 4436 1125 4491 doli
1180 4434 1400 4507 aliquid
1431 4438 1744 4489 annectcre
1790 4435 1953 4490 frau-

287 4531 458 4586 dlSVB
484 4542 856 4600 componere.

278 4719 286 4724 .
363 4672 478 4741 (50)
511 4671 642 4725 Vet.
686 4670 826 4724 edit.
861 4685 992 4724 cum
1041 4685 1188 4722 mss.
1221 4665 1720 4741 longeplurimis,
1762 4669 1953 4741 nudi;

293 4738 467 4796 mss.
525 4742 767 4812 aliquot,
827 4741 1017 4809 crudi,
1077 4738 1472 4812 successeriis
1528 4738 1953 4812 salutationes:

292 4814 488 4880 Rom.,
550 4809 726 4866 nullis
756 4809 1232 4866 successoribus
1266 4809 1675 4879 salutationes,
1740 4809 1951 4866 Melius

290 4883 393 4938 alii
420 4898 566 4936 mss.
598 4886 660 4936 ut
689 4897 800 4935 nos
830 4883 888 4936 in
917 4885 1099 4936 textu.

367 4953 480 5024 (51)
509 4953 630 5007 Cic.
666 4951 766 5006 lib.
803 4969 863 5006 ιιι
901 4952 1090 5020 Ol'lic.,
1123 4969 1260 5024 pag.
1293 4951 1417 5018 395,
1452 4949 1555 5004 lin.
1587 4948 1692 5024 3t):
1731 4972 1751 5001 ι
1775 4950 1952 5006 Caius

291 5022 512 5079 Canius
580 5039 766 5094 eques
829 5022 1244 5077 ltomanus.....
1308 5039 1440 5078 cum
1497 5037 1564 5077 se
1623 5022 1953 5094 Syracusas

293 5095 512 5153 otiandi
540 5110 740 5162 causa,
775 5109 890 5147 non
921 5095 1278 5164 negotiandi,
1319 5117 1339 5141 η
1379 5097 1488 5148 etc.

363 5167 476 5237 (52)
506 5167 640 5221 Era.
675 5172 732 5220 et
759 5181 887 5236 seq.
922 5166 1057 5220 edit.
1107 5181 1238 5220 cum
1270 5180 1416 5218 mss.
1471 5164 1724 5237 duobus,
1759 5164 1952 5236 iisque

290 5236 748 5305 recentioribus,
779 5237 1072 5290 l'romisit
1103 5237 1165 5289 in
1179 5237 1397 5290 vitatus
1426 5236 1732 5307 postridie
1753 5251 1822 5292 se
1859 5253 1953 5292 ve-

291 5311 450 5376 nire,
489 5309 736 5364 veniens
765 5307 1031 5374 ollendit,
1067 5311 1178 5363 etc.

363 5379 476 5452 (53)
507 5381 652 5436 Mss.
685 5379 927 5452 aliquot,
974 5385 1380 5450 tantorumque
1411 5393 1714 5434 numerum
1747 5394 1852 5435 con
1866 5379 1952 5434 vi-

295 5469 520 5511 varum.

312 5533 318 5540 '
361 5525 476 5595 (54)
505 5521 744 5579 Amerb.
779 5525 836 5578 et
862 5537 1034 5595 mss._
1062 5536 1180 5577 non
1219 5520 1412 5592 pauci,
1465 5526 1710 5592 rogatus
1757 5523 1951 5595 susci-

283 5593 576 5677 pit;_,'_ali’a_3
597 5595 759 5677 editz,
791 5593 1114 5677 gravatim,
1149 5609 1322 5666 mss.,
1354 5596 1646 5677 gravatus
1667 5593 1948 5677 suscipit.

257 5661 304 5712 ς’
361 5668 474 5762 (55)
505 5665 630 5736 Cic,
676 5661 878 5726 libfut
939 5661 1134 5742 0mm,
1165 5661 1316 5742 pag.’
1356 5661 1622 5740 $95,113:.
1655 5661 1762 5723 41:
1823 5661 1853 5717 εἷ
1878 5662 1947 5730 L.

1767 267 1832 328 S.
1881 263 2324 330 AMBROSII.

3594 277 3660 338 1’7
3664 279 3702 341 6

2143 466 2230 521 '74.
2255 467 2404 532 Quid
2437 465 2770 522 evidentius
2801 483 2872 522 eo
2919 468 3078 539 quod
3107 469 3386 540 Ananias,
3431 473 3526 542 qui
3561 473 3702 530 frau-

2069 556 2228 610 davit
2258 556 2328 610 de
2360 556 2546 627 pretio
2579 557 2710 627 agri
2737 555 2852 626 sui,
2889 571 3065 628 quem
3095 557 3224 627 ipse
3279 558 3624 629 vendiderat,
3653 567 3704 618 et

2067 645 2395 716 portionem
2423 644 2594 716 pretii
2617 648 2894 716 tanquam
2925 661 3172 700 summae
3201 647 3378 701 totius
3408 661 3697 706 numerum

2068 737 2201 789 ante
2231 733 2415 805 pedes
2445 735 2644 804 posuit
2673 734 3095 804 apostolorum,
3133 735 3288 789 sicut
3319 751 3456 790 reus
3498 737 3708 794 fraudis

2067 823 2328 878 interiit?
2359 822 2551 877 Licuit
2580 823 2780 894 utique
2809 823 2891 878 illi
2923 823 3068 878 nihil
3101 821 3331 890 offerre,
3363 828 3419 878 et
3445 825 3553 879 hoc
3582 827 3701 882 sine

2068 911 2275 966 fraude
2305 910 2571 966 fecisset.
2605 910 2719 966 Sed
2751 912 2887 984 quia
2919 911 3185 967 fraudem
3228 911 3553 984 admiscuit,
3602 931 3710 970 non

2065 999 2435 1054 liberalitatis
2475 1000 2724 1072 gratiam
2767 1001 3109 1071 reportavit,
3157 1001 3264 1056 sed
3313 1000 3554 1057 fallaciae
3597 1019 3709 1074 pte-

2067 1105 2201 1144 nam
2232 1089 2488 1144 exsolvit
2514 1089 2672 1159 (Act.
2703 1105 2760 1159 v,
2795 1089 2903 1160 14).

2135 1177 2224 1232 '75.
2252 1177 2322 1232 Et
2343 1177 2630 1232 Dominus
2651 1177 2710 1232 in
2733 1177 3058 1250 Evangelia
3089 1194 3222 1234 cum
3257 1177 3394 1234 dolo
3422 1169 3708 1234 'acceden-

2064 1269 2157 1322 tes
2169 1265 2769 1337 repudiabat,dicens:
2805 1266 3020 1338 Vulpes
3033 1267 3092 1322 l‘o
3101 1283 3240 1322 reas
3259 1267 3479 1322 habent
3492 1267 3718 1338 (Matth.

2063 1373 2188 1425 vin,
2234 1356 2353 1426 20):
2388 1355 2666 1427 quoniam
2715 1356 2776 1410 in
2817 1356 3192 1426 simplicitate
3223 1357 3446 1427 cordis,
3481 1359 3539 1412 et
3565 1357 3721 1413 inno-

2066 1443 2256 1499 centia
2297 1460 2408 1498 nos
2443 1443 2618 1516 jubet
2667 1445 2889 1512 vivere,
2923 1444 3108 1500 David
3139 1460 3378 1516 quoque
3406 1445 3523 1500 ait:
3556 1443 3719 1500 Sicut

2067 1531 2348 1587 novacula
2379 1539 2548 1588 acuta
2580 1532 2788 1587 fecisti
2815 1531 3009 1588 dolum
3048 1533 3237 1603 (Psal.
3276 1550 3353 1603 Li,
3387 1533 3474 1604 4):
3521 1533 3724 1604 nequi-

2065 1622 2161 1675 tiae
2209 1637 2470 1694 arguens
2515 1621 2896 1692 proditorem,
2948 1637 3018 1676 eo
3067 1622 3225 1694 quod
3273 1623 3724 1677 instrumentum

2065 1709 2408 1780 hujusmodi
2439 1711 2513 1764 ad
2545 1709 2800 1765 hominis
2848 1709 3162 1766 adhibetur
3190 1714 3491 1782 ornatum,
3527 1713 3584 1766 et
3612 1711 3726 1781 ple-

2064 1814 2312 1869 rumque
2334 1798 2575 1853 ulcerat.
2609 1797 2670 1852 Si
2717 1799 2852 1870 quis
2883 1799 3066 1871 igitur
3112 1799 3446 1870 praetendat
3490 1799 3728 1872 gratiam

2063 1890 2120 1942 et
2149 1888 2346 1942 dolum
2379 1890 2572 1942 nectat
2601 1887 2920 1958 proditoris
2949 1889 3240 1959 exemplo,
3277 1891 3341 1944 ut
3374 1903 3512 1944 eum
3565 1903 3732 1960 quem

2063 1979 2377 2048 protegere
2413 1975 2622 2031 debeat
2667 1976 2803 2046 (56),
2838 1977 3046 2046 prodat
3073 1977 3146 2030 ad
3174 1980 3472 2046 mortem;
3516 1977 3731 2032 instru-

2064 2065 2242 2121 menti
2274 2065 2448 2120 istius
2495 2065 2929 2135 comparatione
2979 2068 3289 2136 censetur,
3347 2065 3511 2137 quod
3559 2065 3733 2120 ebrias

2062 2154 2277 2209 mentis
2309 2157 2368 2208 et
2395 2154 2704 2209 titubantis
2734 2153 2874 2210 vitio
2907 2171 3116 2210 manus
3147 2153 3472 2209 vulnerare
3492 2169 3737 2210 consue-

2061 2243 2164 2298 vit.
2199 2242 2364 2297 Sicut
2396 2243 2506 2297 iste
2537 2243 2773 2298 malitiae
2803 2243 3006 2298 ebrius
3039 2243 3196 2312 vino,
3229 2243 3353 2314 (57)
3402 2259 3512 2314 per
3543 2241 3737 2298 funes-

2062 2334 2138 2386 ιω
2167 2331 2518 2402 proditionis
2551 2331 2832 2386 indicium
2882 2331 3233 2387 Abimelech
3263 2331 3387 2402 (58)
3447 2331 3736 2386 sacerdoti

2063 2435 2270 2474 necem
2302 2419 2507 2474 detulit
2533 2420 2588 2492 (I
2613 2419 2761 2491 Reg.
2793 2437 2940 2490 xxn,
3003 2419 3114 2491 18),
3147 2435 3218 2476 eo
3275 2421 3446 2492 quod
3493 2419 3737 2491 prophe-

2063 2512 2179 2564 tam
2203 2508 2460 2580 hospitio
2491 2509 2839 2580 recepisset,
2872 2525 3049 2581 quem
3099 2525 3207 2565 rex
3237 2509 3491 2565 invidiae
3537 2522 3740 2565 accen-

2065 2614 2172 2654 sus
2202 2597 2459 2654 stimulis
2491 2598 2979 2670 persequebatur.

2691 2721 2942 2778 CAPUT
2983 2722 3108 2779 XII.

2061 2829 2240 2886 Nihil
2257 2829 2721 2901 promittendum
2773 2829 2923 2901 quod
2967 2831 3049 2901 sit
3079 2829 3490 2894 inhonestum,
3545 2843 3654 2884 nec
3694 2824 3746 2882 si

2136 2900 2275 2972 quid
2305 2902 2588 2972 injustam
2607 2903 2750 2972 jura
2763 2900 2946 2969 veris,
2979 2900 3045 2956 id
3079 2901 3580 2968 observandum;
3611 2913 3748 2972 con-

2137 2969 2230 3026 ira
2263 2969 2428 3042 quam
2453 2969 2704 3044 peciisse
2751 2972 3028 3044 Herodes
3069 2971 3537 3027 demonstratur
3582 2969 3747 3044 _CuI-

2129 3041 2312 3114 patur
2339 3041 2516 3116 etiam
2552 3049 2742 3116 rotam
2771 3059 2803 3098 a
2834 3043 3048 3116 Jephte
3078 3049 3508 3116 nuncupatum,
3569 3041 3746 3116 item-

2177 3129 2246 3168 ue
2295 3113 2410 3168 alia
2454 3115 2661 3186 omnia
2719 3131 2844 3186 quae
2901 3112 3031 3186 sibi
3071 3112 3311 3169 θχεοιιῖί
3361 3115 3537 3186 Deus
3583 3112 3748 3186 nolit.

2190 3184 2552 3258 eniquegh‘lia
2583 3183 2848 3258 ejusdem
2897 3185 3122 3257 Jephte,
3165 3201 3298 3258 cum
3351 3185 3592 3242 duobus
3620 3183 3746 3257 Py-

2136 3256 2460 3328 thagdrwis
2479 3257 2846 3328 componitur
2873 3271 2940 3311 ac
2962 3256 3362 3328 praeponitur.

2133 3363 2222 3418 76.
2253 3363 2469 3420 Purum
2515 3363 2698 3436 igitur
2729 3379 2796 3418 ac
2841 3363 3144 3419 sincerum
3192 3366 3439 3434 oportet
3479 3378 3625 3419 esse
3671 3359 3756 3417 af-

2063 3452 2302 3521 fectum,
2338 3455 2399 3506 ut
2428 3453 2842 3524 unusquisque
2875 3452 2987 3523 (2‘2,
3021 3470 3079 3525 q.
3113 3451 3170 3522 4,
3203 3468 3257 3507 c.
3303 3451 3760 3526 Unusquisque)

2063 3541 2392 3612 simplicem
2426 3556 2761 3596 sermonem
2791 3539 3070 3612 proferat,
3117 3557 3224 3596 vas
3261 3557 3453 3597 suum
3487 3543 3552 3597 in
3584 3557 3757 3596 sanc-

2061 3632 2221 3685 titate
2252 3629 2581 3700 possideat,
2615 3646 2728 3684 nec
2759 3629 3001 3685 fratrem
3033 3629 3615 3702 circumscriptione
3635 3645 3765 3686 ver-

2061 3719 2271 3774 borum
2304 3719 2559 3790 inducat,
2595 3718 2737 3773 nihil
2769 3719 3066 3790 promittat
3105 3719 3512 3775 inhonestum
3543 3718 3660 3791 (59)
3692 3734 3761 3774 ac

2063 3816 2116 3871 si
2147 3817 2505 3888 promiserit,
2534 3808 2678 3872 127
2706 3815 3071 3872 tolerabilius
3101 3820 3193 3872 est
3219 3819 3615 3888 promissum
3643 3833 3764 3874 non

2063 3905 2279 3976 facere,
2312 3922 2487 3978 quam
2518 3905 2714 3960 facere
2745 3906 2899 3977 quod
2933 3909 3102 3976 turpe
3133 3904 3232 3960 sit.

2132 3994 2220 4048 '77.
2253 3994 2425 4064 Saepe
2455 3994 2720 4066 plerique
2753 3995 3176 4066 constringunt
3199 3995 3462 4066 seipsos
3492 3995 3766 4069 jurisju-

2065 4083 2613 4138 randisacramento
2644 4081 2852 4152 (60);et
2877 4083 3136 4154 cumipsi
3171 4086 3594 4156 cognoverint
3621 4101 3766 4156 pro-

2061 4173 2407 4227 mittendum
2431 4188 2549 4226 non
2579 4169 2802 4240 fuisse;
2847 4171 3198 4226 sacramenti
3233 4175 3447 4228 tamen
3487 4178 3766 4230 contem-

2060 4262 2316 4332 platione
2351 4261 2572 4315 faciunt
2602 4261 2756 4332 quod
2800 4261 3275 4331 spoponderunt:
3321 4262 3499 4318 sicut
3541 4264 3618 4320 de
3645 4264 3772 4318 He-

2060 4352 2204 4406 rode
2253 4367 2437 4420 supra
2484 4349 2839 4420 scripsimus
2888 4366 3076 4420 (supr.
3115 4366 3165 4404 ο.
3197 4349 3276 4418 9),
3316 4352 3430 4422 qui
3466 4351 3772 4407 saltatrici

2061 4440 2370 4510 praemium
2389 4440 2636 4510 turpiter
2656 4438 2948 4510 promisit,
2971 4436 3286 4493 credeliter
3309 4439 3535 4496 solvit.
3567 4441 3773 4512 Turpe

1985 4542 2042 4605 D
2063 4529 2221 4601 quod
2265 4544 2515 4600 regnum
2547 4544 2654 4599 pro
2687 4527 2996 4582 saltatione
3023 4527 3435 4598 promittitur:
3492 4531 3772 4602 crudele,

2063 4673 2270 4727 Minuti
2301 4671 2527 4739 Basilii,
2575 4670 2888 4740 locupletis
2945 4669 3225 4741 hominis,
3289 4670 3540 4728 falsum
3577 4677 3773 4730 testa-

2065 4748 2321 4798 mentum
2357 4743 2593 4813 quidam
2623 4758 2656 4796 e
2685 4743 2933 4812 Graecia,
2973 4763 2993 4789 υ
3029 4745 3140 4796 etc.

2135 4814 2249 4883 (56)
2271 4812 2378 4869 Sic
2393 4830 2541 4868 mss.
2567 4829 2781 4884 magno
2805 4828 3124 4880 consensu,
3150 4812 3204 4866 si
3225 4829 3430 4884 unum
3463 4820 3576 4872 aut
3622 4816 3779 4872 alte-

2061 4903 2190 4940 rum
2213 4885 2544 4956 exceperis,
2578 4883 2689 4938 ubi
2711 4884 2866 4956 sicut
2894 4887 2951 4938 et
2978 4884 3038 4937 in
3080 4883 3217 4938 edit.
3249 4883 3520 4956 legitur,
3561 4889 3775 4944 Doech

2037 4998 2044 5004 .
2055 4955 2505 5030 pi'otlite_i'ii:s.._..
2533 4955 2932 5030 quemAeelar‘e
2963 4961 3022 5009 et
3041 4955 3412 5030 protegere,
3427 4955 3696 5016 debeat.

2100 5029 2243 5152 [(5:7)
2271 5027 2412 5082 Cod.
2451 5025 2656 5097 Laud.,
2691 5025 2860 5082 Sicut
2881 5026 2999 5081 ista
3027 5025 3184 5081 idem
3207 5025 3430 5084 Doech
3496 5031 3782 5104 maligne

2117 5116 2271 5152 )I'llIS
2298 5114 2450 5152 VInO.

2063 5114 2136 5154 ΘΙ)
2144 5116 2195 5152 1¹1
2205 5116 2271 5153 IIS
2298 5116 2352 5152 VI
2361 5114 2450 5153 ΠΟ.

2133 5171 2246 5240 (58)
2279 5169 2506 5224 Erasm.
2544 5174 2601 5224 et
2632 5185 2760 5240 seq.
2794 5169 2954 5237 edit.,
2987 5165 3420 5240 Achimelech.

2131 5237 2244 5312 (59)
2275 5243 2396 5297 Cic.
2427 5241 2530 5295 lib.
2566 5258 2628 5294 ιιι
2661 5237 2854 5308 ΟῘῚὶσ.,
2886 5255 3023 5311 pag.
3056 5237 3180 5312 400,
3217 5239 3328 5312 lin.
3390 5241 3512 5298 4'7:
3555 5265 3581 5291 ι.
3621 5243 3782 5310 Quid

2061 5312 2115 5368 si
2147 5310 2386 5384 sapiens
2418 5317 2662 5383 rogatus
2685 5313 2763 5366 sit
2784 5312 2856 5384 ab
2886 5310 3112 5384 eo,’__qui
3139 5311 3656 5384 eum_ha;redem
3686 5315 3782 5370 fa-

2063 5380 2384 5460 ciat..'..._ut
2413 5380 2744 5460 antequam
2797 5380 3204 5460 hereditatem
3229 5380 3448 5456 adeat,
3484 5383 3637 5444 luce
3669 5402 3788 5460 pa-

2060 5455 2176 5511 lam
2207 5455 2269 5509 in
2299 5455 2428 5510 foro
2459 5455 2652 5524 saltet,
2688 5474 2712 5505 ι
2755 5457 2866 5510 etc.

2129 5527 2244 5604 (60)
2270 5525 2440 5596 Ibid.,
2474 5541 2610 5599 pag.
2642 5525 2768 5604 _401,
2801 5525 2904 5604 lin.
2937 5525 3008 5582 4:
3063 5547 3085 5574 ιι
3122 5523 3207 5580 Ac
3248 5537 3334 5580 ne
3371 5525 3790 5604 illa__qui_det_n

2057 5597 2700 5731 paqgissaetzervanda
2745 5601 2902 5668 sunt,
2937 5611 3071 5678 quae
3120 5610 3236 5656 non
3269 5601 3441 5658 sunt
3491 5597 3580 5660 iii
3621 5601 3788 5680 ipsis

2227 5709 2242 5731 ι
2280 5691 2302 5723 η
2453 5705 2466 5731 ο

2057 5682 2242 5750 unua,
2280 5691 2302 5723 η
2355 5682 2466 5732 etc.
