4128 6132
321 297 423 359 177

1239 298 1351 361 DE
1384 296 1732 363 OFFICIIS
1761 286 2376 363 MINISTRORUM
2416 298 2671 363 LIBER
2702 301 2812 363 III.

3627 305 3745 372 178

320 500 452 573 quod
482 515 634 555 mors
665 500 966 572 prophetae
999 517 1105 573 pro
1123 482 1519 573 jurisjurandi
1538 501 1827 573 religione
1850 500 1952 555 do-
1973 482 2027 545 Α
2062 522 2130 560 ac
2162 522 2234 561 ne
2263 508 2595 563 revertendi
2632 509 2777 574 128
2808 507 3035 561 nutaret
3070 505 3240 576 ﬁdes,
3280 506 3490 563 vadem
3526 508 3739 564 mortis

319 595 480 645 natur.
527 589 746 655 Quanto
796 591 1163 645 tolerabilius
1221 591 1320 645 tali
1364 590 1579 644 fuisset
1625 589 1952 661 perjurium

315 681 692 733 sacramento?
723 680 783 733 Si
816 685 1006 735 tamen
1038 681 1362 753 perjurium
1394 684 1599 753 posset
1629 680 1765 749 dici,
1791 680 1944 751 quod

316 769 490 822 ebrius
514 769 659 822 inter
686 770 817 821 vina
836 769 1157 838 juraverat,
1191 771 1346 841 quod
1379 771 1637 825 eviratus
1661 770 1812 823 inter
1833 769 1950 822 sal-

312 859 523 911 tantium
557 858 771 911 choros
795 859 1144 927 promiserat
1174 858 1309 927 (61).
1335 860 1587 913 Infertur
1617 859 1782 912 disco
1815 874 1950 928 pro-

313 946 477 1015 phetze
499 950 667 1015 caput
691 963 702 1000 :
739 951 794 1000 et
826 947 937 1000 hoc
970 948 1319 1002 aestimatum
1339 952 1430 1003 est
1452 948 1586 1002 fidei
1609 963 1769 1016 esse,
1791 947 1948 1017 quod

312 1036 550 1090 amentiae
578 1036 705 1090 fuit.

367 1143 443 1196 78.
484 1144 687 1215 Neque
720 1163 977 1218 unquam
1023 1148 1282 1202 adducar
1320 1149 1380 1200 ut
1425 1145 1657 1199 credam
1707 1160 1821 1198 non
1853 1146 1949 1197 in-

308 1236 449 1288 caute
464 1235 784 1305 principem
806 1237 1154 1306 promisisse
1178 1236 1601 1307 Jephte(6'2),ut
1623 1233 1948 1288 immolaret

308 1322 409 1375 Deo
429 1322 706 1393 quidquid
732 1325 845 1378 Sibi
871 1326 1183 1380 revertenti
1209 1326 1355 1379 intra
1377 1325 1555 1379 limen
1578 1324 1788 1378 domus
1819 1339 1945 1377 suae

306 1415 647 1481 occurreret;
683 1429 816 1467 cum
840 1418 895 1468 et
926 1415 1118 1483 ipsum
1149 1415 1269 1468 voti
1298 1412 1633 1485 pmnituerit
1651 1412 1763 1476 sui,
1787 1415 1945 1482 post-

304 1514 453 1569 quam
492 1500 608 1553 tilia
661 1503 917 1556 occurrit
964 1503 1099 1557 sibi.
1154 1504 1416 1573 Denique
1449 1502 1739 1557 conscidit
1767 1501 1946 1555 vesti-

304 1591 468 1641 menta
498 1604 607 1642 sua
650 1594 705 1644 et
744 1591 889 1645 dixit
921 1607 933 1646 :
970 1591 1096 1646 Heu
1124 1592 1251 1646 me!
1278 1591 1400 1645 lilia
1441 1607 1596 1659 mea,
1638 1589 1944 1661 impedisti

300 1678 426 1730 milii
443 1676 572 1745 (63),
600 1680 878 1733 stimulus
916 1680 1140 1735 doloris
1171 1680 1325 1734 facta
1350 1697 1415 1735 es
1444 1680 1592 1734 milii
1619 1680 1836 1747 (Judic.
1859 1696 1939 1748 χι,

298 1766 390 1834 35).
409 1766 511 1831 Qui
540 1768 678 1823 licet
702 1770 798 1839 pio
829 1773 985 1824 metu
1014 1786 1080 1824 ac
1106 1770 1415 1823 formidine
1434 1769 1811 1824 acerbitatem
1832 1768 1943 1821 du-

2062 587 2289 658 obtulit,
2331 605 2399 644 ea
2448 589 2781 646 conditione
2813 596 2874 645 ut
2898 594 2947 647 si
2982 594 3110 664 ipse
3143 594 3370 649 deferet
3403 594 3475 649 ad
3509 596 3736 649 consti-

2060 680 2242 732 tutum
2276 680 2450 747 diem,
2483 696 2589 733 vas
2633 679 2765 751 ejus
2797 681 3035 752 sibipro
3058 698 3127 737 eo
3161 685 3525 738 moriendum
3548 700 3735 756 agno-

2060 770 2273 821 sceret.
2308 769 2431 822 Nec
2473 769 2810 840 qualitatem
2853 771 3198 840 sponsionis
3245 772 3343 842 qui
3375 771 3733 827 offerebatur

2056 858 2374 925 recusavit,
2400 860 2807 929 constantique
2831 860 3023 913 animo
3056 861 3208 913 diem
3232 861 3395 914 necis
3414 863 3729 930 praestola-

2055 945 2244 1000 batur.
2285 946 2482 1017 Itaque
2518 947 2665 1001 alter
2694 964 2760 1002 se
2793 965 2909 1003 non
2944 949 3255 1018 subtraxit,
3291 949 3437 1003 alter
3466 951 3539 1004 ad
3571 951 3726 1006 diem

2057 1035 2279 1103 recepit
2309 1035 2442 1103 (65).
2480 1036 2645 1100 Quod
2681 1052 2946 1108 eousque
2978 1038 3084 1092 fuit
3113 1038 3396 1102 mirabile,
3431 1043 3495 1093 ut
3524 1042 3725 1110 tyran-

2057 1139 2170 1176 nus
2189 1139 2293 1177 eos
2316 1124 2431 1177 sibi
2453 1125 2511 1178 in
2535 1125 2845 1180 amicitiam
2865 1127 3249 1197 adscisceret,
3274 1144 3525 1199 quorum
3544 1145 3725 1202 urge-

2053 1211 2151 1265 bat
2179 1213 2523 1282 periculum.

2126 1317 2214 1372 81.
2256 1318 2419 1383 Quod
2452 1336 2595 1392 ergo
2629 1322 2687 1376 in
2720 1324 3001 1392 spectatis
3042 1326 3097 1377 et
3127 1324 3373 1378 eruditis
3412 1324 3558 1379 viris
3596 1325 3725 1395 ple-

2057 1424 2194 1461 num
2226 1410 2490 1464 miraculi
2522 1414 2630 1480 est,
2666 1411 2858 1465 hocin
2883 1413 3111 1483 virgine
3144 1414 3323 1467 multo
3343 1415 3726 1486 magniﬁcen-

2054 1498 2193 1566 tius,
2227 1499 2525 1570 multoque
2560 1501 2851 1555 illustrius
2884 1502 3360 1571 deprehenditur,
3397 1520 3529 1574 quae
3551 1504 3725 1575 inge-

2053 1587 2326 1641 miscenti
2364 1589 2509 1657 patri
2549 1589 2629 1643 ait
2662 1605 2673 1642 :
2707 1587 2825 1643 Iv'ac
2859 1590 3007 1644 milii
3052 1596 3109 1643 ut
3160 1591 3352 1645 exivit
3383 1592 3457 1645 de
3489 1608 3593 1647 ore
3630 1597 3726 1647 tuo

2053 1676 2209 1742 (Jud.
2246 1693 2324 1744 x1,
2359 1676 2469 1744 36).
2522 1678 2638 1731 Sed
2674 1679 2927 1748 spatium
2957 1679 3207 1733 duorum
3244 1680 3517 1750 poposcit
3555 1697 3725 1735 men-

2052 1765 2226 1833 sium,
2293 1769 2356 1820 ut
2414 1783 2544 1821 cum
2603 1768 2934 1838 aequalibus
2994 1773 3347 1824 conventum
3401 1773 3605 1842 ageret
3662 1771 3723 1825 in

297 1871 365 1909 rte
406 1856 717 1911 solutionis
765 1858 1134 1928 impleverit:
1182 1863 1374 1913 tamen
1416 1859 1636 1912 luctum
1683 1874 1938 1912 annuum
1969 1857 2021 1920 Β
2052 1855 2349 1908 montibus
2375 1898 2388 1923 ,
2448 1872 2581 1926 quae
2629 1858 3025 1928 virginitatem
3073 1858 3206 1929 ejus
3245 1859 3724 1929 praedestinatum

298 1946 444 1999 etiam
475 1947 736 2016 posteris
786 1948 1208 2018 deplorandum
1250 1948 1451 2002 statuit
1497 1964 1565 2001 ac
1608 1947 1938 2018 dereliquit.

300 2033 429 2091 Dura
474 2036 821 2105 promissio,
872 2037 1144 2092 acerbior
1182 2037 1418 2106 solutio,
1468 2053 1640 2108 quam
1688 2052 1938 2091 necesse

297 2120 472 2177 habuit
500 2125 711 2196 lugere
743 2127 915 2179 etiam
945 2127 1073 2196 ipse
1110 2128 1208 2197 qui
1242 2126 1395 2180 fecit.
1427 2126 1691 2197 Denique
1724 2125 1940 2179 factum

295 2214 368 2265 est
395 2216 750 2285 praeceptum
784 2218 841 2269 et
878 2216 1177 2270 decretum
1216 2217 1274 2269 in
1306 2216 1487 2270 Israel
1520 2232 1595 2269 ex
1642 2214 1852 2271 diebus
1882 2215 1941 2268 in

294 2298 401 2368 dies
427 2318 438 2357 :
461 2303 882 2367 Ambulabant,
901 2304 1107 2375 inquit,
1130 2303 1268 2359 filiae
1278 2304 1479 2377 pepuli
1500 2304 1709 2367 Israel,
1738 2303 1943 2375 lugen-

296 2394 372 2444 tes
401 2389 575 2445 tiliam
634 2392 848 2464 Jeplite
898 2392 1296 2448 Galaaditidis
1337 2400 1590 2466 quatuor
1630 2394 1847 2448 diebus
1880 2393 1942 2447 in

293 2492 421 2535 anno
448 2481 629 2549 (Ibid.
663 2481 777 2551 40).
813 2482 944 2537 Non
993 2499 1240 2553 possum
1289 2499 1572 2537 accusare
1617 2483 1808 2537 virum
1842 2482 1943 2553 qui

291 2585 515 2625 necesse
548 2570 757 2625 habuit
786 2572 1030 2641 implere
1071 2573 1227 2643 quod
1263 2574 1506 2627 voverat
1546 2588 1558 2627 :
1612 2572 1720 2627 sed
1749 2575 1943 2626 tamen

290 2657 632 2718 miserabilis
652 2661 1003 2728 necessitas,
1044 2678 1175 2732 quae
1208 2662 1460 2715 solvitur
1487 2661 1803 2731 parricidio
1827 2658 1939 2730 (Ξὲ,

289 2762 334 2816 q.
364 2747 409 2813 4,
441 2764 567 2818 cap.
617 2748 1057 2821 Unusquisque,
1089 2750 1120 2822 ἒ
1152 2750 1571 2815 dliserabilis).

343 2852 421 2909 79.
461 2854 679 2908 Melius
713 2859 942 2908 estnon
976 2872 1213 2924 vovere,
1249 2874 1422 2927 quam
1446 2873 1662 2911 vovere
1694 2857 1750 2910 id
1782 2857 1939 2928 quod

288 2941 383 2995 sibi
406 2944 497 2996 cui
526 2943 907 3013 promittitur,
940 2945 1084 2998 nolit
1115 2947 1366 3000 exsolvi.
1398 2947 1661 3017 Denique
1684 2947 1742 2999 in
1775 2947 1940 3000 Isaac

288 3028 548 3086 habemus
584 3033 942 3102 exemplum,
967 3050 1072 3103 pro
1104 3050 1220 3105 quo
1249 3036 1490 3090 arietem
1513 3036 1800 3090 Dominus
1815 3038 1939 3089 sta-

285 3120 374 3173 tuit
399 3120 693 3178 immolari
726 3121 839 3175 sibi
864 3121 1036 3190 (Gen.
1070 3141 1216 3191 xxu,
1260 3124 1367 3195 13).
1393 3125 1523 3179 Non
1556 3141 1793 3195 semper
1822 3126 1938 3198 igi-

2049 1945 2181 1997 neci
2216 1944 2310 2014 pio
2343 1944 2551 1998 attactu
2585 1951 3104 2017 prosequerentur.
3141 1948 3265 2002 Nec
3313 1949 3488 2002 ﬂetus
3519 1965 3722 2019 aequa-

2049 2032 2189 2085 lium
2218 2033 2397 2086 movit
2421 2034 2691 2103 puellam,
2727 2050 2836 2089 nec
2885 2035 3054 2089 dolor
3098 2036 3276 2105 ﬂexit,
3312 2053 3423 2090 nec
3464 2037 3721 2108 gemitus

2050 2122 2384 2188 retardavit,
2445 2139 2553 2176 nec
2631 2124 2758 2177 dies
2807 2125 3105 2193 praeteriit,
3150 2141 3259 2178 nec
3303 2126 3508 2180 fefellit
3552 2127 3717 2183 hora.

2053 2211 2244 2266 Rediit
2267 2212 2336 2265 ad
2368 2215 2610 2280 patrem,
2637 2213 2807 2283 quasi
2830 2214 2902 2266 ad
2935 2217 3133 2267 votum
3156 2213 3390 2282 rediret,
3420 2217 3476 2268 et
3505 2216 3718 2270 volun-

2046 2304 2161 2354 tate
2184 2301 2420 2370 propria
2446 2304 2814 2355 cunctantem
2850 2302 3096 2371 impulit,
3141 2302 3393 2373 fecitque
3434 2303 3718 2359 arbitratu

2048 2395 2394 2461 spontaneo,
2422 2394 2483 2444 ut
2510 2392 2665 2461 quod
2690 2398 2813 2445 erat
2853 2391 3165 2462 impietatis
3192 2392 3517 2463 fortuitum,
3551 2394 3719 2450 fieret

2047 2480 2279 2551 pietatis
2302 2480 2680 2534 sacrificium.

2649 2605 2900 2661 CAPUT
2940 2607 3089 2661 XIII.

2046 2730 2347 2785 Juditham
2371 2730 2705 2802 cumrmulta
2722 2731 2990 2802 pericula
3010 2748 3120 2802 pro
3148 2732 3460 2787 honestate
3491 2731 3719 2786 subiis-

2248 2808 2360 2870 sct,
2396 2801 2777 2873 multiplicem
2798 2801 3148 2873 reportasse
3173 2802 3508 2857 utilitatem.

2114 2945 2203 2999 8‘2.
2248 2945 2399 2999 Ecce
2449 2945 2552 2999 tibi
2612 2946 2811 3000 Judith
2863 2962 2930 3000 se
2979 2945 3147 3000 offert
3194 2946 3519 3017 mirabilis,
3584 2964 3717 3019 quae

2043 3034 2418 3089 formidatum
2456 3035 2691 3105 populis
2730 3035 2921 3089 virum
2954 3035 3394 3105 IIolophernem
3424 3037 3561 3106 adit,
3596 3038 3718 3110 As-

2044 3123 2338 3194 syriorum
2388 3123 2725 3193 triumphali
2761 3126 2992 3193 septum
3031 3128 3284 3178 caterva.
3310 3124 3494 3189 Quem
3525 3125 3715 3195 primo

288 3209 366 3260 tur
407 3210 705 3279 promissa
753 3211 1037 3265 solvenda
1085 3214 1280 3267 omnia
1316 3216 1454 3268 sunt
1488 3214 1597 3284 (2‘3,
1631 3231 1687 3286 q.
1719 3214 1772 3283 4,
1808 3231 1933 3284 cap.
1969 3212 2021 3283 Ο
2048 3212 2249 3267 formae
2282 3212 2469 3284 gratia
2491 3211 2764 3266 etvultus
2796 3213 3009 3265 decore
3033 3213 3298 3281 perculit,
3335 3213 3545 3267 deinde
3582 3229 3715 3267 ser-

286 3295 397 3350 Νοιι
433 3298 717 3370 semper).
773 3300 1034 3372 Denique
1094 3302 1223 3371 ipse
1272 3303 1556 3357 Dominus
1600 3303 1939 3375 frequenter

286 3400 430 3440 suam
478 3391 665 3442 mutat
723 3390 1092 3459 sententiam,
1145 3391 1298 3446 sicut
1346 3391 1647 3462 Scriptura
1695 3392 1931 3447 indicat.

286 3472 412 3528 Nam
447 3480 501 3531 et
531 3477 596 3531 in
627 3493 698 3531 eo
731 3478 885 3532 libro
918 3480 1016 3550 qui
1048 3480 1395 3534 inscribitur
1424 3480 1687 3548 Numeri,
1719 3497 1932 3552 propo-

286 3569 457 3619 suerat
490 3570 803 3636 percutere
849 3571 1033 3622 morte
1082 3572 1139 3624 et
1184 3570 1429 3639 perdere
1460 3570 1739 3640 p0pulum
1775 3586 1787 3624 :
1829 3569 1935 3624 sed

285 3657 463 3721 postea
502 3659 753 3728 rogatus
800 3673 832 3711 a
873 3657 1096 3728 Moyse,
1139 3658 1555 3713 reconciliatus
1588 3662 1681 3713 est
1720 3659 1934 3729 populo

287 3755 378 3796 suo
397 3744 596 3813 (Nam.
628 3761 748 3812 xvx,
780 3744 888 3815 15).
928 3746 997 3801 Et
1021 3748 1226 3802 iterum
1267 3748 1338 3801 ad
1371 3748 1617 3818 Moysen
1651 3751 1707 3802 et
1738 3750 1936 3803 Aaron

285 3830 349 3883 ait
375 3847 386 3886 :
418 3832 692 3888 Dividite
730 3850 830 3888 vos
859 3834 932 3889 de
962 3836 1154 3890 medio
1175 3852 1495 3909 synagoga?
1527 3837 1676 3909 ejus,
1713 3842 1770 3891 et
1794 3854 1935 3892 con-

285 3922 561 3976 summabo
580 3938 683 3976 eos
698 3922 1069 3993 simu/(Ibid.
1097 3942 1215 3993 xvx,
1241 3924 1350 3993 21).
1375 3924 1603 3990 Quibus
1625 3925 1935 3980 disceden-

285 4007 421 4063 tibus
452 4011 521 4066 de
544 4015 722 4082 ccctu,
761 4012 983 4067 Dathan
1005 4018 1058 4067 et
1086 4014 1308 4069 Abiron
1331 4015 1527 4069 subito
1549 4015 1758 4085 impios
1783 4018 1951 4073 terra,

282 4105 553 4170 prmrupto
590 4101 780 4155 soluta
815 4101 975 4157 hiatu
998 4103 1324 4158 absorbuit.

342 4204 421 4260 80.
460 4207 908 4263 Prmcellentius
956 4213 1011 4263 et
1053 4210 1352 4282 antiquius
1402 4211 1558 4265 istud
1598 4212 1932 4282 exemplum

286 4290 344 4345 de
364 4294 472 4348 ﬁlia
504 4296 734 4367 Jepbte,
756 4314 932 4368 quam
950 4298 1088 4352 illud
1108 4300 1265 4370 quod
1283 4301 1662 4355 memorabile
1681 4301 1930 4356 habetur

284 4384 414 4450 apud
446 4384 838 4457 phiIOSOphos
861 4387 932 4442 de
964 4388 1197 4443 duobus
1224 4389 1929 4461 Pythagoraeis(61)quo-

286 4485 395 4524 rum
410 4473 555 4528 alter
576 4491 705 4528 cum
729 4480 1025 4545 atyranno
1061 4477 1342 4547 Dionysio
1376 4480 1584 4548 capitis
1621 4479 1930 4535 damnatus

2046 3303 2238 3357 monis
2287 3300 2754 3371 circumscripsit
2799 3300 3087 3372 elegantia
3121 3301 3347 3369 (Juditli
3388 3319 3454 3369 x,
3504 3300 3710 3369 lt-16).

2043 3391 2277 3446 Primus
2309 3390 2641 3461 triumphus
2673 3389 2806 3460 ejus
2840 3389 2964 3459 fuit,
3010 3391 3164 3460 quod
3198 3391 3492 3462 integrum
3521 3391 3713 3461 pudo-

2042 3497 2165 3535 rem
2199 3480 2271 3534 de
2310 3478 2687 3534 tabernaculo
2721 3478 2911 3532 hostis
2948 3480 3175 3533 revexit
3204 3479 3432 3548 (.Iuditli
3455 3497 3556 3546 xu,
3581 3481 3670 3549 20)
3698 3495 3712 3535 :

2044 3569 2375 3637 secundus,
2430 3568 2585 3638 quod
2631 3566 2845 3622 femina
2891 3567 2962 3622 de
3008 3569 3136 3622 viro
3182 3569 3502 3638 reportavit
3531 3569 3715 3624 victo-

2042 3659 2208 3728 riam,
2248 3657 2474 3730 fugavit
2503 3657 2753 3728 populos
2785 3656 3035 3711 consilio
3068 3656 3179 3727 (66)
3203 3673 3310 3711 suo
3334 3657 3562 3725 (Juditli
3585 3675 3710 3727 xm,

2072 3856 2198 3910 .83.
2244 3855 2614 3909 Horruerunt
2677 3855 2878 3909 Persas
2928 3854 3233 3909 audaciam
3282 3854 3435 3925 ejus.
3496 3855 3711 3927 Utique

2040 3944 2197 4016 quod
2239 3946 2298 3999 in
2342 3945 2457 3998 illis
2509 3944 2917 4015 Pythagoricis
2967 3944 3201 3999 duobus
3248 3946 3550 4015 mirantur,
3594 3961 3713 4001 non

2041 4034 2276 4103 expavit
2320 4033 2523 4088 mortis
2573 4033 2919 4103 periculum,
2966 4033 3074 4087 sed
3114 4048 3223 4088 nec
3252 4034 3519 4103 pudoris,
3553 4035 3713 4105 quod

2041 4126 2133 4177 est
2161 4124 2405 4194 gravius
2442 4122 2616 4177 bonis
2657 4122 2932 4176 feminis:
2965 4139 3078 4176 non
3104 4123 3278 4177 unius
3303 4124 3480 4177 ictum
3514 4125 3711 4177 carni-

2042 4212 2193 4279 ficis,
2219 4209 2325 4265 sed
2356 4227 2464 4265 nec
2493 4212 2672 4265 totius
2695 4212 2993 4266 exercitus
3027 4212 3139 4266 tela
3176 4212 3503 4282 trepidavit.
3543 4211 3713 4265 Stetit

2041 4302 2193 4355 inter
2247 4316 2469 4355 cuneos
2525 4300 2875 4354 bellatorum
2929 4301 3178 4371 femina,
3245 4301 3398 4354 inter
3445 4300 3712 4353 victricia

2041 4406 2222 4459 arma,
2267 4406 2476 4444 secura
2523 4391 2750 4444 mortis.
2784 4389 3074 4454 Quantum
3119 4390 3192 4442 ad
3242 4388 3453 4442 molem
3484 4389 3712 4457 spectat

2040 4479 2322 4549 periculi,
2368 4479 2646 4533 moritura
2685 4478 2982 4549 processit
3025 4494 3036 4532 :
3071 4480 3352 4548 quantum
3398 4476 3470 4529 ad
3510 4475 3706 4544 ﬁdem,

284 4565 444 4629 esset,
486 4565 837 4635 praescripto
868 4566 1072 4621 mortis
1115 4567 1232 4636 die,
1272 4568 1544 4637 poposcit
1593 4571 1655 4622 ut
1692 4569 1927 4624 domum
1964 4583 2019 4647 D
2044 4568 2407 4623 dimicatura.

283 4653 543 4721 pergendi
559 4653 613 4709 ei
632 4653 878 4709 facultas
892 4655 1282 4727 dareturhquo
1302 4657 1737 4713 commendaret
1751 4675 1896 4713 suos
1915 4675 1926 4715 :

336 4792 455 4871 .(.Gl)_
475 4796 710 4850 Amerb.
737 4813 869 4851 curn
892 4814 1039 4871 mss.
1061 4798 1302 4870 aliquot,
1330 4799 1637 4870 (lejeratus
1655 4821 1673 4866 ,-
1691 4801 1931 4871 quidam

284 4859 386 4942 alii,
402 4859 587 4934 ejurat
597 4883 680 4942 us.
692 4909 704 4921 .
716 4910 728 4922 .
739 4910 752 4922 .
764 4870 1123 4942 promiserat
1138 4859 1475 4942 ,f‘non'pauci
1487 4914 1500 4937 ,
1523 4859 1928 4942 prompserat:

285 4930 396 4987 alia;
417 4930 555 5014 vero
587 4938 722 5014 edit3
756 4930 825 4992 ac
849 4957 994 5014 mss.
1019 4930 1332 5014 nobiscum
1364 4930 1602 5010 faciunt,
1636 4930 1749 4997 nisi
1771 4944 1927 5014 quod

285 5017 375 5079 pro
404 5009 683 5079 eviratus,
707 5011 764 5063 in
796 5011 1403 5085 quibusdamlegitur,
1430 5009 1656 5079 iratus;
1679 5009 1930 5084 prorsus

285 5087 607 5150 ιηςρρειυθο

346 5147 605 5216 (ϐἓγϐἱο.
640 5152 861 5229 libum,
903 5170 1037 5229 pag.
1070 5154 1193 5224 401,
1227 5156 1329 5209 lin.
1367 5154 1427 5209 11
1466 5172 1478 5210 :
1520 5178 1541 5203 α
1576 5154 1725 5220 Quid
1768 5158 1929 5229 Aga-

287 5228 533 5292 memnon
563 5238 691 5277 cum
733 5224 1097 5292 devovisset,
1135 5250 1154 5274 η
1183 5232 1293 5281 etc.

343 5289 765 5369 t63)_\’et.‘ei_lit.
810 5289 1114 5369 impedisti
1146 5299 1310 5364 milli,
1346 5299 1649 5369 impertisti
1678 5299 1842 5368 mihi,
1871 5301 1931 5353 in

287 5362 557 5441 stimulum
591 5365 851 5441 cio/orum
886 5362 1041 5441 facta
1078 5384 1145 5423 cs
1180 5362 1345 5423 milii.
1390 5362 1585 5439 liom.,
1627 5362 1933 5441 Decepisti

289 5442 383 5510 ιρις,
432 5433 903 5510 ἱιηρθᾷίηιριιίιιιη
957 5440 1017 5492 in
1077 5441 1262 5494 oculis
1304 5442 1471 5510 meis,
1524 5433 1584 5495 iii
1634 5433 1932 5495 stimulum

286 5497 521 5557 dolet-uni
562 5505 712 5560 facta
765 5524 832 5563 es
893 5511 1059 5565 mihi.
1110 5512 1256 5565 Mss.
1298 5528 1439 5565 vero
1459 5497 1630 5566 [inter
1674 5530 1740 5566 se
1788 5530 1934 5566 con-

289 5573 699 5653 sentiunt,_nisi
743 5581 900 5650 quod
922 5582 1109 5653 aliqui
1155 5584 1377 5653 legunt,
1425 5583 1732 5652 impertisti
1764 5584 1931 5649 mihi,

289 5647 673 5770 Ilzsslié‘nulum,
706 5647 840 5721 etc,
876 5652 978 5706 ubi
1001 5647 1243 5724 reliqui,
1258 5647 1570 5725 impedisti
1600 5669 1694 5707 me
1723 5647 1937 5711 stimu-Q

375 5754 388 5770 .
482 5731 535 5770 c.

313 5726 388 5780 us,
427 5726 535 5772 etc.

2108 4675 2197 4730 81.
2242 4676 2623 4729 Honestatem
2655 4675 2835 4746 igitur
2865 4676 3068 4728 secuta
3106 4676 3197 4727 est
3226 4672 3448 4742 Judith,
3484 4675 3540 4727 et
3569 4672 3710 4726 dum

2110 4818 2222 4887 (61)
2257 4818 2377 4872 Cic.
2412 4819 2511 4873 lib.
2546 4835 2606 4871 ιιι
2642 4815 2810 4871 ΟΙῚὶο.
2844 4832 2979 4887 pag.
3010 4814 3134 4882 393,
3180 4816 3278 4870 lin.
3312 4816 3417 4870 43:
3444 4838 3465 4863 κ
3495 4816 3711 4870 Damo-

2041 4905 2171 4944 nem
2208 4893 2264 4943 et
2316 4890 2584 4958 Pythiam
2636 4888 3061 4958 Pythagoreos,
3117 4888 3309 4941 ferunt
3357 4888 3470 4941 hoc
3516 4887 3710 4940 animo

2038 4961 2191 5014 inter
2221 4977 2287 5015 se
2312 4957 2520 5018 fuisse.
2548 4981 2568 5008 υ
2598 4957 2705 5013 etc.
2734 4957 2877 5013 Vide
2899 4960 3074 5012 etiam
3095 4959 3195 5013 lib.
3216 4958 3445 5012 V'Tusc.
3466 4957 3707 5025 Quwst.,

2039 5048 2173 5104 pag.
2209 5030 2330 5104 186,
2357 5032 2462 5104 lin.
2490 5030 2578 5099 48,
2605 5033 2661 5104 et
2692 5030 2816 5104 Mal.
2854 5031 3007 5085 Max.
3041 5030 3142 5084 lib.
3177 5046 3253 5099 IV,
3280 5048 3407 5100 cap.
3431 5030 3485 5099 'i,
3519 5033 3574 5083 et
3592 5045 3713 5083 rur-

2038 5100 2145 5160 sus
2179 5103 2380 5156 Ambr.
2408 5102 2507 5156 lib.
2533 5120 2572 5154 ιι
2606 5102 2679 5157 dc
2721 5100 2949 5172 Virgin.

2110 5174 2220 5246 (65)
2253 5174 2471 5227 Omnes
2496 5173 2641 5246 pedit.
2678 5188 2746 5226 ac
2788 5170 2934 5227 mss.
2968 5173 3207 5246 aliquot,
3247 5172 3404 5246 alter
3451 5170 3713 5246 ad_diem

2043 5242 2392 5319 repedavit;
2426 5245 2635 5319 reliqui
2684 5247 2876 5299 autem
2909 5242 3116 5314 partim
3147 5244 3354 5319 rediit,
3396 5242 3608 5312 partim
3646 5257 3714 5319 se

2043 5314 2291 5388 rere/iit,
2320 5318 2527 5391 partim
2550 5314 2724 5391 etiam
2754 5322 3031 5391 receptus
3062 5320 3193 5378 est;
3220 5314 3451 5391 _Tliuau.
3477 5328 3619 5366 vero
3656 5314 3715 5391 et

2041 5391 2137 5443 alii
2161 5385 2424 5442 nonnulli
2469 5388 2731 5441 melioris
2764 5385 2934 5445 notia.
2963 5385 3120 5439 alter
3158 5385 3232 5439 ad
3271 5385 3426 5438 diem
3463 5385 3709 5450 recepit.

2044 5461 2211 5515 Haud
2239 5460 2407 5527 male,
2434 5459 2486 5511 si
2509 5459 2579 5511 ad
2603 5458 2811 5511 vadem
2835 5457 3090 5522 referas;
3119 5456 3445 5528 idemenim
3463 5466 3712 5528 prorsus

2042 5533 2152 5586 erit
2173 5548 2242 5585 ac
2272 5531 2323 5584 si
2343 5525 2641 5603 legeretur
2665 5545 2676 5582 :
2700 5528 2856 5580 alter
2885 5526 3193 5598 spopondit
3215 5526 3466 5603 adflictu
3488 5525 3713 5575 consti-

2046 5609 2248 5667 tutum,
2292 5594 2727 5653 nisi'rediisset
2751 5594 3180 5667 I'eus,'merteni
3211 5594 3559 5667 subiturum.

2114 5661 2404 5743 (66)'Mss.
2453 5670 2695 5740 aliquot,
2732 5661 2968 5741 fugavit
2995 5666 3245 5741 populos
3275 5679 3405 5717 cum
3436 5661 3558 5717 lilio
3588 5675 3715 5719 suo.
