4128 6132
309 281 430 348 1'79

1781 268 1847 351 s.
1893 281 2335 351 AMBROSII.

3663 288 3781 355 180

315 499 443 540 eam
483 482 772 554 sequitur,
809 481 1118 538 utilitatem
1162 482 1405 540 invenit.
1440 485 1782 542 Iionestatis
1829 485 1986 542 enim
2022 472 2080 532 Α
2110 487 2404 558 publicam
2462 487 2770 544 honestate
2819 488 3056 561 propria
3113 488 3429 561 acquisivit
3477 489 3782 548 utilitatem

315 573 424 628 fuit
453 570 769 640 prohibere
791 585 865 625 ne
893 571 1148 642 populus
1181 572 1285 628 Dei
1318 589 1384 628 se
1422 575 1690 644 profanis
1726 575 1988 645 dederet,

315 675 389 716 ne
411 661 562 714 ritus
581 659 806 730 patrios
845 663 900 714 et
931 666 1300 716 sacramenta
1329 663 1641 733 proderet;
1673 679 1746 718 ne
1785 680 1993 718 sacras

315 747 604 820 virgines,
626 748 840 804 viduas
857 764 1095 822 graves,
1121 750 1368 820 pudicas
1393 755 1692 807 matronas
1722 752 1996 806 barbari-

315 853 401 892 cae
425 836 753 908 subjiceret
783 837 1099 908 impuritati
1127 853 1142 908 ;
1187 854 1260 894 ne
1291 839 1665 896 obsidionem
1696 841 1994 896 deditione

315 925 577 982 solveret
607 941 620 982 :
655 927 985 982 honestatis
1016 926 1124 982 fuit
1144 942 1212 982 se
1245 928 1418 984 malle
1450 945 1557 1000 pro
1590 930 1865 985 omnibus
1895 946 1994 1000 pe-

314 1013 581 1086 riclitari,
620 1017 682 1069 ut
723 1030 931 1070 omnes
977 1015 1260 1072 eximeret
1291 1017 1554 1088 periculo
1589 1018 1840 1088 (Judith.
1870 1035 1991 1092 vui,

389 1190 480 1246 85.
521 1189 747 1258 Quanta
792 1191 1121 1248 honestatis
1169 1195 1523 1264 auctoritas,
1569 1199 1632 1251 ut
1681 1195 1995 1251 consilium

323 1281 470 1347 129
513 1281 585 1336 de
649 1280 900 1335 summis
949 1281 1130 1337 rebus
1193 1283 1410 1339 femina
1474 1285 1590 1339 sibi
1649 1285 1993 1352 vindicaret,

319 1377 430 1418 nec
458 1359 828 1432 principibus
850 1361 1050 1432 populi
1072 1365 1460 1419 committeret
1475 1363 1588 1434 (6'1)
1609 1362 1621 1419 l
1646 1363 1869 1430 Quanta
1894 1364 1996 1418 ho-

321 1449 571 1506 nestatis
599 1449 940 1520 auctoritas,
979 1454 1042 1506 ut
1076 1451 1262 1506 Deum
1292 1451 1624 1524 adjutorem
1665 1469 1996 1524 praesume-

321 1541 446 1595 ret:
479 1539 694 1610 quanta
715 1538 926 1611 gratia,
960 1543 1021 1594 ut
1051 1539 1374 1597 inveniret!

937 1664 1188 1720 tlAPUT
1227 1665 1380 1721 XIV.

321 1769 536 1845 Eli_saei
564 1769 782 1845 factum
823 1787 989 1845 quain
1030 1771 1358 1845 honestum,
1382 1779 1555 1845 atque
1599 1774 1742 1828 utile
1789 1774 1994 1828 fixerit.
2030 1781 2080 1842 Β

394 1841 682 1914 Ejusdem
716 1913 719 1914 ν
752 1841 880 1897 cuin
949 1843 1262 1899 decantata
1322 1841 1661 1899 Grec—corum
1729 1846 1998 1900 lac-inore

397 1913 774 1988 comparatio.
801 1915 1083 1988 Joannem
1098 1931 1211 1986 pro
1232 1915 1542 1988 honestate
1569 1917 1745 1970 vitam
1767 1917 1996 1988 impen-

399 1984 565 2040 disse
595 2003 612 2038 :
633 2000 744 2040 nec
765 2001 879 2040 non
911 1984 1241 2040 Susannam
1266 1987 1470 2042 eadem
1501 2003 1674 2042 causa
1701 2003 1768 2043 se
1789 1984 2002 2042 mortis

395 2055 668 2128 periculo
698 2055 1014 2128 objeeisse.

398 2179 488 2235 86.
529 2178 678 2245 Quid
710 2195 851 2236 vero
903 2179 1159 2236 Elisaeus
1198 2181 1314 2237 nisi
1347 2182 1715 2238 honestatem
1759 2187 2002 2239 secutus

328 2270 440 2340 est,
506 2283 642 2324 cum
687 2269 1014 2325 exercitum
1071 2270 1278 2343 Syria},
1331 2271 1436 2343 qui
1481 2271 1554 2326 ad
1611 2271 2004 2328 obsidendum

329 2373 465 2413 eum
518 2361 778 2430 venerat,
823 2360 1120 2430 captivum
1168 2360 1496 2416 introduxit
1551 2360 1612 2416 in
1655 2361 2002 2432 Samariam,

330 2439 508 2518 cujus
547 2447 754 2502 oculos
785 2448 1048 2504 caecitate
1071 2449 1419 2519 obduxerat,
1449 2452 1506 2505 et
1525 2449 1674 2505 dixit
1695 2465 1709 2505 :
1734 2450 2004 2522 Domine,

331 2535 502 2608 aperi
517 2535 714 2592 oculos
735 2551 954 2603 eorum,
979 2543 1038 2591 ut
1069 2537 1326 2606 videant,
1353 2543 1412 2592 et
1436 2539 1715 2594 viderunt
1735 2539 1792 2610 (Ι
1804 2539 2006 2611 Vlieg.

329 2639 412 2693 vi,
445 2621 578 2694 t8)?
609 2624 809 2695 Itaque
841 2640 975 2680 cum
1003 2641 1112 2681 rex
1142 2626 1323 2682 Israel
1344 2630 1652 2697 percutere
1692 2627 2008 2700 ingressos

330 2711 548 2783 vellet,
600 2728 847 2784 eamque
903 2713 1018 2768 sibi
1067 2714 1193 2769 dari
1237 2731 1270 2769 a
1327 2715 1612 2786 prepheta
1674 2715 2009 2771 facultatem

331 2803 646 2874 posceret;
703 2800 1012 2872 respondit
1065 2818 1184 2858 non
1237 2803 1694 2875 percutiendos,
1759 2821 2010 2877 quorum

331 2889 730 2961 captivitatem
781 2907 900 2946 non
950 2895 1114 2946 esset
1157 2908 1332 2948 manu
1373 2897 1670 2964 operatus,
1709 2894 2010 2966 armisque

333 2977 590 3050 bellicis,
614 2979 724 3035 sed
741 2980 934 3052 magis
949 2980 1220 3036 subsidio
1251 2981 1659 3037 alimentorum
1685 2981 2004 3054 juvandos.

2107 575 2236 647 (69),
2272 581 2328 632 et
2370 577 2625 632 Elisaeus
2659 578 2962 650 gloriosus
3009 579 3254 652 ignovit,
3287 594 3464 651 quam
3496 581 3782 652 perculit;

2109 669 2167 720 et
2198 667 2400 722 utilius
2425 667 2755 722 reservavit
2784 668 2990 723 hostes
3021 685 3172 741 quos
3197 671 3452 740 ceperat.

2179 755 2268 810 89.
2309 755 2459 820 Quid
2505 759 2698 812 autem
2750 757 2910 812 aliud
2954 757 3216 812 Joannes
3256 757 3374 813 nisi
3414 757 3783 814 honestatem

2108 844 2546 899 consideravit?
2586 847 2649 900 ut
2678 844 3026 900 inhonestas
3065 846 3298 917 nuptias
3331 845 3504 900 etiam
3543 846 3604 900 in
3644 862 3787 919 rege

2105 948 2223 987 non
2269 937 2474 1004 posset
2521 934 2766 1004 perpeti,
2814 934 3020 990 dicens
3065 951 3078 991 :
3131 935 3265 990 Non
3300 934 3443 989 licet
3483 935 3597 990 tibi
3626 935 3787 990 illam

2107 1037 2348 1076 uxorem
2391 1020 2620 1076 habere
2651 1022 2759 1092 (70)
2793 1022 3008 1092 (Marc.
3055 1041 3133 1092 γι,
3171 1023 3279 1093 18).
3329 1023 3522 1080 Potuit
3569 1027 3784 1095 tacere,

2103 1109 2221 1164 nisi
2251 1109 2593 1165 indecorum
2624 1111 2739 1165 sibi
2766 1110 3102 1182 judicasset
3137 1112 3348 1166 mortis
3377 1114 3536 1166 metu
3579 1129 3786 1168 verum

2104 1215 2221 1253 non
2259 1199 2478 1267 dicere,
2512 1199 2799 1254 inclinare
2839 1200 2968 1273 regi
3014 1200 3422 1271 propheticam
3476 1202 3786 1256 auctorita-

2104 1287 2254 1355 tem,
2310 1287 2704 1342 adulationem
2753 1288 3073 1344 subtexere
3109 1289 3246 1355 (⁸71).
3303 1288 3538 1344 Sciebat
3583 1289 3785 1362 utique

2106 1377 2455 1432 moriturum
2508 1393 2574 1432 se
2619 1393 2778 1447 esse,
2830 1379 2968 1449 quia
3016 1378 3147 1448 regi
3187 1377 3648 1434 adversabatur:
3684 1379 3790 1435 sed

2107 1465 2476 1520 honestatem
2517 1465 2692 1520 saluti
2741 1465 3019 1536 praetulit.
3076 1465 3147 1520 Et
3177 1469 3372 1522 tamen
3401 1467 3542 1538 quid
3587 1467 3792 1523 utilius

2105 1570 2280 1626 quam
2313 1554 2470 1626 quod
2491 1554 2794 1625 passionis
2816 1555 2944 1610 viro
2977 1558 3186 1610 sancto
3216 1555 3454 1611 advexit
3493 1555 3744 1628 gloriam
3765 1559 3794 1612 ?

2183 1642 2272 1697 90.
2340 1642 2556 1698 Sancta
2610 1659 2844 1715 quoque
2901 1643 3172 1698 Susanna
3237 1643 3577 1700 denuntiato
3649 1645 3788 1700 falsi

2110 1731 2432 1786 testimonii
2463 1734 2708 1800 terrore,
2735 1748 2868 1788 cum
2891 1731 3030 1787 hinc
3053 1749 3118 1786 se
3147 1733 3376 1788 videret
3403 1734 3602 1806 urgeri
3642 1735 3784 1798 130

2113 1810 2398 1880 periculo,
2443 1811 2580 1866 inde
2643 1812 2998 1882 opprobrio,
3045 1811 3250 1867 maluit
3296 1812 3547 1868 honesta
3602 1818 3788 1870 morte

2113 1898 2298 1954 vitare
2347 1899 2764 1970 opprobrium,
2810 1916 2985 1970 quam
3043 1900 3240 1955 studio
3299 1900 3508 1956 salutis
3559 1903 3789 1973 turpem

2111 1987 2291 2042 vitam
2329 1987 2532 2044 subire
2581 2003 2652 2044 ac
2701 1989 3000 2044 sustinere
3043 1989 3216 2059 (Dan.
3261 2007 3386 2062 xm,
3429 1989 3540 2061 43).
3593 1991 3791 2062 Itaque

2113 2077 2254 2131 dum
2301 2076 2598 2132 honestati
2641 2077 2910 2142 intendit.
2962 2077 3137 2133 etiam
3175 2078 3356 2132 vitam
3402 2081 3735 2134 reservavit
3781 2095 3794 2134 ε

2111 2181 2244 2238 quae
2275 2165 2328 2220 si
2357 2166 2414 2220 id
2446 2166 2602 2238 quod
2634 2167 2750 2220 sibi
2783 2166 3107 2222 videbatur
3131 2167 3205 2222 ad
3239 2166 3420 2222 vitam
3447 2167 3588 2222 utile
3634 2184 3794 2238 prie-

2113 2254 2457 2325 optavisset,
2505 2270 2624 2310 non
2679 2257 2896 2310 tantam
2942 2258 3314 2326 reportasset
3345 2255 3594 2328 gloriam
3627 2273 3640 2311 :
3674 2257 3791 2312 imo

2113 2343 2288 2398 etiam
2319 2343 2377 2397 id
2407 2344 2560 2415 quod
2593 2358 2710 2398 non
2740 2343 2936 2399 solum
2968 2345 3198 2414 inutile,
3234 2344 3340 2399 sed
3362 2345 3535 2399 etiam
3557 2345 3794 2416 pericu-

2113 2431 2311 2487 losum
2343 2431 2516 2499 foret,
2561 2448 2796 2503 pmnam
2830 2432 3098 2488 criminis
3129 2433 3382 2488 forsitan
3417 2448 3536 2488 non
3567 2433 3793 2489 evasis-

2114 2523 2228 2576 set.
2261 2507 2640 2576 Advertimus
2664 2521 2847 2593 igitur
2875 2521 3012 2592 quia
3042 2521 3099 2575 id
3133 2522 3290 2593 quod
3322 2525 3492 2593 turpe
3530 2523 3641 2592 est,
3675 2537 3793 2577 non

2113 2608 2308 2680 possit
2342 2623 2481 2664 esse
2515 2609 2691 2680 utile;
2725 2625 2917 2682 neque
2958 2626 3170 2665 rursus
3201 2610 3258 2665 id
3290 2611 3449 2682 quod
3477 2611 3791 2666 honestum

2115 2701 2226 2766 est,
2260 2697 2500 2768 inutile;
2548 2699 2684 2770 quia
2726 2700 2997 2770 complex
3045 2700 3376 2756 honestatis
3423 2703 3515 2756 est
3555 2715 3793 2771 semper

2116 2786 2356 2857 utilitas,
2398 2789 2456 2842 et
2484 2786 2751 2843 utilitatis
2783 2787 3096 2844 honestas.

2749 2929 3002 2986 CAPUT
3040 2930 3170 2987 XV.

336 3067 604 3140 Denique
633 3051 976 3140 epularibus
1007 3069 1213 3126 refecti
1238 3071 1447 3141 copiis,
1484 3051 1779 3144 nunquam
1801 3075 2005 3144 postea

2125 3051 2763 3148 Relatq‘fiqmpnorqm
2810 3070 3105 3148 generoso
3134 3055 3399 3148 pensilia
3415 3097 3430 3126 ,
3450 3055 3793 3148 ‘maxini‘ain

335 3157 398 3213 in
427 3159 645 3214 terram
686 3157 872 3214 Israel
911 3158 1114 3231 pirata:
1163 3159 1350 3232 Syriae
1384 3161 1798 3216 revertendum
1844 3165 2011 3233 puta-

333 3248 492 3304 runt.

406 3333 497 3390 8'7.
537 3333 765 3401 Quanto
795 3335 910 3392 hoc
932 3335 1268 3406 sublimius,
1304 3353 1478 3409 quam
1499 3337 1643 3393 illud
1669 3338 2013 3394 Graecorum

338 3424 498 3496 quod
529 3441 664 3480 cum
691 3426 806 3482 duo
827 3426 1028 3498 populi
1057 3427 1376 3482 adversum
1409 3443 1476 3482 se
1508 3427 1578 3482 de
1602 3427 1793 3500 gloria
1824 3428 2014 3500 impe-

337 3512 546 3586 rioque
576 3513 944 3571 decertarent
971 3515 1110 3589 (68),
1143 3519 1201 3571 et
1230 3515 1378 3571 alter
1407 3532 1482 3572 ex
1511 3515 1606 3570 his
1639 3516 1884 3572 haberet
1915 3533 2014 3574 co-

337 3601 495 3676 piam
523 3605 1014 3677 quemadmodum
1037 3621 1221 3661 naves
1248 3605 1492 3660 alterius
1513 3605 1712 3676 populi
1744 3606 2012 3663 clanculo

339 3696 634 3764 exureret,
676 3697 846 3766 turpe
895 3695 1143 3750 credidit
1177 3710 1189 3750 :
1231 3695 1549 3767 maluitque
1596 3695 1790 3750 minus
1829 3711 2012 3768 posse

339 3781 610 3853 honeste,
652 3799 829 3855 quam
863 3784 1000 3856 plus
1047 3783 1314 3854 turpiter.
1349 3782 1422 3838 Et
1467 3784 1566 3838 isti
1602 3783 1840 3856 quidem
1881 3785 2012 3840 sine

338 3870 562 3944 ﬂagitio
593 3871 708 3928 hoc
747 3872 946 3928 facere
994 3873 1334 3945 nequibant,
1377 3875 1439 3928 ut
1469 3887 1574 3928 eos
1605 3872 1704 3946 qui
1737 3889 2014 3929 consum-

337 3959 538 4016 mandi
565 3959 706 4017 belli
757 3960 980 4017 Persici
1009 3961 1198 4034 gratia
1249 3961 1304 4016 in
1337 3961 1681 4016 societatem
1722 3977 2014 4016 convenre

337 4051 490 4121 rant,
539 4049 652 4105 hac
681 4049 888 4107 fraude
937 4051 1311 4122 deciperent;
1356 4066 1533 4124 quam
1579 4050 1718 4106 licet
1764 4055 2014 4122 possent

337 4153 590 4210 negare,
623 4154 744 4195 non
773 4143 1253 4212 possentJamen
1299 4156 1418 4194 non
1456 4139 1812 4221 erubescere
1847 4155 1858 4194 :
1895 4139 2012 4194 Eli-

338 4242 502 4282 saeus
530 4230 727 4285 autem
755 4244 874 4284 non
911 4229 1136 4300 fraude,
1172 4229 1452 4300 deceptos
1485 4229 1640 4298 licet,
1677 4228 1784 4282 sed
1814 4233 2012 4300 potes-

2195 3123 2386 3250 Suis/sc
2434 3124 2636 3249 lltloysi
2677 3123 3012 3182 honestatis
3057 3142 3274 3194 curam,
3329 3123 3423 3182 ex
3442 3127 3571 3200 ejus
3613 3126 3795 3182 factis

2240 3211 2306 3250 ec
2332 3211 2436 3250 ara
2471 3212 2560 3250 ur.

2240 3211 2560 3252 eelaratur.

2191 3337 2281 3393 91.
2315 3337 2695 3394 Memorabile
2734 3338 2932 3395 ferunt
2979 3339 3272 3411 rhetores,
3307 3341 3466 3414 quod
3515 3341 3636 3397 dux
3667 3341 3792 3397 Bo-

2121 3442 2429 3482 manorum
2464 3443 2598 3482 cum
2645 3429 2718 3483 ad
2760 3444 2892 3484 eum
2937 3429 3266 3484 adversarii
3311 3430 3474 3504 regis
3523 3430 3792 3486 medicus

2119 3515 2386 3571 venisset
2415 3515 2550 3586 ('72),
2581 3516 2871 3588 pollicens
2903 3517 3174 3574 daturum
3205 3535 3272 3574 se
3311 3520 3443 3592 regi
3472 3535 3791 3587 venenum,

2119 3605 2380 3660 vinclum
2409 3621 2544 3660 eum
2573 3606 2648 3660 ad
2686 3605 2919 3661 hostem
2950 3607 3266 3663 remiserit.
3299 3607 3370 3662 Et
3397 3623 3607 3663 revera
3637 3625 3792 3679 prae-

2119 3693 2370 3764 clarum,
2417 3697 2478 3749 ut
2516 3695 2617 3766 qui
2647 3695 2882 3750 virtutis
2915 3699 3210 3752 certamen
3242 3701 3592 3768 susceperat
3612 3697 3794 3752 nollet

2122 3782 2328 3836 fraude
2357 3783 2616 3839 vincere.
2669 3783 2803 3838 Non
2841 3783 2995 3838 enim
3033 3784 3094 3838 in
3136 3785 3382 3842 victoria
3423 3785 3795 3840 honestatem

2121 3871 2398 3942 ponebat,
2432 3872 2538 3926 sed
2579 3871 2789 3943 ipsam,
2834 3871 2954 3928 nisi
2986 3873 3294 3928 honestate
3327 3873 3638 3946 quaesitam
3667 3873 3795 3928 vic-

2121 3961 2330 4016 toriam
2363 3964 2591 4032 turpem
2621 3960 3035 4032 pronuntiabat
3056 3960 3189 4032 (’73).
3211 3971 3230 3986 '

2188 4047 2280 4104 92.
2325 4049 2658 4105 Redeamus
2713 4049 2786 4104 ad
2834 4053 3104 4106 nostrum
3162 4051 3428 4131 Moysen,
3479 4053 3654 4124 atque
3721 4051 3795 4107 ad

2122 4137 2433 4208 superiora
2493 4141 2894 4209 revertamur;
2953 4143 3015 4194 ut
3073 4145 3291 4212 quanto
3347 4141 3798 4212 praestantiorat

2121 4230 2280 4282 tanto
2322 4226 2652 4298 antiquiora
2691 4243 3052 4298 premamus.
3095 4229 3347 4284 Nolebat
3394 4229 3642 4303 IEgypti
3689 4244 3797 4284 rex

333 4317 452 4372 tate
484 4316 716 4374 Domini
743 4333 1092 4390 percussos,
1116 4317 1319 4373 maluit
1345 4321 1540 4374 tamen
1569 4331 1812 4372 servare
1835 4333 2009 4390 quam
2038 4353 2090 4416 D
2121 4315 2400 4388 populum
2431 4315 2720 4416 dimittere
2753 4320 3000 4387 patrum.
3035 4317 3194 4373 Dixit
3224 4319 3466 4390 Moyses
3499 4317 3798 4374 sacerdoti

334 4405 585 4478 perdere
611 4422 626 4480 ;
659 4407 797 4480 quia
829 4408 1109 4464 decorum
1145 4407 1298 4463 foret
1327 4407 1486 4464 hosti
1515 4421 1780 4477 parcere,
1817 4409 1874 4462 et
1901 4407 2009 4462 ad-

337 4497 606 4554 versario
635 4497 858 4554 donare
886 4498 1086 4567 vitam,
1107 4512 1284 4569 quam
1311 4494 1604 4568 potuisset
1635 4495 1871 4551 auferre
1893 4497 2012 4552 nisi

335 4586 728 4656 pepercisset.
1116 4590 1122 4596 ”

407 4672 498 4728 88.
531 4675 744 4748 Liquet
772 4675 954 4749 igitur
992 4675 1052 4731 id
1098 4675 1257 4748 quod
1295 4675 1578 4730 decorum
1612 4677 1724 4744 est,
1775 4690 2014 4746 semper

338 4775 478 4817 esse
499 4763 659 4820 utile.
692 4764 844 4819 Nam
873 4768 931 4821 et
959 4765 1162 4822 Iudith
1193 4767 1398 4820 sancta
1427 4764 1645 4821 decoro
1675 4767 2012 4835 contemptu

336 4851 594 4924 propriae
659 4851 872 4909 salutis
933 4854 1111 4910 solvit
1158 4853 1489 4910 obsidionis
1536 4852 1902 4926 periculum,
1939 4855 2013 4920 let

408 4993 524 5067 (67)
561 4995 674 5052 Ms.
697 4994 951 5067 Thuan.,
985 5013 1094 5054 nec
1131 5013 1164 5054 a
1187 4996 1566 5072 principibus
1601 4995 1802 5070 populi
1839 4994 2010 5068 adju-

340 5073 529 5124 torem
556 5076 969 5138 praesumeret.

411 5138 526 5210 (68)
555 5137 685 5212 pic.
723 5137 896 5194 Ofll'c.
936 5139 1038 5212 lib.
1066 5159 1150 5212 ιιι,
1181 5157 1317 5212 pag.
1338 5140 1475 5212 #394,
1500 5138 1752 5212 Διίιηείίσῖ·
1789 5137 2011 5212 «ΑΤὶιθ-

337 5209 668 5284 [ῐιίειερίειεξιεΔ
700 5213 838 5280 post
889 5209 1200 5284 victoriam
1246 5209 1427 5284 Hujus
1461 5209 1468 5211 ἡ
1498 5210 1667 5284 belli_
1681 5209 1838 5284 quod
1871 5225 2010 5284 cum

339 5281 544 5337 Persis
587 5280 714 5352 fuit,
752 5301 774 5330 ι
810 5285 921 5338 etc.
955 5283 1115 5339 Idem
1145 5280 1400 5356 legimus
1431 5281 1584 5352 apud
1632 5280 2009 5354 Plutarchum

339 5353 400 5407 in
428 5352 710 5407 Aristide.
1167 5365 1169 5368 ‘

343 5353 400 5408 in
428 5352 710 5408 Aristide.
1167 5365 1169 5368 ‘

337 5357 400 5408 in
428 5357 710 5408 Aristide.
1167 5365 1169 5368 ‘

407 5424 525 5506 (69)
557 5423 704 5479 Mss.
722 5423 986 5509 aliquot,
1005 5432 1073 5509 et
1107 5423 1401 5509 publicani
1441 5424 1830 5509 honestatem,
1862 5439 2006 5509 pro.-

330 5493 529 5575 ι)νὶαῴ
561 5493 879 5575 acquisivit
903 5493 1255 5575 utilitatem;
1287 5496 1398 5575 alii.
1413 5494 1700 5575 nonnulli,
1722 5499 1792 5575 et
1815 5493 2008 5575 pybli-

339 5563 466 5621 eam
493 5563 863 5641 honestatem
891 5569 1135 5641 propria
1169 5567 1487 5640 acquisivit
1512 5563 1787 5635 nti/itam.
1816 5563 2006 5636 Magis

341 5641 490 5694 scite
517 5637 730 5716 reliqui
757 5655 827 5696 ac
857 5637 1015 5702 edit}
1029 5643 1090 5696 ut
1119 5640 1178 5694 in
1208 5637 1391 5700 textu.

2125 4407 2344 4475 Aaron,
2392 4408 2456 4460 ut
2499 4405 2840 4461 extenderet
2888 4407 3116 4480 virgam
3166 4423 3336 4462 suam
3365 4423 3548 4478 super
3587 4423 3794 4462 omnes

2125 4510 2311 4566 aquas
2361 4493 2628 4567 Egypti.
2676 4493 2952 4550 Extendit
3005 4497 3225 4566 Aaron,
3278 4501 3335 4552 et
3383 4511 3674 4552 conversa
3704 4499 3798 4552 est
3841 4529 3852 4538 ρ

2119 4599 2272 4655 aqua
2295 4583 2554 4639 ﬂuminis
2587 4583 2646 4636 in
2667 4583 3020 4655 sanguinem
3042 4583 3258 4654 (Exod.
3283 4600 3382 4655 vn,
3403 4585 3514 4656 20),
3534 4587 3592 4640 et
3621 4600 3795 4642 nemo

2120 4676 2347 4744 poterat
2393 4671 2596 4726 bibere
2631 4687 2866 4744 aquam,
2900 4688 3226 4745 omnesque
3277 4673 3525 4746 lEgypti
3557 4673 3652 4728 siti
3687 4690 3796 4745 pe-

2120 4761 2315 4816 ribant
2359 4776 2372 4816 :
2427 4760 2660 4814 sincera
2706 4763 2903 4816 autem
2952 4761 3167 4816 ﬂuenta
3211 4763 3478 4832 patribus
3527 4761 3798 4818 abunda-

2119 4849 2279 4906 bant.
2319 4849 2697 4905 Jactaverunt
2731 4848 2990 4904 favillam
3019 4849 3079 4904 in
3120 4851 3354 4920 coelum,
3389 4854 3446 4907 et
3477 4850 3627 4906 facta
3658 4856 3800 4907 sunt

2191 4994 2305 5064 ('70)
2339 4994 2508 5050 Rom.
2543 4991 2704 5060 edit.,
2751 4990 2883 5048 Non
2934 4990 3076 5046 licet
3119 4992 3233 5048 tibi
3281 4992 3510 5050 habere
3552 5009 3796 5050 uxorem

2119 5063 2339 5120 fratris
2371 5065 2474 5119 tui.

2147 5065 2339 5120 'ratris
2371 5065 2474 5119 tui.

2191 5137 2304 5207 (7t)
2348 5136 2427 5208 Ita
2451 5150 2598 5208 mss.
2632 5133 3114 5208 longeplurimi;
3147 5135 3244 5208 alii
3267 5138 3462 5208 autem
3491 5135 3716 5208 aliquot
3739 5139 3797 5190 et

2121 5204 2328 5264 omnes
2359 5207 2520 5274 edit.,
2541 5204 2826 5277 inclinari
2843 5204 3008 5277 regi,
3026 5207 3435 5277 prophetia-ain
3466 5204 3797 5262 auctorita-

2123 5277 2607 5352 telnndnlatione
2635 5276 2983 5352 subtexere.
3039 5276 3042 5277 ⁷
3118 5276 3212 5352 ζμ
3261 5347 3298 5352 __

2190 5349 2304 5422 (72)
2331 5349 2462 5422 ilic.
2491 5348 2596 5422 lib.
2631 5365 2693 5402 ιιι
2728 5347 2920 5416 Ol‘lic.,
2953 5363 3088 5422 pag.
3113 5347 3238 5416 399,
3261 5347 3369 5422 lin_.
3398 5347 3796 5422 421:7:{Q‘uan-

2119 5419 2293 5500 quam
2326 5420 2382 5475 id
2405 5420 2640 5500 quidem
2659 5435 2791 5500 eum
2808 5434 2975 5500 saepe
2992 5419 3316 5500 alias,‘tum_
3335 5419 3543 5500 Pyrrhi
3567 5420 3792 5500 bello“,

2120 5489 2369 5574 perfuga
2399 5489 2473 5547 ab
2507 5507 2579 5573 eo
2617 5489 2775 5571 venit
2805 5489 2864 5544 in
2894 5494 3090 5574 castra
3146 5489 3439 5560 Fabricii,
3481 5491 3654 5564 eique
3702 5494 3798 5546 est

2119 5561 2438 5635 pollicitus,
2468 5561 2522 5616 si
2543 5561 2870 5635 praemium,
2900 5583 2921 5608 »
2957 5564 3071 5616 etc.

2191 5634 2305 5707 (73)
2329 5633 2472 5692 Mss.
2506 5631 2746 5711 aliquot.
2783 5638 3012 5712 turpem
3044 5631 3452 5694 renuntiabat.
