4128 6132
312 403 416 472 181’
1188 399 1298 464 DE
1343 398 1699 464 OFFICIIS
1741 395 2354 462 MINISTRORUM
2399 397 2656 460 LIBER
2695 397 2805 460 III.

3613 384 3732 460 182
3756 358 3777 400 ⁵

310 608 507 676 ulcera,
541 610 595 661 ct
625 603 842 660 vesicae
893 603 1214 660 candentes
1261 603 1320 658 in
1352 602 1694 658 hominibus
1743 601 1856 675 (Ἠ)
1889 605 1944 656 et
1975 581 2024 644 Α
2057 598 2294 668 populo,
2326 598 2532 652 dicens
2556 599 2616 652 ut
2645 597 2964 653 remitteret
2995 597 3208 670 populo
3229 597 3408 668 Deus,
3435 598 3534 652 aut
3567 597 3726 652 certe

307 694 755 768 quadrupedibus
787 693 1004 763 (Exod.
1040 710 1134 759 ιχ,
1178 692 1280 759 10).
1326 691 1710 746 Deduxerunt
1757 705 1945 762 gran-

307 787 476 839 dinem
519 785 574 838 in
606 785 740 855 igne
774 784 1064 852 ﬂammeo,
1116 781 1364 836 contrita
1397 783 1562 835 erant
1605 795 1785 850 super
1822 783 1942 833 ter-

307 891 412 928 ram
443 874 625 927 omnia
659 872 838 941 (Ibid.
866 872 976 936 “24).
1003 871 1254 942 Rogavit
1285 871 1543 940 Moyses,
1577 872 1633 924 et
1664 868 1943 923 universa

304 963 351 1016 iu
383 979 537 1017 suam
576 961 824 1032 gratiam
856 962 1224 1014 reverterunt
1260 975 1270 1011 :
1308 959 1534 1028 grando
1585 958 1786 1012 sedata
1828 959 1940 1022 est,

301 1056 475 1106 sanata
526 1051 720 1104 ulcera
749 1092 762 1118 ,
815 1049 1030 1102 solitos
1083 1051 1258 1118 polus
1295 1047 1533 1101 ﬂumina
1565 1045 1946 1116 praebuerunt

301 1141 453 1208 (Ibid.
486 1139 598 1206 33).

355 1247 432 1300 93.
457 1247 665 1299 lterum
685 1244 1080 1316 caligantibus
1112 1243 1375 1298 tenebris
1398 1245 1602 1313 operta
1626 1244 1757 1298 erat
1787 1244 1944 1296 terra

298 1351 386 1404 per
412 1335 681 1400 triduum,
715 1350 790 1388 ex
819 1350 934 1404 quo
972 1334 1212 1404 Moyses
1251 1347 1483 1386 manum
1513 1332 1841 1400 levaverat,
1877 1333 1944 1384 et

297 1423 546 1477 tenebras
579 1423 872 1476 infuderat
895 1423 1110 1488 (Exod.
1151 1439 1208 1488 x,
1235 1422 1344 1490 2:2).
1371 1421 1733 1474 Moriebatur
1762 1435 1942 1474 omne

296 1513 724 1583 primogenitum
777 1511 1020 1582 .-Egypti
1070 1510 1286 1582 (Exod.
1323 1527 1423 1577 xu,
1471 1507 1582 1573 ‘29),
1636 1526 1768 1563 cum
1822 1509 1942 1562 Hc-

295 1601 563 1655 lnrmorum
598 1602 794 1655 omnis
827 1605 990 1654 esset
1020 1599 1309 1654 inoffensa
1341 1599 1680 1670 progenies.
1735 1600 1938 1670 Roga-

297 1694 376 1742 tus
403 1691 509 1758 (75)
545 1691 807 1758 Moyses,
843 1693 901 1742 ut
933 1688 1026 1742 his
1055 1703 1289 1758 quoque
1322 1688 1496 1741 tinem
1527 1686 1724 1741 exitiis
1755 1686 1940 1765 daret,

295 1779 460 1832 oravit
490 1782 543 1832 et
576 1778 929 1848 impetravit.
979 1778 1039 1830 In
1083 1777 1183 1830 illo
1217 1775 1675 1846 praedicandum,
1723 1775 1880 1846 quod
1911 1791 1944 1829 a

293 1867 495 1920 fraudis
547 1867 854 1920 consortio
904 1865 1319 1936 temperaverit
1361 1881 1372 1919 :
1407 1865 1466 1917 in
1515 1864 1628 1918 hoc
1676 1863 1944 1918 mirabile

291 1956 542 2026 quoniam
574 1955 862 2008 divinitus
913 1955 1193 2008 intentata
1240 1953 1532 2023 supplicia
1563 1953 1775 2008 virtute
1805 1969 1944 2024 pro-

289 2045 392 2112 pria
423 2045 591 2097 etiam
627 2044 701 2097 ab
736 2044 906 2097 hoste
938 2043 1276 2107 deterserit,
1311 2057 1450 2096 vere
1482 2041 1744 2111 nimium,
1789 2041 1944 2096 sicut

288 2133 547 2202 scriptum
579 2136 695 2199 est,
747 2135 1090 2186 mansuetus
1146 2135 1201 2185 et
1251 2131 1410 2185 mitis
1461 2130 1660 2199 (Num.
1709 2148 1812 2200 xu,
1864 2132 1941 2192 3).

287 2221 495 2275 Sciebat
543 2221 705 2292 quod
738 2221 914 2274 [idem
968 2237 1072 2274 rex
1115 2237 1230 2274 non
1283 2223 1553 2274 servaret
1584 2219 1940 2290 promissis;

287 2314 454 2362 tamen
487 2311 804 2364 honestum
841 2310 1074 2380 putabat
1108 2313 1166 2363 ut
1199 2311 1444 2380 rogatus
1477 2311 1702 2375 oraret,
1756 2309 1942 2363 laesus

287 2397 667 2464 benedicerct,
700 2399 994 2468 appetitus
1027 2399 1371 2453 remitteret.

344 2505 422 2558 9t.
459 2504 721 2575 Projecit
752 2505 1004 2576 virgam,
1036 2507 1094 2558 et
1126 2520 1376 2574 serpens
1429 2505 1622 2559 factus
1670 2507 1790 2574 est,
1844 2504 1945 2576 qui

287 2592 568 2647 devoravit
604 2595 916 2662 serpentes
951 2593 1388 2665 /Egyptiorum.
1421 2593 1639 2662 (Exod.
1689 2611 1790 2663 vn,
1845 2593 1940 2661 10,

289 2681 404 2736 12):
449 2681 806 2754 signiﬁcans
857 2682 1015 2752 quod
1069 2682 1328 2736 Verbum
1377 2698 1514 2736 caro
1560 2682 1764 2750 fleret,
1811 2671 1944 2753 quae

288 2772 560 2840 serpentis
610 2771 722 2824 diri
755 2785 980 2824 venena
1017 2771 1149 2833 131
1191 2774 1468 2824 vacuaret
1498 2787 1604 2842 per
1633 2771 1944 2826 remissio-

288 2875 401 2912 nem
431 2863 484 2912 et
525 2859 958 2930 indulgentiam
1011 2863 1406 2928 peccatorum.
1444 2860 1620 2930 Virga
1668 2862 1761 2914 est
1789 2861 1943 2914 enim

286 2947 521 3002 Verbum
555 2947 876 3014 directum,
917 2948 1137 3019 regale,
1172 2949 1410 3019 plenum
1441 2949 1769 3018 potestatis,
1794 2949 1944 3003 insi-

294 3051 392 3106 gae
420 3037 678 3108 imperii.
714 3037 895 3108 Virga
924 3053 1175 3107 serpens
1209 3037 1359 3091 facta
1390 3042 1501 3104 est,
1537 3038 1813 3108 quoniam
1842 3037 1944 3109 qui

287 3128 392 3178 erat
419 3125 613 3180 Filius
645 3125 748 3180 Dei
783 3141 857 3179 ex
891 3125 1010 3179 Deo
1037 3127 1203 3180 Patre
1239 3129 1431 3195 natus,
1464 3125 1650 3180 Filius
1683 3126 1944 3181 hominis

291 3211 462 3267 factus
490 3218 588 3268 est
612 3257 626 3281 ,
661 3217 833 3268 natus
881 3229 956 3267 ex
1004 3214 1245 3285 Virgine
1281 3231 1292 3268 :
1327 3215 1426 3286 qui
1475 3215 1649 3286 quasi
1689 3231 1942 3286 serpens

2057 687 2128 742 de
2159 687 2312 742 libro
2341 687 2663 742 viventium
2692 703 2758 741 se
2792 687 3032 742 deleret.

2665 829 2918 883 CAPUT
2958 828 3108 882 XVI.

2055 979 2276 1036 Paucis
2303 981 2378 1036 de
2419 981 2594 1036 Tobia
2618 981 2876 1051 injectis,
2909 979 3228 1050 Itagiielem
3253 981 3564 1034 honestate
3587 979 3722 1051 phi-

2365 1053 2626 1124 Ιο.ςορ1ιί.ς
2656 1051 3076 1108 antecelluisse
3109 1051 3434 1106 evincitur.

2127 1197 2214 1252 96.
2257 1197 2440 1251 Tobis
2485 1212 2719 1268 quoque
2759 1181 3350 1266 formam‘expressit
3393 1193 3724 1250 honestatis

2057 1287 2409 1354 evidentius,
2447 1303 2577 1340 cum
2605 1285 2810 1340 relicto
2833 1285 3107 1340 convivio
3135 1288 3400 1340 mortuos
3419 1283 3722 1355 sepeliret,

2057 1379 2113 1430 et
2141 1375 2214 1429 ad
2255 1376 2422 1429 cibos
2454 1374 2731 1444 pauperis
2763 1390 2986 1430 mensae
3017 1375 3290 1428 invitaret
3321 1374 3530 1444 inopes
3580 1371 3724 1441 (T0-

2055 1465 2173 1519 bize
2203 1482 2262 1533 ιι,
2297 1465 2429 1528 2-4).
2465 1464 2692 1536 Raguel
2724 1463 3040 1534 praecipue,
3085 1464 3183 1534 qui
3233 1463 3724 1534 contemplatione

2055 1553 2407 1618 honestatis,
2441 1570 2572 1606 cum
2605 1557 2918 1624 rogaretur
2949 1556 3007 1606 ut
3032 1553 3210 1606 tiliam
3241 1570 3410 1608 suam
3443 1554 3502 1608 in
3524 1553 3727 1626 conju-

2058 1643 2220 1714 gium
2251 1643 2440 1710 daret,
2471 1641 2608 1694 vitia
2633 1657 2868 1712 quoque
2901 1641 3036 1696 filim
3067 1657 3185 1697 non
3205 1643 3476 1713 tacebat;
3510 1659 3582 1698 ne
3610 1644 3724 1698 cir-

2058 1730 2396 1786 cumvenire
2463 1731 2770 1800 petitorem
2826 1730 3128 1786 videretur
3183 1733 3452 1787 tacendo.
3522 1733 3723 1805 Itaque

2059 1836 2192 1874 cum
2240 1819 2422 1874 Tobis
2471 1819 2629 1873 {ilius
2668 1819 2850 1874 Tobis
2894 1823 3169 1890 posceret
3214 1824 3276 1875 ut
3324 1821 3442 1876 sibi
3483 1821 3724 1876 daretur

2056 1909 2288 1979 puella,
2340 1909 2644 1979 respondit
2691 1907 2825 1980 lege
2886 1909 3122 1980 quidem
3182 1911 3298 1982 ipsi
3343 1926 3470 1965 eam
3519 1911 3720 1966 deberi

2059 2001 2332 2070 tanquam
2362 1998 2692 2068 pr0pinquo
2717 2037 2729 2060 ,
2767 1998 2871 2052 sed
2903 1999 3144 2054 dedisse
3176 2015 3242 2054 se
3273 2015 3399 2054 eam
3436 1999 3560 2071 jam
3610 2016 3722 2056 sex

2055 2087 2225 2156 viris,
2277 2090 2334 2140 et
2381 2102 2586 2140 omnes
2637 2101 2742 2140 eos
2788 2103 2926 2142 esse
2958 2091 3222 2143 mortuos
3270 2088 3452 2157 (Tob,
3486 2106 3588 2160 vn,
3624 2089 3721 2158 10,

2059 2175 2167 2244 tl).
2203 2175 2410 2230 Justus
2442 2175 2636 2246 itaque
2666 2175 2758 2228 vir
2785 2175 2920 2245 plus
2949 2175 3160 2230 alienis
3189 2177 3448 2248 timebat,
3496 2181 3553 2233 et
3596 2195 3724 2232 ma-
3822 2223 3832 2235 .

2055 2264 2214 2318 lebat
2245 2265 2544 2334 innuptam
2577 2264 2691 2317 sibi
2735 2279 2973 2318 manere
3015 2265 3212 2334 tiliam,
3265 2281 3439 2338 quam
3483 2270 3726 2338 propter

2057 2354 2291 2422 nuptias
2323 2351 2458 2424 ejus
2489 2357 2804 2407 extraneos
2836 2353 3176 2422 pericli-tari.

2126 2442 2214 2496 9'7.
2266 2441 2450 2507 Quam
2492 2442 2764 2496 breviter'
2795 2442 3050 2496 absolvit
3105 2458 3312 2498 omnes
3357 2445 3724 2516 quaestiones

2056 2529 2568 2602 philosophorum.
2630 2530 2714 2584 llli
2772 2530 2845 2585 de
2901 2531 3062 2585 vitiis
3121 2533 3368 2587 tractant
3415 2533 3724 2589 domorum

2057 2619 2190 2688 (76),
2224 2619 2476 2690 tegenda
2520 2636 2593 2673 an
2625 2619 2924 2689 prodenda
2968 2636 2998 2673 a
3031 2621 3336 2676 venditare
3367 2621 3677 2678 videantur
3708 2639 3721 2678 :

2058 2712 2264 2762 noster
2295 2709 2407 2762 iste
2441 2724 2551 2763 nec
2599 2708 2736 2763 tiliae
2779 2709 2918 2763 vitia
2969 2709 3212 2764 celanda
3243 2709 3561 2766 arbitratus
3610 2715 3722 2766 est.

2059 2797 2129 2850 Et
2175 2801 2332 2852 certe
2364 2813 2481 2852 non
2513 2798 2641 2868 ipse
2673 2795 2982 2852 affectabat
3031 2800 3092 2852 ut
3121 2814 3248 2852 eam
3277 2799 3530 2855 traderet
3556 2841 3570 2869 ,
3618 2800 3726 2856 sed

2059 2886 2397 2957 rogabatur.
2432 2886 2659 2951 Quanto
2691 2887 2889 2958 utique
2939 2887 3050 2941 iste
3101 2887 3410 2943 honestior
3458 2887 3536 2942 sit
3581 2889 3722 2960 illis,

2059 2975 2326 3029 dubitare
2360 2991 2473 3029 non
2507 2991 2852 3044 possumus,
2878 2975 2928 3030 si
2954 2975 3330 3032 conferamus
3348 2980 3565 3049 quanto
3582 2994 3728 3049 prae-

2059 3064 2309 3119 stantior
2339 3064 2415 3118 sit
2460 3064 2597 3119 Illita
2627 3080 2827 3134 causa,
2879 3081 3054 3136 quam
3101 3067 3184 3121 rei
3217 3065 3444 3122 venalis
3475 3067 3724 3138 pecunia

2573 3191 2605 3252 1
2619 3189 2716 3254 32
2745 3187 2997 3245 CAPUT
3035 3191 3212 3248 XVII.

288 3303 559 3357 exaltatus
617 3303 674 3357 in
709 3318 905 3370 cruce,
938 3303 1286 3357 medicinam
1335 3303 1686 3358 vulneribus
1735 3303 1943 3359 infudit

2066 3321 2884 3406 Quantonlionestatisstudio
2915 3324 3143 3406 antiqui
3177 3331 3389 3406 patres
3431 3325 3723 3406 in_eapti-

287 3388 561 3446 humanis.
607 3391 772 3446 Unde
803 3395 861 3445 et
907 3391 1036 3461 ipse
1069 3392 1358 3447 Dominus
1389 3393 1469 3446 ait
1499 3392 1670 3448 Sicut
1697 3393 1944 3465 Moyses

287 3480 464 3534 exulta
479 3482 560 3535 rit
585 3487 929 3550 serpentem
951 3481 1012 3534 in
1035 3481 1300 3550 deserto,
1325 3482 1409 3536 ita
1433 3481 1694 3537 exaltari
1713 3487 1944 3554 oportet

290 3567 484 3623 Filium
515 3569 778 3624 hominis
809 3569 997 3636 (Joan.
1025 3587 1105 3639 ιιι,
1139 3570 1253 3637 Μ).

343 3674 422 3730 95.
459 3676 728 3747 Denique
760 3681 816 3730 et
847 3675 1094 3730 alterum
1126 3677 1368 3748 signum
1399 3677 1472 3732 ad
1505 3677 1816 3734 Dominum
1849 3678 1944 3732 Je-

287 3777 399 3817 eurn
427 3765 710 3836 pertinet,
761 3765 915 3835 quod
967 3765 1102 3819 fecit
1133 3767 1374 3836 Moyses
1429 3783 1440 3823 :
1495 3768 1732 3823 Manum
1779 3783 1942 3822 suam

289 3853 431 3907 misit
463 3855 524 3908 in
545 3854 774 3922 sinum,
802 3859 860 3906 et
879 3854 1128 3925 protulit
1162 3871 1309 3924 eam,
1336 3861 1394 3909 et
1429 3855 1586 3910 facta
1618 3861 1709 3910 est
1738 3871 1944 3910 manus

289 3943 398 4010 ejus
427 3945 584 3997 sicut
612 3944 733 3997 nix.
759 3942 978 3996 Iterum
997 3944 1185 4007 misit,
1212 3949 1270 3996 et
1287 3945 1536 4014 protuli!
1562 3960 1708 4016 eam,
1730 3951 1789 4000 et
1811 3951 1942 4000 erat

289 4030 422 4084 sicut
465 4032 676 4086 carnis
721 4032 989 4086 luunanm
1037 4033 1271 4104 species
1319 4033 1533 4101 (Exod.
1582 4050 1676 4099 IV,
1727 4032 1798 4103 6,
1844 4035 1942 4104 '7);

289 4119 626 4189 signiﬁcans
661 4121 892 4174 Domini
941 4121 1086 4175 Jesu
1115 4122 1369 4191 primum
1401 4122 1696 4194 fulgorem
1728 4123 1945 4176 Divini-

295 4208 432 4277 tatis,
465 4213 674 4279 postea
701 4211 1144 4280 susceptionem
1177 4211 1372 4265 carnis
1395 4253 1408 4278 ,
1441 4213 1498 4266 in
1532 4228 1645 4284 qua
1680 4211 1792 4266 ﬁde
1823 4227 1947 4265 cre-

289 4293 410 4350 dere
441 4313 652 4352 omnes
703 4302 911 4370 gentes
945 4299 1316 4370 populosque
1365 4305 1678 4372 oporteret.
1733 4301 1938 4354 Mérito

293 4398 502 4440 manum
537 4387 720 4451 misit,
774 4387 909 4458 quia
957 4388 1200 4442 dextera
1250 4389 1354 4442 Dei
1401 4390 1676 4444 Christus
1723 4393 1832 4460 est,
1879 4390 1940 4444 in

293 4473 449 4542 cujus
478 4475 784 4530 divinitate
824 4479 879 4530 et
911 4477 1314 4531 incarnatione
1346 4478 1400 4531 si
1430 4479 1564 4550 quis
1595 4495 1714 4535 non
1743 4479 1938 4534 credi-

291 4558 454 4630 derit,
503 4565 677 4634 quasi
729 4565 1021 4634 reprobus
1067 4556 1440 4637 flagellatur:
1477 4569 1630 4622 sicut
1677 4569 1790 4624 iste
1834 4585 1941 4624 rex

2172 3395 2412 3447 vitalem
2443 3393 2690 3464 abituri,
2725 3409 2958 3450 sacrum
2994 3393 3192 3468 ignem
3221 3393 3611 3452 occuluerint.

2127 3518 2215 3570 98.
2249 3516 2709 3573 Consideremus
2740 3517 2896 3573 aliud
2929 3520 3106 3591 quod,
3157 3520 3216 3575 in
3248 3521 3580 3593 captivitate
3611 3537 3719 3596 ge-

2057 3607 2233 3674 stum,
2269 3622 2564 3661 summum
2595 3607 2779 3662 tenuit
2809 3607 3138 3664 honestatis
3179 3609 3474 3666 decorem.
3525 3611 3720 3667 Nullis

2055 3695 2212 3749 enim
2241 3695 2512 3749 adversis
2535 3695 2820 3750 honestas
2853 3696 3186 3769 impeditur,
3211 3716 3344 3772 quae
3375 3701 3436 3754 in
3459 3701 3554 3756 his
3585 3700 3724 3755 emi-

2056 3787 2172 3852 net,
2225 3786 2280 3838 et
2313 3784 2504 3856 magis
2537 3785 2820 3855 praecellit
2867 3803 3042 3858 quam
3091 3787 3148 3842 in
3180 3790 3508 3860 prosperis.
3562 3791 3720 3846 Inter

2053 3873 2289 3928 vincula
2321 3873 2536 3945 itaque,
2583 3875 2737 3929 inter
2763 3891 2921 3930 arma
2949 3919 2964 3946 ,
2999 3877 3260 3933 ﬂammas
3287 3921 3300 3947 ,
3333 3879 3716 3949 servitutem',

2055 3977 2188 4033 quae
2217 3962 2424 4016 liberis
2457 3963 2612 4018 omni
2644 3964 2936 4034 supplicio
2967 3967 3208 4038 gravior
3237 3970 3329 4023 est
3353 4011 3366 4036 ,
3400 3969 3554 4024 inter
3589 3985 3722 4040 poe-

2054 4067 2162 4106 nas
2196 4051 2596 4122 morientium,
2631 4053 2858 4108 excidia
2889 4055 3114 4130 patriae,
3148 4057 3418 4112 vivorum
3459 4058 3722 4134 formidi-

2055 4155 2188 4194 nem
2238 4141 2370 4209 (Tl),
2423 4142 2776 4212 sanguinem
2817 4148 3291 4215 peremptorum,
3343 4162 3458 4201 non
3504 4147 3722 4202 excidit

2055 4233 2248 4283 tamen
2297 4246 2437 4283 cura
2489 4230 2816 4286 honestatis
2866 4232 3196 4304 majoribus
3256 4235 3477 4290 nostris
3538 4253 3550 4290 :
3613 4235 3722 4290 sed

2055 4318 2208 4371 inter
2235 4334 2465 4373 eversae
2508 4321 2713 4389 patriae
2761 4319 2994 4376 cineres
3029 4326 3085 4377 et
3117 4323 3347 4379 favillas
3379 4325 3438 4378 in
3488 4323 3721 4380 ati'ecti-

2053 4405 2169 4460 bus
2201 4407 2316 4477 piis
2347 4407 2712 4478 resplenduit
2741 4412 2796 4464 et
2825 4411 3060 4465 refulsit
3087 4411 3220 4480 (78).

2127 4497 2217 4549 99.
2273 4496 2420 4550 Nam
2473 4512 2605 4551 cum
2653 4498 2713 4552 in
2770 4499 3072 4553 Persidem
3119 4500 3476 4556 ducerentur
3521 4505 3722 4574 patres

2057 4585 2265 4654 nostri,
2298 4585 2395 4656 qui
2447 4587 2582 4639 tunc
2635 4586 2738 4640 Dei
2787 4587 3202 4657 omnipotentis
3233 4591 3492 4645 cultores
3523 4595 3720 4664 erant,

291 4649 374 4744 qui
405 4651 678 4744 quoniam
712 4653 906 4744 signis
938 4669 1054 4708 non
1087 4655 1336 4710 credidit
1365 4657 1738 4712 evidentibus
1759 4701 1772 4726 ,
1803 4674 1940 4728 pos-
1965 4677 2022 4740 ι)
2055 4649 2361 4744 accepfufn
2390 4673 2590 4744 ignem
2639 4674 2710 4728 de
2741 4675 2906 4728 οιιωοί
2950 4649 3303 4732 ἐδοθι-ιιοιεε
3336 4679 3570 4735 Domini
3619 4649 3724 4737 οοί

295 4739 373 4790 tea
403 4739 730 4812 ﬂagellatus
765 4741 989 4809 orabat,
1025 4747 1082 4796 ut
1115 4744 1344 4798 veniam
1377 4751 1719 4801 mereretur.
1743 4747 1941 4812 Quan-

293 4829 374 4880 tus
404 4828 581 4898 igitur
627 4829 956 4884 honestatis
988 4830 1234 4886 affectus
1291 4850 1428 4889 esse
1478 4835 1708 4904 debeat,
1743 4852 1818 4890 ex
1849 4836 1945 4890 his

295 4915 591 4987 probatur,
625 4921 683 4972 et
724 4934 796 4973 eo
839 4920 1090 4974 maxime
1144 4923 1302 4992 quod
1347 4939 1414 4978 se
1465 4924 1790 4996 objiciebat
1837 4941 1942 4996 pro

357 5057 462 5133 (74")
490 5061 617 5114 V'et.
653 5061 790 5133 edit.
841 5077 908 5116 ac
939 5078 1086 5117 mss.
1139 5065 1427 5133 nonnulli,
1481 5067 1695 5122 vesicae
1725 5067 1946 5122 caden-

298 5129 570 5204 teerforte
604 5132 905 5197 calentes;
937 5135 1194 5204 quidam,
1231 5129 1552 5192 scatentes.

365 5199 468 5269 (75)
491 5203 636 5256 Mss.
668 5219 736 5256 ac
756 5210 869 5280 vet.
905 5199 1040 5258 edit.
1064 5199 1428 5280 hoc’tantum
1452 5209 1766 5276 dissident,
1788 5209 1945 5280 quod

306 5281 722 5352 prorogatur,
756 5275 1150 5352 plui'es__mss.
1203 5279 1405 5352 legunt
1457 5287 1718 5349 rogatus,
1753 5275 1946 5349 et'pro

300 5347 525 5411 exitiis,
559 5361 702 5398 mss.
737 5347 999 5400 nonnulli
1034 5347 1497 5404 habent—exitus.
1529 5347 1705 5405 ‘l-tom.
1749 5347 1942 5405 autem

299 5410 418 5491 edit:
451 5420 579 5491 post
605 5416 856 5491 verbum
889 5417 1096 5486 duret,
1145 5419 1362 5489 adjecit
1409 5429 1467 5474 et
1515 5421 1942 5491 benedireret,

301 5482 914 5562 sulllartisliiseealiis,
947 5482 1145 5544 orarit
1179 5482 1240 5545 et
1269 5493 1640 5562 impetrarit.

360 5553 465 5632 (76)
493 5555 614 5632 Cic.
643 5557 822 5632 _0f[ie.
856 5559 956 5615 lib.
991 5573 1073 5628 ιιι,
1105 5579 1242 5632 pag.
1275 5553 1400 5632 395'),
1437 5564 1573 5618 lin.4
1611 5580 1623 5619 :
1667 5585 1688 5610 σι
1724 5563 1951 5616 Vendat

301 5622 444 5706 aedes
499 5627 599 5706 vir
643 5630 836 5684 bonus
895 5622 1134 5704 prept'cr
1173 5622 1565 5705 aliqua'vitia,
1629 5651 1762 5706 qua:
1820 5635 1948 5704 ipse

304 5701 461 5762 norit,
499 5719 518 5746 ι
551 5702 660 5754 etc,

364 5766 470 5826 (Π)
516 5771 746 5828 Amerb.
808 5788 940 5830 cum
1000 5791 1144 5830 mss.
1209 5793 1326 5833 non
1384 5776 1623 5850 paucis,
1692 5777 1954 5832 virorum

2055 4763 2209 4816 culte
2241 4762 2298 4816 in
2329 4762 2478 4816 valle
2508 4762 2968 4818 absconderunt.
3005 4763 3144 4820 Erat
3169 4766 3290 4821 illic
3323 4768 3484 4824 velut
3513 4773 3722 4842 patens

2053 4853 2267 4922 puteus
2285 4850 2416 4920 (79),
2436 4866 2606 4921 aquas
2639 4865 2891 4906 secessu
2921 4851 3287 4926 infrequens,
3315 4873 3424 4913 nec
3457 4860 3724 4930 populari

2054 4940 2190 4994 usui
2221 4941 2450 5010 patens,
2495 4939 2696 5011 ignoto
2721 4942 2776 4993 et
2805 4940 2878 4994 ab
2908 4941 3149 4999 arbitris
3177 4949 3403 5002 remoto
3427 4948 3560 5004 loco
3597 4966 3608 5004 :
3643 4950 3727 5006 ibi

2055 5081 2456 5137 formidinem.

2126 5151 2352 5232 ('78)_I_n
2403 5150 2724 5232 aﬂ'ectiims
2736 5224 2746 5232 _
2759 5155 2884 5225 piis
2931 5155 3305 5232 I'espfenduit
3347 5165 3407 5214 et
3437 5161 3725 5232 refulsit,

2057 5224 2271 5306 desunt
2303 5225 2358 5276 in
2394 5224 2848 5306 mss_._.pluribus
2880 5224 3325 5306 necgi'nferioris
3356 5224 3729 5306 notamque;

2057 5312 2194 5372 rum
2216 5296 2275 5348 in
2309 5295 2617 5372 nonnullis
2644 5312 2748 5366 pro
2781 5297 2892 5351 sed
2921 5299 3114 5364 inter,
3149 5299 3367 5371 legitur
3401 5295 3725 5372 nec'in'ter,

2059 5366 2294 5420 minime
2325 5365 2493 5419 male.
2529 5365 2795 5422 Aliarum
2827 5384 2974 5423 mss.
3009 5373 3064 5424 et
3086 5365 3346 5427 omnium
3377 5375 3514 5428 edit.
3549 5365 3726 5430 lectio

2057 5436 2446 5508 praeferenda.

2129 5508 2220 5577 ('79
2253 5509 2397 5562 Mss.
2429 5507 2687 5579 aliquot,
2726 5509 2886 5586 _ve_lut
2911 5516 3124 5582 puteus
3155 5513 3594 5586 haudquaquam
3617 5529 3728 5584 pa-

2063 5585 2214 5644 tens,
2251 5596 2412 5651 aquae
2442 5594 2684 5654 secessu
2715 5581 3064 5654 infrequens
3087 5599 3100 5648 ς
3127 5596 3301 5650 unus,
3322 5581 3490 5638 'velut
3513 5581 3732 5654 puteus

2063 5667 2225 5721 aqus-e
2255 5667 2366 5705 non
2391 5651 2660 5732 patiens,-
2693 5652 2858 5719 alter,
2891 5651 3050 5708 haud
3079 5670 3282 5726 aquam
3303 5651 3546 5732 patiens
3569 5695 3584 5724 ,
3637 5659 3730 5718 at-

2065 5719 2173 5793 que
2202 5719 2446 5776 secessu
2479 5719 2846 5804 infrequens.
