4060 6158
215 308 337 380 183

1680 305 1747 371 S.
1791 300 2234 375 AMBROSII.

3551 307 3671 376 184

224 514 691 587 obsignaverunt
723 508 944 570 indicio
978 527 1152 567 sacro
1169 511 1282 582 (80)
1306 511 1526 582 pariter
1554 527 1623 566 ac
1653 512 1889 568 silentio
1920 496 1967 556 Α
2001 512 2161 584 ignis
2207 528 2238 566 a
2272 513 2518 568 Domino
2550 516 2605 568 et
2638 514 3008 586 consumpsit
3054 530 3180 585 eos,
3234 516 3311 570 ita
3344 518 3406 571 ut
3455 516 3669 572 mortui

223 605 422 675 ignem
452 601 819 657 reconditum
841 601 914 672 (ll
938 602 1136 656 Maeli.
1170 619 1209 672 ι,
1237 600 1345 670 19).
1381 601 1515 655 Non
1545 600 1663 655 illis
1695 601 1890 656 studio

224 692 329 746 fuit
361 706 569 745 aurum
598 690 897 759 defodere,
950 693 1259 763 argentum
1288 690 1657 745 abscondere
1683 733 1695 755 ,
1732 691 1891 762 quod

227 784 537 836 servarent
580 780 840 852 posteris
887 781 1016 835 suis
1070 798 1081 834 :
1124 780 1230 834 sed
1276 780 1427 834 inter
1474 783 1734 834 extrema
1783 796 1891 834 sua

227 870 557 926 honestatis
589 886 790 925 curam
819 870 1128 938 habentes,
1153 885 1390 924 sacrum
1419 869 1618 941 ignem
1650 885 1893 923 servan-

227 960 367 1014 dum
397 962 703 1029 putarunt;
737 974 810 1013 ne
841 974 977 1013 eum
1023 959 1120 1013 vel
1152 959 1361 1029 impuri
1396 958 1889 1027 contaminarent,

227 1049 324 1103 vel
366 1048 775 1103 defunctorum
808 1049 1057 1120 sanguis
1088 1049 1515 1120 exstingueret,
1569 1048 1661 1102 vel
1694 1047 1895 1102 defor-

229 1137 411 1192 mium
439 1137 744 1192 ruinarum
774 1154 1025 1193 acervus
1055 1138 1335 1193 aboleret.

304 1226 427 1281 100.
461 1225 747 1281 Abierunt
787 1226 981 1298 itaque
1012 1226 1072 1280 in
1114 1225 1420 1281 Persidem
1451 1225 1579 1281 sola
1607 1226 1896 1298 religione

231 1315 433 1387 liberi;
466 1316 742 1387 quoniam
787 1316 914 1370 sola
944 1315 1062 1370 illis
1112 1332 1217 1386 per
1257 1316 1647 1387 captivitatem
1695 1317 1896 1370 extor-

235 1405 404 1476 queri
435 1404 716 1476 nequivit.
741 1404 884 1459 Post
902 1420 1044 1459 vero
1067 1404 1378 1475 plurimum
1398 1404 1701 1474 temporis,
1723 1420 1902 1475 quan-

237 1494 312 1550 do
339 1493 558 1565 placuit
586 1494 728 1562 Deo,
753 1494 912 1548 dedit
936 1493 1090 1548 hanc
1110 1497 1364 1549 mentem
1393 1494 1521 1565 regi
1548 1494 1861 1548 Persarum
1882 1534 1896 1561 ,

236 1586 301 1639 ut
329 1583 649 1638 restaurari
667 1583 727 1637 in
757 1582 961 1637 Iudaea
978 1583 1278 1653 templum,
1311 1586 1369 1638 et
1397 1583 1694 1653 legitimos
1727 1598 1899 1653 repa-

238 1672 357 1728 rari
378 1671 810 1743 Hierosolymis
832 1674 982 1726 ritus
1000 1671 1257 1743 juberet.
1281 1670 1469 1743 Cujus
1493 1673 1676 1743 gratia
1701 1687 1903 1726 mune-

238 1761 325 1817 ris
355 1761 700 1817 Nehemiam
723 1760 1092 1815 sacerdotem
1113 1776 1220 1815 rex
1242 1761 1556 1815 Persarum
1581 1761 1812 1814 direxit.
1832 1761 1905 1813 At

2008 604 2172 656 extra
2203 605 2395 656 castra
2426 601 2858 673 projicerentur
2884 603 3104 673 (Levit.
3138 622 3197 674 x,
3233 605 3285 674 1,
3316 605 3390 673 2).

2075 688 2215 745 101'.
2249 690 2369 761 (84)
2400 691 2657 746 Veniens
2688 695 2881 747 autem
2913 692 3201 748 Jeremias
3234 694 3292 747 in
3323 693 3540 759 locum,
3575 694 3669 748 in-

2004 779 2161 832 venit
2194 780 2430 834 domum
2449 781 2508 834 in
2538 781 2774 834 modum
2797 781 3119 853 speluncae,
3144 785 3200 837 et
3221 783 3666 838 tabernaculum

2002 871 2059 922 et
2092 883 2308 936 arcam,
2329 871 2385 921 et
2405 868 2585 923 altare
2610 869 2841 924 incensi
2873 869 3063 924 intulit
3091 871 3251 937 illuc,
3296 875 3355 926 et
3376 871 3673 926 obstruxit

2006 957 2257 1010 ostium:
2282 957 2439 1027 quod
2471 972 2605 1011 cum
2626 957 2684 1011 hi
2717 957 2817 1029 qui
2838 958 3017 1013 simul
3047 961 3350 1029 venerant,
3372 960 3671 1014 curiosius

2007 1048 2611 1115 perscrutarentur,ut
2633 1050 2900 1101 notarent
2922 1047 3037 1102 sibi
3060 1048 3276 1115 locum,
3302 1064 3673 1120 nequaquam

2006 1134 2508 1204 comprehendere
2531 1139 2707 1207 atque
2726 1137 2992 1191 invenire
3014 1140 3350 1208 potuerunt.
3381 1137 3458 1192 Ut
3478 1140 3673 1192 autem

2006 1223 2286 1294 cognovit
2318 1223 2606 1279 Jeremias
2638 1225 2795 1296 quod
2827 1224 3206 1281 affectassent
3228 1268 3241 1295 ,
3285 1226 3463 1281 dixit:
3492 1227 3672 1298 Igno-

2006 1314 2101 1365 tus
2134 1312 2241 1366 erit
2272 1312 2462 1381 locus,
2488 1313 2675 1367 donec
2714 1317 3039 1386 congreget
3062 1315 3221 1369 Deus
3253 1316 3675 1387 congregatio-

2008 1416 2141 1455 nem
2173 1400 2407 1470 populi,
2449 1404 2505 1455 et
2540 1402 2830 1472 propitius
2863 1403 2977 1456 fiat.
3010 1402 3175 1457 Tunc
3208 1403 3368 1458 Deus
3400 1405 3674 1459 ostendet

2010 1489 2159 1560 haec,
2183 1492 2240 1545 et
2260 1490 2563 1561 apparebit
2579 1489 2862 1562 majestas
2884 1492 3115 1546 Domini
3139 1492 3419 1559 {Illinc/1.
3448 1510 3508 1563 ιι,
3535 1493 3668 1563 5ο8).

2600 1597 2852 1653 CAPUT
2889 1599 3093 1654 XVIII.

2012 1721 2362 1792 Superioris
2391 1728 2670 1794 eventus,
2704 1738 2771 1777 ac
2795 1722 3167 1794 potissimum
3201 1722 3387 1777 oblati
3414 1739 3446 1777 a
3476 1723 3678 1779 Nehe-

2082 1794 2197 1865 mia
2248 1792 2573 1863 sacriﬁcii,
2623 1792 2970 1865 narratione
3035 1794 3327 1865 Spiritum
3371 1802 3675 1862 sanctum,

240 1851 339 1906 ille
362 1866 565 1906 secum
589 1850 832 1905 deduxit
854 1850 1227 1905 sacerdotum
1251 1851 1484 1905 illorum
1506 1849 1900 1921 nepotes,qui,

2089 1849 2678 1937 Christianorum'que
2727 1864 3019 1936 baptisma
3049 1849 3387 1937 significari
3419 1886 3436 1920 .·
3488 1872 3546 1919 et
3576 1849 3678 1919 eo;

240 1939 566 2011 profecturi
587 1939 658 1994 de
680 1939 868 2010 patrio
890 1940 1040 2008 solo,
1068 1956 1324 2004 sacrum,
1349 1955 1421 1994 ne
1438 1940 1676 2009 periret,
1704 1939 1901 2010 ignem

242 2029 696 2085 absconderant.
734 2028 1050 2084 Venientes
1066 2032 1280 2098 autem,
1306 2032 1604 2100 utpatrum
1628 2043 1903 2084 sermone

243 2124 336 2175 est
365 2120 657 2191 proditum
678 2160 693 2189 ,
731 2134 849 2175 non
885 2119 1234 2174 invenerunt
1265 2118 1493 2190 ignem,
1528 2118 1635 2172 sed
1666 2133 1898 2188 aquam.

172 2202 181 2207 ’
243 2209 316 2264 Et
344 2225 479 2264 cum
510 2209 750 2263 deesset
778 2208 937 2280 ignis
967 2222 1083 2279 quo
1114 2207 1415 2263 adolerent
1444 2207 1667 2278 altaria,
1700 2206 1902 2262 hauri-

240 2315 307 2355 re
336 2314 442 2355 eos
471 2313 681 2369 aquam
712 2297 1030 2352 Nehemias
1062 2296 1368 2364 sacerdos,
1395 2297 1628 2368 sibique
1651 2295 1904 2365 deferre,

245 2391 303 2444 et
330 2402 655 2460 aspergere
686 2402 869 2457 super
906 2385 1065 2458 ligna
1092 2385 1297 2457 jussit.
1330 2386 1515 2455 Tunc,
1561 2387 1697 2440 visu
1727 2385 1907 2439 mira-

242 2476 396 2534 bilel
431 2494 565 2533 cum
595 2479 759 2531 esset
789 2475 1002 2530 ccelum
1045 2475 1330 2531 intextum
1359 2476 1647 2544 nubibus,
1697 2474 1788 2529 sol
1818 2489 1910 2529 re-

243 2568 417 2639 pente
463 2566 694 2635 illuxit,
741 2580 1035 2619 accensus
1080 2567 1173 2619 est
1217 2580 1471 2637 magnus
1500 2564 1695 2636 ignis;
1728 2563 1805 2617 ita
1847 2566 1911 2617 ut

245 2670 454 2711 omnes
485 2654 547 2708 in
575 2656 693 2707 tam
722 2653 978 2708 evidenti
1008 2654 1241 2707 Domini
1288 2654 1477 2726 gratia
1521 2654 1738 2708 factum
1784 2656 1908 2708 stu-

243 2745 475 2814 pentes,
523 2741 724 2797 latitia
765 2741 1281 2812 perfunderentur.
1325 2742 1540 2796 Orabat
1586 2742 1907 2799 Nehemias

244 2831 577 2903 psallebant
629 2831 972 2886 sacerdotes
1022 2830 1304 2902 hymnum
1354 2832 1476 2887 Deo
1526 2830 1660 2901 (81).
1714 2830 1911 2903 thue

246 2923 658 2992 consumptum
673 2923 765 2976 est
785 2920 1188 2992 sacrificium,j
1198 2921 1569 2977 ussititerum
1590 2920 1909 2976 Nehemias

244 3009 485 3065 residua
526 3025 677 3082 aqua
707 3008 969 3081 majores
998 3009 1273 3081 perfundi
1303 3010 1530 3081 lapides
1557 3025 1568 3065 :
1604 3026 1720 3081 quo
1751 3010 1903 3065 facto

244 3100 475 3154 flamma
506 3114 760 3154 accensa
800 3103 911 3167 est,
963 3099 1159 3154 lumen
1207 3104 1401 3155 autem
1440 3099 1745 3172 refulgens
1796 3100 1911 3172 (82)

243 3188 319 3243 ab
349 3189 517 3244 altari
549 3193 1019 3245 consummatum
1048 3188 1207 3243 illico
1239 3192 1349 3243 est.

317 3275 439 3333 101.
466 3278 594 3334 Hoc
615 3277 904 3350 patefacto
923 3278 1160 3349 indicio,
1186 3295 1290 3333 rex
1328 3277 1640 3333 Persarum
1677 3294 1748 3334 eo
1774 3278 1906 3333 loco

245 3367 306 3422 in
337 3386 454 3443 quo
484 3368 644 3441 ignis
676 3368 865 3423 fuerat
894 3367 1311 3437 absconditus,
1345 3370 1401 3421 et
1433 3371 1636 3438 postea
1676 3371 1908 3438 reperta

246 3464 341 3517 est
369 3474 541 3532 aqua,
582 3457 860 3528 templum
885 3457 1011 3511 fieri
1036 3457 1350 3527 mandavit,
1377 3457 1471 3511 cui
1510 3457 1654 3521 133
1686 3456 1908 3512 infere-

244 3551 463 3607 bantur
503 3548 655 3604 dona
700 3546 970 3618 plurima.
1023 3546 1482 3618 Appellaverunt
1524 3551 1716 3602 autem
1766 3547 1910 3602 illud

247 3640 532 3713 quierant
552 3653 685 3692 cum
721 3639 927 3692 sancto
950 3636 1255 3705 Nehemia,
1299 3637 1549 3708 ephthar
1576 3637 1710 3706 (83),
1754 3636 1911 3707 quod

247 3725 789 3800 interpretationem
840 3726 1018 3780 habet
1041 3725 1481 3797 puriﬁcationis
1519 3742 1535 3777 :
1580 3742 1613 3779 a
1642 3725 1913 3796 plurimis

248 3816 506 3891 nephthe
526 3817 790 3871 vocatur.
809 3813 1109 3871 Invenitur
1124 3817 1318 3870 autem
1337 3814 1397 3869 in
1410 3814 1912 3885 descriptionibus

249 3905 526 3965 Jeremim
555 3905 881 3977 prophetas,
914 3903 1070 3975 quod
1097 3903 1353 3975 jusserit
1382 3904 1651 3974 accipere
1674 3903 1745 3959 de
1776 3905 1914 3976 igne

250 4011 357 4053 eos
407 3994 510 4068 qui
556 3997 762 4065 postea
808 3998 1013 4050 essent
1060 3994 1260 4049 futuri.
1313 3993 1425 4047 Hic
1467 3996 1559 4048 est
1602 3993 1763 4065 ignis
1812 3993 1913 4064 qui

251 4085 466 4142 cecidit
508 4098 691 4154 super
737 4082 1097 4138 sacrificium
1139 4082 1366 4155 Moysi,
1428 4085 1485 4137 et
1542 4081 1915 4152 consumpsit

251 4174 416 4245 illud,
449 4172 604 4229 sicut
634 4171 920 4242 scriptum
960 4174 1053 4226 est
1086 4188 1098 4227 :
1138 4170 1282 4237 Quia
1314 4171 1504 4226 exivit
1539 4171 1699 4242 ignis
1730 4188 1761 4225 a
1796 4171 1914 4225 Do-

250 4264 410 4320 mino
439 4267 500 4319 et
527 4260 891 4334 cunsumpsit
925 4260 1207 4316 universa
1240 4277 1365 4333 quin
1396 4266 1568 4315 erant
1616 4276 1797 4332 super
1832 4259 1915 4314 al-

255 4358 386 4409 tare
418 4351 754 4408 holocausta
784 4348 1006 4419 (Levii.
1042 4366 1122 4419 ix,
1145 4349 1256 4420 21).
1281 4348 1409 4405 Hoc
1440 4349 1578 4422 igne
1607 4349 1912 4420 oportebat

253 4440 607 4498 sanctificari
632 4437 1025 4509 sacrificium;
1063 4437 1312 4510 ideoque
1344 4442 1400 4493 et
1431 4438 1490 4492 in
1521 4438 1678 4493 ﬁlios
1720 4440 1917 4494 Aaron

254 4531 355 4604 qui
383 4530 641 4587 alienum
661 4529 859 4602 ignem
891 4527 1111 4582 inferre
1140 4527 1473 4597 voluerunt,
1499 4527 1681 4582 exivit
1704 4527 1913 4582 iterum

325 4674 438 4743 (80)
471 4673 699 4729 Indicio
745 4687 935 4736 sacro,
983 4671 1210 4743 idest,
1245 4674 1379 4725 nota
1428 4670 1623 4742 aliqua
1670 4671 1920 4743 mystica

254 4742 431 4815 cujus
462 4760 573 4815 ope
601 4744 771 4799 locus
802 4746 1008 4814 postea
1039 4742 1316 4815 dignosci
1343 4747 1568 4815 posset.

326 4790 328 4799 .
359 4762 431 4800 1.18
462 4762 497 4799 0
541 4762 573 4799 Θ
602 4762 771 4799 1001.18
802 4762 1008 4814 ροεῐθιι
1039 4762 1316 4815 αιεηοεοι
1343 4762 1568 4812 posset.

326 4762 440 4886 (‘81)
472 4762 622 4869 l‘ﬁiit.
658 4818 714 4869 et
743 4814 916 4884 pauci
946 4830 1119 4884 mss.,
1153 4814 1431 4887 hymnum
1461 4813 1586 4870 Deo
1628 4829 1922 4886 usquequo

255 4891 654 4955 consumptum
687 4891 800 4955 est,
834 4889 946 4940 etc.
1110 4944 1116 4950 _

324 4957 444 5029 (82)
474 4955 556 5011 Ita
586 4972 735 5029 mss.
767 4959 981 5029 acgvet.
1015 4956 1153 5011 edit.
1187 4971 1403 5029 magno
1436 4972 1766 5021 consensu,
1801 4955 1921 5029 nisi

254 5024 655 5111 quod"aliqui.
688 5030 746 5082 et
776 5024 925 5109 .edit.
958 5027 1196 5099 legunt,
1232 5024 1630 5111 cojnsnmp‘tui‘n
1663 5033 1784 5095 est,
1818 5026 1922 5111 ubi

252 5098 659 5173 probatissimi
688 5098 1403 5173 quique,_con_summat_um
1424 5098 1535 5155 est.
1572 5100 1741 5173 Rom.
1775 5098 1913 5173 edit.

253 5169 403 5242 sola,
463 5187 589 5245 quia
637 5169 873 5245 tandem
926 5169 1147 5225 lumine
1206 5170 1546 5243 refulgente
1606 5170 1681 5225 ah
1740 5169 1923 5223 altari

253 5242 591 5301 consumpta
620 5242 783 5297 illico
812 5248 925 5297 est.

323 5312 437 5385 (83)
470 5311 641 5370 Rom.
694 5312 831 5369 edit.
867 5329 943 5368 ex
990 5311 1168 5380 LXX,
1206 5311 1544 5385 nehpthar;
1560 5313 1677 5367 vet.
1725 5313 1920 5385 autem

253 5381 390 5441 edit.
418 5381 559 5440 cum
588 5385 802 5439 Aldino
848 5385 978 5439 cod.
1015 5381 1355 5439 eorumdem
1389 5382 1583 5451 LXX,
1643 5381 1917 5453 ephthar,

252 5473 369 5529 quo
398 5457 569 5512 etiam
607 5455 905 5529 accedunt
937 5471 1082 5529 mss.
1106 5495 1119 5519 ,
1156 5454 1476 5529 nisi__quod
1507 5469 1713 5529 eorum
1754 5468 1919 5529 com-

250 5524 454 5599 plures
498 5527 855 5599 scriptorum
885 5527 1119 5599 inscitia
1151 5524 1467 5599 exhibent,
1503 5525 1598 5599 alii
1634 5524 1917 5599 epathar,

253 5594 352 5657 alii
383 5594 651 5673 ephatar‘,
689 5598 927 5672 quidam
966 5598 1139 5653 etiam
1165 5598 1405 5671 phatur.
1442 5596 1597 5651 Infra
1646 5594 1788 5650 vero
1819 5594 1921 5649 ubi

1940 3236 1991 3296 C

1934 4599 1993 4663 D

2092 1936 2223 2010 dem
2256 1934 2704 2010 et_ia1n_lllo}'sis
2752 1934 2825 2010 et
2854 1937 3009 1991 Elite
3057 1934 3453 2003 sacriﬁcium,
3507 1942 3678 2010 atque

2089 2007 2401 2061 historiam
2433 2007 2843 2062 Noe’referri.

2090 2110 2211 2167 102.
2253 2111 2788 2185 Congregationem
2818 2113 3017 2185 populi
3051 2116 3320 2169 tenemus
3347 2156 3361 2183 ,
3395 2114 3681 2185 propitia-

2021 2202 2236 2257 tionem
2269 2202 2499 2256 Domini
2548 2202 2652 2258 Dei
2697 2203 2884 2258 nostri
2913 2203 3299 2274 agnoscimus
3331 2203 3463 2273 (85),
3507 2219 3682 2275 quam

2015 2291 2358 2361 pr0pitiator
2406 2291 2465 2344 in
2496 2306 2605 2345 sua
2633 2294 2912 2361 operatus
2950 2295 3044 2345 est
3072 2292 3375 2361 passione.
3410 2291 3684 2346 Arbitror

2017 2380 2173 2451 quod
2222 2395 2331 2434 nec
2360 2380 2558 2452 ignem
2609 2380 2789 2434 istum
2836 2379 3141 2450 possimus
3181 2380 3499 2452 ignorare,
3550 2396 3683 2435 cum

2017 2468 2342 2541 legerimus
2372 2470 2508 2540 quia
2538 2469 2790 2539 baptizat
2821 2469 3108 2524 Dominus
3139 2469 3320 2524 Jesus
3370 2469 3429 2523 in
3459 2469 3679 2540 Spiritu

2018 2560 2224 2612 sancto
2258 2561 2314 2611 et
2342 2558 2505 2629 igni,
2540 2558 2695 2612 sicut
2744 2558 2803 2611 in
2854 2557 3179 2630 Evangelia
3225 2558 3373 2611 dixit
3419 2557 3682 2611 Joannes

2018 2647 2208 2716 (Joan.
2255 2663 2311 2715 ι,
2358 2646 2468 2716 33).
2521 2646 2728 2701 Merito
2780 2646 3242 2701 consumebatur
3282 2646 3682 2713 sacrificium,

2017 2737 2294 2807 quoniam
2326 2751 2432 2805 pro
2463 2739 2705 2806 peccato
2738 2738 2881 2790 erat.
2930 2735 3030 2789 ille
3070 2739 3264 2790 autem
3306 2735 3468 2807 ignis
3506 2737 3683 2806 typus

2017 2824 2274 2895 Spiritus
2306 2825 2494 2878 sancti
2529 2824 2655 2894 fuit,
2692 2824 2791 2895 qui
2824 2824 3231 2879 descensurus
3264 2827 3391 2878 erat
3419 2828 3554 2895 post
3575 2824 3685 2878 Do-

2018 2914 2160 2968 mini
2190 2913 2625 2983 ascensionem,
2659 2917 2715 2967 et
2745 2912 3113 2967 remissurus
3136 2916 3376 2983 peccata
3398 2913 3684 2979 omnium,

2021 3002 2123 3074 qui
2189 3002 2360 3073 quasi
2410 3002 2569 3073 ignis
2632 3001 2950 3055 inﬂammat
2997 3000 3256 3055 animum
3304 3017 3374 3056 ac
3432 3004 3687 3056 mentem

2018 3091 2270 3146 fidelem.
2325 3089 2493 3145 Unde
2538 3090 2616 3144 ait
2660 3091 2952 3145 Jeremias
2997 3093 3240 3161 accepto
3287 3090 3509 3161 Spiritu
3556 3090 3687 3146 :Et

2022 3181 2237 3235 factum
2278 3184 2370 3233 est
2410 3180 2472 3233 in
2502 3179 2681 3234 corde
2712 3195 2840 3234 meo
2872 3185 2931 3233 ut
2964 3180 3123 3250 ignis
3154 3179 3395 3244 ardens,
3431 3178 3686 3234 [lammi-

2020 3285 2243 3342 gerans
2264 3268 2325 3322 in
2351 3268 2590 3322 ossibus
2605 3268 2757 3323 meis
2785 3285 2801 3319 :
2835 3274 2895 3323 et
2912 3267 3238 3322 dissolutus
3260 3283 3386 3322 sum
3407 3268 3680 3340 undique,

2023 3373 2080 3414 et
2115 3358 2285 3412 ferre
2314 3372 2427 3412 non
2453 3373 2689 3428 possum
2718 3357 2964 3428 (Jcrem.
3016 3373 3118 3425 xx,
3152 3354 3228 3427 9).
3262 3356 3377 3412 Sed
3410 3357 3583 3412 etiam
3626 3372 3688 3411 ιιι

2021 3447 2268 3501 Actibus
2290 3446 2692 3517 apostolorum
2714 3462 2847 3501 cum
2877 3446 3294 3501 descendisset
3315 3461 3499 3517 super
3520 3462 3692 3517 apos-

2019 3537 2174 3592 tolos
2204 3536 2480 3606 Spiritus,
2513 3538 2570 3590 et
2598 3535 2936 3606 plerosque,
2970 3535 3070 3607 qui
3102 3535 3528 3606 exspectabant
3558 3551 3692 3607 pro-

2020 3626 2204 3681 missa
2238 3624 2487 3692 Domini,
2522 3628 2798 3696 tanquam
2826 3625 3024 3696 ignem
3055 3624 3365 3694 dispersas
3398 3640 3535 3680 esse
3565 3625 3681 3679 iin-

2019 3731 2171 3787 guas
2202 3712 2314 3784 (86)
2348 3714 2603 3785 legimus
2634 3714 2791 3784 (Act.
2823 3730 2884 3782 ιι,
2916 3713 2968 3782 4,
3004 3713 3112 3774 15).
3149 3713 3413 3785 Denique
3443 3714 3532 3768 sic
3580 3730 3686 3767 va-

2021 3804 2339 3875 porabatur
2381 3802 2753 3874 singulorum
2796 3803 3066 3873 animus,
3114 3805 3175 3856 ut
3218 3805 3414 3857 musto
3471 3802 3681 3873 repleti

2020 3910 2158 3950 esse
2190 3892 2656 3962 aestimarentur,
2705 3891 2803 3963 qui
2834 3894 3185 3963 acceperant
3227 3891 3563 3964 linguarum
3596 3892 3689 3946 di-

2022 3984 2362 4039 versitatem
2394 3979 2528 4051 (8'1).

2095 4071 2216 4127 103.
2247 4070 2397 4136 Quid
2446 4086 2592 4142 ergo
2643 4069 2761 4125 sibi
2803 4069 2929 4124 vult
2975 4085 3113 4124 esse
3145 4070 3303 4141 quod
3346 4069 3506 4143 ignis
3538 4086 3689 4142 aqua

2025 4162 2216 4217 factus
2250 4163 2360 4229 est,
2384 4162 2441 4214 et
2462 4174 2612 4231 aqua
2637 4159 2835 4231 ignem
2869 4158 3181 4228 excitavit;
3214 4159 3333 4213 nisi
3364 4160 3501 4231 quia
3525 4159 3695 4230 spiri-

2022 4252 2157 4306 talis
2191 4249 2377 4322 gratia
2409 4263 2517 4319 per
2562 4247 2764 4320 ignem
2794 4247 3007 4316 exurit,
3053 4262 3160 4317 per
3203 4262 3417 4319 aquam
3451 4248 3691 4302 mundat

2026 4342 2266 4412 peccata
2296 4341 2496 4394 nostra
2514 4338 2543 4392 ?
2572 4336 2802 4391 Eluitur
2829 4336 2986 4391 enim
3017 4338 3344 4407 peccatum,
3398 4339 3457 4391 et
3485 4337 3690 4392 exuri-

2020 4434 2135 4485 tur.
2171 4428 2339 4484 Unde
2370 4429 2428 4482 et
2453 4425 2777 4497 Apostolus
2806 4425 2885 4478 ait
2934 4440 2946 4479 :
3007 4424 3475 4498 Uniuscu/‘usque
3542 4424 3687 4489 134

2024 4535 2164 4593 opus
2195 4517 2362 4591 quale
2409 4516 2511 4586 sit,
2564 4514 2724 4588 ignis
2763 4512 3045 4587 probabit
3077 4514 3126 4585 (Ι
3155 4513 3289 4568 Cor.
3324 4530 3419 4584 ιιι,
3455 4514 3585 4586 13);
3634 4517 3695 4569 et

2024 4677 2230 4719 omnes
2273 4660 2409 4715 edit.
2443 4657 2723 4729 multique
2757 4674 2903 4711 mss.
2930 4728 2935 4729 γ
2958 4657 3248 4728 nephthe,
3283 4672 3431 4711 mss.
3466 4657 3690 4729 aliquot

2023 4733 2350 4805 praeferunt
2398 4728 2846 4805 nep/iegAdisis
2879 4728 3132 4783 Plinium
3161 4729 3262 4783 lib.
3297 4745 3358 4799 ιι,
3395 4744 3522 4799 cap.
3561 4728 3682 4797 118,

2025 4802 2081 4861 et
2111 4805 2212 4859 lib.
2248 4818 2432 4869 xxxv,
2466 4817 2517 4856 c.
2555 4802 2640 4855 15.

2095 4876 2209 4945 (84)
2242 4873 2465 4941 Sicubi,
2500 4875 2561 4926 ut
2583 4871 2699 4945 hic,
2734 4871 2889 4926 idem
2917 4885 3220 4945 numerus,
3259 4870 3432 4945 etiam
3465 4871 3691 4945 omisso

2023 4942 2334 5013 asterisco,
2380 4945 2476 4999 bis
2506 4944 2876 4999 continenter
2904 4943 3251 5009 occurrerit,
3305 4942 3457 4995 sciat
3477 4942 3683 5005 lector.

2025 5035 2138 5074 nos
2169 5019 2229 5072 in
2260 5018 2355 5072 his
2384 5019 2482 5071 aut
2511 5015 2809 5069 similibus
2840 5013 3083 5067 casibus
3115 5013 3261 5068 nihil
3291 5017 3578 5082 mutasse,
3605 5014 3694 5067 ni-

2027 5091 2079 5146 si
2110 5090 2258 5145 forte
2297 5087 2487 5158 major
2515 5086 2724 5140 lacuna
2755 5085 2907 5158 inter
2936 5084 3088 5139 duos
3119 5100 3419 5147 numeros,
3447 5084 3691 5155 gravio-

2025 5163 2078 5218 ri
2111 5161 2343 5228 mendo,
2377 5156 2741 5228 irrepsisset.
2780 5156 2943 5210 Emr.

2099 5234 2212 5303 (85)
2244 5227 2393 5303 Mss.
2434 5227 2691 5303 aliquot,
2719 5227 3205 5303 propinationem
3238 5241 3351 5281 non
3382 5227 3696 5303 cognosci-

2032 5297 2173 5359 mus.
2195 5297 2377 5357 'Haud
2409 5297 2578 5365 male,
2630 5297 2685 5352 si
2715 5297 2889 5370 modo
2920 5312 3027 5369 per
3074 5297 3324 5370 figuram
3356 5297 3696 5353 admiratio-

2028 5377 2122 5430 nis
2153 5377 2250 5429 aut
2279 5369 2762 5430 interrosrationis
2794 5368 3088 5423 efferatur.

2097 5446 2211 5517 (86)
2247 5439 2627 5517 Rom._edit.,
2674 5441 3028 5517 dispertitas
3056 5439 3405 5517 apparuisse
3435 5439 3692 5517 linguas.

2097 5510 2211 5586 (87‘)
2240 5513 2445 5571 Cuncti
2495 5510 2922 5586 propemodum
2941 5526 3138 5586 __mss.,
3182 5510 3403 5586 repleti
3430 5510 3568 5566 esSe
3599 5512 3698 5582 qui

2028 5581 2418 5661 acceperant,
2449 5581 2897 5640 aestimarentur
2926 5581 3259 5655 linquarum
3310 5581 3692 5638 diversitate.
