4060 6158
231 295 324 361 185
968 292 981 297 ’
1051 298 1163 362 DE
1203 298 1562 363 OFFICIIS
1605 301 2218 369 MINISTRORUM
2251 305 2503 370 LIBER
2542 308 2655 370 III.

3497 312 3659 385 186.

231 499 353 555 intra
375 514 387 553 :
409 498 476 553 Si
495 498 656 571 cujus
676 514 819 572 opus
839 502 1086 573 arserit,
1116 503 1536 560 detrimentum
1555 506 1840 578 patietur,
1863 486 1922 552 Α
1958 510 2069 576 est,
2097 507 2342 563 tradere
2363 508 2697 582 huiusmodi
2716 509 2954 568 Satanae
2974 512 3035 567 in
3057 512 3366 569 interitum
3388 516 3613 587 carnis,

226 590 329 661 ipse
353 593 530 642 autem
560 588 649 643 sai
658 605 761 644 vus
790 591 930 661 erit,
964 591 1055 647 sic
1086 599 1279 649 tamen
1312 596 1479 667 quasi
1499 611 1616 668 per
1644 598 1842 668 ignem

226 677 370 745 (Ibid.
396 678 495 746 15).

278 787 382 842 101.
432 786 593 852 Quod
638 788 770 844 ideo
814 792 1145 862 posuimus,
1193 796 1257 848 ut
1297 795 1687 865 probaremus
1735 813 1842 868 per

221 878 387 948 ignem
420 877 584 931 exuri
620 883 882 948 peccata.
924 881 1140 937 Notum
1182 886 1274 937 est
1312 900 1458 956 ergo
1501 884 1660 940 hunc
1700 901 1840 941 esse

220 980 334 1020 vere
367 965 556 1037 ignem
589 983 846 1036 sacrum,
880 970 981 1040 qui
1016 973 1155 1025 tunc
1196 972 1255 1026 in
1297 975 1433 1045 typo
1485 973 1699 1029 futurae
1739 991 1839 1030 re-

216 1054 487 1109 missionis
516 1060 891 1125 peccatorum
921 1058 1229 1115 descendit
1251 1077 1433 1132 super
1453 1064 1834 1119 sacrificium.

272 1161 375 1215 105.
425 1161 533 1217 Hic
587 1163 770 1235 igitur
823 1166 984 1238 ignis
1040 1167 1429 1224 absconditur
1484 1171 1837 1242 captivitatis

211 1255 455 1322 tempore,
488 1269 607 1324 quo
639 1255 811 1326 culpa
847 1260 1092 1329 regnat:
1134 1260 1397 1329 tempore
1426 1263 1618 1314 autem
1653 1260 1837 1316 liber-

211 1342 320 1394 tatis
347 1343 628 1412 promitur
664 1344 798 1413 (88).
833 1345 902 1399 Et
939 1346 1076 1400 licet
1104 1347 1164 1401 in
1203 1363 1373 1419 aqum
1411 1350 1673 1419 speciem
1709 1366 1835 1405 mu-

209 1432 354 1496 tatus,
384 1434 574 1487 tamen
606 1436 808 1488 servat
836 1434 995 1507 ignis
1034 1439 1321 1506 naturam,
1366 1440 1429 1492 ut
1458 1442 1837 1494 consumeret

208 1519 550 1576 sacrificium.
592 1522 721 1577 Nec
752 1523 985 1578 mireris
1027 1541 1161 1579 cum
1199 1525 1441 1598 legeris,
1483 1529 1619 1598 quia
1662 1528 1837 1583 Pater

210 1608 337 1663 Deus
368 1610 548 1665 dixit:
606 1612 739 1683 Ego
769 1629 895 1667 sum
929 1613 1091 1685 ignis
1116 1630 1466 1671 consumens
1502 1616 1698 1687 (Deut.
1743 1635 1831 1687 1v,

207 1698 309 1765 2t);
337 1702 389 1753 et
416 1700 554 1754 alibi
584 1716 597 1755 :
632 1701 733 1756 Me
754 1702 1203 1775 dereliquerunt
1234 1704 1456 1760 fontem
1480 1722 1642 1778 aquae
1686 1708 1836 1761 viva:

1962 602 2021 650 ut
2050 597 2302 668 spiritus
2335 599 2540 654 salvus
2586 602 2667 654 sit
2713 600 2777 654 in
2819 600 2918 656 die
2965 602 3201 657 Domini
3246 605 3442 658 nostri
3472 605 3615 661 Jesu

1963 685 2195 740 Christi
2224 687 2285 756 (Ι
2309 687 2443 743 Cor.
2476 705 2533 757 v,
2566 688 2618 759 3,
2653 690 2729 759 4).

2030 793 2151 849 109.
2186 794 2480 850 Prolixior
2508 812 2802 853 excursus
2832 796 3158 853 admirandi
3184 800 3373 871 gratia
3394 803 3617 872 myste-

1956 881 2030 935 rii
2059 882 2249 938 factus
2270 885 2520 954 videtur,
2546 886 2682 940 dum
2704 886 3013 941 studemus
3043 887 3363 942 revelatum
3380 889 3614 959 plenius

1956 976 2387 1028 sacramentum
2416 975 2695 1044 pandere,
2730 975 2885 1046 quod
2916 990 2985 1030 eo
3016 991 3206 1047 usque
3235 976 3474 1047 plenum
3506 977 3615 1032 ho-

1954 1062 2203 1115 nestatis
2235 1066 2345 1133 est,
2376 1066 2437 1118 ut
2467 1063 2544 1117 sit
2572 1063 2811 1134 plenum
2851 1064 3184 1137 religionis.

2477 1216 2511 1279 1
2524 1214 2621 1279 35
2658 1223 2909 1279 CAPUT
2938 1224 3092 1280 XIX.

1949 1362 2257 1440 Narratur
2287 1365 2605 1440 admissum
2627 1368 2689 1440 in
2707 1367 2945 1440 Levita)
2975 1367 3275 1440 ctu'usdam
3307 1382 3547 1440 uxorem
3581 1383 3613 1422 a

2021 1435 2257 1509 civibus
2292 1436 2488 1491 Gabaa
2519 1438 2809 1509 ﬂagitium
2829 1480 2843 1507 ,
2878 1435 3053 1509 atque
3082 1455 3160 1493 ex
3186 1439 3351 1493 illius
3392 1438 3612 1494 ultione

2020 1506 2324 1634 cgiligiturt'
2339 1525 2518 1590 _quam
2557 1506 2865 1564 veteribus
2884 1506 3012 1564 illis
3033 1510 3203 1565 cordi
3222 1510 3409 1565 fuerit
3426 1510 3608 1565 liene-

2018 1593 2049 1632 s
2078 1594 2109 1631 a
2140 1595 2197 1633 IS
2224 1596 2295 1635 ra
2325 1596 2401 1635 ιο.

2018 1703 2140 1759 110.
2193 1704 2417 1769 Quanta
2466 1708 2660 1761 autem
2707 1706 3036 1762 honestatis
3082 1722 3223 1761 cura
3274 1704 3606 1778 majoribus

206 1787 413 1852 (Jerem.
447 1806 506 1857 ιι,
542 1789 655 1859 13).
691 1791 823 1861 Ipse
853 1807 1087 1863 quoque
1128 1793 1414 1849 Dominus
1452 1794 1632 1850 Jesus
1663 1794 1832 1867 quasi
1862 1865 1893 1867 ξ
1946 1791 2074 1859 fuit,
2106 1796 2167 1847 ut
2197 1795 2373 1849 unius
2411 1795 2676 1850 mulieris
2706 1794 2985 1867 injuriam
3016 1798 3220 1866 stupro
3270 1796 3487 1851 illatam
3514 1795 3609 1850 in-

204 1875 333 1947 ignis
360 1878 757 1934 inﬂammabat
782 1880 1141 1935 audientium
1166 1882 1365 1951 corda,
1398 1885 1570 1954 quasi
1595 1865 1729 1940 fons
1751 1901 1837 1941 re-
1859 1865 1914 1931 Β
1945 1883 2389 1953 temperantiam
2416 1884 2572 1939 bello
2602 1865 3130 1957 persequerentur,
3154 1887 3211 1939 et
3239 1885 3394 1939 victo
3426 1900 3609 1955 popu-

204 1964 523 2038 irigerabat;
567 1984 705 2023 nam
742 1969 871 2038 ipse
910 1969 967 2023 in
1010 1969 1336 2043 Evangelio
1367 1988 1477 2027 suo
1510 1973 1650 2027 dicit
1678 1975 1836 2046 quod

204 2054 310 2110 ideo
337 2057 580 2127 venerit,
617 2060 678 2112 ut
707 2059 905 2130 ignem
936 2059 996 2113 in
1027 2060 1217 2114 terras
1248 2062 1502 2116 mitteret
1531 2062 1694 2133 (Luc.
1729 2081 1831 2134 xu,

201 2144 288 2212 19),
335 2149 388 2199 et
431 2150 638 2216 potum
678 2147 1015 2202 sitientibus
1062 2164 1230 2220 aqua:
1274 2149 1837 2208 vivseministraret

201 2233 358 2299 (Joan.
389 2252 488 2305 vn,
523 2235 621 2305 3'7,

260 2341 365 2397 106.
399 2343 542 2399 Elite
577 2359 815 2415 quoque
837 2346 1098 2415 tempore
1120 2345 1426 2401 descendit
1447 2347 1627 2420 ignis,
1652 2364 1836 2421 quan-

203 2431 259 2484 do
276 2434 615 2502 provocavit
637 2433 953 2504 prophetas
976 2434 1238 2505 gentium
1255 2437 1318 2489 ut
1345 2435 1525 2491 altare
1546 2436 1676 2492 sine
1695 2438 1833 2509 igne

202 2523 586 2577 accenderent.
615 2522 839 2577 Etcum
863 2522 944 2576 illi
966 2523 1318 2594 nequissent
1338 2523 1552 2593 facere,
1578 2526 1833 2581 hostiam

202 2626 337 2664 suam
360 2614 532 2667 tertio
572 2612 702 2682 ipse
733 2611 994 2683 perfudit
1022 2628 1194 2684 aqua,
1229 2616 1286 2668 et
1305 2614 1575 2668 manabat
1605 2630 1752 2685 aqua
1775 2616 1835 2669 iu

204 2700 416 2755 circuitu
458 2702 695 2771 altaris,
743 2705 799 2756 et
843 2702 1212 2770 exclamavit,
1264 2705 1321 2756 et
1359 2703 1571 2758 cecidit
1613 2704 1772 2776 ignis
1802 2722 1836 2760 a

203 2788 413 2844 Domino
444 2791 517 2845 de
565 2790 738 2860 coelo,
775 2793 832 2845 et
872 2790 1244 2862 consumpsit
1283 2791 1695 2848 holocaustum
1726 2793 1840 2866 (Ill

199 2876 316 2949 Reg.
346 2897 507 2947 xvm,
541 2879 660 2949 38).

256 2985 357 3041 107.
392 2987 608 3041 Hostia
639 2987 737 3041 illa
765 2990 827 3042 tu
855 3003 941 3043 es.
974 2987 1298 3045 Considera
1328 2990 1541 3045 tacitus
1573 2989 1830 3061 singula.

198 3072 247 3127 In
282 3078 330 3130 te
372 3076 689 3131 descendit
736 3094 921 3148 vapor
962 3078 1219 3149 Spiritus
1250 3080 1460 3149 sancti,
1500 3083 1557 3135 te
1603 3080 1838 3135 videtur

198 3178 432 3233 exurere,
467 3182 609 3221 cum
638 3170 736 3221 tua
766 3171 1005 3238 peccata
1038 3170 1353 3224 consumit.
1378 3169 1644 3241 Denique
1675 3170 1832 3241 quod

198 3259 586 3327 consumptum
616 3259 707 3310 est
738 3258 1097 3312 sacrificium
1130 3258 1320 3329 Moysi
1348 3264 1611 3329 tempore
1634 3259 1831 3327 (Num.

198 3358 260 3409 Ix,
285 3344 385 3413 2t),
405 3344 773 3399 sacriﬁcium
794 3361 902 3415 pro
925 3350 1164 3416 peccato
1200 3350 1342 3402 erat.
1386 3347 1556 3402 Unde
1592 3348 1834 3419 Moyses

197 3431 416 3497 ait,sicut
432 3434 491 3488 in
508 3433 992 3490 Machabzeorum
1006 3436 1291 3507 scriptum
1305 3439 1397 3492 est
1413 3436 1583 3501 libro,
1604 3452 1672 3492 eo
1685 3437 1836 3510 quod

200 3536 288 3575 non
322 3525 398 3577 sit
436 3523 853 3578 manducatum
894 3525 1045 3597 quod
1081 3532 1211 3580 erat
1250 3543 1362 3597 pro
1387 3531 1649 3598 peccato,
1693 3543 1833 3582 con-

197 3618 450 3682 sumptum
474 3618 577 3668 est
598 3612 689 3679 (II
711 3613 909 3668 Maeh.
943 3631 1002 3682 ιι,
1038 3614 1147 3683 11).
1182 3615 1393 3670 Nonne
1422 3615 1529 3670 tibi
1562 3615 1835 3672 consumi

195 3698 410 3769 videtur,
454 3702 698 3774 quando
737 3702 797 3756 in
836 3703 1206 3774 baptismatis
1240 3708 1608 3760 sacramento
1640 3705 1837 3760 interit

196 3785 340 3844 homo
366 3794 530 3846 totus
565 3791 871 3846 exterior?
903 3792 1086 3847 Vetus
1122 3793 1298 3848 homo
1328 3796 1533 3848 noster
1562 3793 1834 3849 contlxus

196 3881 269 3931 est
292 3881 445 3935 cruci
475 3880 618 3951 (89),
653 3881 977 3952 Apostolus
1007 3882 1219 3937 clamat
1241 3883 1431 3952 (Rom.
1465 3900 1547 3951 vr,
1577 3882 1654 3946 6).
1686 3883 1832 3951 Illic,

196 3966 321 4022 sicut
348 3969 587 4023 Patrum
613 3970 879 4040 exempla
909 3974 964 4026 te
987 3971 1220 4042 docent,
1243 3971 1567 4044 Egyptius
1596 3972 1831 4027 demer-

193 4055 326 4125 gitur
364 4059 499 4129 (90),
567 4059 861 4114 Hebraeus
906 4062 1197 4133 resurgit,
1261 4064 1466 4116 saneto
1513 4064 1832 4116 renovatus

194 4142 403 4215 Spiritu,
436 4149 542 4220 qui
597 4149 772 4203 etiam
816 4165 977 4204 mare
1013 4150 1279 4205 Rubrum
1311 4149 1603 4205 inoffenso
1640 4153 1833 4205 trans-

195 4232 278 4287 ivit
304 4238 582 4310 vestigio,
609 4238 710 4293 ubi
740 4238 1013 4309 baptizati
1043 4241 1182 4294 sunt
1208 4241 1408 4309 patres
1430 4239 1543 4295 sub
1574 4239 1751 4309 nube,
1777 4242 1835 4295 et

195 4319 243 4374 in
267 4326 402 4379 mari
444 4326 506 4397 (Ι
537 4326 672 4383 Cor.
706 4344 767 4397 x,
802 4328 875 4398 2).

252 4429 359 4486 108.
392 4433 456 4487 In
488 4434 715 4489 diluvio
745 4451 980 4507 quoque
1024 4435 1150 4489 Noe
1191 4437 1452 4506 tempore
1484 4438 1711 4490 mortua
1742 4437 1836 4490 est

193 4520 360 4574 omnis
390 4537 533 4577 caro
572 4522 744 4591 (Gen.
778 4541 878 4595 vu,
909 4524 1020 4594 2t),
1048 4523 1251 4596 justus
1298 4528 1491 4579 tamen
1543 4540 1674 4579 cum
1726 4540 1833 4579 sua

194 4611 450 4678 progenie
473 4615 751 4667 servatus
781 4615 872 4667 est
893 4612 1066 4682 (Gen.
1088 4630 1209 4677 νιιι,
1247 4613 1354 4684 18).
1380 4616 1593 4668 Annon
1611 4629 1834 4669 consu-

196 4696 347 4750 mitur
374 4698 573 4769 homo,
607 4716 739 4754 cum
778 4701 1108 4756 absolvitur
1151 4701 1263 4773 (91)
1312 4702 1559 4758 mortale
1604 4703 1759 4757 istud
1801 4719 1834 4757 a

194 4782 336 4838 vita?
379 4787 647 4859 Denique
689 4790 949 4845 exterior
990 4791 1408 4861 corrumpitur,
1441 4791 1549 4846 sed
1589 4793 1835 4847 interior

198 4879 508 4931 renovatur.
543 4876 666 4931 Nec
701 4878 894 4932 solum
926 4879 983 4933 in
1027 4879 1398 4951 baptismate,
1431 4880 1537 4935 sed
1570 4881 1744 4935 etiam
1774 4882 1835 4935 in

198 4964 508 5026 pauitantia
526 4966 589 5019 ﬁt
604 4967 799 5021 carnis
814 4967 1083 5022 interitus
1107 4968 1179 5022 ad
1200 4968 1534 5039 profectum
1556 4970 1833 5040 spiritus;

198 5048 327 5104 sicut
346 5054 667 5123 apostolica
680 5056 962 5111 docemur
981 5058 1352 5126 auctoritate,
1380 5058 1610 5113 dicente
1625 5061 1833 5114 sancto

200 5134 379 5196 Paulo:
421 5142 630 5198 Judica
643 5145 700 5198 vi
738 5150 797 5198 ut
824 5160 1101 5215 praesens
1140 5162 1269 5201 eum
1302 5147 1403 5219 qui
1431 5148 1522 5202 sic
1553 5155 1836 5218 operatus

254 5280 352 5347 (88)
385 5284 555 5339 Rom.
587 5285 748 5354 edit.,
777 5285 1083 5342 libertatis
1112 5286 1439 5343 reveletur.

254 5354 352 5473 (89)
371 5355 588 5411 Omnes
606 5357 765 5425 edit.,
792 5357 959 5413 homo
980 5364 1186 5413 noster
1212 5360 1485 5414 exterior
1507 5360 1833 5417 crucifixus

202 5434 532 5577 “filmﬁdit.
566 5514 772 5555 omnes
802 5516 870 5554 ac
910 5516 1057 5555 mss.
1091 5500 1333 5573 aliquot,
1371 5502 1681 5575 Egyptus
1722 5504 1830 5558 de-

201 5575 486 5715 ωξᾷῗίῗὶξ
521 5657 666 5715 mss.
715 5642 918 5715 plures
964 5659 1034 5699 ac
1080 5644 1381 5715 potiores:
1430 5644 1526 5701 alii
1579 5660 1722 5701 vero
1772 5648 1830 5700 et

203 5704 343 5777 edit.,
370 5727 496 5766 cum
525 5704 904 5771 absorbetur.

1943 1970 2021 2041 lo,
2054 1972 2245 2027 tribus
2269 1972 2580 2044 Benjamin
2611 1974 3047 2029 obtestarentur
3074 1974 3134 2028 in
3166 1973 3512 2046 conjugium
3542 1988 3610 2027 se

1944 2060 2033 2114 eis
2062 2062 2335 2131 proprias
2368 2062 2521 2117 filias
2553 2079 2670 2117 non
2692 2063 2933 2118 daturos
2959 2062 2971 2118 i
3009 2064 3396 2119 Remanserat
3415 2062 3609 2116 tribus

1944 2149 2075 2204 sine
2106 2150 2225 2204 ullo
2255 2152 2621 2221 posteritatis
2653 2151 2945 2221 subsidio,
2978 2152 3095 2206 nisi
3134 2151 3360 2205 fraudis
3392 2165 3607 2205 neces-

1945 2239 2121 2294 sariae
2154 2240 2487 2310 accepisset
2516 2240 2832 2295 licentiam.
2866 2238 3008 2305 Quae
3052 2243 3245 2295 tamen
3289 2239 3607 2310 indulgen-

1942 2328 2022 2383 tia
2054 2344 2319 2401 congruo
2368 2329 2831 2400 intemperantia)
2878 2329 3167 2400 supplicio
3212 2344 3331 2382 non
3374 2327 3606 2382 videtur

1942 2433 2177 2487 vacare,
2210 2419 2445 2489 quando
2475 2418 2593 2473 illis
2625 2419 2738 2474 hoc
2779 2418 2972 2473 solum
3002 2416 3364 2489 permissum
3396 2419 3505 2485 est,
3539 2417 3603 2473 ut

1944 2509 2110 2577 rapto
2140 2506 2354 2562 inirent
2383 2506 2685 2580 conjugia,
2735 2523 2853 2563 non
2888 2506 3168 2562 connubii
3206 2507 3598 2560 sacramento.

1944 2595 2016 2650 Et
2048 2611 2254 2650 revera
2285 2596 2528 2669 dignum
2551 2596 2659 2650 fuit
2674 2599 2735 2650 ut
2756 2596 2854 2667 qui
2880 2596 3135 2651 alienum
3153 2594 3604 2650 contubernium

1944 2685 2265 2755 solverant,
2299 2686 2413 2756 ipsi
2448 2685 2780 2756 nuptiarum
2800 2686 3133 2740 amitterent
3150 2684 3605 2739 solemnitatem.

2015 2792 2139 2848 111.
2159 2792 2341 2858 Quam
2357 2793 2527 2864 plena
2546 2797 2739 2848 autem
2757 2793 3157 2848 miserationis
3169 2792 3419 2847 historia
3438 2789 3450 2846 l
3478 2790 3600 2855 Vir,

1944 2880 2135 2953 inquit
2156 2882 2372 2952 (Judic.
2397 2899 2520 2952 XIX,
2552 2882 2733 2951 1-30),
2754 2882 2955 2936 Levita
2973 2883 3281 2952 acceperat
3298 2880 3415 2934 sibi
3431 2878 3607 2951 juga-

1943 2971 2060 3025 lem
2088 2971 2287 3042 (quam
2315 2988 2347 3025 a
2381 2971 2697 3026 concubitu
2729 2971 3117 3026 concubinam
3146 2969 3494 3041 appellatam
3514 2984 3607 3023 ar-

1943 3060 2132 3115 bitror
2161 3060 2292 3133 [92])
2323 3077 2455 3132 quia
2487 3061 2783 3132 aliquanto
2815 3063 2949 3130 post
2980 3059 3353 3131 quibusdam,
3389 3061 3450 3113 ut
3481 3058 3607 3112 fieri

1945 3150 2115 3215 solet,
2151 3148 2375 3205 otl'ensa
2407 3149 2608 3215 rebus,
2640 3149 2711 3203 ad
2756 3152 2980 3219 patrem
3010 3164 3077 3204 se
3108 3148 3371 3215 contulit,
3407 3149 3463 3200 et
3496 3145 3607 3201 fuit

1946 3239 2064 3294 illic
2095 3238 2686 3311 quatuormensibus.
2713 3237 2783 3292 Et
2802 3238 3060 3292 surrexit
3080 3237 3172 3291 vir
3200 3236 3355 3307 ejus,
3380 3238 3436 3289 et
3463 3234 3608 3288 abiit

1943 3329 2013 3383 ad
2049 3328 2243 3383 soceri
2274 3328 2368 3382 sui
2398 3328 2653 3392 domum,
2686 3329 2750 3381 ut
2778 3342 2911 3381 cum
2941 3342 3050 3380 sua
3077 3324 3270 3397 jugali
3301 3324 3600 3394 repararet

1945 3419 2213 3489 gratiam,
2247 3420 2305 3472 et
2334 3419 2640 3472 revocaret
2669 3432 2818 3486 eam,
2852 3431 2922 3469 ac
2954 3414 3303 3482 reduceret;
3350 3411 3610 3467 occurrit

1943 3507 1998 3561 ei
2028 3508 2257 3577 mulier,
2289 3510 2463 3579 atque
2511 3507 2571 3560 in
2621 3506 2858 3561 domum
2908 3504 3091 3576 patris
3143 3503 3237 3558 sui
3284 3500 3612 3557 introduxit

1943 3597 2236 3652 maritum.

2017 3703 2138 3759 112.
2173 3704 2433 3759 Laetatus
2464 3706 2556 3760 est
2583 3702 3041 3760 adolescentulae
3070 3704 3266 3773 pater:
3307 3700 3469 3756 venit
3504 3698 3608 3754 ob-

1944 3794 2122 3863 viam,
2144 3796 2200 3848 et
2222 3794 2376 3849 sedit
2399 3810 2532 3849 cum
2554 3810 2624 3849 eo
2645 3794 2837 3849 tribus
2856 3793 3101 3861 diebus;
3133 3794 3189 3847 et
3212 3789 3424 3861 epulati
3449 3790 3607 3858 sunt,

1945 3886 2002 3938 et
2032 3882 2402 3955 quieverunt.
2428 3883 2499 3939 Et
2529 3883 2801 3955 sequenti
2824 3883 2918 3938 die
2948 3881 3210 3937 surrexit
3229 3879 3432 3934 Levita
3454 3877 3611 3933 dilu-

1946 3971 2100 4042 culo,
2133 3976 2189 4027 et
2220 3975 2485 4027 retentus
2518 3976 2610 4027 est
2638 3988 2670 4026 a
2702 3988 2935 4041 socero,
2970 3974 3033 4025 ut
3062 3975 3179 4024 tam
3211 3970 3325 4023 cito
3358 3984 3476 4023 non
3506 3968 3611 4022 de-

1942 4064 2170 4116 sereret
2202 4061 2458 4116 convivii
2483 4060 2934 4132 jucunditatem.
2964 4058 3036 4114 Et
3067 4059 3181 4115 alio
3218 4062 3274 4113 et
3308 4058 3480 4113 tertio
3517 4055 3611 4111 die

1943 4166 2059 4205 non
2075 4151 2341 4220 permisit
2354 4154 2520 4221 pater
2531 4149 2992 4205 adolescentulm
3005 4147 3307 4220 proﬁcisci
3322 4161 3610 4220 generum

1945 4255 2140 4309 suum,
2173 4239 2362 4294 donec
2391 4239 2590 4294 laetitia
2620 4242 2676 4294 et
2705 4240 2893 4311 gratia
2926 4238 3082 4293 inter
3111 4253 3217 4293 eos
3247 4237 3440 4292 omnis
3471 4248 3612 4290 cou-

1945 4331 2360 4384 summaretur.
2385 4328 2499 4384 Sed
2524 4328 2618 4384 die
2640 4328 2891 4399 septimo
2907 4344 3039 4383 cum
3055 4326 3180 4399 jam
3197 4326 3270 4380 ad
3292 4337 3610 4395 vesperum

1945 4417 2268 4473 declinaret
2298 4419 2447 4487 dies,
2481 4420 2616 4489 post
2644 4434 2885 4473 mensas
2917 4421 2974 4473 et
3000 4417 3132 4471 laeta
3162 4413 3453 4480 convivia,
3474 4426 3610 4466 cum

1943 4510 2299 4578 pretexeret
2329 4507 2589 4563 ﬁnitimae
2619 4508 2812 4563 noctis
2857 4506 3154 4573 viciniam,
3188 4506 3250 4557 ut
3280 4500 3434 4572 apud
3463 4515 3609 4555 suos

1859 4580 1918 4652 Π
1945 4597 2161 4668 potius,
2194 4613 2368 4669 quam
2397 4597 2549 4667 apud
2573 4601 2888 4653 extraneos
2913 4591 3413 4664 requiescendum
3440 4592 3611 4661 puta-

1945 4690 2053 4756 ret,
2089 4686 2354 4757 nequivit
2380 4689 2580 4742 tenere
2610 4690 2668 4741 et
2697 4684 2920 4740 dimisit
2941 4698 3055 4737 una
3089 4697 3223 4736 cum
3254 4680 3372 4735 tilia
3403 4695 3534 4734 sua.

2019 4793 2142 4849 113.
2179 4793 2396 4848 Verum
2419 4792 2518 4847 ubi
2552 4792 2702 4846 tacta
2724 4793 2815 4845 est
2845 4789 3039 4861 aliqua
3069 4787 3441 4860 progressio,
3476 4801 3610 4840 cum

1945 4899 2162 4954 vesper
2198 4882 2323 4953 jam
2366 4882 2607 4952 propior
2656 4884 2914 4952 urgeret,
2966 4882 3022 4933 et
3082 4876 3612 4949 appropinquatum

1948 4972 2099 5028 foret
2132 4972 2243 5040 (93)
2274 4971 2344 5025 ad
2376 4970 2584 5025 urbem
2616 4968 3049 5036 Jebusaeorum,
3084 4967 3313 5022 dicente
3346 4965 3608 5031 servulo,

1944 5064 2008 5117 ut
2038 5061 2108 5114 ad
2143 5076 2270 5115 eam
2300 5058 2577 5115 dominus
2609 5074 2757 5113 suus
2789 5057 3149 5126 deﬂecteret,
3169 5072 3287 5110 non
3316 5054 3613 5126 acquievit

1945 5150 2220 5207 dominus
2251 5164 2439 5218 suus;
2485 5149 2622 5219 quia
2671 5162 2788 5202 non
2818 5149 2942 5201 erat
2990 5162 3059 5201 ea
3105 5144 3314 5200 civitas
3354 5144 3610 5198 ﬁliorum

2016 5292 2128 5361 (92)
2159 5290 2339 5347 Pauci
2367 5306 2515 5363 mss.
2543 5307 2824 5363 quam"...
2850 5284 3606 5363 concubinmnappellabat.

1943 5354 2297 5418 —‘Adverte
2329 5354 2892 5433 pulcherrimehiuc
2924 5354 3471 5433 contirmarﬁquod
3506 5354 3609 5409 ob-

1945 5435 2281 5510 servatione
2314 5426 2372 5488 in
2393 5434 2639 5510 liuida
2660 5432 2966 5510 Abraliam
2988 5430 3193 5510 cap._4,
3221 5426 3476 5510 5391.220,
3503 5440 3605 5510 vo-

1944 5506 2084 5560 lum.
2121 5506 2165 5573 l,
2196 5522 2354 5560 num.
2388 5503 2477 5572 :23,
2504 5505 2781 5579 diximus,
2814 5502 3087 5579 nimirum
3118 5501 3436 5579 legitimam
3468 5509 3609 5549 uxo-

1944 5593 2068 5632 rem
2098 5571 2254 5631 haud
2287 5592 2420 5630 raro
2453 5571 2801 5630 Concubinaa
2834 5574 3070 5629 nomine
3100 5571 3364 5624 vocitari.

2015 5647 2127 5721 (93)
2154 5648 2373 5704 Omnes
2404 5647 2565 5719 edit.,
2598 5651 2656 5702 et
2680 5642 3253 5721 appropinquandum
3284 5638 3460 5694 foret.
