3932 6152
359 347 477 416 187

1823 353 1882 418 S.
1925 350 2364 416 AMBROSII.

3655 366 3759 431 188

356 550 576 606 Israel:
611 550 718 607 sed
766 551 1010 609 intendit
1056 552 1366 624 pervenire
1407 569 1596 626 usque
1641 552 1858 622 Gabaa,
1891 569 2023 625 quae
2050 532 2100 603 Α
2131 553 2266 608 tatis
2299 553 2694 625 sequestravit
2727 553 3008 608 dolorem.
3037 553 3267 610 Ruebat
3299 554 3353 610 in
3384 559 3654 629 praelium,
3676 563 3758 618 vel

359 639 730 696 habitabatur
745 659 778 696 a
791 642 1006 713 populo
1021 643 1210 698 tribus
1225 643 1555 715 Benjamin.
1579 643 1704 697 Nec
1725 646 1847 698 erat
1862 643 2025 714 quis-

361 743 535 800 quam
573 731 674 801 qui
714 731 1100 788 advenientes
1131 733 1421 802 reciperet
1458 733 1738 803 hospitio,
1779 732 1894 786 nisi
1934 732 2027 785 vir

358 819 712 890 peregrinus
751 834 1075 891 progressa
1126 823 1314 876 aetate.
1359 820 1468 885 Qui
1509 837 1639 875 cum
1689 821 2026 890 aspexisset

361 920 488 976 eos,
521 910 578 960 et
607 907 1035 981 interrogasset
1067 909 1359 964 [.evitam:
1393 910 1520 974 Quo
1542 910 1730 978 vadis,
1759 909 1848 963 vel
1873 909 2024 964 unde

363 994 580 1049 venis?
609 1011 725 1067 quo
745 997 1138 1066 respondente
1168 999 1324 1069 quod
1349 1002 1509 1052 esset
1539 999 1745 1064 viator,
1782 1002 1835 1052 et
1855 1014 2024 1068 repe-

361 1084 509 1138 teret
538 1087 792 1139 montem
826 1085 1118 1156 Ephrzem,
1154 1090 1208 1141 et
1239 1103 1356 1142 non
1398 1090 1559 1142 esset
1589 1087 1686 1158 qui
1721 1087 2028 1158 colligeret

361 1185 516 1240 eum,
547 1171 867 1244 hospitium
889 1176 944 1230 ei
975 1175 1202 1245 obtulit,
1239 1179 1293 1232 et
1324 1177 1628 1231 adornavit
1663 1177 2023 1232 convivium.

435 1276 556 1334 1H.
590 1280 664 1334 At
694 1279 792 1334 ubi
825 1282 1066 1336 satietas
1099 1283 1375 1353 epulandi
1407 1284 1554 1338 facta
1585 1288 1695 1352 est,
1719 1287 1774 1338 et
1805 1301 2027 1338 mensae

361 1369 624 1435 remotae,
660 1369 954 1424 irruerunt
985 1372 1330 1441 pestilentes
1361 1373 1493 1441 viri,
1529 1377 1583 1427 et
1609 1372 2029 1428 circumierunt

365 1454 620 1511 domum.
655 1457 818 1513 Tunc
863 1463 1065 1514 senior
1109 1462 1286 1516 tiliam
1329 1479 1496 1518 suam
1535 1463 1846 1536 virginem,
1885 1453 2024 1516 136

363 1545 420 1598 et
459 1547 819 1617 cetequalem
859 1548 992 1619 ejus
1025 1567 1156 1604 eum
1197 1568 1310 1623 qua
1353 1553 1614 1607 cubitare
1655 1552 1824 1606 solita
1867 1553 2029 1605 esset

363 1633 499 1703 (94),
541 1633 824 1691 offerebat
853 1639 1000 1693 viris
1033 1639 1380 1711 iniquitatis,
1414 1645 1634 1696 tantum
1651 1657 1722 1696 ne
1753 1642 1846 1694 vis
1879 1641 2026 1694 irro-

361 1725 606 1794 garetur
634 1724 872 1796 hospiti.
921 1728 1136 1783 Verum
1168 1729 1266 1784 ubi
1298 1747 1501 1801 parum
1533 1731 1679 1784 ratio
1711 1730 2022 1800 processit,

367 1816 422 1866 et
461 1812 554 1866 vis
583 1815 910 1884 praevaluit,
945 1817 1129 1872 cessit
1159 1819 1396 1873 Levites
1425 1818 1615 1891 jugali
1649 1835 1754 1872 sua
1781 1835 1792 1872 :
1837 1821 1892 1872 et
1923 1834 2026 1872 co-

361 1905 697 1973 gnoverunt
717 1919 864 1973 eam,
889 1909 943 1959 et
967 1909 1079 1959 tota
1101 1911 1270 1962 noete
1296 1908 1609 1962 illuserunt
1632 1909 1704 1960 ei.
1725 1907 1845 1972 Qua
1865 1911 2023 1961 atro-

364 1989 556 2060 citate,
589 1991 683 2046 vel
716 1991 916 2048 dolore
949 1995 1098 2048 victa
1129 1996 1385 2067 injuriae,
1419 2001 1550 2050 ante
1576 1998 1793 2050 ostium
1831 1997 2026 2066 hospi-

355 2079 434 2134 tis
462 2079 596 2148 (95),
629 2097 745 2152 quo
775 2083 868 2136 vir
904 2099 1050 2136 suus
1083 2083 1418 2152 divertcrat,
1455 2085 1706 2156 projccit
1749 2102 1814 2138 se
1849 2089 2023 2155 atque

362 2167 659 2224 exhalavit
690 2171 980 2241 spiritum,
1002 2189 1280 2243 supremo
1300 2174 1430 2227 licet
1451 2176 1584 2227 vitae
1606 2191 1842 2228 munere
1859 2173 2026 2227 atl'ec-

358 2257 502 2324 tum,
535 2257 708 2312 bonae
741 2259 1019 2332 conjugis
1073 2277 1342 2329 servans,
1377 2267 1436 2317 ut
1466 2263 1782 2334 exsequias
1816 2261 2024 2316 saltem

359 2345 454 2400 sui
485 2345 710 2401 funeris
743 2349 948 2402 marito
992 2354 1344 2410 reservaret.

428 2452 549 2506 115.
581 2454 708 2518 Quo
741 2456 976 2525 cognito
1010 2457 1105 2516 (ne
1138 2458 1338 2511 multis
1373 2460 1593 2516 morer)
1615 2458 1806 2512 omnis
1845 2474 2023 2528 prOpe

355 2541 610 2611 populus
643 2543 824 2597 Israel
857 2544 914 2598 in
948 2545 1164 2599 bellum
1197 2548 1442 2616 exarsit,
1475 2548 1777 2618 dubioque
1808 2551 2022 2602 eventu

357 2643 492 2682 cum
505 2644 725 2712 anceps
743 2637 1002 2686 maneret
1019 2635 1306 2704 praelium,
1325 2637 1491 2690 tertia
1507 2640 1696 2689 tamen
1718 2635 2020 2705 prteliandi

353 2715 505 2785 vice,
539 2719 786 2774 traditus
820 2726 910 2775 est
941 2723 1194 2792 populus
1228 2723 1535 2794 Benjamin
1569 2725 1786 2794 populo
1819 2724 2019 2792 lsrael,

355 2808 412 2859 et
439 2805 635 2860 divina
663 2806 961 2878 judicatus
984 2813 1292 2880 sententia,
1319 2829 1525 2880 poenas
1553 2813 2022 2881 intemperantiae

353 2891 479 2948 luit.
513 2893 947 2953 Condemnatus
979 2916 1214 2971 quoque
1267 2917 1338 2954 ne
1389 2902 1524 2971 quis
1571 2902 1624 2956 ei
1670 2917 1742 2956 ex
1777 2917 2020 2956 numero

355 2984 584 3053 patrum
626 2985 738 3055 (96)
780 2987 958 3041 tiliam
999 3004 1166 3042 suam
1207 2989 1368 3044 daret
1409 2991 1464 3044 in
1505 3005 1789 3044 uxorem:
1843 2991 2018 3061 idque

359 3071 1174 3147 confirmatumjurisjurandi
1198 3083 1567 3134 sacramento
1592 3084 1701 3133 est.
1724 3079 1837 3133 Sed
1863 3095 2019 3133 eom-

355 3161 557 3231 puncti
591 3163 748 3234 quod
787 3167 903 3218 tam
934 3167 1206 3220 acerbam
1239 3167 1296 3220 in
1333 3167 1542 3221 fratres
1575 3169 1850 3222 tulissent
1885 3183 2023 3222 sen—

351 3249 622 3339 tentiam,
669 3253 742 3305 ita
799 3255 1174 3308 severitatem
1229 3255 1362 3325 ejus
1407 3261 1906 3326 temperaverunt,
1959 3260 2020 3310 ut
2050 3277 2100 3339 ο

353 3337 590 3394 orbatae
621 3342 966 3411 parentibus
997 3345 1264 3414 virgines
1297 3346 1354 3398 in
1386 3345 1730 3416 eonjugium
1762 3346 1877 3403 sibi
1909 3346 2016 3398 ad-

351 3427 704 3496 sciscerent,
737 3446 986 3500 quorum
1022 3437 1218 3502 patres
1249 3450 1354 3504 pro
1379 3434 1592 3488 delicto
1625 3435 1910 3504 perempti
1938 3435 2020 3488 fo-

349 3519 502 3585 rent,
545 3517 638 3572 vel
684 3524 850 3588 prato
890 3522 1159 3591 copulam
1201 3523 1534 3590 sociarent;
1580 3523 1713 3594 quia
1757 3539 1862 3593 pro
1900 3525 2015 3576 tam

349 3605 540 3674 turpis
571 3608 877 3661 commissi
913 3609 1193 3678 facinore,
1229 3611 1324 3681 qui
1347 3612 1518 3666 alieni
1543 3610 2016 3682 matrimoniijus

348 3692 730 3766 violaverant,
752 3696 1030 3769 indignos
1053 3715 1118 3752 se
1152 3700 1518 3770 impetrando
1542 3701 1867 3754 exhibuere
1894 3717 2020 3754 ma-

349 3781 646 3838 trimonio.
681 3785 795 3838 Sed
837 3801 908 3840 ne
949 3787 1166 3857 periret
1208 3805 1322 3844 una
1366 3789 1582 3860 populo
1614 3790 1826 3856 tribus,
1861 3789 2023 3843 frau-

350 3869 442 3925 dis
471 3871 691 3926 indulta
723 3877 813 3927 est
846 3876 1243 3932 conniventia.

423 3977 545 4032 116.
577 3979 798 4044 Quanta
822 3981 1003 4054 igitur
1022 3983 1349 4039 honestatis
1375 4002 1513 4040 cura
1541 3985 1871 4055 majoribus
1895 3984 2019 4038 fue-

349 4066 444 4135 rit,
488 4067 623 4122 hinc
665 4069 950 4139 proditur,
993 4076 1051 4126 ut
1103 4074 1486 4144 quadraginta
1529 4075 1708 4128 millia
1755 4075 2016 4128 virorum

351 4155 716 4229 stringerent
747 4159 1003 4231 gladium
1022 4162 1314 4217 adversus
1336 4164 1548 4217 fratres
1580 4180 1726 4218 suos
1757 4163 1828 4217 de
1861 4163 2017 4216 tribu

348 4243 688 4317 Benjamin,
743 4248 880 4302 dum
921 4249 1131 4304 ulcisci
1173 4252 1376 4305 volunt
1410 4251 1684 4321 injuriam
1721 4251 2016 4322 pudicitiae

346 4333 500 4405 (97);
533 4336 666 4407 quia
697 4340 1078 4393 tcmeratores
1112 4340 1399 4393 castitatis
1433 4357 1548 4394 non
1581 4339 2020 4394 sutferebantur

349 4423 482 4493 (98).
515 4423 716 4496 Itaque
748 4443 818 4480 eo
853 4427 1007 4480 bello
1040 4444 1194 4482 caesa
1229 4433 1367 4482 sunt
1397 4429 1670 4500 utrinque
1703 4429 2014 4499 sexaginta

349 4512 609 4584 quinque
653 4514 832 4568 millia
876 4516 988 4585 (99)
1031 4515 1411 4586 bellatorum,
1452 4521 1507 4571 et
1544 4519 1773 4572 eXllSltB
1814 4517 2016 4570 urbes.

2133 643 2421 714 sanguine
2452 660 2562 697 suo
2594 660 2808 714 parans
2841 643 3147 697 commissi
3186 644 3383 716 ﬂagitii
3418 647 3629 704 diluere
3661 667 3760 706 uo-

2132 733 2268 785 tam.

2751 821 3002 876 CAI’LTT
3043 822 3168 876 XX.

2131 926 2278 982 Post
2323 928 2568 982 solutam
2601 945 2676 982 ex
2705 927 2917 983 [illisu-ci
2971 927 3248 982 vaticinia
3278 929 3467 983 (liram
3499 930 3765 986 Samaria)

2203 999 2809 1071 obsidioneiu,quauta
2824 1000 3008 1053 Iberi!
3028 1006 3272 1072 quatuor
3285 999 3533 1071 leprosis
3548 1001 3765 1056 honesti

2202 1087 2363 1138 cura,
2400 1078 2741 1125 enarratur.

2203 1178 2321 1232 tl'i.
2356 1177 2424 1231 Et
2455 1178 2591 1248 quid
2625 1177 2834 1232 mirum
2865 1179 2915 1232 si
2948 1178 3162 1248 populo
3194 1177 3298 1232 Dei
3329 1177 3601 1232 decorum
3635 1178 3764 1233 illud

2129 1269 2301 1337 atque
2333 1266 2644 1320 honestum
2676 1283 2834 1320 cura;
2865 1266 2990 1332 fuit,
3028 1266 3261 1337 quando
3302 1267 3476 1320 etiam
3504 1267 3764 1337 leprosis,

2129 1355 2283 1408 sicut
2313 1355 2370 1408 in
2404 1355 2572 1408 libris
2612 1356 2955 1425 Regnorum
2993 1355 3248 1426 legimus
3290 1354 3405 1416 (IV
3427 1355 3570 1426 Reg.
3601 1372 3692 1424 vu,
3723 1358 3776 1426 8)

2130 1442 2456 1498 honestatis
2487 1460 2600 1498 non
2634 1443 2816 1498 defuit
2848 1443 3292 1497 consideratio?

2202 1551 2322 1605 118.
2357 1550 2566 1605 Fames
2597 1553 2722 1604 erat
2753 1567 2962 1621 magna
3012 1555 3066 1604 in
3118 1550 3400 1618 Samaria,
3439 1550 3569 1621 quia
3609 1549 3772 1604 obse-

2129 1640 2292 1694 derat
2322 1656 2448 1693 cam
2482 1640 2762 1709 Syrorum
2794 1641 3112 1694 exercitus.
3143 1640 3269 1693 Rex
3291 1639 3574 1693 militares
3606 1655 3774 1694 excu-

2129 1730 2258 1782 bias
2291 1746 2466 1798 supra
2503 1745 2728 1782 murum
2763 1729 3052 1782 sollicitus
3086 1729 3414 1782 revisebat:
3449 1728 3770 1798 interpella-

2129 1818 2211 1871 vit
2229 1834 2360 1872 eum
2380 1818 2834 1872 mulicrdiccns:
2865 1818 3167 1872 Persuasit
3188 1816 3326 1870 mihi
3350 1817 3475 1870 haec
3499 1817 3698 1870 mulier
3719 1821 3772 1870 ut

2053 1917 2098 1977 Β
2129 1905 2396 1960 atl'errem
2419 1907 2600 1960 tilium
2624 1923 2836 1968 meum,
2859 1905 3108 1972 ctattuli,
3135 1909 3189 1958 et
3213 1906 3510 1970 coximus,
3531 1909 3776 1958 etcome-

2130 1995 2324 2049 dimus
2349 2010 2508 2048 eum:
2536 1999 2586 2047 ct
2609 1995 2871 2064 promisit
2891 1998 2949 2048 ut
2972 1999 3027 2048 et
3050 1994 3174 2064 ipsa
3201 1995 3599 2064 posteatilium
3622 2009 3777 2046 suum

2129 2081 2382 2152 afferret,
2401 2087 2454 2138 ct
2477 2100 2686 2136 carnes
2710 2083 2868 2137 illius
2893 2083 3066 2137 simul
3093 2083 3613 2136 manducaremus:
3639 2097 3777 2134 nunc

2127 2175 2319 2226 autem
2352 2171 2532 2225 tilium
2565 2189 2736 2226 suum
2789 2173 3101 2225 abscondit
3131 2171 3228 2239 (Ι),
3266 2177 3322 2224 et
3357 2187 3473 2224 non
3516 2171 3628 2223 vult
3659 2185 3775 2222 eum

2125 2259 2356 2314 afferte.
2403 2261 2597 2315 Motus
2627 2277 2730 2314 rex
2777 2260 2930 2330 quod
2979 2276 3096 2313 non
3132 2261 3331 2314 solum
3363 2259 3651 2323 humanis,
3683 2258 3775 2310 sed

2125 2349 2296 2403 etiam
2343 2349 2796 2418 parricidalibus
2855 2340 2996 2402 137
3057 2348 3454 2402 cadaveribus
3518 2347 3776 2400 mulieres

2125 2440 2312 2508 pastze
2345 2437 2698 2506 viderentur,
2734 2437 2782 2490 ei
2819 2441 2932 2490 tam
2963 2436 3182 2490 atrocis
3208 2436 3560 2489 calamitatis
3591 2449 3774 2487 exem-

2127 2526 2224 2596 plo
2255 2528 2538 2595 percitus,
2575 2525 2790 2578 l-Zlisico
2829 2525 3130 2594 prepbetai
3179 2524 3548 2578 denuntiavit
3587 2537 3774 2574 necem

2125 2614 2231 2681 (IV
2259 2615 2403 2684 Iteg.
2437 2632 2514 2680 vr,
2533 2614 2746 2682 22.3-3l),
2766 2614 3014 2682 eujusin
3039 2617 3331 2682 potestate
3359 2613 3485 2666 fore
3505 2610 3775 2670 crederet,

2127 2706 2186 2756 ut
2235 2703 2600 2756 obsidionem
2651 2703 2928 2768 solveret,
2976 2701 3352 2770 propulsaret
3403 2700 3648 2752 famem:
3699 2697 3784 2749 vel

2127 2792 2261 2862 quia
2291 2809 2405 2846 non
2438 2793 2784 2861 permiserat.
2807 2791 2931 2861 regi
2958 2794 3017 2844 ut
3053 2794 3390 2860 prrcutercl
3422 2791 3624 2858 Syros,
3645 2800 3782 2857 quos

2127 2881 2388 2934 caecitate
2421 2881 2775 2950 perfuderat.

2199 2987 2320 3042 119.
2337 2987 2588 3042 Sedebat
2605 2986 2857 3040 Elisaeus
2874 3001 3002 3038 cum
3029 2984 3378 3039 senioribus
3401 2983 3458 3035 in
3480 2981 3678 3036 Betbel
3693 2981 3782 3046 (Ξ),

2125 3079 2182 3132 et
2212 3077 2515 3146 priusqam
2546 3075 2811 3130 introiret
2854 3075 2926 3128 ad
2960 3090 3091 3128 eum
3123 3073 3288 3144 regis
3325 3073 3590 3138 nuntius,
3623 3071 3697 3123 ait
3720 3068 3784 3121 ad

2127 3166 2397 3220 seniores
2419 3165 2617 3218 viros:
2652 3165 2712 3218 Si
2741 3163 2975 3216 vidistis
2999 3161 3278 3232 quoniam
3306 3161 3467 3214 filius
3490 3157 3785 3214 homicida)

2125 3255 2282 3308 illius
2313 3253 2474 3308 misit
2503 3254 2736 3307 auferre
2770 3255 2943 3320 caput
2978 3253 3216 3304 meum?
3251 3250 3322 3304 Et
3354 3249 3620 3304 introivit
3646 3263 3786 3300 nun-

2125 3345 2263 3410 tius,
2299 3346 2354 3396 et
2385 3343 2718 3396 mandatum
2750 3340 2912 3410 regis
2943 3339 3199 3410 pertulit,
3225 3337 3786 3405 denuntiantisprae-

2125 3447 2269 3485 scus
2315 3431 2524 3500 capitis
2567 3429 2890 3500 periculum
2930 3427 3044 3494 (IV
3080 3427 3224 3497 Ileg.
3271 3444 3354 3496 γι,
3399 3427 3492 3495 3:2,
3535 3425 3646 3494 33).
3690 3424 3788 3477 (lui

2124 3521 2428 3590 respondit
2459 3519 2773 3589 propheta:
2811 3518 2934 3571 liae
2966 3517 3110 3570 liora
3141 3515 3234 3570 die
3268 3517 3536 3570 crastina
3559 3529 3787 3568 mensu-

2123 3626 2186 3664 ra
2217 3609 2574 3679 similaginis
2608 3608 2778 3674 siclo,
2812 3610 2868 3661 ιι
2909 3607 3039 3660 dum
3075 3621 3375 3660 mensurm
3412 3603 3620 3660 hordei
3652 3601 3789 3656 siclo

2125 3698 2184 3752 in
2213 3701 2378 3768 porta
2411 3697 2712 3751 Samariae.
2749 3696 2818 3750 Et
2864 3713 2996 3749 eum
3043 3695 3268 3749 missus
3301 3712 3334 3748 a
3369 3710 3515 3766 rege
3559 3691 3791 3747 nuntius

2125 3803 2243 3841 non
2287 3786 2660 3852 credidisset,
2723 3784 2968 3838 dicens:
3019 3783 3079 3837 Si
3124 3783 3342 3854 plueth
3394 3783 3682 3837 Dominus
3725 3780 3789 3833 de

2126 3875 2275 3930 cmlo
2305 3874 2718 3929 abundantiam
2752 3873 3048 3938 frumenti,
3075 3889 3180 3926 nec
3205 3873 3294 3925 sic
3319 3872 3566 3944 quidem
3592 3871 3643 3924 id
3669 3884 3796 3938 pos-

2125 3968 2216 4018 set
2247 3963 2438 4031 effici;
2472 3963 2616 4016 dixit
2647 3963 2720 4016 ad
2769 3979 2900 4016 eum
2944 3961 3232 4015 Elisacus:
3267 3961 3422 4025 Quia
3454 3977 3575 4014 non
3606 3959 3792 4013 credi-

2125 4053 2281 4117 disti,
2327 4052 2517 4106 oculis
2562 4052 2680 4106 tuis
2717 4051 2974 4119 videbis,
3006 4055 3064 4104 et
3102 4065 3220 4104 non
3253 4049 3652 4104 manducabis
3695 4045 3800 4116 (Il’

2126 4142 2274 4213 Iteg.
2308 4159 2407 4210 vii,
2443 4141 2490 4205 t,
2521 4141 2594 4210 :2).

2197 4249 2319 4303 120.
2355 4249 2424 4302 Et
2456 4249 2646 4303 factus
2679 4252 2771 4302 est
2824 4247 3021 4304 subito
3052 4247 3110 4301 in
3143 4247 3363 4300 castris
3411 4246 3603 4316 Syriae
3648 4243 3797 4297 velut

2124 4337 2543 4408 quadrigarum
2589 4353 2778 4391 sonus
2816 4336 2914 4406 (3),
2949 4341 3004 4390 et
3053 4351 3170 4389 vox
3211 4336 3396 4389 multa
3430 4335 3714 4406 equilum.
3745 4334 3799 4384 et

2125 4442 2243 4480 vox
2285 4441 2514 4495 magna:
2560 4425 2816 4492 virtutis,
2849 4428 3022 4495 atque
3056 4425 3269 4495 ingens
3303 4424 3455 4478 belli
3493 4423 3794 4487 tumultus,

2123 4518 2180 4568 et
2210 4515 2471 4568 arbitrati
2505 4519 2642 4569 sunt
2672 4514 2803 4583 Syri
2827 4513 2982 4584 quod
3016 4529 3120 4568 rex
3150 4513 3334 4566 Israel
3363 4513 3426 4566 in
3458 4513 3795 4566 serietatem

349 4599 419 4653 Et
452 4601 848 4658 euminferior
869 4605 1054 4673 primo
1088 4605 1298 4660 fuisset
1319 4607 1573 4676 populus
1597 4606 1798 4673 Israel,
1825 4609 2016 4659 tamen
2045 4587 2476 4696 D-advocassct
2507 4602 2694 4673 praelii
2727 4617 2928 4673 regem
2961 4601 3228 4673 A‘Igypti,
3250 4605 3307 4654 et
3340 4617 3559 4672 regem
3592 4604 3798 4654 Amor-

349 4703 457 4744 nec
487 4689 724 4745 adversi
756 4696 911 4748 metu
943 4693 1076 4748 belli
1110 4695 1393 4765 percitus,
1430 4694 1802 4748 vindicanda:
1834 4695 2016 4748 casti-

417 4831 528 4902 (91)
562 4831 713 4908 Edit,
745 4837 800 4888 et
822 4836 996 4908 pauci
1027 4853 1202 4908 mss.,
1237 4836 1490 4908 iugalem
1523 4837 1767 4906 eius.....
1801 4836 2016 4891 solitus

354 4909 517 5028 Ξῗξθι
542 4905 696 5029 :tsetd
716 4907 914 4974 optimi
936 4907 1178 4979 quique,
1205 4905 1498 4980 iidemque
1521 4905 2012 4980 frequentissimi,

443 4990 502 5028 in
576 4991 644 5029 ex
681 4993 735 5029 u.

349 4987 412 5028 ut
443 4990 502 5028 In
549 4987 735 5030 textu.

418 5045 532 5113 (95)
544 5046 826 5122 Nonnulli
841 5065 986 5122 mss.
997 5056 1157 5122 ,ante
1171 5050 1487 5122 hospitium
1501 5050 1772 5122 hospitis.
1783 5049 2012 5104 Erasm.

345 5118 402 5170 et
433 5119 754 5191 seq._edit.,
793 5129 930 5175 ante
961 5120 1212 5175 hostium
1253 5118 1514 5191 Iiospitii.

417 5187 538 5262 (9(5)
563 5187 706 5262 God.
726 5190 990 5262 i'l‘huanq
1027 5207 1104 5244 ex
1134 5187 1374 5245 numero
1392 5199 1584 5262 pater.

416 5259 528 5333 (97)
559 5259 840 5325 Quaedam
862 5263 1023 5326 edit.,
1061 5262 1340 5332 iujuriam
1367 5259 1746 5333 impudicitia
1771 5282 1784 5322 ;
1808 5263 2004 5332 aptius

343 5329 589 5401 reliquae
620 5347 687 5384 ac
722 5348 892 5404 mss.,
919 5329 1197 5400 iniuriam
1217 5329 1558 5404 pudicitiae:
1591 5351 1800 5404 nempe
1833 5329 2006 5404 quam

344 5407 654 5471 acceperat
687 5403 984 5472 pudicitia.

414 5473 528 5546 (98)
561 5473 786 5546 Gill._in
829 5491 1014 5546 marg.
1049 5478 1106 5530 ct
1144 5475 1312 5530 Rom.
1344 5476 1480 5530 edit.
1514 5477 1575 5530 in
1612 5492 1796 5546 corp.,
1831 5477 2010 5529 casti-

347 5543 491 5597 tatis
523 5560 633 5598 uou
655 5543 1084 5600 offerebantur.

420 5614 533 5698 (99)
565 5615 645 5670 lta
675 5615 837 5698 edit.,
869 5631 938 5698 ac
982 5634 1153 5698 mss._
1179 5617 1438 5698 aliquot;
1470 5618 1568 5698 alii
1614 5617 2014 5698 vero-partim

349 5684 987 5769 quadragintapartim
1002 5684 1396 5769 quadraginta
1408 5690 1505 5760 qui
1511 5705 1658 5769 nque
1672 5689 1752 5769 ini
1757 5684 1879 5741 Ilia.
1897 5687 2015 5769 Sed

346 5753 466 5830 pisi
513 5753 708 5811 locum
743 5753 1097 5817 Ambrosius
1134 5753 1472 5816 memoriter
1513 5753 1731 5830 citavit,
1774 5758 2014 5817 omnino

2123 4691 2457 4760 rhtcorum,
2544 4695 2601 4746 et
2684 4690 2961 4762 fugerunt
3047 4689 3306 4744 diluculo
3388 4690 3796 4760 relinquentes

2123 4835 2438 4906 legendum
2461 4835 2529 4889 65
2559 4833 2759 4902 millia,
2791 4836 2870 4906 uti
2893 4833 2950 4886 in
2974 4831 3519 4906 sacriscodicibus
3565 4829 3791 4906 haberi,

2123 4903 2412 4960 subducta
2458 4910 2818 4960 mortuorum
2859 4905 2916 4958 iu
2967 4903 3223 4974 singulis
3273 4903 3509 4973 praeliis
3553 4903 3794 4967 ratione,

2125 4977 2527 5046 cognoscitur.

2195 5044 2272 5118 (1)
2305 5049 2451 5103 Mss.
2485 5047 2726 5119 aliquot,
2761 5045 2944 5100 ﬁlium
2966 5062 3130 5100 suum
3154 5051 3352 5117 negat,
3393 5052 3456 5099 et
3487 5044 3800 5100 abscondit

2123 5137 2272 5174 CIII".

2193 5192 2272 5261 t9.)
2304 5190 2477 5258 Edit.,
2513 5190 2570 5243 in
2603 5185 3181 5261 domoswirEtinfra
3216 5190 3349 5256 post
3373 5188 3536 5242 duos
3561 5203 3796 5261 versus,

2124 5257 2282 5316 ﬁlius
2303 5263 2399 5315 Iu‘e
2433 5257 2757 5314 haunit-idm.
2782 5259 3105 5329 L'trobique
3122 5264 3312 5312 autem
3339 5275 3496 5313 mss.
3526 5275 3710 5330 prope
3728 5257 3796 5310 ad

2123 5349 2300 5386 unum
2335 5337 2394 5386 ut
2427 5349 2484 5385 in
2524 5336 2705 5385 textu.

2192 5407 2270 5470 (3)
2303 5404 2452 5457 Edit.
2489 5420 2619 5456 cum
2652 5418 2766 5454 uno
2792 5402 2879 5454 vel
2905 5401 3086 5454 altero
3109 5417 3275 5464 mss.,
3302 5407 3362 5453 et
3397 5419 3516 5455 rex
3539 5401 3797 5454 multitu-

2123 5475 2320 5539 (linis;
2343 5475 2441 5528 alii
2474 5491 2618 5528 mss.
2645 5491 2759 5526 non
2786 5473 2965 5540 inulti,
2994 5479 3050 5524 et
3082 5489 3250 5544 voces
3271 5472 3498 5544 inultm,
3528 5478 3800 5544 quantum

2125 5553 2183 5600 et
2229 5563 2342 5600 vox
2368 5561 2592 5615 magno
2631 5544 2910 5603 virtutis;
2961 5543 3160 5597 caeteri
3185 5543 3793 5615 nobiscum’faciunt.

2126 5618 2361 5672 Rursus
2393 5614 2533 5670 vero
2569 5615 2667 5668 ubi
2698 5631 2807 5668 nos
2829 5630 2962 5667 cum
2984 5618 3100 5667 aut.
3127 5614 3264 5668 edit.
3298 5617 3354 5667 et
3380 5615 3625 5668 cunctis
3651 5629 3795 5667 mss.

2124 5695 2184 5743 et
2222 5703 2424 5759 regem
2462 5686 2964 5759 {lIIlOI'l‘lleI'IHm
3005 5685 3172 5740 Rom.
3216 5685 3350 5740 edit.
3400 5685 3799 5740 substituerat

2126 5765 2184 5816 et
2217 5758 2422 5832 regem
2460 5758 2825 5814 Etlueorum.
