4060 6158
236 328 340 394 189

1136 329 1246 396 DE
1284 328 1642 398 OFFICIIS
1682 331 2293 400 MINISTRORUM
2339 336 2595 404 LIBER
2635 341 2714 403 ΙΙ.

3523 345 3642 412 190

238 530 578 587 tabernacula
600 546 708 619 sua
729 531 909 601 (Ibid.
941 531 995 601 6,
1043 532 1122 602 'l);
1172 533 1449 605 quoniam
1506 533 1871 588 verebantur
1901 517 2370 606 Apotestatibus
2412 556 2425 594 :
2462 540 2757 598 honestati
2802 562 2944 602 vero
2990 549 3260 618 praeferri
3310 568 3426 608 non
3458 556 3629 627 solet,

236 637 297 676 ne
319 614 624 692 improviso
655 622 912 677 adventu
943 638 1231 677 novorum
1262 622 1735 693 opprimerentur
1766 623 1870 678 ho-

237 710 409 778 stium,
440 714 495 763 et
524 709 857 781 conjunctis
875 725 1083 783 regum
1101 710 1330 766 viribus
1360 726 1479 766 non
1509 716 1757 782 possent
1778 729 1868 768 re-

237 799 446 853 sistere.
469 798 531 853 Id
559 798 923 871 incognitum
940 798 1221 854 Samaria:
1253 803 1397 869 erat,
1432 802 1729 871 quoniam,
1754 802 1871 855 vic-

239 888 273 941 ti
299 890 441 941 metu
476 890 530 940 et
560 886 712 941 fame
750 887 951 957 tabidi,
984 904 1095 942 nec
1133 889 1502 958 praetendere
1553 890 1865 945 audebant.

293 973 408 1032 121.
437 974 613 1029 Erant
642 976 1075 1047 autemleprosi
1106 980 1358 1048 quatuor
1376 978 1449 1032 ad
1471 982 1699 1049 portam
1728 979 1870 1032 civi-

235 1066 371 1132 tatis,
402 1064 615 1135 quibus
647 1066 764 1118 vita
786 1069 909 1119 erat
940 1065 1318 1136 supplicium,
1351 1069 1408 1120 et
1438 1067 1587 1122 mori
1617 1067 1866 1137 lucrum,

235 1157 281 1207 et
305 1153 565 1207 dixerunt
581 1153 653 1207 ad
685 1169 752 1208 se
784 1154 1038 1209 invicem
1070 1170 1082 1209 :
1111 1154 1263 1209 Ecce
1292 1170 1405 1209 nos
1438 1155 1534 1210 hic
1563 1156 1865 1225 sedemus,

230 1246 276 1296 et
301 1241 588 1296 morimur.
607 1242 669 1296 Si
690 1243 1060 1314 ingredimur
1081 1243 1308 1313 urbem,
1342 1244 1664 1299 moriemur
1682 1244 1863 1301 fame:

231 1330 273 1383 si
300 1346 593 1385 manemus
622 1331 740 1400 hic,
773 1332 998 1386 nullum
1029 1331 1365 1387 subsidium
1384 1332 1621 1387 vivendi
1654 1349 1870 1404 suppe-

226 1420 282 1472 tit
308 1419 469 1473 nobis
505 1436 517 1474 :
553 1428 762 1475 e‘amus
786 1421 845 1474 in
880 1424 1073 1475 castra
1096 1421 1304 1491 Syriae,
1337 1426 1435 1475 aut
1457 1423 1870 1493 compendium

229 1508 408 1562 mortis
436 1510 566 1578 erit,
593 1513 693 1563 aut
723 1509 933 1563 salutis
965 1510 1310 1565 remedium.
1345 1511 1741 1565 Perrexerunt
1762 1512 1866 1566 ita-

228 1612 340 1667 que,
371 1601 423 1651 et
452 1598 819 1652 intraverunt
849 1599 906 1652 in
940 1601 1156 1668 castra,
1191 1601 1247 1653 et
1278 1614 1417 1654 ecce
1467 1600 1661 1654 omnia
1711 1601 1865 1655 nuda

227 1684 477 1740 hostium.
502 1687 777 1758 Ingressi
799 1688 1195 1755 tabernacula,
1225 1688 1476 1758 primum
1499 1689 1748 1758 repertis
1770 1689 1870 1743 ali-

227 1776 413 1830 mentis
459 1776 818 1848 fugaverunt
858 1776 1091 1845 famem,
1134 1776 1345 1831 deinde
1394 1778 1521 1831 auri
1552 1780 1608 1831 et
1638 1778 1870 1850 argenti

1978 626 2084 716 sed
2116 626 2481 684 honestatem
2504 633 2911 703 sequi.Qualis
2942 637 3352 708 fuitJonathze,
3388 645 3488 715 qui
3506 626 3643 716 pro-

1978 715 2220 784 prietate
2241 735 2349 774 nec
2383 720 2667 776 ofl‘ensam
2698 725 2902 794 patris,
2939 743 3046 782 nec
3078 731 3286 785 salutis
3310 715 3635 803 periculum

1978 806 2311 879 refugiebat
2333 810 2388 875 (1
2414 811 2561 882 Reg.
2596 831 2695 881 xx,
2729 817 2797 869 29
2831 819 3072 888 elscg.).
3097 819 3298 883 Qualis
3348 823 3454 877 fuit
3498 826 3638 879 Abi-

1978 896 2227 966 melech,
2262 900 2364 969 qui
2408 917 2514 971 pro
2559 902 2869 973 hospitalis
2914 908 3120 977 gratiae
3164 909 3378 965 officiis
3427 928 3632 968 necem

1977 987 2174 1056 potius
2207 989 2321 1055 sui,
2355 1006 2529 1060 quam
2568 994 2957 1062 proditionem
2998 996 3281 1067 fugientis
3303 1000 3495 1070 amici,
3529 1015 3635 1056 su-

1978 1076 2271 1133 beundam
2303 1080 2697 1136 arbitrabatur
2718 1084 2768 1151 (l
2785 1084 2931 1157 Reg.
2959 1102 3083 1155 xxi,
3119 1086 3193 1156 6).

2563 1193 2815 1249 CAPUT
2864 1195 3051 1250 XXII.

1976 1298 2359 1373 Honestatem
2392 1302 2567 1355 amici
2585 1319 2757 1357 causa
2792 1319 2903 1357 non
2926 1303 3341 1373 deserendam;
3366 1305 3423 1359 si
3445 1310 3639 1361 tamen

2047 1371 2341 1446 adversus
2370 1374 2614 1446 amicum
2648 1374 3044 1446 testimonium
3086 1371 3397 1430 dicendum
3428 1376 3635 1446 fuerit,

2048 1444 2373 1518 cautionem
2396 1444 2811 1518 adhibendam.
2840 1445 3006 1499 Inter
3027 1449 3246 1500 amicos
3264 1448 3394 1518 quis
3416 1444 3638 1502 candor

2048 1514 2110 1588 in
2138 1516 2461 1585 aperiendo
2487 1522 2899 1588 pectore,qu
2927 1514 3305 1586 generositas
3327 1519 3387 1571 in
3402 1520 3637 1588 patien-

2048 1586 2140 1659 do,
2176 1603 2300 1659 quae
2330 1588 2392 1640 in
2414 1588 2723 1659 arguendo
2738 1587 2994 1642 libertas
3022 1586 3638 1659 requiratnrJlmiei-

2050 1657 2187 1709 tiam
2217 1658 2492 1711 virtutem
2524 1658 2820 1712 custodem
2852 1675 3005 1728 esse,
3059 1657 3165 1714 nec
3206 1660 3326 1713 nisi
3354 1661 3635 1715 similium

2046 1743 2269 1781 morum
2301 1729 2639 1783 hominibus
2684 1731 2971 1785 inveniri.
3023 1731 3307 1786 Enmdem
3341 1732 3401 1785 in
3445 1733 3635 1786 corri-

2043 1800 2264 1868 piendo
2292 1801 2512 1867 mitem,
2549 1806 2725 1869 atque
2754 1817 2786 1854 a
2819 1802 3091 1870 propriis
3135 1803 3451 1857 commodis
3486 1803 3635 1857 alie-

227 1867 477 1933 quantum
524 1869 864 1935 potuerunt,
898 1866 1284 1936 diripuerunt.
1313 1866 1533 1920 Etcum
1568 1867 1681 1921 soli
1712 1884 1867 1938 prae-
1891 1897 1945 1961 Β
2044 1866 2183 1952 nam
2210 1887 2345 1952 esse
2378 1866 2685 1961 oportere;
2721 1879 2777 1925 et
2982 1891 3147 1961 quam
3178 1875 3312 1955 rari
3344 1874 3408 1929 di
3419 1875 3639 1930 vitibus

230 1951 304 2006 dae
330 1952 752 2019 incumberent,
804 1955 1227 2025 disposuerunt
1259 1955 1336 2024 (4)
1377 1957 1568 2009 tamen
1600 1956 1868 2010 nuntiare

225 2041 331 2113 regi
358 2041 593 2114 fugisse
623 2042 807 2114 Syros
838 2042 1017 2112 (Ibid.
1043 2042 1202 2112 3’11)
1232 2046 1288 2098 et
1305 2043 1440 2114 quia
1472 2043 1530 2098 id
1552 2044 1867 2100 honestum

225 2130 654 2202 arbitrabantur,
688 2148 867 2207 quam
904 2148 1186 2205 represso
1215 2132 1435 2189 indicio
1474 2134 1676 2189 fovere
1709 2134 1865 2190 frau-

225 2219 303 2273 dis
328 2221 610 2292 rapinam.

284 2326 391 2382 129..
425 2327 554 2393 Quo
588 2328 807 2383 indicio
836 2344 1126 2401 egressus
1174 2331 1265 2383 est
1302 2329 1577 2400 populus,
1613 2331 1670 2384 et
1717 2330 1864 2385 diri—

226 2416 329 2485 puit
356 2420 547 2472 castra
580 2417 790 2488 Syriae,
823 2421 880 2472 et
910 2421 1272 2473 commeatus
1295 2419 1554 2474 hostium
1572 2420 1870 2474 abundan-

227 2504 341 2559 tiam
372 2505 528 2576 fecit,
551 2523 806 2562 annonae
829 2507 1106 2561 vilitatem
1120 2507 1371 2562 reddidit
1392 2509 1717 2563 secundum
1741 2525 1871 2579 pro-

226 2593 493 2662 pheticum
523 2595 770 2665 dictum,
802 2600 864 2651 ut
893 2612 1170 2651 mensura
1202 2595 1557 2668 similaginis
1605 2597 1776 2666 siclo,
1812 2600 1870 2652 et

228 2680 335 2737 dum
363 2699 661 2740 mensurae
685 2684 894 2740 hordei
916 2685 1043 2756 pari
1076 2685 1261 2756 pretio
1282 2688 1639 2740 constarent.
1672 2687 1735 2739 In
1758 2686 1868 2740 hac

228 2768 396 2826 laetitia
426 2774 629 2845 plebis
655 2774 898 2829 nuntius
921 2774 1018 2829 ille
1051 2774 1109 2828 in
1138 2790 1256 2845 quo
1281 2775 1694 2845 requiescebat
1738 2791 1865 2845 rex,

228 2862 485 2916 contritus
526 2862 786 2932 inteﬁS)
817 2864 1159 2918 exeuntium
1203 2857 1639 2932 festinationem
1685 2866 1743 2919 et
1771 2879 1869 2918 re-

228 2953 517 3006 meantium
549 2951 1029 3023 exsultationem,
1056 2951 1692 3024 conculcatusaplebe,
1723 2968 1873 3010 mor-

225 3039 338 3094 tuus
365 3044 455 3095 est
484 3040 670 3111 (Ibid.
704 3040 918 3113 16-20.)

707 3150 739 3211 1
754 3149 852 3214 38
899 3156 1151 3213 CAPUT
1199 3158 1357 3213 XXI.

2054 1942 2183 2018 veri
2214 1944 2431 2018 amici.‘
2453 1942 3003 2018 Quantaamicitiaf
3018 1946 3313 2018 dignitas;
3366 1963 3506 2018 quae,
3528 1962 3637 2018 quo

2046 2013 2250 2084 major,
2288 2030 2368 2086 eo
2393 2014 2812 2086 detestabilior
2856 2017 3031 2069 amici
3070 2013 3348 2086 perfidia,
3375 2013 3439 2071 nt
3472 2013 3638 2074 Ju'dw

2047 2089 2220 2155 atque
2252 2085 2569 2139 amicorum
2594 2085 2702 2139 Job
2735 2086 3028 2157 exemplis
3058 2085 3453 2159 cognoscitur.

2049 2190 2169 2246 19.5.
2206 2191 2365 2246 Nihil
2394 2192 2574 2263 igitur
2603 2192 3036 2264 praeferendum
3055 2194 3368 2261 honestati,
3404 2211 3536 2267 quae
3553 2198 3637 2250 ta-

1976 2298 2109 2336 men
2158 2298 2231 2337 ne
2269 2283 2541 2337 amicitiae
2598 2284 2793 2337 studio
2849 2286 3251 2354 praetereatur,
3304 2285 3476 2338 etiam
3519 2284 3633 2338 hoc

1976 2371 2276 2442 Scriptura
2297 2372 2571 2427 admonet
2601 2372 2672 2426 de
2693 2372 2964 2426 amicitia.
2990 2372 3136 2427 Sunt
3157 2372 3312 2427 enim
3334 2372 3633 2444 pleraeque

1975 2460 2466 2531 philosophorum
2524 2462 2887 2533 quaestiones
2948 2478 2959 2517 :
3005 2465 3198 2516 utrum
3231 2462 3402 2516 amici
3452 2478 3633 2517 causa

1983 2550 2296 2620 quisquam
2318 2554 2517 2605 contra
2544 2552 2788 2621 patriam
2810 2552 3030 2606 sentire
3047 2567 3234 2607 necne
3253 2551 3640 2620 debeat(8),ut

1974 2640 2162 2694 amico
2186 2640 2419 2694 obediat
2447 2643 2475 2694 ἱ)
2506 2644 2698 2694 utrum
2732 2644 2994 2711 oporteat
3036 2644 3099 2694 ut
3150 2641 3324 2695 fidem
3373 2641 3629 2709 deserat,

1975 2730 2113 2784 dum
2136 2729 2400 2801 indulget
2428 2733 2600 2800 atque
2634 2729 2879 2784 intendit
2900 2729 3069 2783 amici
3094 2729 3628 2784 commoditatibus.

2047 2819 2167 2873 1:26.
2199 2818 2269 2873 Et
2298 2819 2598 2889 Scriptura
2629 2819 2864 2890 quidem
2878 2819 2983 2873 ait:
3004 2818 3104 2872 Cla
3119 2836 3203 2886 va,
3223 2818 3551 2888 etgladins,
3570 2823 3629 2871 et

1978 2910 2198 2979 sagitta
2212 2908 2559 2977 I'errata,sie
2573 2908 2738 2962 homo
2753 2916 2842 2963 est
2857 2909 3253 2963 testimoniam
3266 2908 3418 2962 alnns
3430 2906 3643 2961 falsum

1979 2997 2274 3052 adversus
2295 2998 2538 3052 amicum
2570 3014 2734 3053 suum
2785 2998 2952 3065 (Pro.
2989 3015 3127 3063 xxv,
3178 2997 3286 3067 18).
3348 2997 3465 3054 Sed
3498 3012 3643 3051 con-
3728 3054 3735 3063 ο

1981 3088 2177 3141 sidera
2208 3088 2347 3158 quid
2379 3090 2621 3141 astruat.
2656 3088 2789 3143 Non
2839 3088 3237 3142 testimonium
3267 3086 3646 3157 reprehendit

1982 3177 2202 3232 dictum
2234 3177 2290 3230 in
2314 3176 2587 3246 amicum,
2624 3177 2730 3231 sed
2778 3176 2993 3231 falsum
3039 3175 3461 3231 testimonium.
3493 3173 3644 3239 Quid

228 3276 429 3354 Esther
447 3284 590 3337 vitae
602 3283 869 3354 periculo
888 3284 1683 3340 honestatisdecusseeutam
1708 3296 1864 3352 esse,
1894 3260 1946 3326 Ο
1983 3267 2137 3322 enim
2161 3267 2213 3321 Si
2243 3266 2347 3320 Dei
2371 3282 2578 3335 causa,
2612 3266 2752 3337 quid
2801 3266 2854 3320 εί
2896 3266 3097 3335 Palma
3130 3267 3378 3354 οοεοίυν
3426 3262 3643 3354 ιιιίειιιίε

287 3353 389 3407 imo
407 3360 463 3408 et
493 3353 705 3423 regem
734 3354 1075 3416 barbarum,
1109 3354 1274 3408 illata
1293 3370 1437 3409 nece
1476 3355 1603 3408 viro
1635 3354 1870 3408 amicis.

286 3425 440 3487 sime,-
475 3426 803 3479 amieitiam
848 3426 1003 3479 enim
1028 3426 1327 3481 honestati
1360 3440 1596 3495 semper
1634 3424 1872 3495 conjun-

285 3497 549 3570 gendam,
589 3504 646 3550 nt
686 3496 953 3552 Jonatluo
985 3503 1159 3570 atque
1174 3493 1583 3552 Alehimclech
1608 3493 1877 3567 exempla

283 3567 552 3635 probant.

290 3670 393 3728 123.
413 3673 570 3739 Quid
604 3673 1060 3748 Estherregina,
1081 3690 1275 3731 nonne
1297 3676 1359 3730 ut
1378 3674 1660 3745 populum
1692 3688 1874 3728 suum

234 3762 466 3827 periculo
490 3768 760 3833 exueret,
792 3765 950 3835 quod
982 3767 1105 3820 erat
1134 3766 1414 3819 decorum
1449 3767 1623 3834 atque
1655 3762 1880 3817 hones-

234 3850 351 3919 tum,
369 3852 545 3906 morti
576 3868 643 3906 se
676 3852 906 3921 obtulit,
940 3869 1051 3907 nec
1080 3853 1321 3907 immitis
1372 3853 1537 3924 regis
1567 3850 1878 3921 trepidavit

236 3933 464 3994 furorem
496 3940 759 3997 (Esther
787 3958 867 4011 iv,
898 3941 988 4011 19)
1018 3943 1048 3996 ?
1086 3942 1220 4012 Ipse
1258 3956 1492 4012 quoque
1523 3954 1629 3994 rex
1661 3939 1878 3993 Persa-

236 4040 343 4080 rum
395 4028 608 4098 ferox,
652 4033 828 4101 atque
859 4030 1080 4084 tumido
1129 4030 1328 4099 corde,
1363 4032 1558 4083 tamen
1597 4028 1879 4082 decorum

232 4110 488 4181 judicavit
522 4118 703 4172 indici
725 4118 1073 4173 insidiarum
1097 4135 1231 4190 quae
1260 4118 1378 4173 sibi
1407 4119 1626 4188 paratae
1659 4115 1876 4185 forent,

237 4205 456 4269 gratiam
487 4209 922 4277 repraesentare
954 4208 1209 4277 (Esther
1229 4224 1307 4276 γι,
1339 4207 1450 4275 31),
1482 4205 1878 4276 populumque

237 4289 455 4349 liberum
473 4312 506 4349 a
533 4297 819 4350 servitute
836 4297 1083 4367 eripere,
1102 4312 1311 4352 eruere
1330 4295 1480 4364 neci,
1502 4310 1610 4349 nec
1632 4308 1878 4364 parcere

237 4380 281 4433 ei
298 4382 383 4451 qui
406 4387 523 4438 tam
555 4384 832 4439 indecora
854 4387 1148 4441 suasisset
1165 4384 1265 4455 (6).
1301 4384 1566 4455 Denique
1580 4398 1754 4454 quem
1777 4396 1879 4436 se-

237 4470 462 4526 cundum
487 4489 522 4526 a
555 4489 644 4542 se,
667 4489 736 4528 ac
767 4475 1130 4545 prmeipuum
1190 4473 1343 4528 inter
1400 4487 1607 4527 omnes
1648 4471 1874 4525 amicos

238 4553 471 4631 haberet,
504 4563 670 4616 cruci
694 4562 948 4632 tradidit,
983 4564 1139 4635 quod
1159 4562 1611 4617 dehonestatum
1643 4575 1709 4614 se
1740 4558 1876 4630 ejus

1985 3356 2183 3412 dicere
2213 3357 2613 3411 testimonium
2643 3358 2671 3411 ?
2726 3355 3025 3426 Numquid
3057 3353 3509 3424 praeponderare
3540 3353 3646 3407 dc-

1982 3446 2083 3501 bet
2112 3446 2365 3501 amicitia
2410 3445 2706 3518 religioni,
2766 3444 3219 3515 praeponderare
3265 3442 3531 3498 charitati
3564 3442 3645 3495 ci-

1986 3537 2146 3591 vium
2174 3536 2300 3605 (9)?
2333 3539 2365 3600 1
2380 3537 2474 3600 39
2498 3537 2562 3590 In
2584 3535 2679 3589 his
2703 3539 2895 3589 tamen
2918 3533 3067 3603 ipsis
3089 3533 3269 3587 rebus
3290 3531 3646 3603 requirenda

1985 3632 2079 3684 est
2097 3630 2316 3684 veritas
2346 3627 2686 3695 testimonii,
2745 3641 2817 3679 ne
2864 3625 3092 3678 amicus
3138 3625 3443 3693 appetatur
3471 3621 3647 3676 amici

1984 3718 2251 3790 perfidia,
2276 3716 2451 3788 cujus
2475 3717 2588 3770 fide
2621 3714 2851 3770 absolvi
2892 3714 3119 3767 debeat.
3154 3713 3397 3766 Amicus
3456 3712 3650 3782 itaque

1982 3824 2174 3879 neque
2235 3808 2411 3861 noxio
2467 3804 2787 3877 gratificari
2846 3802 3038 3871 debet,
3100 3817 3289 3875 neque
3348 3800 3649 3858 innocenti

1987 3896 2278 3952 insidiari.

2056 4024 2177 4079 127.
2211 4024 2365 4077 Sane
2396 4023 2450 4076 si
2479 4036 2730 4076 necesse
2762 4021 2839 4074 sit
2868 4020 3064 4075 dicere
3116 4018 3536 4083 testimonium,
3589 4015 3640 4069 si

1984 4113 2124 4185 quid
2148 4114 2205 4167 in
2219 4112 2406 4166 amico
2426 4111 2550 4165 vitii
2566 4109 2933 4181 cognoverit,
2950 4108 3249 4179 corripere
3264 4106 3492 4161 occulte
3511 4104 3645 4175 (10);

1986 4203 2037 4257 si
2088 4218 2203 4257 non
2237 4201 2505 4268 audierit,
2541 4200 2839 4270 corripere
2871 4198 3081 4269 palam.
3116 4197 3266 4251 Sunt
3291 4196 3447 4250 enim
3476 4195 3649 4248 bonae

1986 4291 2412 4362 correptiones,
2464 4294 2519 4345 et
2566 4289 2911 4359 plerumque
2942 4287 3220 4342 meliores
3270 4300 3443 4356 quam
3476 4282 3648 4337 tacita

1986 4382 2260 4435 amicitia.
2285 4380 2356 4435 Et
2384 4380 2438 4434 si
2489 4378 2625 4433 laedi
2657 4393 2723 4432 se
2753 4379 2914 4448 putat
2934 4377 3183 4443 amicus,
3214 4378 3275 4428 tu
3296 4377 3489 4427 tamen
3511 4386 3648 4424 cor-

1984 4470 2150 4541 ripe;
2211 4469 2349 4525 etsi
2392 4467 2716 4523 amaritudo
2775 4464 3162 4521 correctionis
3219 4461 3477 4515 animum
3515 4457 3650 4529 ejus

1986 4559 2274 4628 vulneret,
2309 4562 2370 4613 tu
2410 4561 2603 4613 tamen
2643 4555 2895 4626 corripe,
2930 4570 3003 4608 ne
3033 4551 3298 4607 verearis
3332 4566 3344 4604 :
3409 4548 3652 4603 Tolera-

239 4623 1949 4720 fraudulentisconsiliisanimadvertisset(Esthervu,9).D
1986 4648 2132 4703 bilia
2166 4623 2302 4703 sunt
2342 4648 2496 4702 enim
2538 4646 2713 4700 amici
2772 4623 3015 4697 vulnera
3049 4641 3158 4711 (ll)
3193 4656 3358 4712 quam
3405 4637 3652 4693 adulan-

304 4736 409 4791 lil.
444 4739 523 4794 Ea
542 4741 701 4795 enim
718 4741 970 4795 amicitia
993 4740 1319 4812 probabilis
1345 4739 1586 4811 (7),qu£e
1601 4737 1877 4792 honesta-

238 4823 336 4877 tem
360 4829 565 4898 tuetur,
606 4829 973 4900 praeferenda
1022 4845 1167 4885 sane
1218 4828 1467 4900 Opibus,
1520 4825 1870 4896 honoribus,

303 4965 469 5036 (l)Sic
503 4988 648 5027 mss.
682 4972 858 5045 longe
892 4972 1146 5044 plurimi,
1185 4987 1253 5026 ac
1282 4972 1437 5026 notae
1468 4966 1825 5041 probatioris
1859 4983 1872 5023 :

245 5058 479 5132 nonnulli
509 5064 702 5116 tamen
733 5066 789 5116 et
804 5078 1011 5116 omnes
1060 5061 1221 5130 edit.,
1258 5060 1373 5115 soli
1386 5062 1631 5132 possent
1652 5056 1877 5128 praedae

243 5126 515 5209 infimare,
548 5132 901 5209 elegerunt;
931 5138 1042 5187 etc.
1113 5204 1123 5209 _
1209 5126 1215 5130 ’
1386 5126 1402 5132 ⁷
1824 5199 1834 5208 .

302 5198 599 5274 (5)0mnes
620 5198 756 5257 e'dit.
792 5220 924 5258 cum
957 5204 1163 5274 paucis
1214 5218 1386 5273 mss.,
1421 5199 1779 5257 constitutus
1811 5199 1873 5252 in

245 5274 388 5339 porta
416 5272 594 5339 inter,
628 5279 740 5328 etc.

302 5337 368 5417 (ﬁt
394 5337 608 5417 anes
630 5345 791 5411 edit.,
828 5361 933 5417 nec
958 5361 1215 5417 parcere
1247 5345 1380 5417 neci
1400 5341 1548 5417 ejus.

303 5408 502 5487 (DCic.
527 5416 626 5470 lib.
658 5433 719 5470 ιιι
754 5408 1115 5487 οΓΠο.,ἰ)ειε.
1139 5416 1264 5484 393,
1301 5408 1527 5487 lin._30:
1567 5433 1589 5463 κ
1618 5411 1869 5467 Maxime

248 5481 410 5553 autem
437 5487 845 5553 perturbantur
875 5481 1088 5551 officia.
1108 5488 1167 5541 in
1191 5481 1486 5551 amicitiis,
1519 5505 1539 5532 ι
1579 5486 1688 5537 etc.

302 5550 673 5629 l8l_lbid.,lin.
691 5559 788 5613 33:
810 5582 832 5607 α
859 5562 930 5613 At
943 5550 1131 5629 neque
1155 5563 1355 5612 contra
1378 5550 1864 5629 rempublicam,»

252 5622 339 5700 etc.
368 5624 501 5680 ltem
529 5628 600 5683 de
628 5630 843 5695 Amie.,
890 5622 1185 5700 pagfﬂt,
1218 5629 1319 5683 lin.
1366 5628 1391 5681 1
1429 5644 1441 5681 :
1476 5622 1870 5700 Quamobrem

255 5691 540 5763 Videamus,
582 5700 635 5759 si
682 5691 909 5779 placet;
947 5691 1238 5776 qvuatenus
1285 5714 1452 5755 amor
1500 5698 1561 5753 in
1616 5694 1873 5755 amicitia

1990 4739 2130 4792 tium
2162 4737 2357 4793 osenla
2378 4736 2588 4805 (Prov.
2626 4751 2811 4801 xxvii,
2842 4733 2921 4799 6).
2958 4729 3263 4783 Errantem
3287 4726 3469 4799 igitur
3505 4726 3655 4780 ami-

1987 4843 2121 4882 cum
2177 4826 2448 4895 corripe,
2518 4823 2892 4877 innocentem
2941 4819 3195 4874 amicum
3254 4834 3325 4872 ne
3382 4818 3650 4871 deseras.

1985 4968 2266 5041 progredi
2285 4966 2514 5021 debeat.
2554 4985 2577 5015 ι
2604 4968 2714 5020 etc.
2745 4965 2759 4978 ⁸

2056 5060 2136 5126 (9)
2161 5058 2329 5112 Rom.
2363 5055 2524 5126 edit.,
2563 5052 3045 5126 przeponderare
3062 5047 3615 5126 charitatiAvitjum.

2056 5117 2169 5198 (10)
2215 5128 2335 5181 Cic.
2377 5117 2578 5200 ρωέί
2622 5117 2723 5200 lib.
2760 5117 3385 5200 I,_pag._3_58._lin.-46
3419 5134 3432 5174 :
3467 5119 3656 5200 luter-

1985 5193 2122 5254 dum
2145 5193 2315 5254 etiam
2341 5196 2789 5268 objurgationes
2882 5193 3321 5268 a'micisyigent
3340 5193 3611 5243 maxime.
3626 5211 3645 5235 ιι

1984 5272 2142 5327 Idem
2173 5271 2248 5326 de
2284 5262 2500 5336 Amic,
2523 5262 2669 5338 'pag.
2705 5268 2828 5333 1:25,
2856 5266 2956 5320 lin.
2989 5267 3022 5318 5
3056 5262 3419 5319 :(Zonsilium
3441 5275 3644 5314 verum

1984 5343 2124 5397 dare
2147 5342 2515 5414 gaudeamus
2536 5339 2744 5414 libere,
2772 5340 2947 5414 »_elc_._
3200 5411 3208 5414 _
3342 5403 3351 5412 .
3401 5403 3411 5412 .

2056 5415 2105 5482 (ι
2126 5400 2182 5481 1‘)“
2214 5414 2382 5467 nom.
2417 5411 2554 5465 edit.
2589 5409 2716 5463 sola
2734 5400 2762 5462 ':
2797 5406 3058 5482 litiliora
3074 5411 3209 5482 eam
3234 5403 3411 5482 amici
3429 5400 3645 5482 3'"qu-

1982 5468 2089 5539 ra‘:
2124 5468 2237 5538 vet.
2272 5486 2463 5537 autem
2493 5498 2561 5534 ac
2594 5496 2787 5547 mss..,
2824 5476 3199 5551 Tolerabilis,
3227 5490 3332 5527 seu
3359 5468 3645 5551 tolerabi-

1983 5537 2175 5618 liora;
2206 5554 2443 5625 quidam
2466 5557 2677 5617 tamen,
2711 5537 3120 5621 probabiliora
3152 5537 3286 5621 sunt
3321 5542 3496 5597 amici
3525 5537 3647 5617 vui:

1986 5643 2153 5697 nera,
2179 5631 2289 5695 etc.
2718 5638 2723 5641 ‘
