4060 6158
233 266 326 330 193
1262 258 1374 324 ΒΕ
1419 262 1944 325 VIRGINIBUS.
1981 296 2059 308 —
2089 259 2600 339 ADMONITIO.

3553 267 3671 331 194

234 487 308 538 est
335 483 473 536 enim
502 497 638 536 vera
682 480 955 545 amicitia,
991 480 1091 534 ubi
1124 483 1214 534 est
1245 480 1424 535 fallax
1451 479 1723 546 adulatio,
1759 480 1862 535 Di-
1893 463 1951 525 Α
1990 497 2131 537 vero
2146 481 2282 549 (2'7),
2311 481 2478 536 homo
2506 482 2816 549 unanimis,
2852 483 2974 537 dux
3000 499 3165 538 meus
3187 488 3245 538 et
3275 487 3447 538 notus
3466 499 3650 555 meus,

235 573 420 625 vitibus
450 571 638 641 itaque
670 571 936 640 plerique
983 571 1374 624 asscntatorie
1421 568 1861 642 gratificantur!

230 677 344 731 erga
395 675 699 729 pauperem
753 675 925 712 nemo
970 659 1278 712 simulator
1322 662 1414 712 est
1463 657 1597 727 (26).
1647 659 1863 712 Verum

229 756 304 804 est
330 748 593 819 quidquid
627 747 890 800 defertur
920 748 1184 817 pauperi,
1211 744 1393 817 hujus
1424 747 1675 800 amicitia
1709 747 1862 800 invi-

227 839 302 892 dia
333 843 501 890 vacat.

279 925 382 978 135.
419 924 559 988 Quid
594 926 847 978 amicitia
879 924 1222 994 pretiosius,
1263 941 1394 995 quae
1428 925 1661 996 angelis
1693 941 1858 979 com-

227 1014 391 1068 munis
412 1017 463 1067 et
494 1013 833 1068 hominibus
865 1015 1002 1066 est?
1036 1013 1202 1068 Unde
1249 1017 1306 1067 et
1348 1013 1630 1067 Dominus
1678 1013 1857 1067 Jesus

221 1103 366 1156 dicit:
391 1100 592 1156 Facite
615 1102 785 1157 vobis
805 1103 1026 1156 amicos
1048 1102 1122 1156 de
1152 1102 1356 1172 iniquo
1383 1117 1725 1171 mammona,
1763 1102 1860 1173 qui

219 1191 478 1262 recipiant
511 1207 616 1245 vos
637 1191 697 1244 in
726 1196 958 1245 aeterna
992 1190 1376 1245 tabernacula
1398 1207 1500 1244 sua
1528 1191 1694 1260 (Luc.
1736 1207 1856 1259 XVI,

219 1279 279 1348 9).
301 1279 418 1349 Ipse
435 1295 544 1333 nos
563 1280 724 1334 Deus
746 1279 971 1334 amicos
999 1295 1073 1334 ex
1093 1280 1356 1334 servulis
1378 1279 1536 1348 facit,
1558 1280 1712 1333 sicut
1731 1279 1858 1349 ipse

221 1367 330 1431 141
368 1368 441 1420 ait
471 1383 484 1422 :
520 1369 649 1423 Jam
685 1384 787 1422 vos
817 1368 994 1422 amici
1020 1369 1140 1422 mei
1159 1370 1330 1436 estis,
1364 1368 1422 1422 si
1442 1368 1719 1422 feceritis
1737 1383 1861 1439 quae

217 1463 305 1517 ego
334 1447 611 1518 praecipio
657 1447 824 1502 vobis
857 1447 1048 1518 (Joan.
1093 1464 1190 1515 xv,
1237 1448 1346 1517 l4).
1395 1447 1566 1502 Dedit
1610 1446 1860 1501 formam

217 1535 453 1590 amicitiae
474 1552 652 1606 quam
685 1551 1025 1606 sequamur,
1049 1539 1110 1590 ut
1141 1535 1630 1590 faciamusamici
1652 1535 1862 1589 volun-

214 1628 377 1692 tatem,
399 1629 458 1678 ut
487 1625 827 1694 aperiamus
859 1627 1091 1678 secreta
1117 1628 1319 1679 nostra
1359 1624 1548 1678 amico
1581 1639 1860 1695 quaecun-

218 1728 309 1782 que
334 1714 388 1766 in
419 1717 658 1783 pectore
681 1714 990 1782 habemus,
1025 1717 1082 1767 et
1103 1713 1261 1768 illius
1292 1729 1505 1767 arcana
1538 1729 1655 1767 non
1688 1713 1858 1784 igno-

1984 571 2080 643 qui
2101 586 2338 641 semper
2357 585 2579 623 mecum
2613 568 2817 623 dulces
2849 572 3125 642 capiebas
3142 572 3510 638 cibos(Psal.
3535 589 3650 643 LIV,

1982 657 2105 728 tot)!
2150 658 2278 712 Hoc
2309 661 2419 725 est,
2453 674 2568 712 non
2600 661 2794 728 potest
2815 659 3097 713 sustineri
3129 661 3305 728 istud,
3340 662 3475 731 quia
3510 677 3654 714 una-

1979 749 2156 802 nimis
2207 747 2479 817 appetisti
2521 762 2674 815 eum,
2709 747 2808 818 qui
2857 747 2959 801 tibi
2992 748 3309 802 donaverat
3359 749 3649 820 gratiam:

1977 836 2130 890 Nam
2171 835 2227 890 si
2275 836 2550 889 inimicus
2592 852 2758 889 meus
2806 836 3221 890 maledixisset
3257 837 3423 906 mihi,
3463 838 3650 892 susti-

1978 925 2240 978 nuissem
2266 925 2462 996 utique
2479 923 2656 993 (Ibid.
2680 924 2798 992 13);
2832 924 2978 979 etab
3002 940 3070 979 eo
3106 925 3248 989 142
3271 926 3369 995 qui
3391 941 3484 980 me
3507 926 3651 980 ode-

1976 1007 2084 1072 rat,
2111 1004 2539 1058 absconderem
2563 1019 2676 1057 me.
2701 1004 2978 1058 Inimicus
2999 1005 3165 1058 vitari
3187 1008 3398 1074 potest,
3423 1006 3649 1061 amicus

1977 1109 2094 1147 non
2123 1095 2338 1162 potest,
2373 1092 2425 1146 si
2449 1092 2716 1146 insidiari
2740 1093 2896 1147 velit.
2930 1093 3094 1147 Illum
3122 1109 3401 1148 cavemus
3422 1093 3512 1148 cui
3533 1110 3651 1149 non

1978 1181 2396 1235 committimus
2457 1181 2704 1235 consilia
2760 1185 2962 1236 nostra
3012 1198 3023 1237 :
3072 1181 3230 1237 hunc
3272 1198 3482 1237 cavere
3531 1199 3651 1238 non

1975 1285 2320 1340 possumus,
2355 1269 2451 1323 cui
2474 1270 2900 1325 commisimus.
2927 1271 3126 1341 Itaque
3157 1271 3226 1324 ad
3260 1270 3652 1326 acervandam

1976 1359 2202 1429 peccati
2224 1357 2502 1412 invidiam
2535 1375 2651 1413 non
2684 1359 2830 1412 dixit
2865 1375 2876 1413 :
2909 1359 2996 1413 Tu
3013 1374 3176 1428 vero,
3210 1375 3425 1414 servus
3458 1374 3646 1427 meus,

1976 1447 2283 1517 apostolus
2310 1463 2478 1501 meus
2504 1463 2518 1516 ;
2553 1447 2680 1516 sed,
2707 1447 3016 1502 Unanimis
3040 1464 3239 1515 meus;
3264 1447 3378 1502 hoc
3401 1450 3510 1514 est,
3532 1463 3651 1503 non

1976 1551 2166 1604 meus,
2224 1536 2332 1590 sed
2364 1535 2537 1590 etiam
2583 1538 2722 1589 tuus
2762 1536 3026 1606 proditor
3055 1551 3141 1606 es,
3187 1536 3283 1607 qui
3317 1537 3652 1592 unanimem

1975 1625 2307 1695 prodidisti.

2054 1713 2171 1768 137.
2216 1713 2502 1767 Dominus
2526 1713 2654 1784 ipse
2687 1729 2819 1767 cum
2852 1713 3092 1768 atribus
3115 1714 3362 1786 regibus
3384 1712 3650 1770 offensus

215 1817 406 1856 remus.
429 1801 828 1857 Ostendamus
864 1802 946 1856 illi
980 1818 1092 1857 nos
1120 1805 1328 1872 pectus
1360 1806 1648 1871 nostrum,
1675 1804 1732 1856 et
1761 1801 1856 1855 ille
1892 1789 1941 1848 Β
1979 1805 2162 1871 esset,
2189 1802 2288 1873 qui
2312 1805 2517 1856 sancto
2540 1802 2652 1857 Job
2680 1818 2798 1856 non
2821 1802 3191 1871 detulissent,
3219 1803 3533 1874 ignoscere
3555 1803 3650 1858 his

213 1891 358 1945 nobis
388 1892 614 1961 aperiat
645 1907 839 1946 suum.
874 1891 1032 1959 Ideo,
1067 1892 1276 1962 inquit,
1314 1907 1414 1945 vos
1445 1891 1576 1945 dixi
1615 1891 1854 1960 amicos,

214 1981 320 2051 quia
365 1981 554 2034 omnia
601 1995 958 2052 quaecunque
997 1980 1202 2034 audivi
1237 1997 1268 2033 a
1311 1979 1500 2034 Patre
1539 1995 1685 2048 meo,
1725 1985 1858 2034 nota

212 2068 310 2121 feci
343 2069 502 2123 vobis
534 2068 732 2135 (Joan.
769 2085 868 2137 xv,
903 2069 1011 2137 15).
1045 2068 1204 2122 Nihil
1237 2084 1381 2139 ergo
1415 2068 1668 2122 occultat
1711 2070 1859 2123 ami-

213 2172 316 2224 cus,
337 2157 383 2211 si
417 2173 603 2212 verus
626 2161 750 2212 est:
785 2156 1030 2211 effundit
1050 2158 1309 2210 animum
1341 2172 1537 2226 suum,
1573 2158 1727 2212 sicut
1769 2157 1860 2212 ef-

208 2243 454 2299 fundebat
484 2247 770 2316 mysteria
806 2245 992 2299 Patris
1025 2245 1310 2300 Dominus
1345 2245 1546 2300 Jesus.

266 2331 374 2388 138.
416 2333 583 2406 Ergo
615 2335 714 2405 qui
746 2333 886 2388 facit
924 2333 1192 2387 mandata
1227 2333 1351 2403 Dei,
1377 2334 1604 2388 amicus
1645 2337 1772 2404 est;
1807 2337 1863 2390 et

211 2420 301 2475 hoc
322 2422 645 2477 honoratur
665 2423 922 2477 nomine.
955 2421 1061 2487 Qui
1090 2427 1180 2476 est
1213 2423 1530 2491 unanimis,
1559 2424 1689 2494 ipse
1713 2424 1861 2478 ami-

213 2525 299 2564 cus
325 2517 441 2566 est:
476 2513 640 2584 quod
669 2511 861 2565 unitas
883 2512 1210 2566 animorum
1235 2512 1291 2565 in
1310 2513 1518 2565 amicis
1542 2513 1649 2566 sit:
1671 2528 1861 2584 neque

210 2601 488 2671 quisquam
507 2600 940 2669 detestabilior,
957 2616 1130 2672 quam
1154 2600 1252 2671 qui
1277 2601 1593 2654 amicitiam
1615 2601 1858 2656 laeserit.

213 2687 352 2743 Unde
382 2689 440 2743 in
461 2690 767 2760 proditore
800 2689 1087 2744 Dominus
1117 2689 1229 2743 hoc
1251 2690 1672 2760 gravissimum
1693 2690 1861 2744 inve-

212 2778 293 2844 nit,
329 2779 480 2849 quod
511 2778 655 2850 ejus
686 2778 1105 2832 condemnaret
1126 2778 1451 2848 perfidiam,
1474 2779 1630 2850 quod
1654 2777 1861 2850 gratias

210 2866 368 2920 vicem
410 2884 530 2923 non
578 2867 1115 2937 repraesentaverit,
1160 2871 1215 2922 et
1261 2867 1552 2922 conviviis
1589 2867 1864 2922 amicitiae

211 2969 469 3012 venenum
528 2956 772 3011 malitiae
823 2956 1146 3010 miscuerit.
1210 2956 1409 3028 Itaque
1463 2956 1552 3012 sic
1593 2957 1720 3012 ait:
1782 2955 1862 3011 Tu

264 3160 362 3231 (26)
400 3161 511 3218 Gil.
550 3179 623 3218 ac
661 3165 829 3218 Rom.
861 3162 1022 3232 edit.,
1059 3179 1225 3219 nemo
1260 3169 1600 3219 assentator
1635 3169 1746 3219 est.

1979 1906 2084 1961 per
2115 1892 2368 1944 amicum
2404 1890 2625 1960 maluit,
2659 1895 2722 1945 ut
2750 1891 3021 1945 amicitiai
3055 1890 3403 1962 suffragium
3433 1893 3650 1946 remis-

1979 1979 2071 2034 sio
2103 1980 2269 2034 fieret
2292 1982 2687 2050 peccatorum.
2709 1980 2908 2051 Itaque
2931 1981 3164 2051 rogavit
3185 1980 3315 2045 Job,
3353 1983 3410 2034 et
3448 1980 3650 2036 Domi-

1980 2085 2092 2122 nus
2117 2069 2345 2140 ignovit
2374 2067 2507 2137 (Job
2537 2085 2676 2136 XLII,
2709 2067 2763 2138 6,
2803 2069 2911 2139 10).
2957 2068 3184 2123 Profuit
3209 2068 3331 2122 illis
3374 2069 3647 2141 amicitia,

1979 2157 2198 2228 quibus
2222 2156 2491 2212 obfuerat
2515 2156 2849 2211 insolentia.

2591 2243 3032 2300 CONCLUSIO.

2052 2331 2174 2389 138.
2219 2334 2362 2388 Haec
2392 2333 2546 2404 apud
2575 2350 2684 2388 vos
2717 2334 2985 2404 deposui,
3020 2333 3144 2404 filii,
3183 2351 3316 2406 qum
3349 2333 3650 2390 custodia-

1976 2423 2053 2477 tis
2079 2423 2138 2476 in
2169 2423 2382 2476 animis
2417 2423 2637 2478 vestris
2663 2438 2675 2478 :
2710 2439 2843 2494 quae
2875 2427 3068 2477 utrum
3097 2423 3317 2495 aliquid
3346 2423 3648 2494 profectus

1980 2512 2253 2579 habeant,
2301 2527 2410 2566 vos
2448 2511 2809 2582 probabitis;
2861 2511 3093 2566 interim
3133 2513 3361 2583 copiam
3409 2512 3650 2568 multam

1980 2601 2384 2671 exemplorum
2414 2599 2666 2655 offerunt
2698 2617 2710 2656 :
2749 2617 2882 2655 nam
2911 2616 3094 2672 prope
3127 2601 3320 2656 omnia
3359 2601 3651 2673 majorum

1981 2690 2271 2761 exempla,
2315 2689 2566 2760 plurima
2609 2705 2846 2762 quoque
2876 2690 3028 2744 dicta
3065 2690 3158 2745 his
3190 2690 3382 2744 tribus
3421 2690 3652 2746 inclusa

1980 2778 2151 2833 libris
2174 2782 2486 2847 tenentur;
2517 2782 2580 2833 ut
2601 2783 2656 2834 et
2679 2779 2730 2832 si
2761 2795 2960 2834 sermo
2992 2779 3135 2833 nihil
3168 2779 3392 2835 deferat
3422 2782 3649 2852 gratiae,

1983 2869 2174 2922 series
2189 2871 2382 2922 tamen
2399 2868 2711 2922 vetustatis
2730 2868 2984 2939 quodam
3004 2869 3350 2940 compendio
3365 2884 3655 2939 expressa

1979 2957 2296 3028 plurimum
2329 2957 2737 3012 instructionis
2760 2956 3042 3012 conferat.

267 3235 366 3302 (2‘7)
404 3234 552 3290 Cod.
584 3236 813 3307 Benig.,
840 3235 914 3290 de
945 3251 1051 3308 quo
1082 3235 1226 3306 loco,
1263 3241 1321 3290 ut
1352 3252 1529 3308 supra
1559 3236 1842 3306 diximus,
1876 3234 2030 3292 bene
2060 3234 2143 3292 ait
2175 3242 2417 3291 sanctus
2447 3234 2644 3291 David
2674 3255 2690 3290 :
2725 3240 2784 3290 tu
2818 3250 2977 3306 vero,
3004 3238 3116 3291 etc.

785 3577 1444 3657 ADMONITIO
1548 3577 1664 3654 IN
1777 3577 2203 3657 LIBROS
2315 3577 3064 3674 SEQUENTES,

878 3722 1003 3776 UBI
1037 3719 1132 3776 ET
1165 3721 1264 3776 DE
1293 3721 1674 3778 VIRGINUM
1707 3720 2130 3778 SACRARUM
2159 3721 2475 3778 ORIGINE
2504 3720 2982 3778 DISSERITUR.

270 3963 634 4041 Virginitatis
668 3970 994 4024 institutum
1019 3985 1151 4025 cum
1175 3970 1234 4024 in
1257 3971 1406 4041 ipsis
1428 3969 1649 4024 Christi
1682 3971 1912 4025 Domini
1936 3971 2160 4041 verbis,
2189 3971 2580 4042 Doctorisque
2610 3970 2872 4042 gentium
2907 3971 3175 4026 consiliis
3207 3970 3531 4026 stabilitum
3573 3971 3674 4043 sit,

213 4059 359 4126 atque
380 4060 436 4112 in
461 4059 732 4113 Ecclesia
765 4060 1018 4113 maximo
1051 4076 1287 4130 semper
1306 4059 1481 4114 fuerit
1501 4060 1559 4113 in
1591 4060 1778 4130 pretio
1805 4076 1819 4129 ;
1852 4075 1969 4114 non
2002 4059 2445 4113 immorabimur
2465 4060 2524 4112 in
2544 4059 2888 4113 refellendis
2921 4059 3040 4113 illis
3071 4059 3370 4114 haereticis
3404 4060 3506 4131 qui
3527 4075 3672 4115 cou-

214 4145 284 4196 tra
315 4148 686 4202 manifestam
719 4147 1036 4218 Scriptura:
1059 4163 1127 4202 ac
1159 4149 1457 4203 universa:
1487 4149 1820 4202 traditionis
1852 4149 2286 4216 auctoritatem,
2335 4147 2428 4201 vel
2477 4147 2810 4201 caelibatum
2849 4151 3242 4218 postposuere
3279 4148 3670 4218 matrimonio,

215 4233 289 4287 vel
310 4237 684 4291 continentiae
715 4239 850 4290 vota
890 4240 1164 4307 tanquam
1193 4237 1522 4305 temeraria,
1557 4238 1732 4306 impia
1765 4241 1937 4307 atque
1979 4237 2178 4290 illicita
2227 4234 2658 4306 proscripsere.
2711 4236 2826 4291 Sed
2858 4238 3134 4306 quoniam
3165 4239 3318 4291 inter
3349 4237 3674 4292 catholicos

215 4320 292 4372 alii
316 4323 432 4392 jam
463 4324 538 4376 ab
566 4325 715 4393 ipsis
749 4323 1034 4378 Ecclesiae
1072 4324 1446 4378 incunabulis
1478 4324 1772 4378 affirmant
1803 4325 2107 4380 exstitisse
2139 4325 2427 4396 virgines,
2471 4341 2603 4395 quae
2647 4328 2768 4379 tum
2800 4325 3087 4379 solemnia
3123 4326 3496 4380 continentiae
3541 4327 3678 4378 vota

216 4417 620 4482 nuncuparent,
656 4417 774 4466 tum
805 4414 975 4466 etiam
1010 4428 1380 4467 communem
1410 4414 1587 4466 vitam
1620 4413 1678 4466 in
1710 4413 2087 4467 monasteriis
2122 4413 2616 4482 amplecterentur
2657 4429 2668 4467 :
2703 4411 2800 4466 alii
2849 4417 3043 4467 autem
3086 4413 3237 4482 ipsis
3284 4413 3411 4466 sola
3450 4412 3677 4481 privata

214 4502 346 4564 vota,
369 4505 424 4552 et
453 4501 635 4553 vitam
672 4501 849 4553 autin
886 4501 1196 4554 multarum
1229 4500 1504 4555 saeculari
1535 4502 1943 4572 contubernio,
1987 4505 2084 4555 aut
2125 4501 2466 4573 singulatim
2508 4502 2566 4554 in
2606 4502 2869 4571 paternis
2909 4501 3184 4554 domibus
3223 4504 3411 4553 actam
3457 4514 3675 4554 conce-

215 4583 369 4641 dunt:
404 4589 503 4644 alii
537 4589 773 4643 demum
811 4590 871 4642 in
901 4589 1049 4658 ipsis
1083 4589 1335 4659 simplex
1366 4590 1734 4660 propositum
1772 4591 1928 4661 quod
1967 4591 2079 4647 illae
2113 4590 2246 4644 velo
2288 4594 2344 4644 et
2372 4593 2627 4645 vestium
2667 4606 2909 4644 suarum
2951 4589 3238 4644 modestia
3287 4589 3678 4660 testabantur,

215 4681 541 4743 agnoscant,
579 4677 895 4730 Ambrosio
919 4680 1124 4731 nostro
1142 4678 1385 4747 primam
1411 4677 1838 4746 parthenonum
1861 4677 2286 4734 institutionem
2307 4679 2726 4748 attribuentes;
2760 4694 2877 4732 non
2898 4677 3193 4749 ingratum
3215 4677 3492 4732 duximus
3525 4677 3674 4749 fore,

217 4762 260 4814 si
287 4765 447 4831 paqu
479 4765 728 4819 uberius
759 4765 830 4820 de
853 4767 1059 4821 eodem
1081 4770 1428 4837 argumento
1449 4767 1954 4837 proloqueremur.

277 4849 520 4907 Primam
556 4854 891 4923 opinionem
915 4857 1145 4908 constat
1175 4859 1513 4924 susceptam
1544 4871 1681 4909 esse
1713 4871 1746 4907 a
1774 4855 2044 4924 pluribus
2075 4857 2175 4927 qui
2197 4872 2323 4910 eam
2355 4854 2877 4909 dissertationibus
2899 4857 2955 4909 et
2985 4855 3328 4926 ingentibus
3363 4856 3536 4910 etiam
3566 4871 3677 4911 vo-

218 4935 519 4996 luminibus
561 4959 936 5013 propugnare
977 4943 1190 5011 conati,
1241 4943 1474 4997 Patrum
1515 4948 1571 4998 et
1622 4943 2004 4998 conciliorum
2037 4943 2424 5014 quorumdam
2470 4943 2826 5012 testimonia,
2876 4943 3309 5014 multorumque
3359 4948 3679 5014 martyrum

221 5028 339 5082 Acta
373 5036 830 5103 congesserunt.
869 5032 1479 5087 Nihilominustamen
1515 5049 1762 5104 magnas
1792 5034 1921 5103 ipsa
1951 5031 2328 5086 difficultates
2361 5031 2479 5100 pati
2509 5031 2760 5085 videtur.
2803 5033 3083 5086 Romanae
3126 5032 3293 5103 leges
3344 5033 3677 5087 caelibatum

222 5129 404 5174 severe
426 5121 821 5190 prohibebant
842 5137 909 5174 ac
939 5122 1258 5191 puniebant
1291 5137 1302 5176 :
1336 5120 1805 5176 Christianorum
1829 5121 1922 5176 vel
1954 5121 2228 5175 minimos
2252 5121 2384 5191 cogi
2419 5123 2748 5174 conventus
2781 5137 3150 5192 nequaquam
3183 5121 3456 5175 sinebant
3487 5121 3680 5175 idolo-

218 5201 394 5278 latraa;
427 5210 529 5280 qui
561 5211 733 5264 etiam
767 5226 872 5280 pro
913 5218 1020 5264 Sua
1055 5210 1318 5264 libidinis
1349 5211 1688 5280 impotentia
1721 5211 1971 5264 maxime
2005 5210 2064 5263 in
2095 5209 2363 5280 virgines
2397 5209 2932 5264 debacchabantur.
2969 5210 3110 5264 Haec
3141 5212 3334 5264 tamen
3366 5209 3679 5264 difﬁculta-

222 5293 324 5346 tum
355 5297 632 5369 repagula
663 5313 867 5352 eorum
897 5313 1028 5369 quaa
1071 5299 1132 5351 in
1179 5302 1495 5369 martyrum
1544 5298 1696 5352 bene
1738 5299 2053 5353 multorum
2098 5298 2262 5352 Actis
2309 5297 2606 5368 leguntur,
2659 5299 3002 5353 auctoritate
3052 5301 3517 5366 removerentur,
3559 5296 3682 5352 nisi

222 5378 358 5437 illam
387 5386 645 5441 elevaret
665 5387 987 5442 vehemens
1021 5387 1306 5457 suapicio,
1335 5403 1406 5441 ne
1430 5387 1696 5441 dicamus
1734 5387 1948 5441 indicia
1983 5402 2164 5458 prope
2203 5385 2532 5455 manifesta,
2565 5386 2984 5457 corruptionis.
3007 5386 3174 5452 Quod
3204 5389 3397 5441 autem
3426 5385 3499 5440 ad
3529 5385 3676 5439 alla-

224 5470 302 5523 tos
329 5473 563 5529 Patrum
592 5479 691 5530 aut
719 5476 1105 5531 conciliorum
1128 5476 1314 5546 locos,
1351 5475 1522 5530 facile
1562 5475 1697 5530 illos
1719 5476 1795 5530 ita
1820 5478 2120 5546 exponunt
2141 5473 2259 5544 alii,
2293 5478 2355 5528 ut
2385 5474 2444 5528 in
2476 5489 2618 5528 suas
2642 5474 2813 5530 etiam
2844 5477 3042 5544 partes
3064 5475 3389 5528 traducant.
3604 5533 3608 5537 ,
3663 5540 3665 5543 ι

281 5559 526 5620 Proinde
552 5565 844 5632 ,lubentes
886 5580 1019 5620 cum
1070 5565 1410 5621 Innocentio
1444 5565 1465 5619 Ι
1497 5565 1884 5638 agnoscimus
1919 5564 2034 5620 duo
2075 5579 2380 5618 sacrarum
2422 5562 2723 5636 virginum
2753 5578 2972 5635 genera
3007 5579 3019 5619 :
3054 5563 3329 5618 nimirum
3359 5561 3505 5614 alias
3552 5574 3677 5631 quae

231 5643 450 5708 Christo
479 5653 825 5727 specialiter
853 5657 1199 5728 nupserunt,
1228 5658 1286 5710 et
1321 5651 1512 5711 velari
1533 5669 1565 5710 a
1589 5653 1902 5710 sacerdote
1916 5657 2264 5709 meruerunt
2283 5667 2299 5724 ;
2319 5658 2377 5709 et
2397 5651 2549 5708 alias
2566 5667 2690 5725 quae
2707 5651 2953 5708 necdum
2974 5665 3148 5707 sacro
3174 5649 3460 5707 velamine
3482 5653 3676 5721 tectae,

228 5738 399 5822 tamen
428 5739 493 5804 in
517 5742 820 5826 preposito
855 5739 1142 5824 Virgiaali
1159 5756 1398 5823 semper
1425 5758 1493 5806 se
1519 5755 1764 5807 manere
1786 5741 2196 5825 promiserunt
2224 5738 2316 5824 (Ε.
2339 5741 2438 5804 ist.
2462 5738 2537 5803 ad
2552 5737 2792 5804 Viotrio.
2818 5739 3192 5818 Rothomag).
3222 5736 3300 5799 At
3318 5749 3460 5799 vero
3478 5738 3679 5828 utraag
