3932 6152
305 199 424 273 195
1759 197 1825 259 S.
1871 193 2317 261 AMBROSII.
3631 201 3736 269 196

306 403 421 460 que
460 384 744 456 perpetuo
774 378 1132 452 virginitatis
1180 380 1317 435 voto
1349 378 1625 434 astrictas
1666 378 1857 434 fuisse
1888 379 2322 434 contendimus.
2347 378 2420 433 Et
2440 380 2598 435 certe
2627 376 2771 434 illud
2800 377 3097 447 Patribus,
3142 379 3387 434 maxime
3416 385 3597 438 autem
3630 386 3736 442 Au-

308 474 570 548 gustino,
616 468 902 525 familiare
933 469 1203 523 videmus
1235 483 1395 537 esse,
1447 471 1509 522 ut
1538 482 1720 523 voces
1755 470 2119 540 propositum
2158 484 2227 523 ac
2265 473 2457 523 votum
2481 468 2689 524 eodem
2715 470 3004 537 usurpant
3052 467 3403 539 signiﬁcatu.
3430 469 3622 543 Neque
3647 490 3739 530 vo-

308 568 430 618 tum
459 558 610 630 apud
640 558 808 628 ipsos
839 571 1073 628 quoque
1098 556 1494 611 scholasticos
1516 556 1672 611 aliud
1694 559 1866 611 sonat
1895 572 2070 628 quam
2101 558 2471 628 propositum
2498 571 2645 612 voce
2683 557 2994 611 ﬁrmatum.
3020 555 3187 621 Quod
3219 556 3415 628 utique
3444 573 3619 614 sacrm
3645 561 3742 617 illa:

310 649 578 721 virgines
628 645 987 717 factitabant,
1039 661 1175 700 cum
1216 644 1361 699 illud
1407 646 1663 700 vestium
1710 646 2049 715 mutatione,
2083 660 2152 700 ac
2182 637 2298 700 laci
2327 646 2388 700 in
2418 645 2688 701 Ecclesia
2726 644 2982 715 separati
3034 645 3413 715 occupatione
3450 647 3626 717 palam
3666 649 3745 704 fa-

310 740 531 795 cerent.
3387 740 3390 742 '

379 825 548 893 Quod
579 824 633 879 si
662 823 982 879 obtendant
1010 822 1286 894 Cypriani
1313 822 1529 893 locum,
1564 822 1665 877 ubi
1699 822 2003 894 praecipit:
2041 821 2178 887 Quae
2200 837 2607 894 perseverare
2638 820 2842 878 nolunt
2869 827 2967 877 aut
2998 838 3111 877 non
3145 829 3410 894 possunt,
3447 823 3646 879 melius
3672 832 3753 882 est

310 916 554 983 nubant,
580 928 747 985 quam
776 912 838 966 in
867 913 1065 984 ignem
1088 911 1329 968 delictis
1347 912 1475 966 suis
1504 911 1716 965 cadant
1735 910 1944 982 (Epist.
1978 911 2049 966 ad
2082 912 2391 982 Pompon.)
2417 927 2433 980 ;
2464 911 2523 966 id
2553 927 2623 966 ea
2644 911 2869 966 ratione
2900 914 3181 966 statutum
3212 925 3349 965 esse
3386 914 3748 983 respondetur

314 1007 391 1061 ob
421 1005 654 1075 lapsum
689 1001 1073 1073 quarumdam
1114 1000 1434 1073 virginum,
1471 1015 1604 1071 qum
1645 998 2034 1056 offensionem
2069 998 2356 1054 Ecclesia:
2404 999 2719 1054 etiamnum
2760 998 3099 1054 crudelitate
3146 1002 3518 1069 tyrannorum
3552 1003 3753 1057 vexatae

313 1093 640 1169 pariebant.
672 1090 982 1158 Quocirca,
1001 1089 1138 1143 licet
1159 1089 1332 1144 istius
1354 1089 1513 1143 modi
1542 1088 1822 1161 conjugis
1843 1089 2130 1161 majorem
2147 1088 2206 1143 in
2227 1088 2465 1143 modum
2487 1088 2923 1157 condemnaret,
2949 1103 3016 1143 ea
3042 1090 3237 1142 tamen
3264 1090 3533 1158 tanquam
3553 1090 3752 1144 minora

317 1184 466 1241 mala
498 1180 753 1236 vitandis
787 1177 1114 1250 majoribus
1136 1177 1437 1232 toleranda
1468 1178 1700 1233 censuit
1728 1178 1951 1248 verius,
1992 1193 2167 1250 quam
2198 1176 2487 1248 probavit.
2525 1176 2677 1241 Quin
2707 1177 2879 1231 etiam
2911 1178 3156 1230 sanctus
3179 1175 3536 1246 Epiphanius
3560 1177 3756 1247 (haeres

316 1272 409 1344 61)
428 1287 496 1326 ac
517 1272 654 1341 post
673 1284 807 1323 eum
836 1267 1210 1338 Augustinus
1232 1266 1360 1335 (lib.
1393 1267 1483 1322 De
1511 1267 1676 1321 Bono
1716 1265 1933 1322 Viduit.
1958 1283 2085 1338 cap.
2121 1267 2187 1321 10
2209 1269 2265 1322 et
2296 1265 2383 1337 11)
2414 1281 2665 1337 quorum
2686 1265 3052 1336 temporibus
3074 1265 3372 1336 virginum
3402 1265 3622 1320 illarum
3639 1270 3758 1321 vota

321 1360 535 1417 usitata
563 1357 754 1412 fuisse
787 1371 904 1410 non
928 1355 1252 1409 difﬁtentur
1280 1354 1627 1425 adversarii,
1661 1356 2096 1411 matrimonium
2124 1358 2258 1426 post
2288 1355 2511 1409 emissa
2541 1357 2676 1409 vota
2708 1357 3071 1408 contractum
3099 1356 3299 1408 vetant
3333 1353 3575 1409 dissolvi
3602 1370 3759 1425 prop-

318 1453 411 1505 ter
447 1447 711 1515 maritos,
744 1444 846 1515 qui
876 1443 1111 1516 quidem
1133 1444 1187 1499 si
1219 1444 1364 1497 alias
1397 1458 1615 1499 uxores
1638 1444 1951 1499 duxissent
1968 1445 2225 1512 domum,
2251 1442 2463 1514 majori
2484 1441 2712 1498 scelere
2735 1458 2802 1496 se
2821 1441 3210 1514 obligassent.
3237 1441 3419 1496 Iidem
3440 1458 3573 1497 vero
3595 1444 3759 1497 maxi-

317 1552 478 1592 mum
498 1536 775 1590 asserunt
806 1533 1068 1603 ipsarum
1098 1547 1236 1586 esse
1268 1532 1511 1600 crimen,
1535 1547 1603 1585 ac
1634 1532 1829 1602 pmnis
1858 1532 2286 1587 ecclesiasticis
2308 1532 2572 1603 dignum.
2596 1530 2896 1600 Quaenam,
2922 1531 3333 1601 obsecramus,
3357 1532 3467 1585 alia
3494 1547 3650 1586 mens
3671 1531 3761 1586 fuit

319 1624 610 1696 Cypriane
630 1623 658 1676 ?
690 1620 988 1691 Numquid
1016 1620 1171 1674 enim
1204 1636 1320 1674 non
1351 1620 1491 1674 dicit
1513 1623 1820 1691 corruptas
1851 1624 1908 1675 et
1937 1621 2190 1692 pollutas
2213 1620 2345 1675 illas
2367 1620 2634 1692 virgines
2666 1619 2927 1675 ﬁrmiter
2955 1620 3265 1675 continere
3298 1620 3654 1690 decrevisse,
3683 1625 3761 1674 at-

323 1729 434 1787 que
467 1712 710 1768 Christo
741 1726 807 1764 se
838 1710 1157 1764 devovisse
1190 1729 1205 1762 :
1237 1724 1429 1779 quove
1473 1712 1645 1779 pacto
1673 1713 1874 1764 votum
1914 1711 1974 1764 in
2022 1709 2118 1763 his
2162 1709 2421 1779 positum
2467 1723 2606 1763 esse
2638 1709 2844 1780 negari
2883 1706 3094 1779 queat!
3140 1707 3211 1763 Et
3241 1708 3381 1762 hinc
3411 1711 3499 1762 est
3527 1708 3762 1779 profecto

325 1800 483 1874 quod
505 1799 662 1853 idem
689 1797 862 1851 Pater
892 1812 1024 1850 cum
1056 1796 1392 1867 Augustino
1423 1799 1731 1852 asseverat
1764 1797 2074 1867 (Enarrat.
2107 1799 2170 1852 in
2199 1796 2351 1870 psaI.
2393 1814 2616 1852 Lxxxm
2658 1801 2714 1853 et
2750 1799 2929 1866 LXXV)
2982 1797 3270 1852 adulterio
3315 1798 3500 1852 teneri
3544 1796 3764 1852 feminas

325 1891 479 1958 illas,
513 1888 728 1959 quippe
760 1902 891 1957 qum
922 1886 1116 1940 datam
1143 1883 1382 1939 Christo
1415 1885 1663 1939 Domino
1693 1885 1866 1941 ﬁdem
1897 1885 2244 1958 fregissent.

398 1978 628 2032 Maneat
657 1975 838 2048 igitur
874 1974 1172 2045 virginum
1203 1976 1259 2028 et
1287 1973 1708 2028 continentium
1743 1974 1981 2029 vivendi
2011 1974 2297 2030 rationem
2325 1973 2437 2044 ipsi
2460 1974 2812 2029 Christianae
2834 1973 3110 2045 religioni
3134 1977 3305 2029 aetate
3335 1990 3451 2029 non
3472 1989 3604 2029 esse
3630 1973 3765 2028 inie-

326 2068 545 2123 riorem
579 2081 591 2120 :
625 2063 744 2136 jam
775 2063 910 2117 inde
940 2062 1013 2117 ab
1035 2062 1378 2133 apostolicis
1408 2062 1774 2133 temporibus
1807 2063 2035 2133 puellas
2071 2062 2396 2127 exstitisse,
2431 2078 2564 2133 qum
2597 2062 2717 2116 Deo
2748 2061 3144 2133 virginitatem
3181 2077 3294 2116 seu
3323 2065 3459 2117 voto
3493 2077 3596 2117 seu
3624 2062 3768 2117 ﬁrmo

325 2159 625 2228 perpetuae
660 2152 1035 2208 continentiae
1057 2151 1355 2221 promisso
1388 2156 1842 2206 consecrarent:
1877 2154 2177 2222 postremo
2210 2151 2337 2206 haec
2369 2154 2504 2206 vota
2548 2165 2746 2205 coram
2794 2150 3114 2221 episcopis,
3149 2153 3248 2204 aut
3280 2150 3655 2222 presbyteris,
3689 2152 3771 2205 aut

324 2244 692 2316 parentibus,
724 2244 823 2296 aut
859 2241 1093 2295 tandem
1115 2241 1390 2295 omnibus
1423 2240 1786 2311 christianis,
1819 2255 1926 2311 per
1953 2243 2196 2295 externa
2226 2240 2323 2294 illa
2351 2238 2567 2294 indicia
2600 2255 2733 2310 qum
2760 2237 2884 2311 jam
2914 2242 3048 2293 ante
3072 2240 3550 2309 memoravimus,
3595 2234 3768 2294 decla-

326 2333 446 2387 rari
476 2329 888 2386 consuevisse.
924 2327 1300 2383 Difﬁcillimis
1331 2331 1523 2383 autem
1555 2331 1797 2383 vastatas
1827 2331 2001 2399 atque
2023 2329 2137 2383 sub
2167 2328 2556 2384 acerbissima
2585 2328 2891 2398 tyrannide
2921 2329 3214 2399 gementis
3246 2327 3534 2383 Ecclesia
3567 2331 3768 2398 tempo-

324 2421 494 2476 ribus
527 2419 749 2474 eaedem
780 2417 1044 2488 virgines
1068 2418 1128 2470 in
1149 2420 1522 2486 paternarum
1546 2416 1760 2471 aedium
1782 2420 2012 2472 secreto
2035 2417 2348 2489 degabant.
2383 2416 2702 2487 Postquam
2724 2431 2865 2470 vero
2886 2415 3102 2470 divina:
3124 2416 3509 2487 benignitatis
3532 2431 3632 2487 ope
3650 2415 3772 2469 ﬁde-

325 2509 485 2564 libus
507 2506 899 2579 tranquillitas
930 2505 1172 2560 concedi
1206 2509 1414 2575 empta,
1442 2506 1556 2559 illae
1587 2505 1735 2575 ipsae
1768 2506 2039 2561 Hominis
2074 2506 2178 2561 Dei
2208 2522 2450 2577 sponsa:
2483 2504 2843 2560 monasteria
2872 2504 3181 2559 instituere
3225 2505 3537 2578 a'ggressae
3566 2507 3693 2559 sunt
3723 2504 3773 2558 in

325 2596 597 2665 Oriente;
631 2595 782 2649 unde
802 2594 1163 2648 Athanasius
1196 2593 1269 2647 ob
1301 2595 1656 2648 Arianorum
1677 2595 2151 2664 persecutionem
2183 2596 2427 2651 Romam
2459 2594 2775 2667 perfugere
2813 2596 3075 2662 coactus,
3110 2597 3172 2648 ut
3206 2595 3490 2649 nonnulla
3515 2593 3593 2648 ibi
3622 2608 3774 2647 cons-

326 2685 696 2751 tituerentur,
729 2698 969 2737 causam
1000 2682 1271 2751 praebuit.
1292 2682 1414 2735 Illic
1437 2683 1674 2752 quidem
1704 2682 1819 2737 hoc
1847 2683 1983 2739 vita:
2016 2701 2210 2757 genus
2240 2684 2404 2739 initio
2426 2684 2621 2738 minus
2646 2684 2824 2738 valuit
2842 2684 2995 2754 apud
3025 2683 3259 2738 nobiles
3294 2683 3556 2748 (Hieron.
3580 2682 3648 2737 de
3671 2681 3776 2736 Iau-

329 2774 453 2830 dib.
477 2771 806 2839 Marcella)
840 2775 933 2825 :at
961 2786 1102 2825 vero
1134 2786 1266 2824 cum
1299 2770 1440 2825 illud
1472 2771 1736 2834 illustres
1758 2774 2029 2844 quaedam
2060 2776 2343 2829 matronae
2374 2775 2579 2828 essent
2615 2770 2922 2842 amplexae,
2952 2771 3179 2826 sensim
3209 2772 3270 2825 in
3303 2771 3452 2825 alias
3480 2770 3774 2843 religiones

326 2861 568 2916 maximi
595 2859 889 2931 cujusque
918 2858 1194 2929 prmsulis
1217 2860 1412 2914 studio
1445 2863 1829 2932 propagatum
1850 2865 1962 2916 est.

397 2949 462 3004 In
486 2948 886 3021 juvandotam
909 2950 1114 3002 sancto
1135 2950 1369 3018 tamque
1388 2949 1514 3002 utili
1544 2950 1808 3004 instituto
1840 2950 2061 3005 nemini
2092 2949 2433 3005 inferiorem
2469 2964 2608 3004 sese
2640 2948 2898 3004 ostendit
2925 2965 3177 3020 magnus
3214 2948 3599 3015 Ambrosius;
3640 2944 3779 3000 aliud

324 3040 540 3112 quippe
562 3053 681 3091 non
701 3036 874 3091 modo
906 3036 966 3090 in
998 3035 1243 3090 dimcesi
1271 3036 1508 3106 propria
1550 3037 1878 3092 admissum
1924 3038 2061 3093 totis
2107 3039 2336 3093 viribus
2380 3037 2528 3093 fovit
2556 3041 2731 3110 atque
2773 3036 2964 3107 auxit;
2995 3053 3202 3091 verum
3233 3038 3411 3092 etiam
3444 3053 3548 3108 per
3574 3036 3776 3090 vicinas

325 3126 666 3199 provincias
707 3129 763 3180 et
790 3129 954 3179 trans
985 3125 1168 3178 maria
1205 3140 1439 3196 quoque
1470 3141 1661 3198 usque
1709 3126 1770 3181 in
1800 3127 2061 3182 Africam
2082 3143 2150 3181 ac
2182 3127 2587 3181 Mauritaniam
2617 3125 3015 3196 ampliﬁcavit.
3050 3125 3219 3180 Unde
3268 3141 3565 3198 agnoscas
3593 3125 3775 3179 sancto

321 3216 568 3272 antistiti
599 3215 694 3269 sin
724 3215 920 3269 minus
956 3214 1129 3284 primi
1158 3213 1311 3284 apud
1352 3214 1527 3269 Italos
1569 3216 2101 3270 sanctimonialium
2133 3216 2475 3286 parentibus
2512 3216 2642 3269 laus
2671 3215 2973 3284 debeatur,
3018 3215 3350 3286 proximam
3380 3218 3570 3269 tamen
3610 3212 3778 3268 eidem

324 3321 442 3361 non
463 3319 644 3375 posse
674 3303 791 3357 nisi
816 3301 1035 3375 injuria
1063 3302 1289 3373 negari,
1324 3303 1553 3372 patroni
1585 3304 1813 3358 scilicet
1832 3319 1902 3357 ac
1930 3306 2364 3376 propagatoris.
2392 3305 2468 3359 Ut
2498 3308 2691 3359 autem
2723 3320 2838 3375 qua
2859 3304 3084 3358 ratione
3116 3304 3477 3375 virginitatis
3506 3300 3777 3373 professio

323 3394 557 3448 dilatata
588 3395 698 3461 est,
734 3391 1105 3446 manifestius
1127 3392 1421 3461 appareat,
1455 3391 1761 3462 librorum,
1795 3407 1946 3463 quos
1976 3393 2073 3448 hic
2101 3393 2352 3463 edimns,
2388 3393 2674 3463 analysim
2697 3393 3135 3464 aggrediamur.

397 3482 542 3536 Cum
574 3481 716 3535 nihil
740 3480 1039 3551 antiquius
1071 3479 1313 3534 haberet
1343 3478 1434 3532 vir
1482 3483 1746 3550 sanctus,
1781 3496 1958 3551 quam
1995 3486 2057 3534 ut
2086 3484 2366 3553 populum
2398 3483 2513 3537 sibi
2557 3481 2844 3538 creditum
2875 3482 3115 3536 salutari
3146 3481 3416 3536 doctrina
3446 3480 3780 3548 informaret,

334 3586 529 3641 operae
551 3570 802 3641 pretium
824 3569 1203 3639 episcopatus
1227 3568 1323 3622 sui
1345 3568 1507 3622 initio
1541 3568 1827 3624 facturum
1866 3585 1932 3624 se
1965 3570 2150 3640 duxit,
2176 3571 2226 3625 si
2261 3571 2657 3625 demonstrata
2705 3570 3063 3642 virginitatis
3121 3570 3517 3625 sanctitudine
3557 3568 3627 3622 ad
3671 3582 3782 3622 eam

325 3658 711 3729 proﬁtendam
732 3657 1089 3712 christianas
1112 3656 1340 3727 puellas
1373 3672 1479 3726 pro
1518 3672 1626 3711 sua
1655 3657 1812 3711 virili
1844 3658 2213 3713 accenderet.
2246 3658 2468 3713 Habuit
2489 3658 2670 3729 igitur
2697 3659 2769 3712 de
2792 3658 2905 3712 hoc
2931 3662 3282 3730 argumento
3308 3672 3614 3713 sermones
3644 3658 3783 3710 tanta

322 3763 456 3800 cum
486 3746 820 3817 eloquentia
843 3749 899 3800 et
929 3745 1319 3815 vehementia,
1343 3748 1406 3799 ut
1443 3746 1625 3799 maria
1657 3746 1786 3816 ipsa
1814 3745 2223 3816 pervaderent.
2272 3746 2497 3800 Horum
2535 3746 2725 3800 excita
2756 3762 2992 3800 rumore
3019 3746 3189 3801 beata
3220 3747 3417 3816 ipsius
3449 3760 3617 3800 soror
3645 3743 3756 3797 Mar

324 3835 556 3904 cellina,
577 3834 767 3889 eidem
797 3850 903 3904 per
932 3834 1156 3887 litteras
1187 3836 1303 3886 tam
1330 3834 1529 3888 laetum
1560 3849 2030 3906 prosperumque
2078 3850 2433 3889 successum
2482 3833 2767 3906 gratulata
2808 3837 2899 3889 est
2931 3850 2946 3890 ι
2979 3849 3155 3906 quem
3193 3834 3372 3889 etiam
3405 3837 3468 3889 ut
3513 3848 3639 3904 qum
3666 3831 3783 3884 viva

323 3939 471 3979 voce
500 3922 933 3993 pronuntiabat,
967 3922 1201 3993 quando
1232 3922 1348 3976 sibi
1370 3938 1567 3977 coram
1591 3923 1793 3978 audire
1826 3924 2062 3977 minime
2093 3922 2318 3993 liceret,
2355 3922 2566 3977 saltem
2595 3923 3018 3977 transmitteret
3051 3923 3275 3994 scripto
3309 3922 3599 3991 mandata,
3622 3917 3782 3975 obse-

329 4012 533 4066 cravit.
558 4010 769 4081 Quare,
808 4014 871 4065 ut
900 4014 1017 4064 tam
1048 4010 1230 4082 justze
1269 4011 1535 4081 petitioni
1573 4012 2023 4083 obsequeretur,
2066 4013 2385 4067 conciones
2418 4027 2561 4067 suas
2604 4011 2665 4066 in
2694 4014 2817 4066 tres
2848 4011 2983 4066 illos
3013 4010 3223 4091 libros,
3254 4028 3411 4084 quos
3444 4010 3612 4066 etiam
3648 4019 3784 4062 nunc

321 4101 632 4171 habemus,
656 4100 927 4171 digerere
957 4100 1213 4154 animum
1239 4099 1485 4155 induxit.

394 4190 458 4244 In
489 4189 679 4260 primo
706 4188 857 4243 libro
890 4189 1247 4259 virginitatis
1281 4188 1622 4260 dignitatem
1653 4190 1951 4261 expendit,
1985 4206 2053 4246 ac
2084 4192 2220 4261 post
2253 4189 2621 4263 singularem
2658 4190 2748 4245 sui
2786 4189 3209 4245 demissionem
3239 4191 3440 4244 statim
3472 4189 3531 4243 in
3565 4182 3786 4242 exordio

323 4279 782 4334 demonstratam
813 4293 1083 4348 quaenam
1115 4279 1185 4331 ad
1219 4278 1599 4332 scribendum
1632 4278 1827 4349 ipsum
1850 4280 2205 4350 impulerint,
2240 4280 2445 4350 aperit.
2488 4280 2636 4335 Tum
2673 4279 2862 4334 beatae
2902 4279 3153 4352 Agnetis
3197 4278 3376 4351 cujus
3416 4277 3622 4333 natalis
3658 4272 3785 4328 inci-

325 4368 489 4422 derat
521 4368 578 4421 in
611 4383 744 4422 eum
776 4367 950 4435 diem,
980 4367 1293 4436 praemissa
1322 4367 1674 4437 laudatione,
1723 4368 2119 4440 virginitatem
2150 4385 2183 4423 a
2212 4369 2334 4424 Deo
2368 4370 2537 4423 Patre
2583 4369 2655 4423 ad
2690 4385 2802 4423 nos
2840 4384 2956 4423 una
2993 4384 3126 4423 cum
3179 4366 3378 4422 Verbo
3420 4364 3785 4421 descendisse

324 4456 594 4511 afﬁrmat.
622 4457 762 4510 Inde
796 4456 1021 4527 colligit
1050 4455 1269 4508 nullam
1299 4456 1452 4525 apud
1475 4456 1765 4525 ethnicos,
1805 4458 1960 4528 apud
1990 4458 2280 4513 Hebraeos
2310 4461 2502 4513 autem
2538 4458 2943 4512 adumbratam
2966 4457 3159 4511 solum
3189 4457 3501 4511 exstitisse
3532 4454 3784 4508 virtutem

321 4544 517 4600 illam:
551 4560 726 4616 quam
758 4545 987 4600 tametsi
1011 4545 1350 4615 neutiquam
1381 4545 1718 4616 imperetur,
1753 4549 1951 4602 tamen
1995 4546 2364 4601 matrimonio
2415 4547 2591 4618 longe
2622 4548 2908 4616 praestare
2940 4545 3288 4615 compositis
3316 4546 3474 4599 inter
3506 4560 3572 4598 se
3606 4540 3787 4595 ambo-

322 4631 459 4701 bus,
490 4634 680 4702 palam
713 4634 869 4688 facit.
906 4633 1056 4686 Hinc
1087 4635 1316 4703 arrepta
1350 4633 1686 4701 occasione,
1720 4638 1995 4705 parentes
2027 4651 2096 4689 ac
2134 4635 2510 4705 potissimum
2540 4635 2752 4689 viduas
2781 4637 3046 4690 amanter
3087 4635 3304 4705 arguit,
3346 4633 3504 4705 quod
3536 4632 3681 4686 ﬁlias
3722 4641 3785 4681 ne

322 4720 414 4773 vel
446 4721 641 4790 ipsum
671 4722 741 4775 de
772 4721 883 4775 hac
913 4722 1154 4776 materia
1188 4722 1459 4776 audirent
1488 4722 1956 4791 concionantem,
1988 4723 2393 4794 prohiberent.
2431 4722 2506 4777 Ut
2546 4727 2741 4777 autem
2781 4726 3143 4794 quantopere
3179 4722 3289 4776 hac
3321 4721 3384 4775 in
3428 4736 3493 4776 re
3536 4717 3782 4790 peccent,

323 4807 557 4877 planius
582 4809 698 4878 ﬁat,
734 4809 850 4863 illis
883 4811 956 4864 ob
995 4810 1202 4865 oculos
1250 4809 1578 4881 puellarum
1613 4827 1745 4882 quae
1781 4811 2075 4866 Placentia
2106 4813 2163 4866 et
2203 4812 2486 4881 Bononia,
2531 4811 2647 4866 imo
2698 4812 2872 4865 etiam
2921 4826 2952 4866 e
2993 4810 3409 4867 transmarinis
3446 4809 3637 4881 plagis
3675 4804 3787 4859 Me-

322 4895 619 4951 diolanum
643 4896 879 4952 Christo
912 4902 1181 4969 nuptura:
1209 4899 1545 4967 veniebant,
1570 4900 1903 4971 exemplum
1932 4900 2113 4970 ponit.
2147 4898 2238 4953 Ad
2278 4903 2663 4969 postremum,
2695 4902 2929 4954 narrato
2964 4897 3361 4969 pulcherrimo
3403 4896 3661 4951 facinore
3700 4907 3788 4947 cu-

318 4981 558 5055 jusdam
579 4984 834 5058 virginis
867 5002 999 5058 quae
1029 4988 1100 5042 ab
1135 4989 1322 5059 altari,
1347 4988 1689 5060 priusquam
1734 4988 2112 5059 proﬁteretur
2149 4988 2587 5059 continentiam,
2619 5004 2651 5042 a
2681 4987 2810 5043 suis
2841 4988 3011 5042 avelli
3058 5002 3176 5042 non
3211 4983 3419 5057 potuit,
3464 4985 3614 5039 liber
3641 4981 3789 5036 clau-

324 5072 498 5129 ditur.

388 5160 453 5215 In
485 5163 769 5233 secundo,
804 5164 1102 5236 virginum
1134 5163 1442 5220 instituere
1476 5181 1672 5220 moros
1703 5180 2059 5238 aggressus,
2094 5165 2152 5220 id
2184 5182 2217 5219 α
2239 5182 2305 5221 se
2327 5168 2505 5238 negat
2528 5166 2896 5221 commodius
2913 5166 3185 5237 praestari
3207 5180 3388 5225 posse
3410 5177 3584 5235 quam
3607 5172 3789 5215 exem-

316 5246 453 5321 plis,
480 5267 731 5322 quorum
756 5255 1007 5325 primum
1038 5271 1107 5309 ac
1139 5254 1502 5324 praecipuum
1533 5269 1566 5308 a
1597 5255 1703 5309 Dei
1723 5255 1905 5308 Matre
1925 5253 2226 5325 virginum
2249 5254 2506 5309 omnium
2548 5253 2936 5325 antesignana
2970 5255 3283 5307 mutuatur.
3329 5250 3525 5322 Hujus
3554 5247 3784 5301 virtutes

314 5333 579 5394 breviter
598 5341 853 5413 quidem,
880 5343 987 5397 sed
1011 5359 1241 5397 summo
1275 5359 1407 5397 cum
1440 5346 1650 5397 ornatu
1681 5345 1736 5397 et
1768 5341 2100 5414 eloquentia
2135 5343 2441 5398 describit.
2478 5343 2608 5397 Huc
2636 5342 2914 5396 Theclam
2942 5342 3103 5396 addit
3136 5340 3298 5395 Pauli
3327 5338 3691 5409 discipulam,
3723 5347 3785 5386 ac

315 5422 780 5484 Mediolanensis
814 5431 1102 5486 Ecclesiae
1134 5434 1457 5502 patronam,
1483 5447 1658 5503 quam
1688 5430 1804 5486 illae
1836 5432 1997 5486 velut
2025 5431 2362 5486 absolutum
2384 5431 2687 5502 exemplar
2710 5432 2771 5485 in
2803 5447 2869 5486 se
2892 5434 3180 5486 conentur
3209 5428 3560 5501 exprimere.
3587 5424 3786 5479 Verum

313 5528 389 5572 ne
421 5518 690 5589 exempla
729 5518 827 5574 illa
848 5518 1079 5576 viribus
1116 5522 1245 5576 suis
1268 5520 1493 5594 majora
1517 5524 1922 5591 causarentur,
1947 5519 2534 5592 tertium,ipsumque
2553 5520 2853 5577 memoriae
2874 5519 3246 5590 recentioris,
3278 5518 3366 5574 eis
3403 5514 3627 5588 objicit.
3657 5510 3785 5567 Erat

311 5600 445 5661 hinc
466 5606 640 5681 virgo
659 5606 1015 5681 Christiana,
1051 5623 1205 5681 quae,
1231 5609 1370 5665 dum
1401 5625 1468 5667 se
1499 5612 1710 5682 sponte
1757 5609 2007 5681 exponit.
2030 5609 2331 5682 martyrio,
2368 5609 2443 5664 ad
2473 5609 2722 5683 lupanar
2750 5625 2783 5667 a
2803 5608 3053 5683 tyranno
3077 5608 3421 5678 damnatur;
3443 5603 3598 5663 unde
3629 5598 3787 5683 Chri:

317 5690 495 5753 etiam
523 5679 726 5755 militia
759 5709 870 5778 ope
898 5679 1425 5793 divi‘ni—tuselapsa,
1451 5679 1585 5760 cum
1601 5709 1671 5759 eo
1701 5679 1936 5761 tandem
1965 5679 2231 5783 martyrii
2257 5679 2511 5781 palmam
2536 5679 2861 5763 consecuta
2892 5701 3007 5764 est.
3038 5696 3263 5765 Deinde
3291 5696 3534 5765 sanctus
3572 5679 3783 5783 pra-sul
