4060 6158
213 259 298 322 197
1405 250 1516 373 ne
1558 249 2061 318 VIRGINIBUS
2105 252 2266 317 LIB.
2313 255 2362 318 Ι.
3505 226 3628 325 me

211 461 270 515 ad
295 456 618 512 idololatriae
651 455 1186 511 considerationem
1219 457 1472 510 mentem
1504 455 1840 524 reflectens,
1873 454 1930 510 in
1979 453 2384 509 laudatissima
2415 453 2698 510 Damonis
2727 458 2901 527 atque
2929 457 3155 528 Pythiae
3193 457 3460 530 historia,
3492 459 3640 515 nihil

219 549 355 603 obsei
369 545 484 598 vari
513 560 690 614 posse
723 545 1045 612 contendit,
1076 545 1231 615 quod
1260 543 1396 615 jure
1429 559 1560 598 cum
1584 537 1898 615 gen'erosae
1925 543 2082 598 illius
2106 543 2359 614 virginis
2379 545 2704 598 constantia
2722 547 2914 614 possit
2935 546 3212 602 conferri.
3233 547 3522 620 Denique,
3544 563 3643 604 ex-

211 639 376 689 cusata
406 634 509 687 ista
539 631 686 688 forte
717 632 894 704 paulo
925 633 1123 700 nimia,
1159 648 1334 702 quam
1366 633 1426 686 in
1457 633 1720 686 oratione
1750 631 2117 701 adhibuerat,
2151 635 2274 686 arte
2305 647 2374 686 ac
2411 630 2708 702 facundia,
2739 631 2796 686 id
2836 647 2906 688 eo
2939 634 3188 690 consilio
3220 634 3438 690 factum
3465 651 3653 702 asse-_

214 725 284 788 rit,
311 727 364 776 ut
389 723 439 774 vi
470 720 677 791 majori
706 725 762 775 et
791 721 1080 775 suavitate
1101 721 1172 775 ad
1196 722 1379 776 Deum
1409 719 1639 774 animos
1669 719 1989 790 pelliceret.

255 810 479 864 Tertium
509 810 720 864 librum
752 809 979 864 orditur
1006 810 1079 864 ab
1113 825 1179 864 ea
1211 809 1640 877 exhortatione,
1675 823 1850 880 quam
1881 808 2157 864 Liberius
2187 811 2349 880 pont.
2382 825 2538 864 max.
2573 809 2646 864 ad
2687 808 3110 879 Mareellinam,
3153 825 3288 865 cum
3332 811 3536 868 Romm
3565 813 3627 868 in

199 900 402 954 basilica
430 899 866 968 Apostolorum,
899 899 1031 969 ipso
1063 899 1350 954 Dominici
1383 897 1610 952 Natalis
1653 897 1828 967 festo,
1878 900 2182 968 spectante
2214 896 2474 952 fidelium
2524 899 2833 953 innumera
2885 898 3274 969 multitudine,
3308 898 3622 972 velaretur,

201 988 381 1042 habuit.
414 987 488 1040 Ea
522 1003 651 1041 cum
687 987 862 1042 fratre
895 987 1119 1057 saepius
1153 987 1223 1040 de
1247 987 1360 1042 hoc
1391 987 1521 1056 ipso
1555 1001 1832 1042 sermone
1872 985 2064 1040 fuerat
2095 985 2410 1054 collocuta,
2436 986 2530 1041 cui
2561 986 2810 1057 proinde
2841 986 3004 1041 illum
3035 988 3329 1058 integrum
3358 987 3472 1043 hoc
3493 989 3625 1046 loco

195 1077 275 1148 qui
301 1076 590 1130 videbatur
618 1077 871 1130 maxime
902 1080 1288 1146 opportunus,
1324 1077 1474 1144 suis,
1495 1091 1613 1130 non
1643 1074 1904 1130 auctoris
1924 1073 2128 1129 verbis
2161 1089 2536 1144 expressum,
2558 1075 2736 1128 misit.
2771 1075 2828 1129 Is
2850 1079 3043 1130 autem
3073 1078 3197 1131 erat
3223 1075 3401 1130 animi
3423 1077 3624 1132 fervor

189 1166 244 1231 lin
270 1164 362 1218 bac
389 1164 636 1236 virgine,
670 1169 732 1218 ut
762 1165 913 1218 intra
945 1165 1168 1219 Liberii
1196 1167 1627 1235 praeceptorum
1649 1162 1948 1218 cancellos
1970 1179 2088 1217 non
2111 1162 2503 1218 clauderetur.
2529 1162 2747 1218 Suadet
2769 1164 2962 1235 itaque
2993 1163 3624 1236 amantissimusjuxta

193 1270 246 1307 ac
270 1252 748 1323 prudentissimus
782 1253 981 1322 frater,
1022 1256 1104 1322 ut,
1136 1253 1410 1308 remissis
1455 1253 1743 1323 tantisper
1777 1251 2049 1323 jejuniis,
2084 1250 2413 1320 impensius
2465 1251 2714 1305 orationi
2757 1254 2930 1323 atque
2981 1253 3212 1307 interno
3261 1251 3622 1324 reliquarum

193 1341 426 1394 virtutum
459 1341 655 1396 studio
686 1345 874 1396 vacet.
907 1340 1053 1396 Cum
1083 1357 1228 1396 vero
1260 1341 1470 1396 isthmc
1501 1357 1620 1396 non
1649 1341 1843 1395 sorori
1875 1342 2097 1394 tantum
2125 1339 2303 1393 vellet
2339 1339 2651 1409 prodesse,
2682 1355 2890 1395 verum
2940 1341 3113 1396 etiam
3143 1340 3389 1396 aliarum
3428 1341 3620 1415 virgi-

188 1447 296 1484 num
323 1429 688 1500 institutioni,
723 1430 860 1502 quid
895 1429 1088 1501 sequi,
1122 1429 1337 1501 quidve
1369 1425 1577 1501 fugere
1605 1431 1770 1500 ipsas
1802 1430 2084 1499 oporteat,
2120 1427 2488 1498 praescribit:
2531 1431 2706 1500 atque
2738 1428 3026 1499 imprimis
3057 1445 3090 1484 a
3119 1429 3526 1486 conviviorum
3547 1447 3619 1486 ac

185 1517 469 1572 saltationis
496 1534 616 1572 usu
647 1518 922 1573 deterret.
958 1519 1266 1574 Postremo
1299 1518 1398 1573 ubi
1429 1517 1786 1572 Marcellinus
1817 1533 1850 1570 a
1879 1532 1990 1587 qua
2024 1517 2423 1588 interrogatus
2457 1515 2648 1570 fuerat
2677 1517 2748 1572 de
2783 1518 2902 1572 illis
2925 1517 3260 1589 virginibus
3298 1535 3432 1590 quaa
3460 1535 3618 1576 mor-

185 1609 272 1660 tem
307 1606 410 1660 sibi
459 1608 877 1662 conseiverant
913 1607 1324 1675 voluntariam,
1357 1607 1496 1662 fecit
1544 1607 1712 1674 satis,
1749 1605 2086 1675 martyrium
2131 1604 2401 1659 Sotheris
2433 1606 2808 1677 cognationis
2854 1607 3089 1662 vinculo
3131 1607 3244 1661 sibi
3279 1606 3614 1680 conjuncta

186 1699 360 1763 narrat,
391 1711 455 1747 ac
487 1695 723 1750 demum
757 1695 908 1750 libro
953 1695 1295 1750 coronidem
1327 1694 1586 1764 impsuit.
1619 1692 1912 1764 Quidquid
1940 1694 2100 1748 enim
2143 1694 2426 1764 deinceps
2457 1693 2676 1766 legitur
2720 1697 2780 1749 in
2828 1695 3000 1750 editis
3050 1712 3183 1750 cum
3231 1697 3292 1751 in
3338 1698 3614 1753 omnibus

185 1798 297 1838 mss.
326 1787 628 1838 tractatum
661 1783 998 1838 distinctum
1031 1783 1366 1850 constituat,
1401 1783 1461 1836 id
1485 1785 1621 1852 post
1649 1781 1866 1836 librum
1899 1781 1984 1836 De
2027 1781 2233 1837 Viduis
2261 1783 2458 1838 visum
2488 1787 2580 1837 est
2599 1779 3008 1854 rejieiendum.

235 1872 340 1926 Hos
366 1873 604 1942 quidem
636 1872 822 1927 libros
855 1873 928 1926 ab
960 1888 1026 1927 se
1048 1873 1220 1927 tertio
1253 1871 1631 1943 episcopatus
1662 1871 1753 1926 sui
1787 1886 1962 1940 anno,
1995 1870 2053 1925 id
2076 1874 2168 1926 est
2187 1874 2506 1942 areparata
2529 1871 2719 1926 salute
2739 1872 2865 1941 377,
2888 1873 3251 1943 compositos
3270 1875 3398 1946 ipse
3428 1877 3614 1930 testa-

181 1962 250 2013 tur
265 1960 373 2030 (lib.
405 1977 462 2030 ιι,
498 1977 633 2031 cap.
663 1961 752 2028 ’7):
787 1977 1098 2016 sermones
1130 1964 1323 2015 tamen
1356 1959 1574 2031 quibus
1605 1975 1710 2014 eos
1741 1962 2014 2014 constare
2047 1975 2227 2030 supra
2259 1959 2538 2029 diximus,
2571 1963 2704 2015 ante
2736 1961 2972 2032 aliquod
3005 1965 3236 2033 tempus
3267 1965 3616 2034 pronuntia-

183 2052 254 2102 tos
277 2049 452 2104 fuisse
490 2064 813 2104 necessum
843 2052 970 2119 est;
1017 2065 1148 2103 cum
1180 2065 1384 2103 eorum
1415 2047 1568 2102 fama
1599 2048 1728 2102 loca
1760 2051 1877 2102 tam
1907 2048 2095 2102 vastis
2127 2049 2309 2102 maris
2339 2048 2626 2102 tractibus
2657 2047 2926 2118 sejuncta
2957 2055 3358 2121 peragrasset.
3391 2051 3457 2106 In
3492 2067 3610 2124 quo

177 2150 291 2190 sane
316 2137 445 2191 illud
476 2153 600 2192 non
633 2153 955 2207 possumus
1002 2153 1119 2192 non
1165 2137 1476 2199 admirari,
1523 2135 1820 2190 hominem
1854 2137 2056 2190 vixum
2093 2152 2125 2190 a
2171 2135 2494 2206 provinciae
2541 2135 3047 2192 administratione
3097 2139 3610 2212 saecularibusque

173 2225 526 2280 tribunalibus
559 2226 899 2294 abductum,
936 2227 1128 2280 sacris
1161 2225 1398 2279 Litteris
1431 2229 1486 2278 et
1515 2224 1847 2278 Christiana
1889 2225 2161 2280 facundia
2191 2227 2308 2278 tam
2340 2223 2634 2295 exquisite
2683 2224 3033 2279 instructum
3065 2241 3134 2280 se
3162 2227 3516 2298 prxhuisse,
3548 2232 3612 2284 ut

174 2309 323 2367 libros
363 2313 793 2382 conscriberet,
838 2314 1180 2384 Hieronymi
1213 2313 1432 2384 (Epist.
1473 2312 1548 2367 ad
1581 2312 1866 2368 Eustoch.
1899 2317 1955 2368 et
1985 2313 2236 2386 Apolog.
2271 2313 2513 2368 advers.
2548 2313 2892 2382 Joviman.),
2927 2315 3247 2386 Augustini
3293 2316 3392 2371 lib.
3434 2333 3493 2370 ιν
3521 2317 3612 2372 De

175 2401 335 2456 Doctr.
370 2402 600 2458 Christ.
637 2419 765 2474 cap.
797 2402 910 2473 21),
941 2407 1114 2474 atque
1146 2403 1406 2458 omnium
1437 2417 1662 2472 eorum,
1697 2401 1795 2473 qui
1839 2402 2230 2474 sequentibus
2275 2399 2518 2456 saeculis
2568 2400 2629 2454 in
2660 2399 2930 2456 Ecclesia
2960 2401 3302 2472 floruerunt,
3335 2403 3609 2462 laudibus

176 2489 534 2548 cumulandos.

197 2653 418 2665 -___.

738 2779 1634 2956 SANCTI
1772 2781 2990 2957 AMBROSII

1310 3067 2004 3131 MEDIOLANENSIS
2053 3069 2439 3131 EPISCOPI

1159 3280 1396 3436 DE
1491 3275 2558 3438 VIRGINIBUS

641 3571 834 3686 AD
913 3573 1936 3689 MARCELLINAM
2009 3577 2659 3692 SOBOBEM
2736 3576 3117 3693 SUAM

1550 3807 1778 3868 LIBRI
1823 3805 2038 3867 TRES
2083 3807 2185 3888 (1).

1811 3972 1906 3982 μ..-

1455 4097 1786 4177 LIBER
1855 4096 2282 4177 PRIMUS.

1817 4265 1914 4277 0——

496 4391 788 4458 143-45
829 4405 1081 4461 CAPUT
1127 4407 1448 4476 palmum,
1843 4377 1900 4438 Α
1929 4395 2214 4466 spiritalis
2265 4413 2398 4469 quae
2447 4394 2860 4454 nummulariis
2905 4392 3218 4454 dividenda
3274 4394 3486 4463 forent,
3536 4353 3628 4446 ut:

169 4495 497 4559 Ambrosius
523 4506 602 4562 ab
625 4524 959 4588 unoquoque
983 4513 1296 4568 verborum
1323 4514 1814 4588 talentorumque-
1929 4486 2344 4588 crescentibus
2375 4488 2904 4558 mumplicarenmr
2946 4487 3168 4588 usuris"
3203 4486 3358 4582 intra,
3383 4485 3600 4536 terram

220 4583 438 4658 altor-um
470 4571 990 4658 reciderit/211121100
1016 4587 1308 4658 rationem
1329 4571 1707 4658 intelligens;
1740 4587 1816 4641 ad

1994 4590 2096 4627 iam
2129 4575 2223 4630 vel
2257 4577 2428 4646 quasi
2461 4577 2702 4632 timidus
2723 4578 3040 4642 fenerator,
3065 4573 3160 4628 vel
3191 4571 3363 4643 quasi
3383 4583 3597 4624 avarus

218 4645 590 4733 libandum
613 4657 870 4733 ηιρηιίζιη
889 4655 1130 4733 Impellit
1154 4675 1171 4720 ;
1209 4663 1324 4733 tuin
1349 4645 1812 4712 z'ecen'sitis'ali-
1925 4677 2253 4731 possessor
2274 4645 2676 4733 absconderit,
2701 4680 2819 4719 non
2841 4663 3219 4729 mediocrem,
3239 4659 3476 4714 domino
3500 4672 3599 4711 re-

219 4717 578 4819 getting}
591 4717 1034 4819 mise'rimriliit;
1051 4717 1486 4819 exemp/istam
1498 4735 1659 4810 vocat
1676 4745 1813 4783 sese

1994 4753 2210 4819 artente,
2261 4717 2816 4807 circumagens:
2867 4751 3104 4819 (Matth.
3156 4717 3310 4818 χέεν,
3358 4745 3597 4816 24-30);

1217 4783 1238 4806 ,⁸
1289 4800 1297 4808 .
1349 4783 1389 4810 ’ξ
1467 4802 1473 4808 .
1542 4800 1552 4810 ,
1935 4783 2019 4804 *σι
2038 4783 2189 4804 ισιιιῦ
2261 4783 2548 4807 υιιῠιιδιιιιι
2596 4783 2816 4807 ιιιυιυῦι
2867 4783 3104 4819 υηαυιη.
3158 4783 3268 4803 ΔΛἺ
3296 4790 3310 4818 ,
3362 4783 3491 4801 Gri—0

217 4783 282 4870 at!
302 4783 454 4841 bene
487 4793 883 4870 sperandum:
923 4797 1034 4850 sed
1049 4798 1508 4852 moxdholﬁczo
1529 4815 1812 4870 imparem
1927 4835 2057 4870 εηηη
2089 4792 2262 4870 Μιξεο
2315 4841 2636 4870 mmmam“
2684 4843 2773 4870 Μ,
2847 4839 3062 4870 "unum
3109 4837 3243 4870 nm,
3293 4835 3491 4870 hmo“;

217 4837 1812 4942 τεροεπέέέλῑέῑῖέεξῑςῖιίιςῖέςιίιῖιςεῇίῖιςδίξςῑέῑιςᾱέῖ
2088 4839 2264 4894 nubis
2315 4841 2640 4940 mendum
2684 4843 2795 4910 est.
2846 4839 3065 4942 ειιιίιουξ
3109 4837 3600 4942 "causam?

331 4927 440 5013 lict!
458 4938 696 5011 agatur,
715 4921 872 5005 optat
887 4956 905 4999 ;
921 4954 1030 5009 quo
1053 4921 1246 4993 tamen
1265 4921 1812 5013 bisticic'zisibr'iobé'ép-

1994 4943 2126 4995 nue,
2146 4930 2486 4984 necessitas
2508 4934 2701 4984 tamen
2724 4931 2976 4983 maxima
2995 4927 3227 4999 eloquia
3247 4925 3350 4980 Dei
3375 4923 3597 4978 credita

212 5003 412 5088 {liquat
438 5003 590 5071 suis,
626 5003 1036 5088 serat-arose
1051 5015 1310 5088 testatur
1343 5011 1523 5066 verba
1545 5011 1669 5066 sibi
1699 5003 1811 5067 nbn
1927 5015 2128 5086 populi
2161 5015 2430 5072 fenerare
2461 5018 2779 5087 mentibus,
2813 5033 2887 5074 ne
2918 5016 3088 5072 vocis
3109 5029 3344 5088 quoque
3374 5015 3596 5068 nostra

577 5064 588 5071 '
629 5075 638 5086 -
693 5064 704 5074 '
1128 5081 1138 5091 .
1386 5064 1396 5065 ί
1555 5064 1567 5066 “
1604 5064 1661 5066 "‘
1700 5064 1809 5067 “'"
1927 5064 2128 5086 r‘r""
2161 5064 2427 5072 -----·-··-
2461 5064 2779 5087 κη’-πυκνί,
2813 5064 2884 5074 --ν
2933 5064 3086 5072 -ν--υ-
3156 5064 3339 5086 —-~1—-
3374 5064 3530 5068 ——-———
3549 5064 3589 5067 σ-

220 5064 498 5177 f’”ff’_’"7""
538 5089 635 5144 qm
675 5075 948 5148 loquatur
989 5079 1313 5136 Chnswm
1926 5107 2208 5173 poscatur
2239 5121 2458 5162 usura:
2508 5108 2843 5177 praesertim
2889 5123 3022 5162 cum
3062 5064 3320 5160 studium
3359 5119 3392 5156 a
3421 5100 3598 5158 nobis

292 5172 368 5241 Si,
399 5175 578 5268 juxta
627 5182 892 5238 emlestis
939 5187 1290 5241 sententiam
1331 5189 1596 5244 veritatis
1643 5189 1812 5244 verbi
1929 5169 2236 5264 Dominus,
2271 5209 2388 5248 non
2419 5169 2750 5264 profectum
2779 5195 3059 5268 requirat.
3094 5193 3262 5249 Unde
3293 5189 3598 5248 scribendi

164 5256 334 5330 totius,
365 5267 776 5341 quodcunque
807 5272 1062 5329 otiosum
1095 5274 1382 5332 fuerimus
1406 5277 1604 5347 locuti,
1625 5278 1810 5334 habe-
1925 5280 2148 5353 aliquid
2177 5256 2468 5342 sententia
2499 5282 2627 5339 fuit.
2653 5256 2886 5356 Majore
2907 5283 3202 5355 siquidem
3219 5281 3465 5354 pudoris
3485 5294 3596 5350 pe-

165 5357 273 5446 tltus
315 5358 604 5446 praestare
653 5359 939 5416 rationein
987 5363 1064 5434 (2)
1113 5365 1353 5434 (Matth.
1387 5383 1490 5434 xu,
1533 5366 1662 5438 36):
1717 5367 1812 5424 vel
1923 5369 2114 5426 riculo
2145 5371 2380 5427 auditur
2409 5388 2527 5429 vox
2557 5375 2760 5429 nostra
2781 5387 2958 5446 quam
2979 5372 3234 5444 legitur;
3265 5369 3418 5426 liber
3438 5369 3596 5426 enim

167 5445 208 5486 at
241 5445 643 5518 unusquisque
692 5463 909 5508 servus
940 5453 1162 5510 credita
1215 5454 1333 5512 sibi
1362 5454 1574 5512 talenta
1604 5456 1810 5532 gratiae
1927 5474 2048 5517 non
2077 5459 2397 5518 erubescit.

223 5578 289 5656 (ί)
314 5581 534 5662 scrip“
565 5602 655 5652 an.
695 5588 820 5654 877.
1407 5581 1409 5583 ’
2000 5600 2080 5682 (2)
2109 5601 2256 5664 Mss.
2290 5603 2533 5686 aliquot,
2564 5611 2943 5682 praesentare
2977 5602 3289 5662 rationem.
