3932 6152
385 217 505 290 199

1820 188 1885 268 ς.
1917 189 2355 269 AMBRosII.

3673 214 3778 285 200

456 425 509 479 2.
538 423 609 478 Et
629 420 866 495 quidem
881 414 1122 492 ingenio
1136 413 1394 482 diffisus,
1419 410 1527 467 sed
1567 408 1783 464 divina
1812 404 2051 461 miseri—
2075 387 2366 458 K'mento
2400 398 2496 473 sit,
2527 401 2791 457 inveniet
2812 417 2952 458 esse
2982 403 3141 474 quod
3170 419 3287 459 vox
3314 421 3428 461 non
3463 411 3707 487 explicet,
3726 423 3775 474 et

390 521 608 577 cordia
641 509 781 574 146
815 517 1172 588 provocatus
1213 510 1523 585 exemplis,
1559 521 1895 563 sermonem
1923 518 2051 558 me-

389 610 559 664 ditari
581 607 800 676 audeo;
825 622 979 673 nam,
1004 603 1238 659 volente
1261 601 1406 668 Deo,
1449 597 1622 652 etiam
1660 596 1829 649 asina
1856 592 2051 648 locuta

386 701 480 754 est
500 697 697 768 (Num.
722 712 868 764 xxn,
909 692 1019 761 28).
1040 690 1208 757 Quod
1247 689 1301 744 si
1321 686 1465 742 mihi
1496 685 1609 740 sub
1645 684 1819 738 istius
1844 679 2052 736 saculi

392 785 675 843 oneribus
708 782 1025 839 constituto
1057 780 1302 834 assistat
1350 774 1620 847 angelus,
1656 787 1769 845 ego
1819 784 2053 842 quoque

389 878 548 931 muta
579 873 680 928 diu
710 887 813 927 ora
856 869 1111 939 laxabo;
1164 868 1360 938 potest
1405 863 1559 919 enim
1589 861 1823 917 solvere
1872 860 2055 929 impe-

390 963 643 1019 dimenta
673 958 1004 1030 imperitia,
1039 957 1142 1028 qui
1172 956 1231 1009 in
1260 954 1359 1008 illa
1401 951 1569 1006 asina
1598 949 1777 1004 solvit
1807 950 2052 1002 natura.

395 1052 462 1107 In
483 1052 639 1106 Area
658 1048 892 1104 Veteris
911 1043 1270 1101 Testamenti
1291 1042 1462 1113 virga
1491 1039 1688 1095 ﬂoruit
1725 1035 2056 1091 sacerdotis

390 1140 586 1212 (Num.
609 1154 753 1208 xvn,
784 1137 841 1207 8)
871 1151 887 1205 ;
919 1134 1090 1190 facile
1123 1133 1246 1187 Deo
1275 1134 1339 1186 ut
1366 1130 1428 1185 in
1459 1131 1661 1183 sancta
1693 1122 1963 1181 Ecclesia
1983 1123 2057 1178 de

392 1229 618 1285 nostris
648 1240 886 1299 quoque
916 1222 1092 1279 nodis
1123 1222 1201 1292 (3)
1232 1220 1344 1275 ﬂos
1376 1216 1686 1291 germinet.
1717 1214 1835 1269 Cur
1864 1214 2058 1267 autem

394 1316 830 1388 desperandum
862 1311 1023 1385 quod
1064 1310 1352 1366 Dominus
1398 1307 1672 1378 loquatur
1699 1304 1760 1358 in
1807 1300 2059 1357 homini-

390 1392 528 1475 bus,
561 1404 663 1476 qui
715 1405 807 1458 est
837 1402 1070 1457 locutus
1126 1398 1188 1453 in
1236 1396 1506 1452 sentibus
1564 1391 1780 1463 (Exod.
1814 1407 1896 1459 ιιι,
1955 1388 2059 1459 4)?

394 1495 555 1550 Deus
577 1508 685 1548 nec
704 1491 914 1546 rubum
934 1491 1026 1543 est
1048 1487 1425 1559 dedignatus.
1445 1484 1634 1554 Atque
1658 1480 1881 1535 utinam
1895 1492 2060 1532 meas

394 1597 630 1656 quoque
653 1578 941 1635 illuminet
961 1579 1166 1647 spinas
1193 1573 1204 1630 l
1239 1574 1424 1629 Erunt
1456 1570 1732 1627 fortassis
1754 1567 1855 1640 qui
1886 1567 2061 1621 etiam

392 1654 453 1729 in
482 1670 706 1727 nostris
739 1667 1013 1723 sentibus
1044 1665 1300 1736 aliquem
1331 1662 1618 1716 mirentur
1644 1660 1844 1712 lucere
1868 1654 2061 1726 fulgo-

392 1776 541 1830 rem,
577 1761 750 1814 erunt
781 1772 931 1829 quos
964 1755 1134 1825 spina
1163 1755 1367 1807 nostra
1398 1751 1476 1820 (4)
1509 1765 1627 1803 non
1674 1748 1839 1813 urat;
1890 1745 2061 1798 erunt

397 1849 614 1922 quibus
647 1848 718 1901 de
751 1845 898 1915 rubo
929 1843 1125 1898 audita
1156 1856 1275 1895 vox
1305 1842 1507 1893 nostra
1552 1836 1743 1891 solvat
1773 1834 1845 1888 de
1891 1831 2060 1903 pedi-

391 1921 507 1995 bus
538 1936 1018 2000 calceamentum,
1053 1934 1117 1986 ut
1167 1926 1604 2000 impedimentis
1650 1921 2060 1994 corporalibus

400 2029 652 2083 exuatur
680 2024 896 2078 mentis
927 2021 1227 2075 incessus.

466 2116 521 2170 3.
555 2113 672 2169 Sed
703 2111 833 2167 hac
879 2111 1220 2165 sanctorum
1255 2103 1460 2160 merita
1505 2102 1791 2157 virorum.
1825 2097 2061 2153 Utinam

396 2216 489 2260 me
521 2203 634 2258 sub
684 2201 784 2256 illa
822 2198 1191 2254 infructuosa
1243 2194 1435 2249 adhuc
1477 2192 1596 2246 ficu
1634 2190 1933 2263 jacentem
1986 2201 2061 2241 ex

392 2291 585 2365 aliqua
617 2290 797 2345 Jesus
831 2289 994 2359 parte
1036 2285 1363 2356 respiceret
1406 2281 1595 2353 (Joan.
1628 2296 1668 2349 ι,
1699 2276 1829 2347 48)ι
1881 2275 2064 2365 ferret

395 2364 631 2455 quoque
694 2380 830 2450 post
886 2374 1203 2432 triennium
1265 2372 1496 2426 fructus
1546 2371 1604 2423 et
1649 2370 1853 2422 nostra
1910 2364 2061 2419 ficus

398 2453 562 2542 (Luc.
594 2484 719 2538 xm,
752 2467 831 2533 '7).
864 2464 982 2520 Sed
1009 2462 1163 2518 unde
1195 2462 1419 2515 tantum
1448 2456 1860 2529 peccatoribus
1885 2453 2063 2523 spei?

404 2558 641 2613 Utinam
673 2555 883 2609 saltem
911 2552 1008 2607 ille
1052 2549 1450 2621 Evangelicus
1500 2544 1821 2601 Dominica
1872 2542 2064 2597 cultor

400 2643 593 2701 vinea
625 2644 802 2698 ficum
833 2643 1097 2697 nostram
1128 2634 1523 2708 fortassejam
1548 2633 1764 2705 jussus
1785 2630 2059 2687 excidere

405 2733 660 2790 remittat
689 2730 845 2784 illam
897 2728 1097 2783 ethoc
1140 2742 1315 2795 anno,
1349 2739 1539 2796 usque
1588 2722 1725 2776 dum
1755 2719 1956 2789 fodiat,
2006 2722 2063 2774 et

399 2822 587 2877 mittat
645 2817 963 2890 cophinum
1010 2816 1327 2883 stercoris;
1376 2828 1450 2868 ne
1481 2812 1629 2867 forte
1679 2810 1749 2865 de
1797 2812 1954 2863 terra
1982 2808 2061 2879 (5)

404 2910 654 2967 suscitet
683 2905 939 2978 inopem,
975 2909 1032 2960 et
1069 2905 1140 2960 de
1173 2907 1437 2958 stercore
1486 2900 1674 2972 erigat
1702 2893 2058 2969 pauperem!

404 3000 568 3055 Beati
628 2997 727 3070 qui
785 2996 898 3051 sub
953 2995 1071 3049 vite
1103 2996 1160 3048 et
1213 2992 1342 3047 olea
1399 3005 1587 3062 equos
1619 3003 1765 3043 suos
1821 2986 2065 3059 alligant

399 3087 571 3159 (Gen.
622 3103 781 3155 xux,
815 3084 924 3155 11),
982 3083 1251 3138 laborum
1282 3095 1497 3135 cursus
1547 3092 1792 3133 suorum
1833 3075 1951 3131 luci
2008 3077 2067 3129 et

401 3176 621 3233 latitia
653 3177 1074 3230 consecrantes
1100 3186 1239 3227 :-me
1269 3170 1419 3225 ficus
1451 3167 1663 3237 adhuc,
1699 3165 1757 3220 id
1788 3167 1899 3234 est,
1932 3163 2064 3219 ille-

402 3266 653 3322 cebrosa
711 3262 1053 3318 deliciarum
1085 3258 1395 3315 obumbrat
1441 3255 1519 3328 (6)
1550 3255 1793 3327 prurigo
1839 3252 2062 3323 mundi,

404 3361 646 3419 humilis
696 3360 769 3415 ad
823 3357 1205 3427 altitudinem,
1238 3354 1469 3426 fragilis
1504 3343 1646 3409 147
1676 3353 1748 3407 ad
1779 3352 2063 3422 laborem,

407 3450 607 3506 mollis
639 3448 712 3503 ad
741 3464 935 3518 usum,
970 3445 1193 3501 sterilis
1223 3444 1297 3498 ad
1327 3442 1601 3498 fructum.

475 3557 528 3613 4.
546 3556 635 3611 Ne
649 3554 905 3611 fortasse
933 3553 1179 3608 miretur
1202 3549 1417 3621 aliquis
1432 3565 1538 3604 cur
1566 3548 1832 3604 scribere
1853 3547 2063 3619 audeo,

408 3645 509 3719 qui
538 3645 701 3716 loqui
732 3658 982 3714 nequeo.
1009 3641 1081 3696 Et
1118 3644 1312 3695 tamen
1344 3639 1400 3693 si
1436 3640 1772 3709 repetamus
1815 3652 1948 3708 qua
1979 3636 2067 3691 le-

407 3736 606 3808 gimus
638 3734 699 3788 in
728 3730 1093 3803 evangelicis
1140 3728 1462 3798 Scripturis
1491 3730 1550 3782 et
1594 3726 2065 3782 sacerdotalibus

402 3823 598 3893 factis,
623 3837 692 3876 ac
730 3820 905 3876 nobis
928 3820 1172 3874 sanctus
1203 3816 1518 3871 Zacharias
1550 3815 1835 3887 propheta
1879 3815 2066 3870 docu-

476 3963 555 4035 (8‘,
588 3963 669 4017 Ita
699 3961 836 4035 edit.
871 3975 1097 4035 omnes,
1132 3975 1201 4014 ac
1223 3974 1369 4014 mss.
1400 3974 1519 4035 non
1552 3958 1724 4028 pauci
1748 3973 1763 4013 :
1785 3957 1890 4035 alii
1924 3973 2067 4013 vero

407 4030 648 4106 aliquot,
681 4033 755 4088 de
785 4033 1016 4106 nostris
1039 4046 1260 4106 quoque
1277 4030 1524 4106 nucleis,
1559 4045 1677 4083 non
1708 4030 1855 4082 satis
1874 4032 2066 4099 recte;

409 4101 788 4162 manifestum
833 4104 988 4156 enim
1033 4101 1125 4156 est
1162 4101 1550 4155 'Ambrosium
1599 4104 1887 4168 nostrum,
1935 4116 2068 4171 qua

407 4193 516 4232 sua
548 4179 672 4231 erat
700 4174 1019 4241 humilitas,
1053 4172 1320 4242 seipsum
1351 4187 1482 4226 cum
1515 4170 1684 4243 virga
1714 4171 1845 4226 rudi
1875 4186 1944 4224 ac
1962 4170 2069 4226 no-

413 4248 506 4304 dis
537 4261 749 4317 aspera
781 4259 1144 4317 comparare.

476 4319 555 4389 (4)
586 4312 733 4371 Mss.
767 4312 1215 4389 aliiqu'ammulti,
1249 4318 1596 4369 mereantur
1623 4312 1843 4368 ducere
1874 4312 2068 4385 fulgo-

404 4388 554 4453 rem,
583 4404 725 4459 quos
754 4388 924 4459 spina
948 4391 1180 4459 nostra,
1207 4389 1317 4439 etc.

411 4537 435 4588 ί
478 4453 763 4586 (5)tEdit.,
782 4453 1111 4512 'nam'forte
1141 4457 1216 4511 dc
1236 4462 1442 4521 terra;
1474 4455 1767 4527 quadam,
1800 4471 1931 4509 nam
1952 4453 2071 4509 for-

440 4548 496 4588 e.
529 4548 559 4587 e
588 4548 639 4586 c.

440 4548 496 4603 e,
529 4548 639 4587 etc.

481 4596 560 4672 (6)
591 4603 810 4657 Omnes
840 4600 977 4656 edit.
1012 4614 1144 4653 cum
1181 4598 1387 4672 paucis
1425 4612 1597 4667 mss.,
1632 4596 1897 4652 laborem
1929 4613 2067 4652 cur-

407 4670 572 4743 suum
613 4689 849 4743 suorum
900 4672 1061 4743 paci
1090 4676 1149 4725 et
1204 4670 1432 4743 latitia
1480 4674 1941 4743 consecrantes,
1995 4683 2069 4722 ne

409 4742 559 4824 licus
586 4740 930 4824 obumbret}:
971 4741 1068 4795 alii
1099 4757 1247 4796 mss.
1281 4740 1492 4812 majori
1524 4755 1768 4795 numero
1791 4742 1846 4794 et
1865 4741 2071 4794 aucto-

410 4814 600 4882 ritate,
633 4816 696 4867 ut
726 4814 784 4867 in
814 4817 995 4867 textu.

479 4884 557 4955 ('7)
588 4880 761 4939 Rom.
805 4882 942 4955 edit.
975 4899 1043 4937 ac
1073 4899 1222 4955 mss.
1267 4882 1555 4955 nonnulli,
1598 4881 1835 4955 Domini
1878 4880 2070 4935 famu-

406 4951 590 5010 lam...
650 4953 1077 5008 immaculatum
1135 4954 1257 5008 sibi
1311 4952 1616 5016 famulam;
1675 4951 1887 5006 melius
1950 4955 2067 5006 vet.

409 5026 547 5081 edit.
583 5041 717 5079 cum
746 5024 993 5095 reliquis
1024 5040 1172 5078 mss.
1207 5024 1539 5094 utrobique,
1576 5023 1879 5077 familiam.
1929 5022 2069 5095 Ete-

407 5098 529 5152 nim
560 5096 658 5150 hic
688 5093 1015 5150 universim
1046 5095 1117 5148 de
1148 5093 1445 5164 virginum
1484 5098 1639 5148 statu
1670 5098 1843 5164 atque
1863 5093 2067 5147 ordine

409 5168 578 5293 prius
609 5167 888 5237 loquitur,
946 5181 1015 5219 ac
1047 5165 1256 5247 deinde
1303 5166 1376 5220 ad
1422 5166 1676 5236 aliquam
1725 5164 2070 5236 singillatim

434 5236 763 5293 audandam
793 5236 1189 5293 nromeditur.

434 5236 763 5293 audandam
793 5236 1189 5306 progreditur.

487 5309 563 5379 (8)
593 5308 747 5363 Mss.
785 5308 1024 5379 aliquot,
1040 5307 1340 5379 mirentur
1360 5309 1637 5379 innupta,
1660 5312 1718 5362 et
1736 5306 2065 5379 imitentur.

486 5377 566 5451 (9⁷)
589 5379 806 5451 Eadem
832 5377 1001 5433 Rom.
1022 5378 1158 5451 edit.
1184 5379 1331 5448 sola,
1353 5377 1591 5451 vacuum
1612 5378 1942 5451 laudisest;
1962 5377 2071 5433 sed

405 5449 618 5507 vocem
639 5449 768 5505 luce
788 5464 863 5504 ex
882 5452 1000 5504 ant.
1023 5449 1160 5504 edit.
1180 5453 1237 5504 et
1257 5450 1487 5505 cunctis
1507 5465 1654 5505 mss.
1679 5449 2066 5504 restituimus.

410 5522 639 5581 Dicitur
657 5523 849 5579 autem
867 5519 1159 5577 laudabile
1182 5520 1297 5578 hoc
1315 5536 1532 5578 nomen
1553 5535 1712 5590 esse,
1728 5520 1886 5595 quod
1915 5534 2071 5594 agna

409 5604 541 5671 live
560 5602 788 5687 Agnes,
806 5599 1013 5663 Graece
1058 5599 1206 5687 qua.
1232 5600 1293 5663 id
1322 5603 1413 5663 est
1441 5615 1606 5683 pura,
1638 5602 1762 5662 tum
1788 5600 2070 5665 innocen-

2165 499 2356 571 stylus
2389 499 2609 572 signet.
2646 500 2812 565 Quod
2852 501 2905 555 si
2922 515 3134 556 nomen
3167 501 3405 558 Joannis
3432 503 3662 560 reddidit
3683 523 3772 576 pa-

2162 589 2237 641 tri
2267 603 2477 643 vocem
2506 588 2669 658 (Luc.
2703 606 2742 659 ι,
2786 588 2875 659 63,
2907 589 3020 661 64),
3056 605 3169 662 ego
3216 607 3443 663 quoque
3489 594 3773 665 desperare

2167 693 2285 731 non
2317 676 2505 732 debeo
2553 677 2711 748 quod
2759 693 2967 733 vocem
3013 678 3151 733 licet
3194 682 3385 735 mutus
3432 683 3706 754 accipiam,
3735 687 3779 740 si

2165 765 2378 837 loquar
2441 765 2787 822 Christum:
2860 766 3036 838 cujus
3095 768 3330 839 quidem
3384 772 3779 842 generationem

2160 853 2334 926 juxta
2363 854 2772 925 propheticum
2802 854 3024 909 dictum
3052 856 3187 928 quis
3218 858 3503 912 enarrabit
3534 859 3656 929 (lsa.
3680 878 3779 923 Lm.

2165 943 2220 1014 8)
2243 943 2272 998 ε)
2303 942 2374 996 Et
2407 943 2538 998 ideo
2572 943 2745 1014 quasi
2775 959 3010 1015 servus,
3043 944 3276 999 Domini
3304 945 3570 1002 familiam
3594 929 3784 1018 pradié

2168 1031 2314 1087 cabo
2347 1031 2466 1102 ('7);
2500 1032 2908 1087 immaculatus
2957 1034 3113 1089 enim
3160 1034 3442 1090 Dominus
3482 1036 3786 1092 immacula-

2166 1122 2285 1174 tam
2314 1120 2431 1175 sibi
2458 1120 2738 1174 familiam
2769 1121 2944 1175 etiam
2974 1122 3034 1176 in
3080 1122 3194 1178 hoc
3226 1122 3397 1193 pleno
3429 1123 3785 1182 colluvionum

2168 1206 2510 1281 fragilitatis
2542 1208 2814 1265 humana
2843 1225 3093 1281 corpore
3127 1213 3512 1268 consecravit.

2831 1316 3083 1372 CAPUT
3111 1318 3179 1372 II.

2171 1424 2356 1479 Docet
2386 1422 2656 1496 librisui
2705 1425 3008 1495 auspicato
3039 1424 3316 1496 proferri
3340 1426 3657 1496 exordium,
3687 1443 3788 1482 cum

2244 1494 2463 1576 natalis
2493 1494 2628 1549 dies
2658 1494 2821 1550 esset
2856 1494 3134 1576 virginis,
3166 1496 3358 1576 beata
3386 1494 3790 1576 Agnetis'ride-

2243 1566 2385 1647 licet
2401 1586 2420 1647 ί
2452 1582 2618 1647 quam
2650 1582 2680 1619 u
2713 1566 2978 1647 nomine.
3003 1583 3035 1620 α
3060 1567 3312 1647 pudore,
3345 1584 3376 1647 ᾳ
3409 1566 3789 1647 niartyrioele-

2241 1637 2594 1718 gantissime
2616 1637 2999 1718 commendat,
3018 1637 3126 1718 sed
3140 1638 3512 1709 potissimum
3530 1637 3599 1693 ab
3611 1645 3791 1703 atate;

2247 1708 2456 1788 quippe
2479 1724 2605 1779 qua
2635 1723 2820 1788 annos
2843 1708 3151 1788 duodecim
3173 1715 3341 1788 pata,
3375 1715 3653 1788 terrores,
3676 1727 3794 1781 pro-

2094 1762 2146 1825 B
2245 1762 2448 1846 inissa,
2485 1762 2812 1853 cruciatus,
2853 1785 3100 1853 mortem
3133 1762 3419 1853 denique
3437 1762 3797 1852 ipsam’vririli

2238 1865 2493 1922 prorsus
2514 1851 2846 1904 constantia
2867 1850 3185 1905 devicerit.

2245 1954 2298 2011 5.
2333 1955 2404 2010 Et
2432 1955 2585 2011 bene
2633 1956 2917 2026 procedit,
2968 1959 3031 2010 ut
3077 1956 3359 2028 quoniam
3406 1956 3575 2013 hodie
3619 1957 3800 2012 natalis

2176 2047 2268 2100 est
2286 2044 2561 2115 virginis,
2596 2045 2667 2098 de
2699 2044 3034 2116 virginibus
3057 2045 3135 2099 sit
3164 2045 3545 2118 loquendum,
3567 2049 3665 2101 eta
3682 2062 3806 2116 prie-

2176 2133 2466 2188 dicatione
2497 2133 2648 2188 liber
2681 2135 2874 2188 sumat
2908 2133 3239 2188 exordium.
3276 2134 3503 2189 Natalis
3533 2137 3619 2189 est
3645 2134 3801 2206 virgi-

2175 2221 2291 2293 nis,
2323 2221 2719 2293 integritatem
2761 2237 3101 2293 sequamur.
3147 2222 3378 2278 Natalis
3419 2225 3510 2278 est
3543 2223 3803 2294 martyris,

2174 2311 2403 2367 hostias
2427 2310 2818 2365 immolemus.
2843 2311 3069 2365 Natalis
3100 2314 3191 2365 est
3214 2315 3441 2367 sancta
3472 2315 3684 2384 Agnes,
3711 2311 3805 2364 mi-

2173 2403 2379 2456 rentur
2395 2399 2525 2470 viri,
2550 2414 2668 2455 non
2690 2399 3006 2470 desperent
3026 2400 3256 2470 parvuli
3283 2416 3298 2471 ;
3334 2403 3803 2472 stupeantnuptae,

2174 2489 2474 2544 imitentur
2494 2488 2754 2559 innupta
2778 2488 2874 2558 (8).
2899 2487 3015 2543 Sed
3038 2489 3178 2560 quid
3210 2489 3461 2562 dignum
3501 2489 3572 2544 de
3592 2504 3653 2544 ea
3672 2488 3807 2558 loqui
3912 2484 3932 2569 ‘_‘

2173 2594 2518 2649 possumus,
2553 2576 2727 2648 cujus
2756 2592 2830 2631 ne
2879 2592 3092 2631 nomen
3139 2577 3383 2649 quidem
3431 2593 3674 2633 vacuum
3697 2575 3809 2631 luce

2174 2666 2366 2722 laudis
2395 2665 2477 2736 (9)
2510 2665 2662 2720 fuit?
2691 2665 2935 2720 Devotio
2967 2682 3145 2736 supra
3175 2670 3431 2737 atatem,
3456 2668 3639 2740 virtus
3659 2680 3811 2735 supra
3914 2678 3917 2681 '

2175 2759 2478 2810 naturam:
2512 2757 2575 2808 ut
2603 2753 2747 2808 mihi
2794 2754 3064 2809 videatur
3093 2771 3211 2810 non
3241 2756 3507 2811 hominis
3554 2754 3811 2809 habuisse

2175 2859 2411 2913 nomen,
2445 2844 2552 2898 sed
2583 2843 2886 2898 oraculum
2915 2845 3213 2915 martyris,
3252 2861 3374 2917 quo
3407 2844 3679 2899 indicavit
3697 2841 3814 2913 quid

2177 2938 2339 2988 esset
2369 2932 2585 2987 futura.

2246 3020 2299 3076 6.
2335 3021 2538 3077 Habeo
2569 3024 2764 3075 tamen
2794 3021 2953 3076 unde
2988 3020 3136 3076 mihi
3165 3022 3512 3077 subsidium
3550 3034 3817 3090 compare-
3928 3015 3932 3049 ῖ

2102 3113 2288 3188 ctur.
2315 3110 2544 3165 Nomen
2579 3110 2831 3181 virginis
2871 3110 3076 3165 titulus
3118 3114 3209 3166 est
3224 3112 3501 3182 pudoris.
3527 3107 3816 3181 Appellabo

2177 3204 2513 3270 martyrem,
2545 3198 2882 3274 praedicabo
2913 3199 3225 3271 virginem.
3262 3199 3427 3255 Satis
3479 3200 3698 3271 prolixa
3725 3197 3819 3265 (10)
3920 3220 3927 3225 π

2177 3288 2432 3344 laudatio
2472 3291 2582 3359 est,
2616 3304 2749 3359 qua
2796 3303 2915 3343 non
2945 3288 3251 3360 quaeritur,
3306 3290 3415 3344 sed
3450 3291 3692 3343 tenetur.
3725 3285 3818 3339 Fa-

2181 3380 2422 3433 cessant
2451 3377 2630 3449 igitur
2652 3377 2909 3449 ingenia,
2935 3377 3292 3448 eloquentia,
3320 3378 3699 3444 conticescet,
3721 3389 3822 3428 vox
3926 3364 3932 3409 ἑ

2177 3483 2295 3522 una
2325 3466 2690 3537 praconium
2736 3468 2846 3521 est.
2900 3466 3065 3520 Hanc
3112 3482 3321 3536 senes,
3375 3467 3530 3521 hanc
3569 3466 3819 3537 juvenes,
3926 3508 3932 3535 λ

2179 3556 2332 3611 hanc
2363 3555 2530 3626 pueri
2561 3557 2790 3609 canant.
2824 3554 3011 3610 Nemo
3041 3559 3132 3610 est
3152 3555 3538 3626 laudabilior,
3558 3569 3722 3626 quam
3741 3550 3825 3623 qui
3926 3610 3929 3611 ν

2179 3645 2252 3700 ab
2284 3644 2624 3700 hominibus
2672 3644 2899 3698 laudari
2944 3647 3157 3715 potest.
3214 3643 3377 3710 Quot
3426 3644 3712 3708 homines,
3755 3641 3824 3694 tot
3929 3683 3932 3716 ι

2179 3748 2510 3805 pracones,
2544 3733 2643 3804 qui
2666 3735 2979 3803 martyrem
2991 3733 3340 3803 pradicant,
3359 3732 3823 3804 dumloquuntur.

2249 3822 2303 3877 '7.
2326 3822 2469 3877 Hac
2481 3821 2791 3877 duodecim
2812 3837 3099 3876 annorum
3121 3822 3234 3893 (11)
3258 3823 3610 3894 martyrium
3632 3819 3825 3874 fecisse
3928 3872 3932 3895 τ

2179 3967 2276 4022 tia
2308 3964 2643 4038 symbolum
2674 3967 2771 4033 sit,
2801 3968 2925 4038 tum
2945 3965 3260 4038 religionis
3288 3981 3303 4035 ;
3341 3965 3577 4038 cumad
3619 3959 3828 4038 sacriﬁ:
3923 3931 3932 3969 ῖ⁵

2181 4038 2337 4093 cium
2395 4037 2692 4109 quondam
2748 4037 3000 4091 maxime

2181 4108 2413 4161 animal.

2179 4123 2838 4260 an3$§l.Edit.nomn.es
2887 4172 3831 4260 cum‘_Telrl‘er.“cod.,-Appellabo
3930 4226 3932 4253 ε

2252 4194 2367 4250 (ιυ)
2425 4194 2577 4233 non.
2632 4194 2838 4248 omnes
2887 4194 3020 4233 cum
3063 4194 3279 4233 ‘1‘euer.
3333 4194 3496 4247 cou.,
3532 4194 3625 4249 Ap

2180 4256 2530 4322 martyrem.
2564 4249 2842 4322 Pradica
2856 4251 2912 4303 vi
2942 4252 3112 4322 satis.
3147 4249 3572 4322 Prolixaetc.
3599 4194 3662 4302 Eni

2175 4550 2511 4607 praeconum
2535 4540 2646 4603 est,
2679 4534 3190 4607 minuscongrue.

2251 4605 2365 4674 (11)
2416 4606 2583 4659 Rom.
2633 4600 2796 4674 edit.,
2847 4603 2988 4658 Haec
3027 4600 3333 4659 tredecim
3388 4619 3691 4666 annorum,
3725 4600 3829 4674 etc.
3929 4642 3932 4647 .

2181 4672 2279 4755 Sic
2301 4672 2473 4755 etiam
2490 4691 2620 4755 _non
2643 4672 2841 4755 solum
2864 4674 3135 4755 ejusdem
3158 4679 3390 4755 sancta
3413 4674 3686 4746 martyris
3708 4672 3834 4755 Acta
3929 4696 3932 4705 ε

2181 4748 2353 4828 beato
2377 4746 2694 4828 Ambrosio
2714 4746 2866 4800 inter
2886 4742 3020 4828 ejus
3039 4745 3329 4828 epistolas
3345 4742 3767 4828 pequicquam,
3777 4742 3830 4794 ut

2182 4834 2293 4873 suo
2325 4818 2455 4872 loco
2487 4817 2889 4884 ostendemus,
2923 4814 3225 4888 inscripta,
3251 4817 3367 4871 sed
3387 4814 3840 4888 et'mag—nusén-

2182 4889 2460 4961 gustinus
2493 4889 2783 4961 serm._de
2815 4880 3261 4961 diversis,‘iQi,
3297 4889 3361 4942 in
3390 4889 3533 4961 edit.
3568 4880 3833 4961 novai'ili,

2185 4956 2520 5031 quanquam
2551 4960 2608 5013 in
2641 4959 3168 5031 Floriacensiimss.
3194 4959 3331 5013 hac
3348 4960 3540 5013 verba
3574 4956 3835 5012 tredecim

2184 5029 2468 5102 annopum
2498 5031 2735 5085 omnino
2767 5030 2980 5084 desint.
3013 5029 3442 5102 Verumtamen
3473 5030 3708 5102 minime
3734 5040 3838 5079 mu-

2181 5099 2354 5157 tanda
2386 5118 2531 5157 mss.
2581 5101 2861 5166 omnium,
2895 5116 2964 5154 ac
3005 5104 3123 5154 vct.
3158 5101 3300 5156 edit.
3351 5101 3555 5157 lectio.
3588 5099 3839 5156 Solemus

2183 5175 2399 5245 quippe
2431 5189 2536 5228 eos
2569 5174 2669 5244 qui
2723 5173 2959 5227 tertium
2990 5171 3283 5245 decimum
3326 5188 3571 5245 annum
3611 5168 3840 5245 necdum

2181 5237 2936 5314 impleverint,'promiscue
2967 5240 3060 5296 vel
3083 5242 3406 5299 duodecim
3441 5242 3539 5298 vel
3577 5237 3841 5314 tredecim

2183 5308 2471 5370 annorum
2495 5308 2775 5369 voc—itare.
2801 5312 2962 5367 lllam
2981 5317 3173 5367 autem
3204 5316 3548 5385 scriptores
3573 5328 3702 5368 cum
3717 5308 3840 5385 ΔΒει-

2182 5387 2350 5442 ronio
2382 5386 2529 5463 satis
2560 5386 2926 5463 conveniunt
2947 5385 3007 5439 in
3036 5385 3234 5463 ultima
3265 5380 3692 5456 persecutione
3710 5380 3839 5463 fuis-

2183 5473 2250 5515 se
2278 5454 2537 5529 passam.
2571 5455 2760 5529 Cujus
2791 5456 3028 5528 quidem
3057 5450 3473 5529 festumapud
3498 5456 3738 5514 Graecos
3757 5450 3840 5529 die

2183 5529 2251 5603 14
2278 5520 2335 5603 et
2361 5528 2425 5585 2t
2460 5520 2743 5603 Januarii,
2766 5520 2886 5603 (nec
2915 5542 3033 5603 non
3064 5525 3306 5603 tSjulii
3324 5520 3683 5603 delabatur,
3701 5520 3841 5602 apud

2180 5600 2422 5667 Latinos
2452 5614 2595 5666 vero
2624 5598 2689 5661 21
2723 5598 2780 5662 et
2806 5599 2877 5662 28
2906 5598 3191 5666 Januarii.

3097 4028 3423 4091 estinatum
3480 4035 3655 4091 fuerit
3706 4028 3828 4086 illud
3926 4046 3932 4073 ξ

2180 4260 2530 4332 martyrem.
2564 4260 2842 4304 l’l‘éBdlCﬂ
2856 4266 2908 4303 Vl
2942 4260 3112 4304 satis.
3147 4260 3431 4305 Frolixa.
3459 4260 3572 4304 etc.
3599 4260 3829 4316 Elegan-

2179 4325 2298 4376 tius
2330 4324 2521 4402 autem
2552 4321 2763 4392 reliqui
2797 4336 2944 4402 mss.
2966 4324 3036 4402 _ut
3064 4320 3123 4374 in
3153 4320 3521 4402 ltextu,_nisi
3549 4318 3715 4402 .qu'pd
3741 4329 3831 4402 pro
3926 4334 3929 4339 ·

2176 4392 2562 4464 praedicabo,
2590 4408 2707 4446 non
2749 4392 2923 4461 pauci
2966 4392 3171 4464 legunt
3207 4393 3574 4464 pradicavi.
3599 4391 3832 4464 _i_lursus
3928 4398 3932 4432 1

2099 4486 2154 4549 Β
2176 4460 2322 4518 vero
2354 4466 2489 4533 post
2526 4460 2687 4549 duos
2718 4460 2933 4545 versus
2984 4460 3154 4517 Rom.
3186 4460 3331 4518 edit.
3399 4462 3550 4532 sola,
3599 4460 3713 4515 Vox
3740 4470 3831 4511 uua
