4060 6158
306 406 415 470 20,.

1506 399 1618 462 DE
1662 397 2164 465 VIRGINIBUS
2209 400 2370 463 LIB.
2422 397 2470 461 Ι.

3592 400 3713 466 202

309 605 432 670 148
471 602 733 658 traditur.
786 586 913 668 Quo
963 599 1369 656 detestabilior
1417 600 1757 672 crudelitas,
1809 606 1942 672 quae
1962 582 2019 650 Ᾱ
2052 601 2137 655 ris
2168 602 2224 655 et
2255 599 2585 673 religionis.
2611 599 2683 654 Et
2708 599 2877 672 virgo
2907 601 3251 673 permansit,
3285 601 3343 656 et
3370 600 3715 672 martyrium

309 710 401 750 nec
427 692 769 747 minusculae
814 691 1079 762 pepercit
1108 690 1263 746 aetati
1297 706 1310 745 :
1347 690 1465 746 imo
1495 706 1709 762 magna
1748 691 1840 745 vis
1870 690 1944 745 ti-
2054 689 2322 745 obtinuit.

304 783 400 851 dei,
428 798 553 852 quas
581 782 757 836 etiam
788 782 861 835 ab
915 780 1013 835 illa
1043 780 1449 835 testimonium
1495 779 1718 834 invenit
1748 782 1940 834 aetate.

304 872 481 927 Fuitne
511 872 569 924 in
592 870 690 925 illo
721 869 1080 940 corpusculo
1096 868 1326 924 vulneri
1344 869 1557 924 locus?
1580 868 1651 923 Et
1670 885 1803 939 quae
1824 883 1942 922 non

302 959 477 1015 habuit
503 976 619 1030 quo
669 959 893 1014 ferrum
936 959 1268 1029 reciperet,
1300 958 1505 1013 habuit
1553 973 1670 1028 quo
1720 957 1943 1011 ferrum

272 1050 557 1104 -vinceret.
592 1050 667 1103 At
693 1049 871 1103 istius
904 1048 1093 1103 aetatis
1122 1047 1334 1118 puellae
1372 1051 1576 1101 torvos
1607 1046 1778 1101 etiam
1809 1045 1942 1100 vul-

300 1143 382 1193 tus
408 1141 711 1209 parentum
756 1137 910 1192 ferre
958 1151 1077 1192 non
1125 1138 1398 1207 possunt,
1433 1138 1490 1190 et
1535 1151 1645 1190 acu
1676 1135 1944 1190 districta

300 1226 469 1283 solent
483 1229 698 1298 puncta
729 1226 892 1296 ﬂere,
912 1226 1086 1298 quasi
1114 1225 1378 1280 vulnera.
1406 1224 1549 1279 Haec
1569 1226 1723 1279 inter
1741 1240 1946 1279 cruen-

299 1321 376 1370 tas
404 1316 741 1371 carnificum
770 1315 1064 1386 impavida
1094 1330 1305 1369 manus
1330 1356 1344 1384 ,
1396 1314 1527 1369 haec
1571 1313 1945 1368 stridentium

297 1406 561 1478 gravibus
594 1404 914 1460 immobilis
954 1404 1248 1460 tractibus
1278 1406 1650 1469 catenarum,
1676 1419 1834 1458 nunc
1862 1403 1946 1458 fu-

297 1494 461 1549 rentis
489 1494 763 1549 mucroni
790 1493 994 1549 militis
1041 1496 1227 1549 totum
1259 1491 1473 1548 offerre
1503 1508 1722 1563 corpus
1746 1535 1761 1562 ,
1795 1491 1943 1547 mori

295 1583 466 1639 adhuc
492 1584 720 1652 nescia,
754 1582 863 1638 sed
892 1586 1093 1654 parata
1125 1598 1137 1638 :
1174 1582 1270 1637 vel
1298 1583 1350 1637 si
1380 1582 1455 1636 ad
1484 1596 1619 1636 aras
1650 1581 1829 1636 invita
1861 1598 1950 1635 ra-

295 1675 529 1744 peretur,
568 1672 810 1727 tendere
843 1670 1079 1727 Christo
1107 1672 1262 1727 inter
1290 1672 1465 1745 ignes
1496 1687 1738 1740 manus,
1772 1673 1947 1742 atque

294 1762 345 1817 in
371 1761 513 1833 ipsis
548 1761 867 1833 sacrilegis
916 1760 1068 1816 focis
1099 1764 1386 1832 trepaeum
1430 1760 1663 1815 Domini
1706 1759 1948 1832 signare

294 1851 396 1922 (12)
416 1851 667 1906 victoris
698 1866 711 1906 :
745 1866 904 1906 nunc
934 1850 1171 1905 ferratis
1202 1849 1354 1905 colla
1381 1864 1712 1921 manusque
1740 1848 1949 1903 ambas

294 1942 541 1996 inserere
574 1938 833 1996 nexibus
869 1956 882 1995 :
916 1939 1024 1995 sed
1055 1939 1254 1995 nullus
1285 1942 1402 1994 tam
1439 1938 1639 1994 tenuia
1683 1937 1949 1994 membra

290 2032 499 2101 poterat
526 2045 726 2085 nexus
758 2029 1087 2085 includere.

352 2164 401 2220 8.
431 2164 674 2220 Novum
702 2164 965 2235 martyrii
996 2164 1230 2235 genus?
1267 2162 1543 2218 Nondum
1585 2161 1792 2217 idonea
1821 2177 1951 2233 poe-

292 2270 392 2324 ne,
423 2257 478 2308 et
500 2253 633 2326 jam
664 2256 890 2307 matura
910 2253 1177 2308 victoriae
1204 2268 1216 2306 :
1242 2255 1467 2307 certare
1500 2250 1784 2320 difficxlis,
1816 2250 1955 2305 faci-

291 2342 360 2397 lis
387 2343 663 2398 coronari
698 2358 712 2397 :
756 2341 1167 2414 magisterium
1206 2341 1442 2395 virtutis
1486 2340 1785 2411 implevit,
1819 2356 1953 2412 quae

292 2432 698 2504 praeiudicium
719 2431 974 2486 vehebat
1003 2431 1213 2485 aetatis.
1252 2430 1385 2485 Non
1408 2430 1498 2484 sic
1529 2430 1603 2484 ad
1637 2430 1954 2484 thalamum

291 2525 455 2592 nupta
476 2524 848 2592 properaret,
878 2524 940 2575 ut
960 2520 1031 2574 ad
1056 2519 1311 2590 supplici
1333 2519 1528 2574 locum
1548 2519 1682 2573 laeta
1704 2534 1954 2574 succes-

290 2626 373 2679 su,
394 2611 590 2682 gradu
614 2610 826 2665 festina
848 2609 1019 2680 virgo
1051 2609 1368 2679 processit,
1393 2625 1511 2663 non
1541 2610 1757 2663 intorto
1792 2609 1955 2663 crine

293 2702 448 2770 caput
470 2702 730 2769 compta,
770 2698 877 2753 sed
911 2697 1147 2753 Christo
1176 2712 1327 2752 :non
1359 2697 1627 2753 ﬂosculis
1664 2696 1953 2768 redimita,

291 2789 386 2843 sed
408 2787 705 2843 moribus.
738 2787 910 2842 Flere
942 2803 1170 2857 omnes,
1202 2787 1333 2858 ipsa
1362 2786 1493 2841 sine
1522 2786 1661 2842 ﬂetu
1692 2786 1825 2857 (13).
1860 2786 1960 2841 Mi-

292 2878 400 2931 rari
428 2877 710 2948 plerique
740 2876 899 2948 quod
941 2880 1057 2930 tam
1104 2876 1276 2931 facile
1307 2877 1445 2930 vitae
1492 2892 1618 2931 suae
1667 2876 1915 2948 prodiga
1940 2916 1955 2946 ,

292 2983 453 3037 quam
477 2965 749 3021 nondum
772 2965 1071 3034 hauserat,
1099 2966 1222 3037 jam
1252 2966 1423 3037 quasi
1450 2965 1756 3036 perfuncta
1779 2965 1959 3020 dona-

290 3059 385 3110 ret.
417 3055 680 3127 Stupere
721 3055 1024 3125 universi,
1058 3056 1217 3126 quod
1257 3055 1383 3126 jam
1416 3055 1738 3109 divinitatis
1785 3055 1956 3108 testis

289 3145 633 3207 exsisteret,
667 3160 800 3215 quae
832 3144 1023 3199 adhuc
1054 3144 1274 3199 arbitra
1306 3144 1418 3213 (14)
1449 3143 1544 3198 sui
1592 3158 1701 3214 per
1728 3146 1959 3211 aetatem

289 3249 414 3289 esse
444 3251 569 3289 non
604 3237 831 3305 posset.
867 3232 1073 3288 Effecit
1104 3233 1357 3304 denique
1392 3236 1455 3287 ut
1487 3232 1541 3286 ei
1563 3232 1633 3287 de
1675 3233 1796 3288 Deo
1832 3248 1958 3287 cre-

2608 778 2750 844 149
2782 778 3034 834 CAPUT
3072 778 3165 834 III.

2064 876 2346 949 Variisie
2397 877 2697 949 capitibus
2731 878 3117 949 virginitatis,
3149 876 3358 949 laudes
3397 881 3714 949 petuntur,

2125 949 2236 1021 sed
2271 948 2410 1002 hinc
2438 948 2736 1020 imprimis
2767 948 2917 1021 quod
2946 965 2978 1003 θ
3009 948 3168 1021 caelo.
3212 948 3464 1003 Verbum
3497 948 3720 1021 elicere

2125 1019 2189 1073 in
2222 1032 2450 1073 terram
2479 1019 2666 1091 ipsam
2689 1019 2983 1075 meruerit
3008 1039 3024 1073 :
3051 1020 3205 1074 unde
3219 1025 3428 1091 postea
3447 1020 3505 1091 ej
3511 1035 3578 1091 us
3597 1024 3720 1073 stu-

2126 1091 2285 1145 dium
2322 1091 2472 1163 quod
2500 1090 2610 1146 Sub
2644 1092 2884 1164 antiquo
2915 1091 3148 1145 fcedere
3178 1090 3241 1164 in
3266 1090 3483 1163 paucis
3500 1090 3721 1146 ﬂorue-

2126 1167 2245 1228 rat,
2274 1168 2663 1234 propagatum
2686 1163 2870 1220 estin
2902 1163 3255 1218 innumeris.

2130 1268 2215 1323 10.
2248 1268 2460 1323 Invitat
2501 1286 2657 1325 nunc
2686 1269 3043 1342 integritatis
3088 1284 3271 1340 amor,
3325 1272 3383 1324 et
3429 1272 3519 1339 tu,
3553 1282 3727 1323 soror

2058 1360 2282 1428 sancta,
2317 1358 2409 1412 vel
2440 1359 2618 1413 mutis
2650 1359 2821 1413 tacita
2852 1358 3118 1414 moribus
3146 1358 3280 1429 (17),
3311 1361 3375 1413 ut
3402 1357 3622 1430 aliquid
3654 1357 3726 1412 de

2058 1446 2397 1518 virginitate
2429 1447 2727 1517 dicamus;
2747 1463 2819 1502 ne
2849 1447 3027 1503 veluti
3048 1447 3299 1503 transitu
3320 1447 3575 1520 quodam
3594 1462 3728 1518 per-

2060 1536 2263 1590 stricta
2295 1535 2563 1590 videatur
2586 1579 2599 1606 ,
2634 1553 2767 1608 quae
2798 1538 3144 1610 principalis
3195 1540 3287 1593 est
3334 1537 3548 1592 virtus.
3594 1535 3729 1591 Non

2063 1625 2218 1680 enim
2249 1624 2382 1680 ideo
2414 1625 2729 1681 laudabilis
2756 1626 3094 1699 virginitas,
3128 1626 3265 1699 quia
3294 1628 3350 1681 et
3379 1625 3440 1681 in
3466 1625 3731 1697 martyri-

2059 1714 2176 1769 bus
2204 1714 2516 1785 reperitur,
2552 1714 2661 1770 sed
2691 1715 2827 1787 quia
2860 1716 2990 1788 ipsa
3020 1719 3312 1788 martyres
3342 1713 3537 1771 faciat.

2133 1820 2221 1876 11.
2254 1820 2400 1887 Quis
2430 1824 2624 1878 autem
2654 1822 2910 1879 humano
2940 1839 3069 1879 eam
3095 1823 3289 1894 possit
3307 1823 3547 1896 ingenio
3579 1837 3712 1879 com

2062 1911 2453 1983 prehendere,
2484 1928 2660 1983 quam
2679 1928 2790 1967 nec
2810 1915 3019 1968 natura
3041 1913 3172 1969 suis
3202 1912 3442 1969 inclusit
3460 1912 3732 1986 legibus?

1975 1965 2027 2029 Β
2064 1965 2181 2055 λιιι
2210 1999 2345 2072 quis
2375 1965 2625 2056 na'tiirali
2644 2017 2791 2058 voce
2815 2002 3145 2073 complecti,
3169 2003 3327 2074 quod
3343 1965 3734 2073 supravusum

2064 2092 2290 2168 naturae
2322 2089 2440 2144 sit?
2485 2089 2531 2144 E
2561 2090 2710 2145 coelo
2739 2091 3057 2146 accersivit
3100 2092 3258 2163 quod
3302 2091 3630 2146 imitaretur
3672 2089 3734 2145 in

2064 2179 2262 2234 terris.
2296 2178 2421 2233 Nec
2450 2178 2741 2235 immerito
2776 2179 3015 2235 vivendi
3045 2180 3159 2235 sibi
3191 2196 3366 2235 usum
3394 2179 3673 2251 quaesivit
3699 2194 3733 2234 θ

2067 2268 2237 2339 coelo,
2257 2284 2389 2340 quae
2407 2284 2695 2339 sponsum
2710 2268 2822 2323 sibi
2845 2269 3065 2324 invenit
3083 2269 3144 2323 in
3167 2269 3490 2324 coelo.Haec
3516 2268 3730 2334 nubes,

2065 2374 2223 2431 aera,
2258 2356 2528 2430 angelos,
2581 2357 2897 2430 sideraque
2948 2357 3419 2431 transgrediens,
3472 2356 3734 2412 Verbum

2067 2448 2173 2503 Dei
2202 2448 2261 2502 in
2292 2447 2424 2518 ipso
2468 2446 2606 2502 sinu
2646 2447 2838 2502 Patris
2870 2447 3112 2517 invenit,
3161 2450 3218 2502 et
3248 2450 3367 2502 toto
3396 2446 3595 2511 hausit
3640 2461 3739 2517 pec

2069 2540 2250 2593 ctore.
2285 2536 2436 2591 Nam
2475 2537 2611 2608 quis
2650 2539 2872 2591 tantum
2904 2553 3037 2591 cum
3068 2537 3395 2607 invenerit,
3443 2535 3740 2607 relinquat

2067 2627 2240 2683 boni?
2269 2626 2637 2699 Unguentum
2659 2626 2815 2681 enim
2828 2626 3194 2683 exinanitum
3211 2631 3533 2681 estnomen
3556 2630 3735 2680 tuum:

2066 2732 2219 2789 prop
2229 2722 2357 2770 tere
2371 2713 2825 2771 adulescentula:
2837 2714 3180 2770 dilexerunt
3196 2722 3272 2783 te,
3283 2720 3341 2770 et
3356 2720 3739 2770 attraxerant

2073 2811 2130 2861 te
2151 2805 2348 2876 (Cant.
2384 2822 2423 2876 ι,
2460 2802 2534 2873 1).
2572 2804 2881 2859 Postremo
2914 2820 3032 2860 non
3061 2820 3257 2859 meum
3286 2808 3379 2860 est
3407 2803 3572 2876 illud,
3603 2819 3742 2876 quo-

2070 2895 2226 2950 niam
2258 2910 2389 2966 quaa
2435 2910 2553 2949 non
2584 2893 2825 2963 nubent,
2859 2909 3052 2966 neque
3083 2894 3400 2963 nubentur,
3436 2896 3608 2949 erunt
3652 2892 3741 2949 si-

2072 2987 2169 3039 cut
2199 2983 2395 3055 angeli
2426 2983 2487 3037 in
2534 2982 2683 3037 coelo
2725 2983 2964 3053 (Matth.
3017 3000 3163 3056 xxii,
3196 2983 3307 3052 30).
3358 2982 3547 3038 Nemo
3595 2998 3740 3055 ergo

2073 3073 2318 3127 miretur
2358 3072 2411 3126 si
2442 3071 2676 3143 angelis
2724 3077 3158 3144 comparentur,
3209 3089 3343 3144 quae
3391 3072 3743 3144 angelorum

2075 3162 2324 3217 Domino
2357 3160 2722 3231 copulantur.
2756 3161 2902 3226 Quis
2934 3162 3116 3234 igitur
3159 3164 3337 3233 neget
3368 3161 3521 3215 hanc
3564 3161 3744 3215 vitam

2076 3252 2325 3307 ﬂuxisse
2371 3251 2442 3305 de
2494 3249 2664 3318 coelo,
2713 3266 2889 3321 quam
2935 3266 3053 3305 non
3100 3249 3269 3304 facile
3302 3244 3639 3304 invenimus
3681 3249 3744 3303 in

290 3322 538 3394 darem“.
563 3324 663 3378 ουί
687 3323 757 3378 de
794 3321 1031 3376 homine
1053 3321 1245 3376 adhuc
1268 3338 1387 3376 non
1424 3320 1784 3376 crederem"-
1813 3319 1961 3386 Qum
1992 3335 2044 3400 Ο
2074 3340 2270 3410 terris,
2305 3340 2423 3394 nisi
2452 3319 2763 3410 postquam
2787 3339 2947 3394 Deus
2976 3339 3037 3392 in
3067 3338 3196 3394 haec
3226 3338 3443 3393 terreni
3474 3337 3744 3409 corporis

289 3414 435 3482 quod
466 3414 627 3467 ultra
660 3416 927 3466 naturam
957 3414 1067 3480 est,
1102 3411 1173 3465 de
1202 3415 1442 3466 auctore
1474 3413 1699 3465 naturae
1730 3414 1842 3465 est.

353 3536 405 3592 9.
437 3537 677 3603 Quanto
732 3539 959 3591 terrore
1016 3537 1139 3608 egit
1193 3535 1459 3590 carnifex
1516 3538 1579 3590 ut
1634 3536 1959 3606 timeretur,

292 3628 519 3697 quantis
548 3625 860 3681 blanditiis
892 3629 954 3680 ut
998 3624 1304 3680 suaderet!
1338 3628 1690 3696 quantorum
1734 3629 1869 3679 vota
1900 3628 1965 3679 ut

291 3716 393 3769 sibi
417 3717 491 3771 ad
517 3716 761 3786 nuptias
796 3713 1158 3786 perveniret!
1195 3716 1268 3770 At
1299 3715 1434 3770 illa:
1466 3714 1538 3768 Et
1576 3714 1705 3769 haec
1745 3713 1965 3784 Sponsi

293 3803 501 3875 injuria
534 3809 631 3859 est
663 3807 1013 3874 exspectare
1045 3804 1394 3874 placiturum
1425 3802 1561 3874 (15).
1584 3803 1695 3869 Qui
1725 3820 1818 3858 me
1848 3803 1967 3858 sibi

293 3895 447 3962 prior
478 3894 670 3965 elegit
708 3891 843 3963 (16),
879 3893 1145 3963 accipiet.
1179 3892 1348 3963 Quid,
1381 3909 1733 3964 percussor,
1768 3909 1964 3947 mora-

291 3982 406 4037 ris?
454 3983 675 4037 Pereat
706 3998 924 4053 corpus
945 3983 1101 4054 quod
1123 3983 1304 4037 amari
1319 3985 1514 4053 potest
1534 3983 1724 4037 oculis
1747 3983 1965 4054 quibus

290 4072 439 4127 nolo.
473 4071 672 4142 Stetit,
698 4072 919 4141 oravit,
955 4071 1247 4126 cervicem
1269 4072 1511 4127 inﬂexit.
1538 4072 1829 4127 Cerneres
1851 4074 1967 4125 tre-

293 4160 489 4230 pidare
525 4160 892 4227 carnificem,
933 4160 1104 4232 quasi
1127 4161 1254 4230 ipse
1278 4160 1547 4216 addictus
1571 4160 1817 4215 fuisset:
1845 4163 1966 4214 tre-

295 4264 447 4304 mere
478 4249 872 4322 percussoris
904 4249 1225 4319 dexteram,
1259 4249 1478 4320 pallere
1519 4264 1619 4303 ora
1665 4250 1859 4303 alieno
1888 4250 1965 4303 ti-

294 4338 503 4392 mentis
532 4338 827 4408 periculo,
854 4353 985 4392 cum
1008 4337 1211 4408 puella’
1228 4354 1346 4393 non
1366 4338 1598 4392 timeret
1615 4354 1745 4393 suo.
1772 4337 1965 4393 Habe-

292 4426 364 4482 tis
396 4426 588 4500 igitur
636 4426 699 4481 in
726 4442 845 4482 una
890 4426 1081 4482 hostia
1113 4427 1332 4498 duplex
1376 4428 1740 4499 martyrium,
1774 4428 1965 4498 pudo-

360 4569 471 4640 (12)
513 4569 1094 4642 TrepwuniDomini
1122 4571 1386 4642 signare,
1426 4570 1485 4625 id
1516 4574 1627 4640 est,
1664 4571 1860 4626 crucis
1894 4570 1965 4625 ti-

298 4656 503 4711 guram
535 4640 794 4713 sublatis
831 4641 888 4695 in
920 4641 1100 4713 altum
1137 4640 1401 4713 brachiis
1425 4642 1775 4712 exprimere,
1808 4643 1965 4713 quod

295 4713 500 4780 primis
531 4712 893 4766 Christianis
927 4712 1213 4766 familiare
1245 4712 1354 4766 fuit
1382 4713 1537 4767 inter
1567 4712 1872 4768 orandum.

360 4782 471 4852 (13)
506 4783 795 4838 Nonnulli
824 4799 997 4851 mss.,
1031 4782 1215 4839 Flere
1243 4800 1446 4838 omnes
1469 4785 1790 4857 propinqui
1810 4791 1972 4856 pote-

297 4860 449 4908 rant.

363 4926 476 4994 (14)
510 4925 774 4996 Rogabit
804 4923 958 4980 forte
989 4925 1204 4997 aliquis
1255 4941 1362 4980 cur
1409 4926 1641 4997 Agnem
1689 4927 1971 4982 tredecim

298 5011 481 5051 annos
515 5002 735 5064 natam,
783 4996 1059 5051 arbitram
1088 4996 1188 5051 eui
1217 5002 1315 5052 aut
1343 4998 1416 5051 ad
1450 4996 1756 5052 ferendum
1800 5000 1972 5053 testi-

300 5069 561 5140 monium
591 5067 1191 5140 habilemexstitisse
1220 5072 1399 5140 neget
1426 5069 1802 5140 Ambrosius,
1838 5086 1971 5123 cum

300 5152 370 5192 ex
396 5139 768 5193 'l‘ertulliano
808 5139 920 5211 lib.
965 5139 1038 5193 de
1101 5138 1328 5211 Virgini
1386 5139 1655 5194 velandis
1701 5156 1827 5210 cap.
1884 5140 1971 5211 11,

302 5214 531 5264 constet
562 5212 750 5264 moris
795 5208 987 5265 fuisse
1019 5211 1171 5281 apud
1206 5208 1516 5276 ethnicos,
1571 5213 1632 5264 ut
1662 5208 1873 5281 puellae
1905 5209 1973 5265 12

302 5227 531 5264 constet
562 5227 750 5264 moris
795 5227 987 5265 IUISSC
1019 5227 1047 5262 a
1097 5227 1171 5264 ua
1210 5227 1516 5276 amnicos,
1571 5227 1632 5264 ut
1662 5227 1873 5281 pueme
1905 5227 1973 5265 12

302 5294 468 5347 anno,
507 5281 763 5334 masculi
792 5284 985 5335 autem
1018 5227 1102 5350 12,
1138 5282 1215 5336 ad
1248 5298 1352 5335 sua
1393 5283 1629 5352 negotia
1671 5284 1973 5337 mitteren-

301 5353 407 5424 tur.
440 5352 669 5406 Verum
701 5352 1022 5406 observant
1052 5352 1184 5423 ejus
1209 5357 1700 5408 commentatores
1719 5352 1971 5424 pupillas

303 5422 406 5474 etsi
437 5439 468 5475 a
504 5424 883 5493 negotiorum
914 5422 1093 5477 tutela
1142 5424 1453 5493 liberatas,
1488 5422 1748 5478 nondum
1782 5422 1974 5478 tamen

304 5493 533 5566 absolvi
569 5510 605 5545 a
634 5495 808 5548 tutela
840 5495 1225 5549 auctoritatis.
1263 5495 1429 5549 Unde
1456 5495 1593 5549 licet
1614 5496 1849 5566 propria
1880 5511 1976 5549 ne-

303 5565 453 5637 gotia
486 5580 673 5637 agere
704 5567 1210 5635 permitterentur,
1244 5569 1438 5620 tamen
1466 5565 1807 5637 quinetiam
1852 5569 1976 5621 tum

305 5607 412 5710 gub
436 5607 739 5690 muliebrir
736 5637 912 5710 tutela
934 5641 1118 5709 erant,
1143 5607 1321 5710 m’ulta
1342 5607 1567 5693 eisd‘t13m
1587 5638 1979 5710 prohibeban-

305 5707 395 5783 tur
422 5723 570 5783 quae
618 5707 765 5778 apud
792 5708 979 5783 ipsos
1009 5707 1273 5783 reperias
1293 5750 1308 5779 ,
1346 5709 1557 5783 Rostea
1588 5707 1764 5783 vero
1783 5710 1980 5783 legem

309 5778 380 5840 de
425 5778 609 5840 venia
638 5778 1149 5841 aetatis'masculis
1179 5778 1333 5841 anno
1362 5780 1462 5860 20,
1494 5780 1712 5858 puellis
1744 5778 1983 5855 18,'edi-

596 5867 832 5935 hmo»
866 5868 1020 5937 XVI.

1992 4702 2048 4765 D

2075 3430 2339 3485 membra
2367 3428 2715 3484 descendit?
2746 3429 2911 3483 Tunc
2942 3428 3001 3481 in
3030 3431 3198 3482 utero
3228 3429 3402 3499 virgo
3454 3427 3567 3499 (18)
3598 3443 3745 3482 con-

2076 3520 2249 3590 cepit,
2284 3521 2340 3573 ct
2368 3518 2629 3573 Verbum
2676 3533 2813 3573 caro
2858 3517 3076 3573 factum
3124 3520 3236 3589 est,
3282 3521 3347 3572 ut
3393 3532 3531 3573 caro
3580 3517 3748 3572 fieret

2076 3609 2237 3664 Deus
2269 3608 2457 3679 (Joan.
2491 3624 2533 3678 ι,
2566 3607 2675 3677 11).

2149 3716 2236 3771 1'2.
2261 3714 2427 3769 Dicet
2444 3714 2659 3786 aliquis
2686 3730 2698 3769 :
2737 3713 2854 3770 Sed
2876 3714 3050 3770 etiam
3073 3713 3234 3769 Elias
3254 3713 3435 3769 nullis
3474 3711 3747 3785 corporei

2079 3806 2269 3861 coitus
2293 3804 2481 3858 fuisse
2503 3803 2825 3874 permistus
2845 3803 3263 3875 cupiditatibus
3285 3802 3747 3859 invenitur.ldeo

2078 3910 2222 3968 ergo
2243 3910 2420 3949 curru
2444 3895 2647 3964 raptus
2668 3894 2742 3948 ad
2760 3892 2975 3948 coelum
2996 3892 3256 3965 (lVlieg.
3272 3893 3749 3963 n,11),ideocum

2079 3983 2327 4039 Domino
2348 3982 2661 4053 apparetin
2679 3982 2869 4055 gloria
2891 3982 3132 4053 (Matth.
3148 3998 3292 4052 xvu,
3312 3982 3527 4057 3),ideo
3553 3981 3749 4036 Domi-

2077 4074 2196 4128 niei
2217 4076 2504 4128 venturus
2526 4074 2618 4127 est
2638 4087 2980 4142 praecursor
3000 4071 3289 4126 adventus
3333 4070 3559 4140 (Malae.
3589 4088 3668 4142 IV,
3692 4072 3747 4141 5)

2080 4162 2151 4217 Et
2167 4162 2351 4217 Maria
2368 4164 2706 4233 tympanum
2726 4176 2973 4215 sumens
2986 4160 3211 4231 pudore
3233 4160 3506 4232 virgineo
3529 4160 3748 4215 choros

2079 4251 2245 4307 duxit
2286 4250 2501 4322 (Exod.
2537 4266 2635 4320 xv,
2683 4250 2793 4320 20).
2840 4250 2958 4305 Sed
3002 4250 3375 4305 considerate
3425 4248 3603 4321 cujus
3648 4248 3749 4302 illa

2080 4341 2342 4412 speciem
2370 4341 2510 4394 tunc
2539 4339 2804 4412 gerebat.
2842 4338 3052 4394 Nonne
3084 4338 3402 4407 Ecclesiae,
3439 4353 3573 4409 quae
3605 4336 3749 4391 reli-

2081 4431 2291 4502 giosos
2323 4428 2521 4500 populi
2555 4430 2745 4484 coetus
2793 4429 2895 4501 qui
2926 4427 3183 4482 carmina
3225 4426 3423 4481 divina
3467 4425 3748 4480 concine-

2082 4573 2164 4627 dit
2192 4572 2628 4645 Constantinus
2650 4572 2925 4645 Magnus.
2955 4567 3575 4645 YideCodiTheodpd
3590 4567 3749 4645 hunc

2080 4645 2330 4712 titulum,
2366 4649 2423 4699 et
2452 4643 2703 4699 Cassiod
2732 4640 2836 4698 lib.
2871 4659 2932 4696 iii
2975 4641 3209 4695 Variar.
3245 4641 3418 4712 form.
3449 4640 3540 4710 41,
3563 4644 3747 4712 atque

2082 4718 2141 4771 in
2185 4711 2429 4771 eosdem
2485 4714 2788 4769 Godefridi
2841 4729 2911 4767 ac
2958 4712 3224 4767 Fornerii
3274 4711 3746 4767 observationes.

2153 4787 2265 4857 (15)
2297 4787 2515 4840 Omnes
2546 4786 2682 4839 edit.
2716 4801 2786 4857 ac
2816 4800 2964 4857 mss.
2998 4783 3238 4853 aliquot,
3267 4783 3488 4857 injuria
3521 4790 3633 4857 est,
3668 4784 3752 4837 in-

2083 4855 2400 4930 qiiitgmss.
2434 4858 2706 4911 omittunt
2734 4856 2958 4926 inquit,
2997 4863 3377 4930 exspectare
3394 4855 3749 4930 placituram

2081 4925 2137 4984 si
2183 4928 2281 4982 alii
2328 4943 2522 4981 mss...
2559 4925 2913 4998 exspectare
2939 4927 3315 4997 placiturum.
3351 4925 3608 4998 Aptius:
3632 4925 3751 4980 Sed

2081 5001 2222 5071 quid
2254 5000 2308 5054 si
2346 4999 2618 5071 legamus
2662 4996 2946 5071 spectare
2985 5013 3090 5067 pro
3126 4996 3546 5071 exspectare?
3577 4996 3749 5051 Certe

2082 5068 2196 5126 hoc
2229 5068 2493 5125 ultimum
2540 5069 2672 5124 loco
2696 5068 2939 5139 prioris,
2992 5072 3274 5139 perpetuo
3314 5068 3554 5123 exibant
3595 5084 3744 5122 mss.

2153 5142 2268 5211 (16)
2302 5141 2509 5195 Plures
2544 5156 2692 5195 mss.
2737 5142 3005 5212 priorem
3037 5141 3222 5212 elegit
3252 5158 3271 5205 ;
3303 5139 3515 5195 melius
3553 5141 3750 5194 tamen

2082 5213 2201 5281 alii,
2235 5216 2291 5267 et
2322 5214 2550 5266 cunctae
2582 5211 2752 5280 edit.,’
2777 5211 2964 5266 Prior
2993 5211 3194 5282 elegit.

2154 5279 2267 5354 (Π)
2301 5284 2448 5337 Mss.
2482 5284 2617 5349 duo,
2658 5279 2756 5337 vel
2780 5283 3026 5337 mitibus
3059 5279 3236 5336 tacita
3268 5281 3571 5354 moribus;
3605 5279 3749 5354 reli-

2084 5352 2185 5427 qui
2225 5360 2281 5409 et
2312 5370 2518 5409 omnes
2550 5354 2710 5427 edit.,
2768 5355 2865 5408 vel
2891 5355 3089 5423 mutis,
3135 5357 3246 5407 etc.
3282 5354 3451 5407 Rom.
3487 5353 3607 5427 edit
3647 5352 3747 5427 ad-

2084 5422 2186 5496 dit,
2216 5428 2377 5498 petis
2407 5445 2425 5490 ;
2458 5430 2516 5481 at
2564 5426 2721 5498 nulla
2745 5422 3121 5498 causa,cum
3167 5428 3367 5494 aperte
3413 5422 3749 5498 subintelli-s

2084 5493 2263 5571 gatur
2302 5498 2529 5571 invitas
2557 5497 2708 5571 {ubi
2741 5496 3138 5571 Marcellinum
3183 5493 3452 5550 sci-orem
3501 5493 3748 5562 alloqui«

2083 5569 2197 5638 tur,
2235 5570 2305 5624 de
2339 5584 2451 5638 qua
2481 5569 2541 5622 in
2574 5569 2941 5623 Admotioiie.

2155 5632 2270 5712 (18)
2312 5632 2533 5696 Vocem
2583 5640 2750 5712 virgo
2799 5638 2936 5695 edit.
3001 5636 3587 5712 Rom._detraxerat,
3638 5632 3749 5693 sed

2088 5702 2292 5772 contra
2321 5712 2571 5773 alterum
2601 5702 2851 5771 ac'mss.
2883 5710 3144 5779 omnium
3174 5708 3370 5772 fidem.

3431 5863 3468 5959 ’ἰ
