4060 6158
288 391 392 455 205

1527 383 1640 448 DE
1667 381 2169 448 VIRGINIBUS
2201 383 2362 446 LIB.
2397 379 2443 444 Ι.

3590 381 3712 446 206

288 593 366 645 rat
384 589 533 644 illam
550 587 829 659 patientia
853 587 989 657 (27),
1013 589 1077 642 ut
1115 586 1346 657 culpam
1370 589 1634 658 negaret.
1661 585 1795 640 Non
1827 584 1941 656 igi-
1963 565 2018 634 Ᾱ
2057 589 2228 638 vento
2245 599 2370 655 qua}
2384 587 2662 654 portatur
2682 581 2928 650 (Jerem.
2953 599 3112 653 xvm,
3147 583 3234 654 13,
3260 582 3370 654 14).
3394 582 3597 650 Qualis
3620 587 3714 639 est

289 683 373 733 tur
399 679 609 733 invicta
628 677 890 748 undique
915 692 931 745 ς
962 691 1096 730 nam
1119 678 1175 730 et
1199 679 1505 746 tyrannus,
1539 675 1676 729 licet
1697 690 1814 728 non
1842 689 1945 744 po-

288 767 447 822 tuerit
468 767 735 822 invenire
760 766 914 836 quod
958 781 1078 820 non
1113 763 1538 836 interrogabat,
1562 767 1756 818 tamen
1787 762 1944 834 quod

288 873 396 913 non
423 855 843 926 interrogabat,
878 855 1122 909 invenit.

358 945 437 999 19.
470 944 696 1010 Quanto
742 947 962 999 nostrae
1007 943 1275 1014 virgines
1325 943 1621 1011 fortiores,
1655 957 1788 1012 qua)
1818 940 1945 994 vin-

289 1037 412 1089 cunt
429 1034 601 1089 etiam
634 1048 784 1104 quas
817 1048 935 1088 non
958 1032 1158 1086 vident
1180 1033 1538 1102 potestates:
1573 1030 1794 1101 quibus
1825 1045 1944 1083 non

288 1127 494 1178 tantum
524 1124 597 1178 de
632 1137 810 1178 cerne
859 1125 916 1176 et
968 1122 1282 1193 sanguine,
1316 1119 1424 1175 sed
1473 1120 1645 1173 etiam
1696 1119 1767 1174 de
1815 1119 1947 1188 ipso

289 1212 473 1266 mundi
485 1211 752 1282 principe
767 1209 1095 1282 saeculique
1110 1213 1340 1264 rectore
1357 1209 1604 1264 victoria
1626 1212 1718 1262 est
1733 1205 1745 1261 l
1772 1207 1946 1260 [Eta-

287 1305 336 1356 te
357 1301 552 1372 utique
571 1301 778 1372 Agnes
803 1300 1015 1368 minor,
1040 1299 1148 1355 sed
1167 1298 1381 1352 virtute
1403 1297 1615 1368 major,
1648 1295 1946 1365 triumpho

290 1390 698 1459 numeriosior,
733 1389 1061 1444 constantia
1093 1386 1500 1455 conﬁdentior,
1537 1401 1654 1440 non
1687 1384 1803 1438 sibi
1836 1385 1950 1438 lin-

290 1494 452 1551 guam
481 1481 726 1548 propter
755 1481 972 1532 metum
995 1475 1256 1544 abstulit,
1277 1475 1382 1531 sed
1405 1477 1646 1546 propter
1664 1478 1952 1544 tropaeum

298 1568 640 1622 reservavit.
674 1566 834 1621 Nihil
857 1566 1014 1621 enim
1045 1565 1248 1620 habuit
1283 1565 1443 1636 quod
1481 1563 1651 1634 prodi
1699 1563 1948 1629 timeret,

289 1655 452 1728 cujus
484 1672 608 1711 non
641 1659 766 1710 erat
795 1655 1117 1710 criminosa
1148 1653 1256 1709 sed
1287 1653 1574 1725 religiosa
1623 1650 1950 1706 confessio.

288 1745 474 1815 Itaque
497 1745 622 1814 illa,
649 1747 946 1800 secretum
968 1742 1370 1798 tantummodo
1402 1741 1632 1809 celavit,
1660 1740 1789 1794 haec
1812 1755 1952 1809 pro-

287 1833 435 1888 bavit
468 1835 805 1902 Dominum,
847 1847 1023 1904 quem
1054 1831 1191 1903 quia
1227 1835 1373 1886 aetas
1416 1831 1677 1888 nondum
1729 1832 1955 1900 poterat

287 1923 567 1993 conﬁteri,
599 1925 809 1978 natura
845 1921 1128 1977 confessa
1159 1924 1271 1976 est.

937 2046 1190 2100 CAPUT
1225 2046 1292 2100 V.

299 2153 526 2226 Virgini
534 2154 679 2209 tatis
692 2154 950 2226 patriam
968 2153 1173 2207 ccelum
1189 2168 1344 2221 esse,
1364 2156 1663 2226 auctorem
1690 2167 1830 2226 vero
1845 2152 1958 2206 Dei

353 2172 521 2280 ἱριηι
534 2172 679 2209 laus
692 2172 950 2226 patriam
968 2172 1173 2207 cauum
1189 2172 1344 2221 esse,
1364 2172 1663 2206 auctorem
1690 2172 1830 2207 vero
1845 2172 1954 2206 uei

400 2226 600 2281 ilium:
631 2227 728 2299 qui
767 2241 893 2279 cum
917 2227 1110 2299 “virgo
1136 2229 1315 2299 esset
1357 2229 1494 2299 ante
1541 2223 1854 2299 virginem,
1883 2239 1961 2299 ex

358 2299 595 2370 virgine
634 2294 828 2370 tamen
852 2294 1052 2351 editus
1086 2295 1380 2365 virginem
1418 2294 1759 2348 Ecclesium
1786 2295 1957 2370 duxit

354 2366 617 2424 uxorem.
642 2369 738 2422 Ab
760 2369 888 2437 ipsa
917 2373 1224 2437 susceptos
1250 2381 1360 2420 nos
1382 2381 1584 2420 omnes
1609 2382 1766 2434 esse,
1791 2366 1961 2437 cujus

354 2386 617 2424 uxorem.
642 2385 738 2422 AD
760 2385 888 2492 ilpsa
917 2385 1224 2437 susceptos
1250 2385 1360 2420 nos
1382 2385 1584 2420 omnes
1609 2385 1766 2434 esse,
1791 2385 1884 2466 0117)
1895 2385 1961 2419 us

354 2441 517 2495 dotes
567 2456 758 2494 nonnu
788 2439 858 2493 lae
895 2443 1448 2493 commemorantur.
1486 2437 1774 2506 Ejusdem
1804 2437 1962 2491 Ii.ias

351 2512 486 2566 liinc
504 2510 868 2582 praecellere
906 2509 1058 2582 quod
1097 2510 1420 2582 virginitas
1453 2525 1570 2582 non
1604 2508 1962 2582 subjiciatur

347 2578 650 2655 praecepto
679 2578 943 2653 quodque
984 2581 1060 2634 ad
1091 2578 1345 2655 pietatis
1367 2580 1581 2634 cultum
1617 2578 1959 2634 fac'ultatem

354 2652 700 2726 suppeditet
714 2669 883 2725 quam
907 2652 1440 2723 expeditissimam.

352 2780 435 2834 20.
491 2780 564 2834 In
614 2777 1050 2832 laudationibus
1113 2777 1264 2831 solet
1311 2776 1493 2848 patria
1546 2775 1859 2847 praedicari
1904 2779 1962 2831 et

290 2872 597 2940 parentes,
646 2873 706 2921 ut
767 2867 1323 2921 commemoratione
1382 2866 1641 2920 auctoris
1701 2866 1960 2937 dignitas

291 2958 694 3014 successionis
735 2959 1171 3027 exaggeretur:
1218 2971 1330 3027 ego
1382 2953 1520 3010 licet
1558 2953 1956 3009 laudationem

293 3064 398 3102 non
430 3047 809 3116 susceperim
839 3044 1341 3116 virginitatis,sed
1365 3045 1848 3114 expressionem;
1885 3043 1957 3097 ad

293 3154 402 3192 rem
429 3141 634 3190 tamen
656 3136 952 3206 pertinere
989 3134 1264 3203 arbitror,
1298 3137 1360 3188 ut
1396 3150 1528 3204 quae
1561 3134 1636 3187 sit
1667 3134 1721 3188 ei
1751 3133 1956 3203 patria,

295 3226 416 3296 quis
440 3228 673 3293 auctor,
699 3226 993 3294 appareat.
1011 3223 1095 3276 Ac
1109 3223 1274 3294 prius
1299 3222 1398 3277 ubi
1422 3223 1498 3276 sit
1522 3223 1703 3292 patria
1725 3223 1962 3277 delinia-

293 3331 431 3369 mus.
451 3315 512 3370 Si
537 3315 700 3368 enim
723 3313 803 3366 ibi
829 3316 919 3366 est
943 3312 1148 3382 patria,
1171 3312 1272 3366 ubi
1293 3311 1548 3384 genitale
1573 3301 1954 3366 domicilium:
1990 3317 2042 3382 ο

299 3403 350 3457 in
380 3405 525 3458 ccelo
560 3402 829 3474 profecto
854 3405 945 3458 est
962 3402 1146 3472 patria
1177 3401 1485 3456 castitatis.
1507 3401 1703 3472 Itaque
1729 3400 1825 3456 hic
1849 3401 1954 3454 ad-

299 3509 456 3563 vena,
489 3493 574 3547 ibi
607 3491 801 3546 incola
831 3494 943 3546 est.

363 3583 444 3636 21.
465 3581 617 3647 Quid
642 3584 835 3635 autem
858 3584 950 3634 est
974 3581 1214 3634 castitas
1245 3577 1579 3652 virginalis,
1601 3579 1718 3633 nisi
1740 3594 1956 3649 expers

304 3671 668 3743 contagionis
700 3670 1052 3741 integritas?
1085 3671 1272 3740 Atque
1305 3668 1439 3740 ejus
1468 3672 1767 3723 auctorem
1785 3683 1959 3739 quem

301 3775 614 3829 possumus
664 3758 981 3826 aestimare,
1027 3757 1140 3812 nisi
1187 3758 1624 3813 immaculatum
1668 3750 1811 3814 152
1856 3757 1960 3811 Dei

306 3847 523 3918 Filium,
560 3848 740 3918 cujus
773 3863 910 3902 caro
943 3863 1060 3902 non
1091 3847 1234 3902 vidit
1265 3849 1722 3918 corruptionem,
1757 3846 1968 3901 divini-

2051 673 2179 727 haec
2210 672 2381 743 virgo
2411 688 2544 742 quae
2561 671 2862 725 Trinitatis
2894 671 3155 726 fontibus
3187 673 3467 745 irrigatur
3491 690 3502 728 :
3525 674 3618 727 cui
3641 674 3712 727 de

2051 765 2214 832 petra
2245 762 2431 815 ﬂuunt
2461 777 2652 832 aquae,
2686 776 2802 814 non
2834 760 3113 814 deficiunt
3143 761 3346 831 ubera,
3381 761 3552 816 mella
3583 761 3716 815 fun-

2052 851 2270 904 duntur
2289 851 2316 904 ‘2
2347 850 2516 904 Petra
2536 852 2729 904 autem
2747 847 3021 920 estjuxta
3047 850 3392 920 Apostolum
3413 850 3710 906 Christus.

2051 938 2210 1012 Ergo
2239 955 2271 992 a
2301 938 2537 994 Christo
2570 955 2688 993 non
2722 937 3002 993 deficiunt
3024 938 3226 1008 ubera,
3260 939 3496 994 claritas
3515 955 3546 993 a
3569 940 3712 1009 Deo,

2051 1028 2265 1083 ﬂumen
2297 1028 2370 1082 ab
2402 1027 2642 1098 Spiritu.
2670 1027 2812 1083 Haec
2835 1031 2925 1082 est
2955 1027 3212 1082 Trinitas
3231 1044 3363 1099 quae
3387 1028 3717 1084 Ecclesiam

2051 1133 2219 1171 suain
2251 1117 2479 1189 irrigat,
2516 1117 2707 1185 Pater,
2742 1116 2985 1171 Chistus
3018 1119 3074 1170 et
3101 1116 3376 1186 Spiritus.

2121 1225 2208 1279 23.
2241 1224 2357 1279 Sed
2406 1227 2462 1278 et
2507 1223 2630 1295 jam
2673 1240 2705 1277 a
2737 1227 2919 1277 matre
2955 1223 3390 1278 descendamus
3422 1225 3493 1279 ad
3543 1224 3717 1278 tilias.

2052 1314 2140 1368 De
2175 1313 2532 1385 virginibus,
2568 1314 2757 1384 inquit
2787 1315 3031 1368 sanctus
3067 1313 3411 1383 Apostolus,
3452 1328 3721 1384 praecep-

2055 1409 2170 1456 tum
2200 1403 2436 1456 Domini
2466 1418 2578 1456 non
2624 1402 2813 1457 habeo
2853 1401 2907 1470 (Ι
2936 1402 3070 1456 Cor.
3112 1418 3212 1471 vn,
3246 1402 3358 1471 25).
3391 1401 3454 1456 Si
3503 1402 3724 1456 Doctor

2055 1492 2316 1563 gentium
2346 1506 2461 1545 non
2494 1491 2716 1559 habuit,
2761 1491 2978 1544 habere
3011 1490 3146 1562 quis
3177 1491 3409 1560 potuit?
3457 1490 3528 1545 Et
3567 1507 3724 1561 prea-

2056 1584 2289 1650 ceptum
2321 1580 2556 1652 quidem
2589 1597 2706 1634 non
2739 1579 2961 1649 habuit,
2995 1580 3102 1634 sed
3133 1580 3337 1634 habuit
3367 1581 3722 1651 exemplum.

2058 1670 2189 1724 Non
2219 1669 2376 1724 enim
2420 1669 2696 1740 imperari
2740 1673 2933 1739 potest
2983 1670 3317 1741 virginitas,
3351 1671 3459 1725 sed
3500 1671 3721 1741 optari:

2057 1775 2190 1814 nam
2224 1775 2355 1830 quae
2387 1775 2566 1829 supra
2599 1775 2711 1814 nos
2740 1763 2899 1828 sunt,
2933 1759 2993 1812 in
3035 1762 3172 1813 voto
3218 1760 3412 1832 magis
3460 1775 3635 1830 quam
3665 1759 3726 1814 in

2059 1848 2403 1921 magisterio
2425 1851 2583 1902 sunt.
2607 1847 2732 1904 Sed
2750 1847 2874 1903 volo
2904 1864 3022 1916 vos,
3048 1848 3258 1919 inquit,
3283 1849 3416 1903 sine
3435 1848 3726 1903 sollicitu-

1976 1949 2030 2014 Β
2061 1937 2201 1992 dine
2219 1953 2375 1992 esse.
2392 1937 2545 1993 Nam
2571 1938 2669 2010 qui
2688 1936 2821 1991 sine
2842 1953 3025 1992 uxore
3047 1943 3158 2005 est,
3183 1936 3477 1993 sollicitus
3497 1944 3730 2010 estquae

2061 2027 2300 2081 Domini
2317 2033 2476 2096 sunt,
2499 2026 2776 2098 quomodo
2791 2024 3023 2096 placeat
3040 2025 3276 2082 Deo.....
3303 2033 3363 2082 et
3387 2027 3556 2100 virgo
3572 2029 3730 2100 cogi-

2065 2121 2148 2170 tat
2183 2133 2308 2188 quw
2335 2116 2574 2171 Domini
2603 2121 2739 2170 sunt
2776 2122 2833 2169 ut
2884 2115 2966 2168 sit
2996 2121 3201 2170 sancta
3235 2131 3482 2189 corpore
3512 2123 3575 2171 et
3596 2116 3726 2188 spi-

2062 2206 2205 2260 ritu.
2241 2205 2394 2259 Nam
2428 2221 2552 2276 quae
2587 2210 2759 2277 nupta
2792 2210 2903 2273 est,
2939 2204 3159 2276 cogitat
3189 2221 3313 2276 quae
3340 2206 3543 2260 mundi
3569 2211 3726 2277 sunt,

2063 2294 2343 2368 quomodo
2365 2293 2599 2366 placeat
2639 2293 2768 2348 viro
2799 2309 2904 2348 suo
2933 2292 2982 2361 (1
3013 2293 3146 2348 Cor.
3177 2309 3280 2364 vn,
3311 2293 3512 2364 82-34).

2699 2435 2952 2492 CAPUT
3000 2436 3092 2491 VI.

2062 2579 2324 2637 Sanctus
2352 2579 2444 2634 vir
2467 2595 2497 2634 a
2519 2596 2586 2635 se
2603 2580 2844 2634 minime
2866 2579 3139 2634 damnari
3150 2581 3583 2636 matrimonium
3599 2599 3734 2638 con-

2135 2658 2411 2718 testatus,
2435 2658 2628 2706 tamen
2651 2657 2707 2706 ut
2731 2651 2882 2724 bona
2899 2651 3210 2706 mulierum
3222 2668 3297 2724 ac
3321 2653 3614 2724 virginum
3637 2656 3732 2709 in-

2137 2731 2233 2778 ter
2263 2740 2329 2779 se
2371 2729 2691 2794 componat,
2719 2723 2917 2794 primo
2948 2739 3072 2794 quae
3112 2722 3263 2777 mala
3307 2722 3733 2780 fecunditatem

2137 2793 2512 2862 comitentur,
2529 2799 2668 2865 puta
2685 2793 2924 2848 dolores
2934 2793 3232 2865 pariendi,
3255 2795 3562 2851 molestias
3595 2799 3735 2853 edu-

2138 2868 2332 2936 candi,
2360 2867 2656 2921 addictam
2681 2865 2809 2920 viro
2844 2865 3221 2934 servitutem,
3258 2867 3498 2921 nimiam
3527 2868 3737 2924 formai

2137 2940 2308 3010 aique
2349 2943 2823 3010 ornamentorum
2846 2953 3072 3010 curam,
3108 2939 3424 3008 proponit:
3463 2944 3580 2993 tum
3611 2941 3737 2994 illis

2141 3008 2373 3081 opponit
2391 3008 2673 3081 majorem
2697 3008 3210 3081 virginumformm
3229 3011 3487 3081 gratiam
3508 3011 3737 3066 felicio-

2138 3079 2843 3156 r'emquefeeundjtatem,
2883 3079 3096 3150 quibus
3135 3079 3244 3134 eas
3276 3081 3570 3136 Ecclesiae
3595 3099 3735 3156 per-

2139 3149 2306 3226 quam
2338 3150 2571 3205 similes
2592 3149 2729 3204 fieri
2757 3149 3091 3205 asseverat.

2136 3297 2224 3352 21.
2277 3295 2410 3350 Non
2455 3309 2568 3365 ego
2617 3292 2854 3363 quidem
2914 3291 3234 3348 dissuadeo
3277 3294 3732 3363 matrimonium,

2066 3387 2173 3441 sed
2205 3383 2563 3456 virginitatis
2594 3385 2789 3436 attexo
2807 3381 3182 3436 beneficium.
3212 3381 3323 3446 Qui
3339 3383 3612 3439 inﬁrmus
3641 3391 3736 3441 est

2066 3475 2274 3546 inquit,
2313 3473 2476 3529 olera
2517 3471 2825 3526 manducet
2856 3470 3042 3540 (Rom.
3078 3488 3196 3540 xxv,
3231 3472 3304 3541 2).
3328 3471 3502 3528 Aliud
3532 3475 3730 3547 exigo,

2066 3565 2223 3620 aliud
2243 3563 2520 3618 admiror.
2553 3559 2857 3632 Alligatus
2880 3576 2947 3615 es
2966 3562 3138 3615 uxori
3149 3563 3176 3615 ?
3197 3561 3339 3616 Noli
3360 3579 3629 3635 quaerere
3642 3581 3735 3620 so-

2067 3653 2368 3709 lutionem.
2391 3649 2632 3706 Solutus
2663 3665 2730 3704 es
2750 3649 2824 3703 ab
2849 3665 3034 3704 uxore
3057 3649 3084 3703 .9
3111 3650 3206 3704 Ne
3238 3653 3553 3724 quazsieris
3589 3671 3735 3708 uxo-

2067 3760 2196 3798 rem
2226 3742 2282 3812 (Ι
2312 3742 2448 3796 Cor.
2493 3757 2592 3809 vn,
2625 3739 2736 3808 2'7).
2773 3739 2900 3793 Hoc
2930 3743 3289 3810 praeceptum
3313 3743 3732 3812 estc0pulatis.

2069 3833 2151 3886 De
2183 3830 2520 3903 virginibus
2553 3831 2745 3883 autem
2778 3828 2919 3899 quid
2950 3830 3072 3882 ait?
3121 3829 3202 3883 Et
3233 3831 3331 3902 qui
3360 3832 3738 3888 matrimonio

302 3940 382 3991 tas
425 3917 543 3992 non
596 3917 691 3992 est
733 3940 974 4007 experta
1022 3917 1484 4009 contagionemi‘?
1535 3937 1738 3990 Videte
1782 3937 1967 4007 igitur
2055 3921 2261 3994 ,ίιιησίι
2292 3920 2586 4009 νίνθίηθφ
2606 3935 2789 4009 $981313
2814 3917 2968 4009 b61130
2986 3918 3128 3972 Ῑθσίί
3150 3939 3166 3972 ι’
3191 3925 3248 3974 ει
3279 3919 3378 3991 qui
3398 3937 3510 3974 ηοη
3529 3921 3738 3994 Jangit

303 4030 501 4095 quanta
526 4025 888 4098 virginitatis
912 4025 1116 4079 merita
1151 4027 1290 4079 sint.
1314 4025 1590 4079 Christus
1622 4028 1753 4080 ante
1772 4025 1960 4096 virgi-

309 4129 450 4183 nem,
486 4115 768 4169 Christus
809 4131 883 4168 ex
917 4115 1190 4184 virgine:
1234 4131 1267 4167 a
1308 4115 1477 4168 Patre
1517 4115 1753 4185 quidem
1789 4118 1960 4168 natus

304 4207 423 4258 ante
465 4203 710 4271 sarcula,
756 4203 861 4257 sed
884 4218 958 4256 ex
993 4203 1224 4274 virgine
1250 4206 1423 4257 natus
1461 4202 1536 4256 ob
1573 4203 1794 4257 saecula
1823 4203 1958 4272 (28).

305 4290 437 4346 Illud
468 4297 696 4348 naturae
729 4308 877 4362 suae,
914 4291 1027 4346 hoc
1079 4295 1300 4347 nostrae
1349 4291 1614 4346 utilitatis
1666 4295 1776 4346 est.
1813 4290 1962 4345 Illud

307 4384 418 4434 erat
447 4397 705 4452 semper,
740 4381 853 4435 hoc
883 4381 1068 4435 voluit
1097 4381 1231 4450 (29).
1664 4399 1666 4402 ·

369 4470 450 4524 22.
483 4471 760 4542 Spectate
794 4473 851 4524 et
881 4470 1038 4524 aliud
1061 4471 1419 4542 virginitatis
1455 4470 1725 4525 meritum
1752 4485 1764 4525 :
1790 4468 1963 4524 Chri-

310 4560 426 4611 stus
445 4558 702 4631 virginis
725 4575 1008 4629 sponsus,
1027 4563 1083 4612 et
1105 4560 1156 4613 si
1179 4559 1292 4612 dici
1312 4563 1525 4630 potest,
1549 4560 1824 4614 Christus
1848 4560 1964 4612 vir-

2068 4010 2280 4065 melius
2310 4009 2475 4064 facit.
2511 4007 2689 4078 (Ibid.
2721 4005 2834 4076 38).
2869 4007 2970 4060 Illa
3000 4023 3116 4062 non
3163 4013 3386 4079 peccat,
3421 4010 3473 4064 si
3514 4010 3731 4066 nubat:

2070 4100 2199 4154 haec
2247 4098 2299 4153 si
2346 4113 2464 4152 non
2509 4097 2689 4151 nubat
2719 4095 2830 4168 (31)
2861 4100 3079 4150 aeterna
3129 4101 3240 4152 est.
3279 4098 3365 4153 lbi
3409 4100 3734 4154 remedium

2069 4187 2446 4256 infirmitatis,
2483 4178 2626 4241 153
2658 4186 2753 4241 hic
2791 4186 2978 4258 gloria
3010 4188 3316 4243 castitatis.
3349 4188 3451 4244 Illa
3482 4206 3599 4245 non
3643 4209 3735 4246 re-

2068 4276 2474 4348 prehenditur,
2507 4275 2619 4329 ista
2648 4275 2934 4331 laudatur.

2140 4385 2227 4438 25.
2261 4383 2672 4454 Conferamus,
2705 4383 2758 4438 si
2799 4383 3010 4454 placet,
3042 4383 3195 4439 bona
3243 4383 3554 4440 mulierum
3597 4403 3731 4441 cum

2069 4473 2291 4527 ultimis
2323 4472 2640 4544 virginum.
2684 4473 2796 4542 (32)
2827 4473 3015 4527 Jactet
3045 4473 3181 4527 licet
3211 4473 3463 4528 fecundo
3496 4490 3562 4530 se
3607 4491 3735 4531 mu-

2070 4561 2180 4616 lier
2235 4562 2453 4617 nobilis
2512 4565 2680 4631 partu
2726 4561 2870 4631 (33):
2921 4577 3036 4632 quo
3085 4561 3288 4631 plures
3335 4567 3730 4638 generaverit,

309 4647 485 4713 ginem
504 4648 816 4718 castitatis,
841 4648 1152 4720 virginitas
1171 4647 1578 4716 enimChristi,
1596 4665 1712 4703 non
1727 4648 1967 4720 virgini-
1991 4681 2046 4745 Β
2069 4653 2204 4724 plus
2225 4651 2471 4705 laborat.
2497 4650 2780 4704 Numeret
2803 4648 3010 4704 solatia
3042 4650 3316 4721 filiorum,
3342 4652 3448 4707 sed
3466 4660 3736 4711 numeret

310 4737 432 4790 tatis
462 4741 554 4791 est
573 4737 870 4792 Christus.
893 4737 1076 4808 Virgo
1097 4741 1190 4793 est
1220 4753 1365 4809 ergo
1397 4754 1530 4809 quae
1550 4738 1768 4808 nupsit,
1794 4738 1964 4809 virgo

311 4838 431 4893 qua:
463 4842 575 4881 nos
608 4841 719 4880 suo
749 4829 915 4881 utero
947 4828 1219 4896 portavit,
1253 4828 1424 4899 virgo
1446 4843 1580 4898 quae
1604 4827 1824 4898 genuit,
1849 4827 1966 4880 vir-

316 4927 381 4982 go
402 4931 530 4985 quae
554 4915 957 4986 propriolacte
981 4917 1242 4981 nutrivit,
1259 4916 1329 4971 de
1343 4917 1750 4988 qualegimus:
1783 4916 1966 4982 Quan-

318 5005 366 5054 ta
387 5002 526 5057 fecit
553 5005 720 5076 virgo
733 5003 1065 5060 Jerusalem
1085 5005 1198 5074 (30)
1220 5003 1232 5060 l
1253 5005 1386 5060 Non
1410 5004 1688 5060 deﬁcient
1703 5005 1776 5060 de
1790 5010 1966 5077 petra

320 5089 506 5161 ubera,
526 5110 712 5165 neque
726 5095 873 5148 nix»
889 5095 1135 5164 Libano,
1152 5101 1249 5148 aut
1267 5095 1594 5150 declinabit
1607 5111 1752 5167 aqua
1775 5093 1968 5149 valido

344 5303 353 5312 .
381 5231 486 5304 (27)
515 5236 733 5292 Omnes
767 5237 928 5312 ed‘it.,
955 5238 1262 5312 erudierat
1294 5236 1456 5312 illam
1473 5238 1846 5312 paenitentia,
1873 5253 1970 5307 op-

323 5304 445 5380 time
471 5323 614 5380 vero
651 5309 847 5363 cuncti
877 5304 1083 5364 ms.....
1116 5310 1406 5380 patientia
1448 5304 1582 5363 nam
1625 5310 1780 5380 quod
1814 5304 1966 5363 non-

322 5376 450 5500 ἓιιιιὲί
472 5379 704 5500 habentt,
723 5382 1093 5451 patientiam,
1116 5376 1486 5451 scriptorum
1507 5376 1759 5435 inscitiae
1783 5383 1966 5452 impu-

375 5463 405 5498 n
449 5466 540 5500 um
582 5466 646 5500 BS
675 5494 688 5500 -

375 5457 540 5502 udum
582 5457 688 5505 est.

383 5519 488 5593 (ἐξ)
518 5521 661 5593 Mss.
695 5523 915 5593 aliquot
944 5529 1191 5578 renatus
1212 5523 1284 5578 ob
1302 5523 1535 5579 saecula.

385 5589 491 5657 (29)
523 5591 667 5646 Mss.
701 5589 969 5664 quatuor,
1000 5595 1108 5650 lioc
1143 5594 1322 5649 voluit
1353 5595 1514 5649 circa
1547 5593 1723 5649 tinem
1751 5592 1966 5664 reliqui

323 5656 446 5738 (uno
475 5656 739 5738 excepto,
774 5656 1104 5738 ubile'gas,
1141 5666 1247 5738 hoc
1277 5664 1416 5720 ﬁeri
1452 5666 1654 5732 voluit)
1686 5656 1968 5720 exhibent

327 5731 554 5816 tantum,
583 5731 691 5790 bbe
727 5731 937 5816 voluit.
968 5731 1068 5816 Sic
1091 5731 1285 5793 etiam
1314 5738 1452 5816 edit.
1477 5741 1715 5816 augete:
1756 5740 1972 5808 printer

331 5797 483 5864 Rom.
513 5797 576 5864 in
607 5821 718 5890 quo
747 5806 984 5890 legitur,
1017 5809 1126 5870 hoc
1159 5823 1295 5869 esse
1329 5806 1531 5870 voluit.
1567 5797 1788 5869 Eadem
1819 5823 1972 5892 quo-

2069 4741 2288 4813 pariter
2319 4744 2374 4794 et
2413 4739 2736 4794 molestias.
2772 4737 2953 4792 Nubit
2992 4742 3047 4792 et
3093 4738 3300 4809 plorat.
3351 4739 3555 4806 Qualia
3597 4751 3736 4801 sunt

2070 4833 2224 4898 vota,
2261 4845 2394 4900 qua:
2413 4826 2658 4882 ﬂenturl
2692 4826 2959 4896 Concipit
2988 4830 3044 4882 et
3074 4831 3391 4900 gravescit.
3428 4833 3600 4888 Prius
3633 4836 3738 4889 uti-

2072 4935 2185 4990 que
2218 4918 2694 4988 impedimentum
2724 4916 3054 4972 fecunditas
3086 4917 3290 4988 incipit
3317 4919 3528 4977 aﬂ'erre
3560 4939 3736 4994 quam

2073 5007 2348 5062 fructum.
2384 5005 2655 5074 Parturit,
2690 5009 2746 5060 et
2775 5010 3040 5077 aegrotat.
3072 5007 3255 5072 Quam
3299 5009 3468 5065 dulce
3515 5013 3734 5084 pignus

2074 5095 2232 5168 quod
2289 5111 2322 5148 a
2378 5094 2641 5166 periculo
2697 5095 2931 5166 incipit,
3000 5100 3057 5151 et
3115 5097 3173 5150 in
3231 5099 3512 5168 periculis
3573 5103 3738 5158 desi-

2075 5255 2190 5311 que
2224 5240 2579 5317 Rom._post_.
2611 5253 2817 5294 vocem
2854 5239 3153 5317 Christus,
3186 5243 3453 5317 proxime
3475 5260 3738 5317 sequen-

2076 5309 2193 5366 tem
2223 5309 2458 5388 adjecit,
2500 5313 2844 5388 virgoLquae
2875 5327 3064 5382 neque
3094 5313 3152 5366 in
3185 5309 3282 5367 ant
3305 5315 3441 5370 edit.
3470 5332 3542 5371 ne
3559 5309 3738 5388 queiu

2072 5398 2222 5437 mss.
2259 5381 2395 5436 ullis
2435 5383 2811 5451 repereritur.

2147 5454 2260 5527 (3Q)
2292 5454 2461 5527 _R_om.
2510 5453 2646 5507 edit.
2680 5454 2826 5527 sola.
2867 5453 3092 5519 Quanta
3141 5456 3285 5510 fecit
3326 5458 3495 5527 virgo
3523 5456 3734 5512 Israel.

2148 5524 2260 5598 (31)
2292 5525 2439 5598 Mss.
2473 5527 2740 5598 quatuor,
2766 5525 2890 5579 haec
2921 5527 3120 5598 sinon
3144 5532 3367 5598 peccat,
3396 5524 3622 5581 aeterna
3647 5535 3739 5582 est

2077 5595 2175 5649 alii
2206 5595 2656 5668 totidinemiliaec’
2683 5597 2739 5650 si
2770 5612 2881 5668 non
2901 5597 3100 5665 nubat,
3127 5595 3240 5650 non
3256 5603 3480 5668 peccat,
3511 5603 3738 5654 aeterna

2082 5667 2417 5738 estiMelius
2447 5667 2661 5738 reliqui
2691 5669 2749 5721 et
2775 5667 2913 5736 edit,
2947 5673 3010 5722 ut
3038 5669 3097 5721 in
3127 5667 3309 5722 textu.

2153 5737 2441 5813 (3?)_M88.
2477 5737 2614 5813 duo,
2649 5738 3008 5813 cum_multis
3035 5739 3558 5813 b00l8__VlI‘gitltlm.

2083 5849 2086 5852 -
2151 5809 2268 5890 (33)
2285 5809 2568 5872 Nonnulli
2585 5823 2734 5882 mss.
2756 5809 3078 5894 (ecuadosa
3095 5809 3314 5871 mulier
3333 5809 3742 5895 nobilispartu
