3932 6152
253 377 377 446 207

1762 374 1862 440 -S.
1892 373 2314 442 AMBROSII

3565 387 3670 456 208

259 583 364 654 nit,
396 581 562 654 prius
595 580 784 636 dolori
815 579 1076 636 futurum
1099 593 1276 650 quam
1292 579 1572 652 voluptati
1601 577 1614 636 l
1640 579 1930 636 Periculis
1957 563 2012 628 Α
2043 580 2285 636 odorem
2302 579 2485 636 variae
2511 579 2994 650 (39)adhibentur
3013 578 3342 638 illecebrae!
3369 575 3505 642 154
3517 581 3672 645 Gem-

258 671 497 740 emitur,
521 684 632 725 nec
647 683 756 741 pro
776 667 1018 723 arbitrio
1039 668 1400 739 possidetur.

331 757 421 814 26.
453 758 604 824 Quid
652 772 997 814 recenseam
1038 757 1337 812 nutriendi
1378 757 1705 826 molestias,
1757 757 1931 813 insti-

257 847 464 904 tuendi
493 851 549 902 et
591 846 903 918 copulandi
935 846 1048 917 (34)
1070 847 1098 900 ξ)
1143 845 1426 901 Felicium
1478 850 1617 902 sunt
1654 847 1786 902 istis
1817 847 1930 901 mi-

259 936 458 992 seriae.
494 936 686 992 Habet
717 939 902 990 mater
950 934 1244 1005 haeredes,
1291 936 1398 990 sed
1444 937 1622 1008 auget
1667 935 1926 990 dolores.

259 1027 410 1082 Nam
442 1026 512 1080 de
543 1025 818 1082 adversis
847 1039 966 1080 non
997 1027 1226 1094 oportet
1255 1023 1473 1095 dicere,
1507 1039 1580 1079 ne
1609 1023 1926 1080 sanctissi-

257 1130 492 1170 morum
538 1118 847 1186 parentum
895 1113 1074 1168 animi
1120 1113 1599 1168 contremiscant.
1651 1113 1817 1183 Vide,
1850 1113 1930 1168 mi

260 1219 454 1272 soror,
480 1219 655 1276 quam
672 1218 855 1276 grave
885 1203 964 1257 sit
992 1203 1132 1272 pati,
1157 1201 1315 1272 quod
1351 1217 1468 1257 non
1499 1203 1730 1272 oportet
1758 1201 1928 1256 audi-

258 1293 330 1348 ri.
365 1293 436 1348 Et
467 1293 596 1348 haec
627 1293 687 1346 in
717 1291 996 1364 praesenti
1030 1289 1276 1346 saeculo.
1297 1290 1549 1345 Venient
1575 1293 1769 1345 autem
1801 1289 1929 1345 dies

260 1383 496 1455 quando
527 1381 724 1437 dicant
750 1397 763 1437 :
808 1381 1011 1436 Beatae
1038 1379 1288 1434 steriles
1317 1383 1376 1434 et
1413 1384 1659 1434 ventres
1688 1380 1786 1452 qui
1816 1394 1930 1433 non

258 1477 595 1545 genuerunt
627 1471 790 1540 (Luc.
823 1486 990 1539 χχιιι,
1014 1468 1124 1538 29).
1151 1468 1314 1523 Filiae
1338 1467 1494 1523 enim
1515 1467 1699 1539 hujus
1721 1467 1932 1522 saeculi

259 1564 624 1634 generantur
651 1563 708 1614 et
738 1561 1058 1632 generant:
1091 1557 1211 1612 ﬁlia
1244 1560 1438 1613 autem
1469 1557 1640 1630 regni
1671 1557 1930 1612 abstinet

259 1666 294 1704 a
315 1650 612 1720 voluptate
641 1648 775 1719 viri,
809 1650 866 1702 et
912 1663 946 1702 a
990 1646 1288 1719 voluptate
1333 1645 1531 1701 carnis
1561 1645 1713 1716 (35):
1759 1648 1822 1701 ut
1851 1645 1931 1700 sit

261 1741 467 1794 sancta
497 1753 744 1808 corpore
777 1739 835 1792 et
863 1735 1096 1808 spiritu.

330 1827 420 1884 27.
453 1827 602 1893 Quid
633 1842 778 1899 ergo
819 1825 1137 1880 famulatus
1168 1840 1386 1897 graves
1417 1827 1474 1880 et
1519 1823 1752 1879 addicta
1782 1823 1930 1878 viris

263 1915 510 1972 servitia
539 1915 820 1987 replicem
842 1913 1216 1984 feminarum,
1241 1929 1391 1986 quas
1409 1917 1542 1968 ante
1558 1912 1746 1985 jussit
1767 1912 1928 1968 Deus
1961 1945 2016 2010 Β

260 2007 490 2062 servire
521 2021 696 2078 quam
726 2004 940 2060 servos
969 2003 1142 2075 (Gen.
1178 2021 1258 2074 ιιι,
1294 2002 1424 2074 t6)?
1453 2001 1596 2068 Quae
1629 2017 1699 2057 eo
1729 2016 1934 2072 prose-

261 2111 430 2168 quor,
463 2099 527 2150 ut
573 2093 978 2166 indulgentius
1011 2093 1448 2164 obsequantur;
1482 2092 1699 2163 quibus
1733 2091 1846 2146 hoc
1877 2091 1931 2146 si

260 2185 485 2256 probae,
519 2199 752 2240 merces
783 2186 876 2239 est
933 2181 1266 2237 charitatis:
1313 2181 1368 2236 si
1412 2180 1716 2252 improbae,
1757 2195 1930 2251 poena

261 2274 483 2330 delicti.

331 2365 424 2419 28.
465 2362 618 2418 Hinc
649 2359 760 2434 (Cf.
793 2361 854 2416 S.
890 2361 1044 2434 Aug.
1076 2361 1178 2416 lib.
1215 2376 1274 2414 1v
1312 2360 1387 2416 de
1415 2359 1619 2415 Doctr.
1674 2358 1928 2429 Christ.,

261 2469 390 2524 cap.
420 2451 511 2523 2t)
541 2452 638 2506 illa
668 2453 995 2506 nascuntur
1023 2450 1320 2504 incentiva
1349 2449 1646 2520 vitiorum,
1681 2453 1742 2502 ut
1763 2463 1930 2519 quae-

261 2543 396 2597 sitis
428 2541 729 2596 coloribus
761 2555 864 2594 ora
895 2539 1234 2610 depingunt,
1269 2539 1407 2593 dum
1436 2538 1583 2592 viris
1615 2537 1930 2608 displicere

261 2629 598 2699 formidant,
631 2633 688 2684 ct
717 2629 788 2684 de
820 2628 1106 2684 adulterio
1138 2629 1337 2682 vultus
1379 2627 1732 2682 meditantur
1765 2624 1932 2680 adul-

261 2719 475 2776 terium
505 2717 811 2773 castitatis.
845 2717 1070 2782 Quanta
1099 2717 1195 2771 hic
1225 2718 1477 2772 amentia
1507 2715 1770 2787 effigiem
1799 2731 1931 2769 mu-

262 2812 388 2864 tare
419 2809 666 2878 naturai,
716 2807 1004 2878 picturam
1052 2820 1340 2876 quaerere,
1383 2809 1440 2859 et
1469 2805 1608 2859 dum
1654 2805 1933 2858 verentur

263 2897 532 2958 moritale
556 2896 850 2969 judicium
879 2895 1012 2966 (86),
1044 2895 1296 2966 prodere
1327 2891 1534 2948 suum!
1575 2892 1740 2947 Prior
1774 2893 1929 2946 enim

261 2989 334 3044 de
385 3001 454 3042 se
503 2986 861 3058 pronuntiat,
915 3000 1048 3055 quae
1113 2985 1274 3054 cupit
1323 2985 1546 3037 mutare
1596 2981 1752 3054 quod
1797 2984 1927 3036 nata

262 3080 374 3134 cst.
409 3077 490 3131 lta
539 3077 678 3130 dum
727 3074 859 3128 aliis
908 3073 1105 3128 studet
1149 3073 1404 3144 placere,
1436 3071 1602 3142 prius
1646 3070 1763 3126 sibi
1800 3070 1930 3140 ipsa

263 3167 557 3239 displicet.
589 3164 772 3228 Quem
799 3163 1085 3235 judicem,
1137 3162 1366 3231 mulier,
1399 3161 1692 3216 veriorem
1731 3159 1930 3230 requi-

260 3257 448 3312 rimhs
499 3253 890 3310 deformitatis
941 3256 1076 3322 tuae,
1111 3267 1285 3323 quam
1335 3255 1389 3304 te
1429 3251 1806 3322 ipsam,'quze
1839 3248 1928 3302 vi-

2041 669 2158 723 mis
2190 671 2510 724 onerantur
2537 685 2737 739 aures,
2767 669 2959 724 oculis
2991 669 3156 725 color
3185 669 3331 726 alter
3356 671 3673 735 infunditur.

2043 756 2195 822 Quid
2224 757 2304 812 ibi
2335 760 2598 812 remanet
2629 774 2825 826 suum,
2859 758 2961 812 ubi
2993 761 3110 813 tam
3153 760 3332 814 multa
3367 767 3682 823 mutantur?

2043 846 2273 902 Sensus
2287 862 2434 902 suos
2452 847 2661 901 amittit
2677 847 2972 918 mulier,et
2988 849 3190 904 vivere
3207 864 3387 919 posse
3401 865 3463 906 se
3480 856 3682 912 credit?

2113 935 2203 990 30.
2235 935 2358 990 Vos
2378 951 2544 1005 vero,
2567 935 2756 990 beatae
2786 935 3074 1008 virgines,
3101 953 3233 1008 quae
3271 939 3402 992 talia
3421 943 3681 999 tormenta

2041 1025 2239 1095 potius
2261 1039 2438 1095 quam
2459 1029 2802 1080 ornamenta
2821 1025 3071 1080 nescitis
3095 1025 3342 1096 :quibus
3365 1029 3545 1098 pudor
3563 1047 3684 1087 san-

2043 1117 2174 1168 ctus
2195 1113 2532 1168 verecunda
2557 1111 2826 1169 suffusus
2851 1129 2973 1183 ora,
2999 1116 3055 1168 et
3075 1113 3229 1169 bona
3251 1117 3484 1171 castitas
3497 1123 3582 1173 est
3596 1120 3685 1176 de-

2043 1203 2168 1257 cori
2193 1217 2206 1256 :
2227 1217 2344 1256 non
2358 1201 2634 1256 humanis
2657 1203 2908 1257 addictae
2927 1202 3138 1272 oculis,
3159 1203 3350 1258 alieno
3367 1220 3557 1262 errore
3577 1225 3685 1264 me-

2041 1291 2154 1346 rita
2181 1295 2382 1346 vestra
2411 1292 2700 1362 pensatis.
2727 1291 2976 1346 Habetis
2999 1307 3142 1346 sane
3165 1295 3223 1346 et
3235 1307 3345 1347 vos
3363 1299 3574 1351 vestrae
3591 1297 3688 1351 mi-

2040 1377 2223 1434 litiam
2250 1379 2734 1451 pulchritudinis,
2758 1381 2855 1436 cui
2873 1381 3110 1436 virtutis
3128 1381 3336 1436 militat
3356 1381 3555 1454 forma,
3579 1393 3684 1440 non

2042 1469 2313 1539 corporis
2331 1479 2357 1524 :‘
2374 1485 2547 1540 quam
2572 1469 2731 1524 nulla
2753 1471 3082 1542 exstinguit
3109 1473 3276 1538 mtas,
3295 1471 3453 1526 nulla
3481 1473 3692 1544 eripere

2027 1573 2204 1612 -mors
2227 1560 2441 1628 potest,
2465 1559 2623 1613 nulla
2643 1559 2934 1630 aegritudo
2958 1574 3358 1630 corrumpere.
3383 1560 3554 1616 Solus
3579 1562 3692 1618 for-

2041 1662 2154 1701 ma
2170 1647 2392 1702 arbiter
2409 1649 2640 1717 petatur
2656 1647 2840 1714 Deus,
2859 1647 2958 1719 qui
2973 1649 3144 1702 etiam
3170 1648 3229 1703 in
3253 1663 3501 1720 corpore
3513 1651 3694 1708 minus

2040 1735 2291 1806 pulchro
2314 1735 2520 1808 diligat
2540 1736 2770 1792 animas
2803 1735 3176 1807 pulchriores
3211 1737 3347 1808 (40).
3386 1736 3517 1793 Non
3553 1741 3690 1794 uteri

2042 1839 2196 1880 onus
2209 1827 2432 1894 notum,
2456 1840 2576 1880 non
2597 1824 2766 1880 dolor
2784 1827 3020 1896 partus:
3045 1827 3102 1879 et
3115 1827 3310 1880 tamen
3333 1828 3690 1883 numerosior

2042 1913 2285 1970 soboles
2307 1915 2422 1986 piae
2460 1915 2697 1985 mentis,
2723 1930 2857 1987 quae
2880 1931 3089 1971 omnes
3125 1931 3232 1987 pro
3255 1915 3464 1972 liberis
3489 1917 3688 1974 habet:

2039 2003 2292 2059 fecunda
2315 2004 2800 2070 successoribus,
2825 2005 3049 2060 sterilis
3091 2005 3485 2079 orbitatibus;
3516 2008 3692 2064 nescit

2039 2092 2267 2157 funera,
2295 2094 2458 2147 novit
2478 2093 2753 2149 haeredes
2774 2094 2908 2164 (41).

2107 2182 2197 2237 31.
2231 2181 2328 2237 Sic
2356 2185 2562 2237 sancta
2593 2182 2862 2240 Ecclesia
2893 2183 3264 2239 immaculata
3297 2186 3472 2251 coitu,
3509 2185 3698 2241 fecun-

2039 2271 2332 2342 da.partu,
2365 2273 2538 2344 virgo
2571 2275 2664 2326 est
2693 2273 2982 2342 castitate,
3015 2276 3202 2328 mater
3229 2276 3328 2329 est
3349 2274 3534 2345 prole.
3567 2276 3702 2330 Par-

2039 2361 2178 2415 turit
2207 2360 2403 2431 itaque
2433 2376 2544 2416 nos
2577 2361 2748 2433 virgo
2779 2377 2898 2416 non
2926 2361 3055 2416 viro
3097 2361 3294 2432 plena,
3328 2364 3437 2418 sed
3472 2364 3698 2435 Spiritu.

2041 2449 2199 2504 Parit
2227 2465 2339 2504 nos
2371 2449 2543 2522 virgo
2577 2466 2696 2505 non
2729 2466 2863 2505 cum
2901 2449 3105 2505 dolore
3136 2451 3250 2521 (42)
3286 2453 3698 2522 membrorum,

2040 2539 2145 2594 sed
2171 2554 2304 2594 cum
2323 2539 2556 2612 gaudiis
2586 2539 2954 2612 angelorum.
3007 2539 3202 2594 Nutrit
3231 2557 3349 2596 nos
3393 2541 3565 2614 virgo
3595 2557 3704 2596 non

2042 2628 2310 2699 corporis
2351 2629 2522 2697 lacte,
2567 2630 2673 2684 sed
2723 2629 2992 2700 Apostoli
3029 2645 3146 2701 quo
3182 2631 3484 2686 infirmam
3521 2630 3705 2686 adhuc

2041 2719 2370 2772 crescentis
2387 2718 2585 2789 pOpuli
2607 2719 2842 2774 iactavit
2872 2721 3099 2774 aetatem
3122 2719 3171 2788 (Ι
3199 2719 3342 2775 Cor.
3369 2737 3453 2789 ιιι,
3473 2719 3550 2789 2).
3573 2719 3707 2785 Qum

2041 2807 2224 2879 igitur
2237 2810 2417 2878 nupta
2437 2807 2640 2878 plures
2657 2807 2881 2862 liberos
2904 2807 3082 2862 habet
3103 2824 3280 2880 quam
3297 2811 3508 2864 sancta
3524 2807 3712 2863 Eccle-

2039 2897 2147 2967 sia,
2169 2911 2302 2967 quae
2334 2898 2507 2969 virgo
2531 2900 2624 2952 est
2653 2896 3064 2966 sacramentis,
3104 2901 3296 2952 mater
3326 2901 3422 2952 est
3453 2897 3703 2970 populis,

2039 2985 2214 3057 cujus
2235 2985 2647 3040 fecunditatem
2668 2986 2842 3040 etiam
2863 2985 3162 3057 Scriptura
3186 2990 3446 3042 testatur
3461 2988 3666 3042 dicens
3690 3001 3703 3043 :

2043 3073 2321 3140 Quoniam
2348 3075 2559 3146 plures
2592 3074 2704 3130 lilii
2723 3075 2983 3130 desertae
3015 3075 3208 3146 magis
3243 3092 3418 3148 quam
3441 3077 3572 3149 ejus
3597 3092 3714 3150 qua?

2039 3163 2219 3218 habet
2246 3164 2439 3218 virum
2458 3164 2590 3232 (lsa.
2615 3181 2727 3230 Liv,
2766 3164 2819 3235 1)
2843 3165 2871 3219 ?
2902 3163 3119 3219 Nostra
3145 3165 3343 3220 virum
3365 3181 3486 3220 non
3519 3165 3707 3233 habet,

2040 3253 2142 3308 sed
2165 3253 2680 3324 habetsponsum;
2707 3269 2776 3308 eo
2800 3253 2958 3324 quod
2981 3253 3109 3308 sive
3135 3253 3418 3309 Ecclesia
3449 3255 3510 3309 in
3531 3270 3714 3325 popu-

262 3347 390 3402 deri
417 3345 591 3400 times
617 3343 630 3399 1
665 3343 728 3398 Si
757 3341 1004 3414 pulchra
1055 3357 1143 3411 es,
1191 3340 1332 3412 quid
1375 3339 1766 3394 absconderis
1787 3339 1816 3393 ?
1863 3338 1925 3393 Si
1961 3307 2017 3372 Ο
2039 3342 2131 3408 lis,
2160 3342 2287 3396 sive
2305 3343 2497 3398 anima
2517 3343 2575 3396 in
2593 3341 2874 3416 singulis,
2896 3343 3002 3397 Dei
3029 3343 3238 3414 verbo,
3265 3343 3402 3398 sive
3425 3307 3558 3399 ullor
3564 3344 3715 3398 ﬂexu

265 3437 572 3504 deformis,
606 3449 712 3488 cur
741 3436 796 3487 te
829 3432 1152 3486 formosam
1183 3444 1322 3484 esse
1354 3429 1642 3498 mentiris,
1673 3442 1783 3482 nec
1813 3431 1928 3481 tuae

265 3523 670 3594 conscientize,
721 3537 830 3576 nec
875 3521 1051 3574 alieni
1095 3519 1345 3591 gratiam
1386 3519 1610 3572 erroris
1657 3516 1929 3570 habitura

263 3614 378 3685 (3'7)
399 3615 428 3668 ?
458 3613 560 3667 llle
591 3611 747 3667 enim
778 3611 1021 3665 alteram
1052 3609 1262 3682 diligit,
1285 3611 1347 3662 tu
1377 3607 1544 3662 alteri
1559 3607 1648 3660 vis
1670 3605 1925 3678 placere.

263 3704 336 3759 Et
364 3703 646 3758 irasceris
678 3702 732 3756 si
766 3703 919 3754 amet
948 3699 1122 3753 aliam
1152 3698 1253 3770 qui
1281 3697 1610 3752 adulterare
1639 3697 1701 3749 in
1731 3699 1787 3750 te
1826 3695 1931 3750 do-

264 3795 474 3850 cetur?
506 3791 656 3846 Mala
689 3791 974 3862 magistra
1021 3803 1089 3844 es
1122 3787 1358 3860 injuriae
1405 3790 1542 3840 tuae.
1576 3784 1927 3840 Lenocinari

265 3883 423 3938 enim
465 3882 707 3954 refugit,
759 3882 933 3935 etiam
981 3895 1114 3950 quaa
1163 3893 1344 3948 passa
1383 3875 1656 3930 lenonem
1687 3877 1819 3945 est;
1859 3889 1928 3928 ac

263 3974 404 4028 licet
433 3972 572 4026 vilis
604 3970 834 4040 mulier,
869 3983 987 4024 non
1019 3968 1184 4022 alteri
1233 3971 1447 4036 tamen,
1483 3965 1592 4020 sed
1639 3964 1753 4019 sibi
1784 3979 1929 4035 pec-

264 4066 394 4118 cat:
445 4061 598 4116 toler
627 4059 992 4130 abilioraque
1021 4055 1444 4128 propemodum
1484 4055 1546 4109 in
1590 4053 1772 4109 altero
1806 4053 1926 4108 cri-

261 4153 421 4208 mina
449 4153 589 4205 sunt
619 4148 731 4220 (38)
756 4163 771 4218 ;
802 4147 882 4202 ibi
913 4148 1068 4202 enim
1090 4145 1388 4216 pudicitia,
1409 4143 1506 4199 hic
1529 4147 1734 4198 natura
1757 4143 1928 4198 adul-

259 4243 504 4297 teratur.

332 4331 422 4386 29.
459 4330 589 4385 Jam
620 4329 838 4400 quanto
853 4326 1041 4398 pretio
1061 4342 1210 4398 opus
1233 4329 1344 4396 est,
1383 4342 1455 4381 ne
1477 4325 1649 4381 etiam
1681 4323 1928 4395 pulchra

263 4417 614 4492 displiceat!
648 4418 802 4472 Hinc
835 4417 1094 4488 pretiosa
1125 4415 1278 4471 collo
1307 4415 1638 4486 dependent
1665 4412 1924 4482 monilia,

261 4512 398 4567 inde
428 4527 535 4582 per
562 4508 806 4564 humum
835 4507 1023 4562 vestis
1051 4506 1302 4560 trahitur
1329 4508 1549 4558 aurata.
1585 4502 1932 4574 Emiturigi-

263 4605 360 4657 tur
377 4601 506 4655 haec
529 4599 786 4671 species,
811 4614 885 4652 an
918 4597 1214 4652 habetur?
1240 4594 1412 4665 Quid,
1451 4593 1608 4666 quod
1649 4592 1820 4647 etiam
1853 4591 1925 4646 ad

336 4743 450 4816 (34)
479 4743 560 4798 lta
589 4743 726 4798 edit.
761 4759 892 4797 cum
939 4745 1101 4816 parte
1145 4756 1323 4816 mss.,
1354 4741 1413 4816 at
1441 4737 1552 4816 alia
1583 4751 1746 4816 pars
1771 4735 1928 4816 haud

264 4808 446 4870 multo
467 4817 678 4882 minor,
704 4824 762 4868 et
784 4808 1092 4888 copulandi
1112 4808 1316 4868 lilium.
1340 4811 1491 4865 Sunt
1511 4811 1644 4864 istae
1663 4808 1928 4864 miseriae

263 4889 399 4943 Non
430 4891 576 4942 satis
605 4892 757 4956 apte.

336 4960 449 5030 (35)
486 4951 662 5013 Rom.—
699 4958 859 5028 edit.,
894 4956 1016 5011 lilia
1057 4963 1315 5030 autern...
1363 4970 1394 5008 a
1444 4952 1740 5030 voluntate
1780 4951 1925 5030 _vi_ri,

266 5036 326 5087 et
347 5023 387 5085 ἐι
425 5023 721 5085 voluntate
767 5023 990 5096 carnis,
1023 5035 1134 5082 etc.
1169 5028 1278 5082 νει
1305 5031 1361 5081 et
1406 5041 1553 5080 mss.
1597 5024 1746 5080 satis
1777 5023 1932 5076 inter

265 5118 333 5156 se
353 5104 750 5168 consentiunt,
783 5101 902 5154 nisi
930 5101 1084 5170 quod
1117 5100 1326 5152 horum
1359 5113 1475 5151 non
1505 5096 1678 5167 pauci
1707 5111 1831 5170 pra;
1860 5109 1927 5148 se

265 5173 482 5241 ferunt,
518 5172 656 5226 tiliae
705 5165 897 5225 autem
935 5165 1111 5241 regni
1157 5170 1479 5236 abstinent,
1509 5165 1658 5241 fetc.,
1691 5165 1930 5237 quidam

265 5245 440 5300 etiam
471 5240 578 5312 pro
618 5242 756 5296 lilia:
786 5243 990 5314 legunt
1013 5240 1158 5314 ili/ii,
1190 5244 1369 5314 utque
1398 5240 1523 5314 loci
1561 5240 1741 5292 totius
1783 5251 1928 5314 con-2

267 5307 653 5370 structibnem
684 5307 1014 5381 restituant,
1052 5307 1542 5378 ita’con'cludunt,
1579 5317 1636 5363 ut
1668 5315 1750 5364 srt
1781 5307 1932 5381 quod

265 5387 527 5443 Joannes
557 5385 724 5439 dicit.
761 5384 871 5450 Qui
891 5401 1004 5439 non
1034 5399 1111 5438 ex
1146 5382 1437 5454 voluptate
1473 5381 1611 5450 viri,
1637 5396 1824 5454 neque
1855 5395 1933 5436 ex

271 5457 819 5530 voluptategcarnis,
845 5456 954 5510 sed
984 5471 1058 5511 ex
1088 5455 1215 5530 Deo
1242 5455 1553 5530 nati‘sunt.

337 5522 450 5601 (36)
479 5528 728 5596 Quidam
755 5543 926 5594 mss.,
969 5525 1246 5582 maritale
1271 5525 1564 5598 judicium
1597 5522 1929 5598 perdidere

263 5617 451 5658 suum.
549 5648 551 5651 .

335 5675 448 5746 (37)
480 5667 628 5746 Mss.
657 5672 946 5746 plerique,
979 5686 1088 5728 nec
1115 5669 1299 5728 alieni
1325 5669 1584 5746 gratiam
1613 5667 1740 5724 oris
1759 5665 1929 5724 habi-

270 5745 435 5810 tura.
456 5745 692 5802 Minime
723 5745 894 5802 male.

338 5813 453 5903 (38)
484 5815 703 5884 Omnes
733 5818 872 5880 edit.
906 5831 1041 5879 cum
1066 5816 1276 5902 paucis
1315 5831 1488 5888 mss.,
1531 5813 1596 5874 in
1626 5809 1920 5884 adulterio

1959 4669 2016 4732 D

2037 3431 2283 3510 pudoris
2324 3430 2457 3502 (43),
2499 3432 2670 3503 quasi
2711 3447 2936 3502 sponso
2978 3431 3209 3486 innubit
3251 3435 3510 3505 aeterno,
3553 3430 3717 3488 effeta

2040 3519 2296 3592 injuriae,
2331 3520 2444 3574 feta
2475 3519 2743 3576 rationis.

2656 3608 2908 3665 CAPUT
2956 3608 3076 3664 VII.

2037 3700 2338 3756 Parentes
2361 3705 2420 3753 ut
2437 3698 2512 3754 ad
2535 3699 2942 3771 virginitatem
2960 3697 3118 3753 ﬁlias
3134 3699 3490 3770 instituant,
3517 3699 3718 3756 horta-

2113 3777 2228 3843 tur,
2245 3771 2448 3844 eisque
2471 3776 2602 3842 quot
2622 3771 2912 3844 molestiae
2950 3777 3280 3844 nascantur
3308 3789 3394 3827 ex
3428 3772 3721 3844 voluptate

2110 3841 2276 3916 quam
2291 3841 2384 3896 illi
2397 3841 2662 3914 quaerunt
2682 3841 2742 3916 in
2758 3841 3090 3916 nepotibus,
3103 3845 3275 3913 ponit
3291 3844 3370 3916 ob
3384 3841 3727 3916 oculos.l_\_’e-

2107 3913 2210 3986 gat
2231 3919 2422 3986 tamen
2455 3929 2486 3967 a
2509 3928 2576 3986 se
2595 3913 3210 3986 prohiberinuptias:
3255 3915 3405 3986 quin
3439 3915 3560 3970 imo
3589 3913 3724 3967 illas

2110 3983 2314 4040 contra
2335 3985 2654 4038 haereticos
2688 3983 3031 4038 earumdem
3047 3983 3456 4041 adversarios
3488 3991 3716 4041 tuetur:

2111 4062 2389 4130 caeterum
2408 4055 2558 4127 ipsis
2577 4055 3397 4130 virginitatamenteponens,
3416 4062 3634 4130 quanta
3647 4055 3726 4110 sit

2116 4125 2640 4198 virginumisponsi
2655 4125 3034 4198 pulchritudo
3069 4125 3386 4198 quibusve
3407 4125 3486 4182 ab
3517 4143 3587 4182 eo
3617 4141 3729 4180 mu-

2111 4197 2362 4253 neribus
2383 4197 2502 4272 illic
2515 4197 3152 4272 donentur,_e.\fpli_cat:
3189 4206 3316 4272 tum
3343 4199 3648 4272 expositis
3668 4199 3728 4252 in

2111 4286 2238 4325 eam
2257 4286 2383 4324 rem
2419 4268 2793 4324 Canticorum
2814 4268 2962 4323 locis
2974 4269 3212 4340 aliquot,
3243 4271 3398 4326 inde
3417 4268 3650 4326 inorum
3663 4284 3729 4340 ac

2115 4343 2396 4396 virtutum
2422 4345 2719 4412 praecepta
2743 4341 3025 4412 exprimit
3053 4339 3363 4412 virginum
3395 4339 3728 4398 conditioni

2112 4413 2562 4468 accommodata.

2108 4504 2198 4559 32.
2233 4500 2520 4570 Audistis,
2545 4502 2822 4571 parentes
2853 4499 3070 4571 quibus
3103 4500 3350 4557 erudire
3376 4499 3726 4569 virtutibus,

2039 4595 2258 4669 quibus
2290 4591 2598 4646 instituere
2628 4588 2964 4660 disciplinis
3005 4588 3158 4644 ﬁlias
3189 4589 3500 4663 debeatis,
3529 4594 3598 4646 ut
3624 4588 3734 4644 ha-

2041 4738 2292 4795 crimina
2314 4739 2450 4789 sunt
2523 4733 2598 4786 ita
2629 4732 2801 4806 etiam
2833 4733 2984 4806 apud
3007 4733 3262 4806 August.
3284 4731 3430 4789 loco
3452 4733 3516 4788 in
3540 4748 3730 4805 marg.

2042 4814 2237 4876 citato,
2271 4807 2371 4879 qui
2404 4804 2616 4879 isthaac
2646 4804 2726 4858 ibi
2755 4805 2952 4879 retulit
2972 4805 3031 4858 in
3054 4804 3734 4879 piaeclarumrdictjonis

2041 4875 2650 4956 grandis—exemplum
2677 4891 2689 4930 :
2725 4875 2822 4929 alii
2846 4891 3066 4956 magno
3099 4891 3380 4956 numero,
3417 4875 3731 4956 inualtero,

2042 4947 2176 5021 étc.,
2211 4951 2486 5006 nimirum
2518 4948 2576 5000 in
2609 4962 2679 5021 eo
2709 4947 2868 5021 quod
2897 4947 3025 5001 haec
3053 4947 3572 5015 mulieradmittit,
3600 4961 3734 5021 quis

2041 5018 2410 5093 sibi'peccat,
2444 5035 2562 5073 non
2593 5018 2778 5093 alteri.

2111 5088 2224 5164 (39)
2256 5093 2406 5147 Edit.
2432 5106 2510 5164 ac,
2523 5091 2693 5164 pauci
2710 5105 2880 5164 mss.,
2900 5090 3081 5164 etiam
3100 5088 3352 5164 odorum
3378 5091 3731 5164 γει-ἱερέες.

2110 5160 2224 5235 (40⁷)
2257 5160 2538 5218 Nonnulli
2570 5176 2739 5230 mss.,
2771 5161 3008 5216 arbiter
3030 5161 3266 5232 petitur
3299 5162 3552 5218 Deus...
3577 5160 3738 5217 Dili-

2038 5239 2164 5311 gite
2182 5237 2444 5311 animus.

2111 5309 2224 5376 (41)
2257 5308 2402 5361 Mss.
2435 5307 2677 5376 aliquot,
2714 5304 2904 5359 nescit
2945 5303 3154 5359 funera
3169 5299 3514 5376 vlieeredis.

2111 5375 2225 5450 (42)
2243 5379 2395 5450 Mss.
2407 5375 2914 5450 aliquot,Parurit
2927 5376 3124 5447 itaque
3139 5389 3247 5428 nos
3269 5375 3458 5450 virgo
3471 5392 3592 5430 non
3608 5389 3740 5450 curn

2042 5444 2246 5510 dolore
2269 5469 2286 5504 :
2326 5444 2588 5503 aliivero
2625 5444 2681 5502 et
2702 5447 2839 5502 edit.
2875 5444 3126 5518 prorsus
3167 5444 3578 5518 conveniunt,
3621 5444 3742 5500 nisi

2041 5523 2200 5598 quod
2215 5537 2322 5594 pro
2333 5521 2620 5594 parturit,
2646 5519 2706 5573 in
2726 5517 2896 5574 Rom.
2921 5517 3058 5573 edit.
3078 5517 3426 5588 repositum
3442 5520 3568 5590 est,
3596 5531 3742 5575 con-

2040 5596 2204 5654 cipit.

2093 5613 2224 5751 {iis}
2255 5665 2338 5722 ηε
2369 5665 2486 5751 Υὲί·
2519 5661 2660 5751 θᾷξίε
2673 5660 3006 5751 ,991131113⁸
3033 5671 3214 5751 1339?.“
3226 5662 3528 5751 392253
3561 5659 3742 5721 mm“

2037 5731 2175 5802 edit.
2206 5731 2345 5798 cum
2372 5746 2490 5797 uno
2522 5733 2617 5797 vel
2637 5733 2822 5795 altero
2853 5731 3002 5794 mss.
3033 5731 3195 5794 ltuit:
3213 5731 3519 5812 pudoris.
