3932 6152
237 233 334 302 209
996 254 1001 257 ‘
1454 233 1566 301 DE
1609 233 1819 298 VIRGT

1991 235 2108 300 iUS
2154 238 2316 301 LIB.
2381 238 2432 301 Ῑ.
3513 237 3633 305 210

233 438 345 495 bere
375 436 600 509 possitis
631 452 878 509 quarum
918 436 1145 492 meritis
1190 439 1388 492 vestra
1436 437 1648 493 delicta
1689 438 1851 493 redi-
1883 420 1936 482 Ᾱ
1960 438 2287 511 obsequiis,
2313 455 2431 493 non
2455 439 2695 496 caducis
2715 440 3012 511 superbus
3031 440 3253 497 divitiis
3280 457 3291 498 :
3317 441 3426 498 sed
3448 439 3628 516 cujus

232 529 437 582 mantur.
468 525 640 597 Virgo
673 525 776 580 Dei
799 526 1018 581 donum
1050 529 1161 594 est,
1194 543 1410 581 munus
1439 527 1721 597 parentis,
1750 543 1851 581 sa-
1956 527 2133 583 sedes
2166 529 2225 582 in
2254 529 2541 583 saeculum
2573 530 2799 584 smculi.
2841 530 3006 586 Filim
3055 547 3264 603 regum
3303 531 3364 586 in
3396 532 3624 588 honore

232 616 503 671 cordolium
525 615 832 669 castitatis.
861 615 1042 687 Virgo
1073 616 1276 670 matris
1297 615 1489 670 hostia
1519 620 1630 684 est,
1666 616 1843 688 cujus
1958 617 2012 689 ej
2022 619 2336 673 us.Astitit
2353 619 2562 691 regina
2583 635 2614 673 a
2636 618 3009 674 dextristuis
3026 621 3087 674 in
3106 621 3326 675 vestitu
3338 621 3626 677 deaurato

228 704 518 776 quotidiano
550 703 845 758 sacriﬁcio
872 705 967 758 vis
997 704 1193 758 divina
1225 704 1508 774 placatur.
1544 705 1727 778 Virgo
1752 706 1843 759 in-
1963 709 2255 762 varietate
2273 708 2710 762 circumamicta
2724 708 3623 781 virtutum.Audiigitur,ﬁlia,et

225 792 478 846 dividuum
506 792 720 864 pignus
769 795 1098 862 parentum,
1133 809 1265 864 quae
1309 810 1427 847 non
1459 794 1591 848 dote
1625 795 1846 849 sollici-

222 885 299 950 tet,
326 897 426 936 non
467 881 849 954 emigratione
884 881 1194 952 destituat,
1229 898 1347 937 non
1396 881 1651 939 offendat
1682 884 1843 955 inju-

222 970 304 1024 riis
328 970 445 1039 (tt).

283 1077 405 1139 155
423 1076 506 1131 33.
531 1075 646 1132 Sed
676 1080 924 1147 nepotes
947 1078 1165 1150 aliquis
1195 1079 1417 1134 habere
1433 1079 1760 1150 desiderat,
1785 1084 1842 1136 et

215 1166 288 1218 avi
327 1181 520 1219 nomen
565 1167 897 1237 acquirere.
948 1167 1207 1222 Primum
1254 1183 1401 1222 suos
1445 1168 1658 1237 tradit,
1700 1169 1840 1224 dum

214 1255 387 1325 quaerit
428 1254 653 1309 alienos
688 1272 699 1310 :
739 1255 951 1310 deinde
1006 1257 1184 1311 certis
1227 1256 1563 1312 defraudari
1611 1258 1834 1329 incipit,

212 1343 321 1396 dum
340 1347 523 1412 sperat
562 1345 825 1399 incertos
852 1361 863 1399 :
902 1345 1131 1399 confert
1164 1361 1310 1416 opes
1340 1346 1633 1417 proprias,
1676 1349 1734 1403 et
1765 1347 1837 1402 ad

211 1432 299 1487 huc
320 1432 606 1501 poscitur;
655 1434 769 1487 nisi
823 1434 1018 1488 dotem
1057 1435 1268 1503 solvat,
1304 1435 1563 1507 exigitur
1595 1453 1606 1491 :
1644 1436 1697 1490 si
1738 1437 1837 1492 diu

205 1522 349 1587 vivat,
379 1537 666 1576 onerosus
689 1526 799 1577 est.
837 1522 1046 1577 Emere
1067 1524 1227 1578 istud
1265 1528 1357 1579 est
1378 1540 1665 1595 generum
1696 1524 1830 1596 (45),

204 1626 298 1664 non
312 1611 627 1682 acquirere,
651 1612 752 1683 qui
782 1612 1126 1682 parentibus
1149 1613 1285 1668 filiae
1303 1613 1516 1668 vendat
1529 1619 1830 1684 aspectus.

203 1699 379 1753 Idcone
423 1703 504 1755 tot
534 1701 850 1756 mensibus
889 1705 1158 1774 gestetur
1178 1706 1366 1772 utero,
1398 1705 1462 1757 ut
1490 1702 1551 1757 in
1582 1702 1819 1757 alienun

1991 1687 2103 1741 oris
2135 1689 2370 1759 species
2402 1689 2713 1761 virginalis
2745 1689 2984 1760 Spiritui
3016 1693 3365 1744 consecrata
3385 1689 3609 1759 divino,

202 1790 422 1843 transeat
448 1793 803 1859 potestatem
826 1792 855 1845 ‘?
885 1791 1022 1846 Ideo
1064 1791 1546 1847 commendanda
1577 1792 1819 1864 virginis

1991 1793 2148 1832 irmze
2187 1793 2313 1832 suae
2371 1778 2622 1849 acquirit
2659 1782 3068 1850 augmentum;
3115 1778 3613 1850 pulchritudinem

198 1878 286 1946 (46;
306 1894 433 1932 cura
454 1879 803 1950 suscipitur,
823 1883 884 1935 ut
907 1880 1081 1935 citius
1112 1881 1457 1951 parentibus
1488 1881 1819 1936 auferatur?

1991 1881 2082 1920 ero
2104 1867 2239 1937 quis
2280 1869 2474 1937 potest
2521 1866 2809 1938 majorem
2841 1868 3183 1924 existimare
3214 1868 3429 1923 decore
3451 1868 3607 1941 ejus,

1940 1972 2071 2026 quae
2093 1958 2320 2011 amatur
2357 1972 2389 2009 a
2417 1957 2599 2029 Rege,
2624 1957 2908 2027 probatur
2927 1974 2959 2010 a
2983 1956 3208 2028 judice,
3242 1957 3471 2013 dicatur
3499 1959 3611 2014 Do-

1936 2044 2116 2114 mino,
2143 2048 2528 2100 consecratur
2548 2046 2667 2100 Deo
2693 2062 2705 2100 :
2731 2062 2969 2116 semper
2984 2062 3227 2116 sponsa,
3263 2063 3502 2118 semper
3520 2047 3607 2102 in-

1936 2136 2136 2204 nupta;
2156 2136 2217 2187 ut
2230 2150 2338 2188 nec
2355 2150 2521 2189 amor
2538 2135 2712 2188 ﬁnem
2730 2135 3078 2204 habeat,nec
3097 2135 3374 2190 damnum
3392 2136 3603 2206 pudor.

1961 796 2116 865 vide,
2140 803 2197 850 et
2219 797 2440 851 inclina
2459 812 2663 851 aurem
2689 802 2863 865 tuam,
2890 802 2947 851 et
2970 797 3332 854 obliviscere
3348 799 3620 871 populum

1958 893 2113 939 tuum
2133 893 2190 940 et
2212 887 2440 940 domum
2480 886 2678 957 patris
2700 888 2806 955 tui;
2832 886 3099 958 quoniam
3135 889 3467 959 concupivit
3488 889 3624 945 Rex

1953 976 2211 1046 speciem
2233 976 2547 1047 tuam,quia
2567 975 2696 1046 ipse
2710 981 2802 1029 est
2834 976 2994 1030 Deus
3018 975 3361 1044 tuus(Ibid.,
3399 977 3615 1047 10-12).

2020 1064 2108 1118 37.
2127 1065 2196 1118 Et
2227 1065 2465 1119 adverte
2487 1067 2767 1135 quantum
2788 1065 2895 1120 tibi
2916 1064 3171 1135 Spiritus
3195 1068 3438 1120 sanctus
3468 1065 3620 1121 Scri-

1945 1155 2135 1223 pturae
2150 1154 2365 1208 divinae
2378 1154 2791 1209 testificatione
2807 1154 3096 1220 detulerit,
3108 1168 3615 1226 regnum,aurum,

1946 1242 2444 1313 pulchritudinem
2465 1260 2477 1298 :
2500 1260 2770 1315 regnum,
2788 1243 2881 1298 vel
2912 1245 3048 1315 quia
3065 1260 3291 1313 sponsa
3321 1259 3387 1298 es
3429 1244 3617 1316 Regis

1946 1332 2150 1385 aeterni
2178 1332 2312 1404 (49),
2353 1333 2446 1387 vel
2480 1333 2618 1405 quia
2662 1333 2945 1387 invictum
2991 1332 3249 1387 animum
3277 1347 3519 1404 gerens,
3541 1332 3616 1387 ab

1946 1419 2245 1475 illecebris
2268 1422 2630 1492 voluptatum
2660 1439 2779 1477 non
2816 1422 3045 1493 captiva
3079 1421 3320 1476 haberis
3350 1422 3481 1491 (50),
3506 1422 3617 1477 sed

1944 1509 2116 1578 quasi
2147 1511 2352 1581 regina
2384 1511 2706 1565 dominaris
2728 1527 2739 1566 :
2761 1527 2989 1580 aurum,
3016 1513 3153 1583 quia
3185 1511 3341 1565 sicut
3370 1511 3467 1566 illa
3488 1526 3615 1565 ma-

1941 1598 2121 1653 teries
2158 1601 2488 1654 examinata
2519 1600 2657 1672 igne
2688 1600 3007 1670 pretiosior
3037 1603 3148 1669 est,
3188 1600 3329 1665 156
3364 1600 3443 1655 ita
3476 1617 3614 1656 cor-

249 1984 324 2038 31.
354 1985 510 2039 Dicet
541 1986 762 2057 aliquis
796 2003 809 2043 :
841 1987 1002 2060 Ergo
1035 1987 1353 2043 dissuades
1383 1989 1663 2060 nuptias?
1700 1988 1827 2061 Ego

195 2089 309 2127 vero
335 2075 571 2143 suadeo,
598 2079 657 2129 et
677 2091 783 2130 eos
810 2076 1021 2133 damno
1053 2078 1155 2146 qui
1186 2078 1534 2132 dissuadere
1573 2094 1827 2133 consue-

194 2165 326 2228 runt;
356 2167 411 2215 ut
437 2166 572 2234 pote
610 2165 710 2235 qui
742 2163 904 2220 Sara:
927 2182 995 2219 ac
1021 2165 1313 2221 Rebeccae
1342 2169 1400 2221 et
1435 2166 1676 2235 Rachel,
1712 2183 1827 2222 cae-

192 2254 523 2323 terarumque
542 2257 812 2307 veterum
836 2253 1113 2326 conjugis
1138 2254 1486 2311 feminarum
1517 2272 1624 2326 pro
1647 2256 1827 2312 docu-

192 2340 369 2394 mentis
396 2342 792 2413 singularium
814 2342 1095 2398 virtutum
1109 2359 1423 2399 recensere
1446 2345 1689 2400 soleam.
1715 2344 1825 2410 Qui

190 2428 315 2482 enim
342 2430 613 2501 copulam
641 2431 895 2500 damnat,
930 2432 1164 2487 damnat
1184 2436 1241 2488 et
1272 2433 1426 2487 filios
1458 2449 1470 2487 :
1506 2436 1561 2488 et
1591 2434 1826 2489 ductam

192 2532 274 2585 per
300 2521 750 2575 successionum
784 2522 999 2576 seriem
1033 2523 1145 2591 (-17)
1198 2523 1439 2594 generis
1480 2523 1823 2578 societatem

189 2605 385 2661 damnat
414 2608 682 2664 humani.
735 2610 885 2664 Nam
932 2612 1426 2682 quemadmodum
1457 2612 1732 2667 duratura
1764 2613 1823 2667 in

190 2697 436 2751 saeculum
467 2703 618 2752 aetas
650 2700 975 2754 succedere
1025 2704 1233 2770 posset
1262 2702 1436 2771 aetati,
1486 2701 1605 2755 nisi
1635 2703 1822 2774 gratia

187 2785 479 2855 nuptiarum
509 2789 899 2859 procreandm
950 2790 1208 2843 studium
1248 2778 1475 2845 sobolis
1507 2791 1823 2845 incitaret?

183 2875 271 2926 Aut
289 2876 577 2945 quomodo
619 2878 928 2947 praedicari
980 2881 1174 2949 potest
1220 2880 1377 2952 quod
1410 2880 1819 2935 immaculatus

183 2961 316 3017 Isaac
342 2965 411 3018 ad
441 2965 654 3020 altaria
686 2967 791 3024 Dei
821 2967 1056 3022 victima
1076 2971 1334 3038 paternas
1353 2969 1584 3039 pietatis
1617 2985 1822 3024 acces-

182 3052 411 3119 sit(Gcn.
455 3073 608 3124 xx",
642 3056 716 3125 2),
744 3058 899 3128 quod
924 3058 1103 3112 Israel
1130 3058 1383 3113 humano
1406 3060 1559 3114 situs
1592 3059 1650 3113 in
1683 3075 1819 3113 cor-

2005 2222 2093 2277 38.
2129 2222 2271 2277 Haec
2303 2222 2566 2293 profecto
2599 2239 2742 2277 vero
2774 2223 3150 2293 pulchritudo
3183 2225 3294 2292 est,
3331 2225 3426 2278 cui
3456 2224 3605 2278 nihil

1934 2311 2117 2377 deest,
2155 2328 2287 2383 quae
2319 2311 2444 2366 sola
2476 2314 2734 2366 meretur
2763 2311 2966 2366 audire
2992 2328 3025 2365 a
3057 2311 3302 2367 Domino
3338 2327 3352 2381 ;
3396 2312 3606 2367 Totaes

1935 2400 2214 2470 formosa,
2229 2400 2498 2472 proxima
2516 2416 2663 2468 mea,
2703 2406 2762 2455 et
2785 2401 3179 2472 reprehensio
3208 2416 3321 2455 non
3344 2407 3436 2456 est
3453 2401 3599 2456 inte.

1938 2488 2186 2562 Sponsa,
2215 2489 2471 2544 veuihuc
2488 2505 2519 2543 a
2542 2489 2786 2554 Libano,
2803 2488 2938 2544 veni
2959 2489 3113 2544 huca
3135 2488 3391 2559 Libano;
3414 2495 3604 2544 trans-

1932 2577 2056 2632 ibis
2075 2584 2130 2632 et
2147 2577 2557 2649 pertransibis
2571 2594 2602 2632 a
2608 2578 2909 2649 principio
2927 2576 3127 2647 lidei,a
3141 2577 3523 2649 capitoSanir
3541 2584 3600 2633 et

1928 2667 2210 2737 Hermae,
2235 2684 2267 2721 a
2291 2666 2558 2721 latibulis
2596 2666 2846 2736 leonum,
2880 2683 2912 2720 a
2947 2666 3251 2722 montibus
3274 2667 3598 2738 pardorum

1929 2756 2124 2824 (Cant.
2146 2774 2224 2825 ιν,
2244 2756 2296 2823 Ἳ,
2329 2756 2403 2825 8).
2438 2755 2666 2820 Quibus
2699 2756 2936 2810 indiciis
2967 2756 3299 2811 ostenditur
3334 2755 3599 2826 perfecta

1927 2849 1985 2900 et
2030 2845 2575 2916 irreprehensibilis
2606 2846 2918 2917 virginalis
2954 2846 3165 2901 animae
3196 2845 3594 2916 pulchritudo,

1928 2934 2213 2989 altaribus
2255 2936 2600 2989 consecrata
2650 2934 2888 3004 divinis,
2924 2935 3077 2989 inter
3105 2950 3397 2989 occursus
3419 2937 3477 2988 et
3505 2935 3595 2989 la-

1928 3024 2109 3079 tibula
2131 3024 2481 3095 spiritalium
2503 3023 2828 3078 bestiarum
2846 3039 2964 3079 non
3005 3024 3219 3078 inﬂexa
3243 3023 3593 3078 mortalibus

181 3155 295 3209 ροτθ
322 3143 497 3199 Deum
520 3144 694 3215 vidit,
714 3149 770 3199 ει
788 3146 1135 3217 religiosum
1160 3148 1374 3217 Populo
1397 3147 1556 3202 dedit
1578 3160 1814 3217 nomen,
1841 3165 1892 3227 c
1924 3112 2065 3227 ‘11.):
2077 3113 2215 3227 ,⁸Ῠὲ
2230 3115 2793 3227 Ῐῗῖθῗξῗῖῗῖῗὶῗῖἲὲῗ
2818 3113 3590 3227 ῙἾθΞνἸΪΫΪΡῗῗῗκάξῖῗὲίὲῗῑ

175 3200 385 3299 ius...
433 3200 736 3306 οι-ίείηεάη
784 3200 1017 3289 dmin
1046 3237 1074 3290 ε›
1130 3200 1892 3307 (ae‘n.x.i.1,5i,‘e):“
1929 3204 2105 3307 cuiu?
2578 3202 2797 3307 ιεειίεξεφ
2851 3218 2863 3258 =
2910 3201 3117 3256 νίιιιιιη
3146 3200 3589 3283 animatum

185 3291 342 3374 l’num
360 3338 501 3377 sane
520 3291 747 3377 habent
768 3323 1039 3379 homines
1063 3291 1198 3379 licet
1219 3291 1817 3398 sacrilegi,,(48)'quo’d
1925 3309 2030 3349 σοι’
2057 3294 2313 3349 hominis
2333 3291 2521 3363 (ΡεθῘο
2545 3308 2662 3362 οων
2698 3292 2807 3362 15)-

1997 3399 2086 3456 39.
2132 3400 2309 3470 Odor,
2348 3400 2563 3472 inquit,
2618 3401 3100 3456 vestimentorum
3153 3405 3379 3455 tuorum
3412 3415 3592 3471 super

1928 3492 2119 3547 omnia
2150 3496 2410 3546 aromata
2440 3489 2636 3559 (Cant.
2690 3506 2769 3558 ιν,
2832 3488 2940 3560 10).
2986 3488 3058 3543 Et
3087 3488 3239 3544 infra
3279 3506 3290 3544 :
3325 3489 3407 3543 Et
3447 3489 3592 3545 odor

1934 3581 2418 3635 vestimentorum
2453 3589 2680 3635 tuorum
2701 3580 2854 3634 sicut
2867 3578 3013 3634 odor
3030 3578 3248 3633 Libani
3264 3578 3586 3649 (Ibid.,tt).

1926 3670 2072 3724 Vide
2102 3685 2276 3741 quem
2307 3668 2480 3724 nobis
2510 3669 2759 3738 tribuas,
2807 3668 2999 3741 virgo,
3047 3683 3420 3739 processum.
3458 3667 3590 3721 Pri-

1924 3775 2056 3814 mus
2087 3760 2240 3813 enim
2268 3759 2415 3813 odor
2444 3761 2581 3813 tuus
2614 3774 2796 3829 super
2827 3757 3020 3813 omnia
3050 3760 3330 3827 aromata,
3364 3773 3497 3828 quae
3529 3756 3590 3811 in

1921 3848 2246 3905 Salvatoris
2279 3848 2463 3903 missa
2511 3850 2651 3903 sunt
2688 3847 3054 3918 sepulturam
3083 3847 3274 3918 (Joau.
3308 3863 3432 3918 xxx,
3456 3845 3587 3917 89);

1921 3941 1978 3993 et
2008 3941 2309 3993 emortuos
2332 3937 2600 4008 corporis
2625 3940 2839 4008 motus,
2864 3937 3385 4008 membrorumque
3416 3936 3590 4005 redo-

1917 4027 1999 4082 let
2037 4027 2262 4082 obiissc
2296 4027 2558 4081 delicias.
2592 4026 2903 4082 Secundus
2934 4027 3083 4082 odor
3099 4029 3234 4082 tuus
3257 4028 3414 4082 sicut
3441 4026 3591 4081 odor

1920 4116 2148 4185 Libani,
2204 4115 2490 4172 Dominici
2541 4116 2810 4186 corporis
2857 4116 3274 4189 integritatem,
3296 4115 3587 4188 virginem

180 3406 224 3460 in
248 3408 331 3463 his
360 3412 533 3466 etiam
568 3429 603 3465 a
634 3412 1101 3484 sapientissimis
1147 3413 1468 3486 probetur;
1501 3416 1636 3486 quia
1669 3431 1815 3470 con-

173 3493 308 3568 jugia
334 3499 689 3568 damnando,
714 3502 1064 3573 proﬁtentur
1087 3518 1153 3558 se
1178 3519 1296 3557 non
1320 3503 1604 3559 debuisse
1627 3505 1813 3559 nasci.

229 3604 303 3661 35.
333 3607 460 3662 Non
486 3610 692 3675 itaque
722 3609 1044 3665 dissuadeo
1066 3611 1321 3681 nuptias,
1349 3612 1458 3667 sed
1479 3612 1708 3667 fructus
1730 3628 1819 3667 sa-

179 3698 323 3749 cratae
343 3697 710 3769 virginitatis
743 3714 1045 3755 enumera.
1101 3702 1425 3755 Paucarum
1458 3702 1674 3772 quippe
1705 3702 1819 3758 hoc

178 3797 357 3839 munus
377 3790 487 3856 est,
528 3787 675 3841 illud
716 3788 997 3843 omnium.
1022 3789 1147 3844 Nec
1169 3793 1365 3860 potest
1394 3806 1533 3845 esse
1562 3791 1816 3864 virgini-

175 3875 261 3941 tas,
290 3875 401 3930 nisi
438 3877 659 3931 habeat
713 3878 870 3932 unde
928 3882 1225 3934 nascatur.
1270 3880 1433 3934 Bona
1473 3896 1607 3935 cum
1637 3881 1814 3935 bonis

175 3974 436 4035 comparo,
461 3981 585 4037 quo
615 3965 851 4021 facilius
883 3967 1023 4038 quid
1045 3971 1306 4038 prmstet,
1331 3969 1578 4024 eluceat.
1604 3969 1812 4042 Neque

168 4064 323 4105 meam
349 4054 524 4109 ullam
585 4056 937 4110 sententiam
972 4055 1175 4127 affero,
1210 4057 1319 4112 sed
1378 4074 1507 4112 eam
1560 4063 1801 4129 repeto,

172 4152 314 4208 quam
335 4142 513 4197 edidit
544 4142 804 4213 Spiritus
836 4148 1080 4200 sanctus
1111 4161 1219 4218 per
1248 4147 1597 4218 prophetam
1631 4164 1644 4203 :
1678 4148 1808 4203 Me-

173 4224 265 4281 lior
289 4238 393 4300 est,
425 4233 642 4304 inquit,
669 4233 969 4289 sterilitas
999 4250 1125 4289 cum
1163 4236 1385 4291 virtute
1413 4235 1576 4309 (Sap.
1630 4255 1710 4308 v1,
1743 4238 1807 4307 ι).

223 4334 297 4390 36.
321 4336 578 4394 Primum
602 4340 760 4394 enim
790 4341 946 4412 quod
966 4345 1237 4412 nupturae
1256 4359 1378 4413 prie
1400 4343 1634 4399 caeteris
1669 4359 1810 4399 con-

1917 4205 2122 4261 florem
2153 4206 2439 4260 castitatis
2468 4205 2721 4261 exhalat.

2538 4340 2790 4396 CAPUT
2822 4340 2968 4395 VIII.

173 4431 481 4539 ξῗξδιξξῗῗξζ
493 4432 569 4539 in
586 4444 834 4539 ‘s_pA(i?f'_
848 4430 1072 4539 {182?}?
1093 4447 1161 4539 ἓξ
1178 4435 1420 4539 iacient’
1453 4448 1522 4534 6?
1554 4448 1807 4539 Ῑξθίξξθδδθ
1829 4531 1867 4539 _
1916 4466 2129 4522 Locum
2145 4474 2487 4539 sequentem
2512 4466 2909 4539 Canticorum,
2926 4465 3121 4539 Favus
3144 4463 3581 4539 distillans,_etc.

171 4516 523 4608 “(impares
583 4519 776 4573 sacris
807 4534 874 4574 se
930 4519 1222 4576 fateantur
1278 4537 1417 4577 esse
1448 4522 1802 4596 virginibus,
1829 4531 1879 4591 D
1916 4516 3585 4608 "s';2';ciis‘s;'r‘ii,"£tsegnissimgaian"apes

170 4602 353 4669 quibus
381 4606 533 4661 solis
549 4608 1047 4680 contingitdicere
1083 4628 1094 4664 :
1129 4609 1453 4683 Speciosus
1472 4611 1663 4667 forma
1675 4628 1805 4683 prae

170 4686 288 4745 ﬁliis
304 4693 618 4767 hominum,
638 4695 854 4753 diffusa
870 4707 961 4753 est
976 4700 1175 4771 gratia
1194 4702 1256 4755 in
1275 4700 1456 4756 labiis
1477 4701 1798 4772 tuis(Psal.

1986 4626 2195 4665 sacras
2226 4609 2494 4682 virgines
2524 4608 2923 4680 comparandi.

1985 4717 2073 4771 40.
2125 4716 2346 4772 Favum
2401 4717 2597 4787 itaque
2641 4714 2834 4770 mellis
2872 4717 2971 4769 tua
3019 4729 3197 4786 opera
3229 4717 3586 4787 componant

170 4781 523 4851 xuv,3).Quis
553 4788 647 4839 est
666 4785 777 4841 iste
792 4802 1056 4858 sponsus
1086 4790 1113 4844 ξ)
1134 4789 1268 4845 Non
1289 4790 1510 4845 vilibus
1531 4790 1802 4847 addictus
1911 4805 2133 4878 (ζςειηιἼ
2154 4823 2209 4861 ν,
2243 4806 2354 4876 11);
2374 4781 2551 4877 digna
2572 4804 2727 4860 enim
2745 4781 3195 4877 virginitas‘(52)
3217 4821 3349 4876 quae
3364 4781 3583 4876 apibus

219 4920 316 5005 (tt)
344 4924 502 5005 Nihil
535 4929 808 5005 apertius
823 4930 1082 5005 probare
1111 4933 1311 5005 possit
1334 4933 1587 4989 necdum
1606 4949 1806 4988 mona-

169 4994 633 5073 steriajirginu'm
681 4994 997 5073 Mediolani
1057 4994 1246 5059 fuisse
1297 5004 1582 5073 instituta,
1618 5020 1801 5067 secus

169 5066 606 5149 velandae-6mm,
642 5074 704 5125 ut
745 5072 993 5149 docetur
1023 5073 1196 5149 intra,
1231 5091 1357 5149 cap.
1393 5076 1477 5130 10.
1512 5066 1671 5131 num.
1709 5066 1799 5131 57.

339 5133 777 5219 Quidam'mssq
814 5144 1100 5219 Emereri
1120 5133 1325 5203 studet
1342 5161 1649 5219 generum.

210 5206 316 5284 iiii)
345 5210 513 5291 Rom.
546 5206 861 5291 edit.__cum
904 5216 1109 5286 paucis
1141 5233 1310 5291 mss.,
1342 5206 1642 5291 Eomepdze
1666 5219 1792 5273 vir-

167 5281 299 5360 ginis
322 5281 447 5360 alite
478 5300 612 5338 cum
636 5281 922 5360 reliquis;
938 5281 1412 5345 commendandae
1435 5332 1449 5357 ,
1482 5289 1597 5345 duo
1619 5306 1794 5360 mss.,

172 5353 571 5435 commendatae,
603 5353 881 5435 virginis.

221 5418 316 5497 (ﬁ)
347 5424 523 5497 Pauci
553 5418 725 5497 mss.,
750 5429 877 5485 Per
897 5446 1305 5486 successorum
1336 5432 1580 5488 seriem.

191 5490 318 5575 με)
346 5494 650 5575 Manichmi
688 5490 1297 5575 scilicet._de_quibus
1330 5503 1706 5575 Augustinus
1737 5503 1797 5558 in

173 5554 345 5650 135a;
373 5565 627 5650 una...
646 5572 913 5650 male,
929 5554 1310 5644 imagine.
1330 5554 1800 5650 festissima;

176 5634 278 5685 sine
292 5634 426 5691 dubi
432 5634 649 5699 latione
669 5634 1152 5716 condemnanth
1170 5651 1446 5718 quantum
1462 5646 1525 5705 in
1543 5634 1696 5719 ipsis
1707 5649 1803 5703 est

1907 4949 2267 5022 prohibent;
2305 4948 2563 5022 quando_
2585 4963 2886 5022 generare
2926 4947 3286 5020 prohibent,
3332 4954 3585 5022 propter

1913 5020 2063 5094 quod
2080 5020 2352 5094 conjugia
2392 5020 2712 5092 capula’nda
2742 5026 2901 5094 sunt.

1980 5092 2094 5218 $49)
2129 5091 2384 5175 varam
2416 5091 2628 5163 sponsa
2651 5108 2719 5175 es
2745 5092 2915 5162 regis
2929 5091 3168 5161 aeterni,
3194 5092 3324 5148 haec
3345 5093 3407 5148 in
3427 5108 3578 5149 mss.

1980 5180 1991 5217 ι
2016 5168 2072 5218 to
2094 5164 2367 5218 pluribus
2390 5166 2937 5218 nraatermittuntur.

1909 5164 2072 5235 nulto
2094 5164 2367 5235 pluribus
2390 5164 2937 5234 praatermittuntur.

1982 5234 2225 5316 (50);Sic
2256 5251 2463 5290 omnes
2496 5235 2633 5290 edit.
2662 5238 2768 5316 τρι
2798 5251 2945 5316 mss.
2966 5235 3191 5316 aliquot
3221 5256 3239 5291 :
3269 5236 3370 5292 alii
3386 5239 3581 5293 autem

1908 5306 2119 5377 majori
2152 5322 2417 5375 numero,
2444 5323 2556 5362 non
2573 5308 2806 5378 captiva
2828 5306 3076 5362 laberis.

1980 5378 2095 5449 (51)
2127 5379 2275 5433 Mss.
2311 5378 2488 5451 longe
2527 5377 2784 5449 plurimi,
2821 5393 2934 5434 non
2965 5378 3187 5433 inflexa
3216 5378 3580 5434 moralibus:

1908 5465 2084 5514 unus,
2110 5451 2395 5506 moribus.

1981 5522 2094 5591 (52)
2115 5521 2269 5577 Mss.
2298 5521 2539 5594 aliquot,
2573 5518 2772 5594 Favus
2802 5519 3377 5594 itaqueumellishtua
3399 5531 3577 5594 opera

1920 5586 2241 5666 componat.
2251 5635 2264 5649 .
2275 5586 2415 5649 ,Ηυέ
2428 5586 2647 5665 queque
2667 5586 2993 5664 virgineus.
3004 5592 3150 5647 Rom
3160 5589 3341 5660 .edit.,
3355 5586 3581 5662 virgini
