  <div class='ocr_page' id='page_1' title='image "/cluster/home/n/w/nwhite01/storage/ocr_20150623/16/hvd.32044096580444/111.png"; bbox 0 0 3932 6152; ppageno 0'>
   <div class='ocr_carea' id='block_1_1' title="bbox 228 197 348 265">
    <p class='ocr_par' dir='ltr' id='par_1_1' title="bbox 228 197 348 265">
     <span class='ocr_line' id='line_1_1' title="bbox 228 197 348 265; baseline 0.017 -2"><span class='ocrx_word' id='word_1_1' title='bbox 228 197 348 265; x_wconf 80' lang='lat'>211</span> 
     </span>
    </p>
   </div>
   <div class='ocr_carea' id='block_1_2' title="bbox 1674 205 2345 275">
    <p class='ocr_par' dir='ltr' id='par_1_2' title="bbox 1674 205 2345 275">
     <span class='ocr_line' id='line_1_2' title="bbox 1674 205 2345 275; baseline 0.007 -5"><span class='ocrx_word' id='word_1_2' title='bbox 1674 205 1739 270; x_wconf 90' lang='lat' dir='ltr'>S.</span> <span class='ocrx_word' id='word_1_3' title='bbox 1786 206 2230 275; x_wconf 84' lang='lat' dir='ltr'>AMBROSII.</span> <span class='ocrx_word' id='word_1_4' title='bbox 2342 222 2345 231; x_wconf 79' lang='lat'><strong><em>&#39;</em></strong></span> 
     </span>
    </p>
   </div>
   <div class='ocr_carea' id='block_1_3' title="bbox 3536 221 3643 288">
    <p class='ocr_par' dir='ltr' id='par_1_3' title="bbox 3536 221 3643 288">
     <span class='ocr_line' id='line_1_3' title="bbox 3536 221 3643 288; baseline 0.019 -2"><span class='ocrx_word' id='word_1_5' title='bbox 3536 221 3643 288; x_wconf 71' lang='lat'>212</span> 
     </span>
    </p>
   </div>
   <div class='ocr_carea' id='block_1_4' title="bbox 233 390 3649 487">
    <p class='ocr_par' dir='ltr' id='par_1_4' title="bbox 233 390 3649 487">
     <span class='ocr_line' id='line_1_4' title="bbox 233 390 3649 487; baseline 0.006 -28"><span class='ocrx_word' id='word_1_6' title='bbox 233 406 611 478; x_wconf 79' lang='lat' dir='ltr'>comparetur</span> <span class='ocrx_word' id='word_1_7' title='bbox 642 420 654 461; x_wconf 88' lang='lat'>:</span> <span class='ocrx_word' id='word_1_8' title='bbox 690 404 779 461; x_wconf 89' lang='lat' dir='ltr'>sic</span> <span class='ocrx_word' id='word_1_9' title='bbox 810 405 1140 479; x_wconf 89' lang='lat' dir='ltr'>laboriosa,</span> <span class='ocrx_word' id='word_1_10' title='bbox 1189 407 1279 463; x_wconf 91' lang='lat' dir='ltr'>sic</span> <span class='ocrx_word' id='word_1_11' title='bbox 1322 407 1555 480; x_wconf 87' lang='lat' dir='ltr'>pudica,</span> <span class='ocrx_word' id='word_1_12' title='bbox 1591 409 1681 465; x_wconf 90' lang='lat' dir='ltr'>sic</span> <span class='ocrx_word' id='word_1_13' title='bbox 1713 409 1905 466; x_wconf 86' lang='lat' dir='ltr'>conti-</span> <span class='ocrx_word' id='word_1_14' title='bbox 1930 390 1989 459; x_wconf 77' lang='grc' dir='ltr'><strong>Ᾱ</strong></span> <span class='ocrx_word' id='word_1_15' title='bbox 2014 409 2212 481; x_wconf 89' lang='lat' dir='ltr'>(Cant.</span> <span class='ocrx_word' id='word_1_16' title='bbox 2245 427 2323 481; x_wconf 77' lang='grc' dir='ltr'>ιν,</span> <span class='ocrx_word' id='word_1_17' title='bbox 2360 411 2488 482; x_wconf 72' lang='lat'>12);</span> <span class='ocrx_word' id='word_1_18' title='bbox 2537 426 2608 468; x_wconf 93' lang='lat' dir='ltr'>eo</span> <span class='ocrx_word' id='word_1_19' title='bbox 2655 412 2813 485; x_wconf 89' lang='lat' dir='ltr'>quod</span> <span class='ocrx_word' id='word_1_20' title='bbox 2843 412 2904 469; x_wconf 91' lang='lat' dir='ltr'>in</span> <span class='ocrx_word' id='word_1_21' title='bbox 2943 412 3131 470; x_wconf 82' lang='lat' dir='ltr'>hortis</span> <span class='ocrx_word' id='word_1_22' title='bbox 3189 412 3522 487; x_wconf 86' lang='lat' dir='ltr'>hujusmodi</span> <span class='ocrx_word' id='word_1_23' title='bbox 3554 422 3649 478; x_wconf 87' lang='lat' dir='ltr'>im-</span> 
     </span>
    </p>
   </div>
   <div class='ocr_carea' id='block_1_5' title="bbox 237 495 1909 570">
    <p class='ocr_par' dir='ltr' id='par_1_5' title="bbox 237 495 1909 570">
     <span class='ocr_line' id='line_1_5' title="bbox 237 495 1909 570; baseline 0.002 -19"><span class='ocrx_word' id='word_1_24' title='bbox 237 510 410 551; x_wconf 87' lang='lat' dir='ltr'>nens.</span> <span class='ocrx_word' id='word_1_25' title='bbox 445 495 605 550; x_wconf 82' lang='lat' dir='ltr'>Rose</span> <span class='ocrx_word' id='word_1_26' title='bbox 636 495 900 565; x_wconf 88' lang='lat' dir='ltr'>pascitur</span> <span class='ocrx_word' id='word_1_27' title='bbox 927 497 1079 567; x_wconf 90' lang='lat' dir='ltr'>apis,</span> <span class='ocrx_word' id='word_1_28' title='bbox 1112 497 1305 553; x_wconf 82' lang='lat' dir='ltr'>nescit</span> <span class='ocrx_word' id='word_1_29' title='bbox 1343 498 1909 570; x_wconf 86' lang='lat' dir='ltr'>concubitus,mella</span> 
     </span>
    </p>
   </div>
   <div class='ocr_carea' id='block_1_6' title="bbox 241 581 1905 658">
    <p class='ocr_par' dir='ltr' id='par_1_6' title="bbox 241 581 1905 658">
     <span class='ocr_line' id='line_1_6' title="bbox 241 581 1905 658; baseline 0.002 -19"><span class='ocrx_word' id='word_1_30' title='bbox 241 581 554 653; x_wconf 82' lang='lat' dir='ltr'>componit.</span> <span class='ocrx_word' id='word_1_31' title='bbox 590 584 714 639; x_wconf 83' lang='lat' dir='ltr'>Res</span> <span class='ocrx_word' id='word_1_32' title='bbox 744 600 981 657; x_wconf 87' lang='lat' dir='ltr'>quoque</span> <span class='ocrx_word' id='word_1_33' title='bbox 1012 586 1268 658; x_wconf 77' lang='lat' dir='ltr'>virginis</span> <span class='ocrx_word' id='word_1_34' title='bbox 1287 590 1380 642; x_wconf 92' lang='lat' dir='ltr'>est</span> <span class='ocrx_word' id='word_1_35' title='bbox 1410 604 1606 643; x_wconf 90' lang='lat' dir='ltr'>sermo</span> <span class='ocrx_word' id='word_1_36' title='bbox 1636 586 1905 657; x_wconf 91' lang='lat' dir='ltr'>divinus&#39;;</span> 
     </span>
    </p>
   </div>
   <div class='ocr_carea' id='block_1_7' title="bbox 238 672 1912 748">
    <p class='ocr_par' dir='ltr' id='par_1_7' title="bbox 238 672 1912 748">
     <span class='ocr_line' id='line_1_7' title="bbox 238 672 1912 748; baseline 0.002 -22"><span class='ocrx_word' id='word_1_37' title='bbox 238 672 378 744; x_wconf 86' lang='lat' dir='ltr'>quia</span> <span class='ocrx_word' id='word_1_38' title='bbox 400 672 554 726; x_wconf 87' lang='lat' dir='ltr'>sicut</span> <span class='ocrx_word' id='word_1_39' title='bbox 572 687 695 740; x_wconf 91' lang='lat' dir='ltr'>ros,</span> <span class='ocrx_word' id='word_1_40' title='bbox 740 673 845 729; x_wconf 89' lang='lat' dir='ltr'>Dei</span> <span class='ocrx_word' id='word_1_41' title='bbox 863 675 1047 730; x_wconf 88' lang='lat' dir='ltr'>verba</span> <span class='ocrx_word' id='word_1_42' title='bbox 1075 675 1463 732; x_wconf 90' lang='lat' dir='ltr'>descendunt.</span> <span class='ocrx_word' id='word_1_43' title='bbox 1498 677 1697 732; x_wconf 88' lang='lat' dir='ltr'>Pudor</span> <span class='ocrx_word' id='word_1_44' title='bbox 1735 676 1912 748; x_wconf 90' lang='lat' dir='ltr'>virgi-</span> 
     </span>
    </p>
   </div>
   <div class='ocr_carea' id='block_1_8' title="bbox 240 760 1914 837">
    <p class='ocr_par' dir='ltr' id='par_1_8' title="bbox 240 760 1914 837">
     <span class='ocr_line' id='line_1_8' title="bbox 240 760 1914 837; baseline 0.002 -22"><span class='ocrx_word' id='word_1_45' title='bbox 240 761 336 816; x_wconf 86' lang='lat' dir='ltr'>nis</span> <span class='ocrx_word' id='word_1_46' title='bbox 359 761 451 814; x_wconf 91' lang='lat' dir='ltr'>est</span> <span class='ocrx_word' id='word_1_47' title='bbox 477 760 822 817; x_wconf 90' lang='lat' dir='ltr'>intemerata</span> <span class='ocrx_word' id='word_1_48' title='bbox 851 767 1078 819; x_wconf 92' lang='lat' dir='ltr'>natura.</span> <span class='ocrx_word' id='word_1_49' title='bbox 1112 764 1325 820; x_wconf 89' lang='lat' dir='ltr'>Partus</span> <span class='ocrx_word' id='word_1_50' title='bbox 1356 764 1611 837; x_wconf 78' lang='lat' dir='ltr'>virginis</span> <span class='ocrx_word' id='word_1_51' title='bbox 1643 765 1799 820; x_wconf 90' lang='lat' dir='ltr'>fetus</span> <span class='ocrx_word' id='word_1_52' title='bbox 1821 768 1914 821; x_wconf 92' lang='lat' dir='ltr'>est</span> 
     </span>
    </p>
   </div>
   <div class='ocr_carea' id='block_1_9' title="bbox 237 848 1907 923">
    <p class='ocr_par' dir='ltr' id='par_1_9' title="bbox 237 848 1907 923">
     <span class='ocr_line' id='line_1_9' title="bbox 237 848 1907 923; baseline 0.002 -20"><span class='ocrx_word' id='word_1_53' title='bbox 237 848 533 905; x_wconf 90' lang='lat' dir='ltr'>labiorum</span> <span class='ocrx_word' id='word_1_54' title='bbox 565 848 701 923; x_wconf 83' lang='lat'>(53),</span> <span class='ocrx_word' id='word_1_55' title='bbox 736 867 956 923; x_wconf 82' lang='lat' dir='ltr'>expers</span> <span class='ocrx_word' id='word_1_56' title='bbox 987 853 1417 923; x_wconf 78' lang='lat' dir='ltr'>amaritudinis,</span> <span class='ocrx_word' id='word_1_57' title='bbox 1460 854 1672 910; x_wconf 80' lang='lat' dir='ltr'>fertilis</span> <span class='ocrx_word' id='word_1_58' title='bbox 1703 854 1907 909; x_wconf 87' lang='lat' dir='ltr'>suavi-</span> 
     </span>
    </p>
   </div>
   <div class='ocr_carea' id='block_1_10' title="bbox 240 939 1803 1013">
    <p class='ocr_par' dir='ltr' id='par_1_10' title="bbox 240 939 1803 1013">
     <span class='ocr_line' id='line_1_10' title="bbox 240 939 1803 1013; baseline 0.003 -20"><span class='ocrx_word' id='word_1_59' title='bbox 240 939 400 995; x_wconf 89' lang='lat' dir='ltr'>tatis.</span> <span class='ocrx_word' id='word_1_60' title='bbox 432 940 498 995; x_wconf 91' lang='lat' dir='ltr'>ln</span> <span class='ocrx_word' id='word_1_61' title='bbox 519 956 830 997; x_wconf 89' lang='lat' dir='ltr'><strong>commune</strong></span> <span class='ocrx_word' id='word_1_62' title='bbox 858 942 1047 1013; x_wconf 88' lang='lat' dir='ltr'>labor,</span> <span class='ocrx_word' id='word_1_63' title='bbox 1064 944 1397 999; x_wconf 91' lang='lat' dir='ltr'>communis</span> <span class='ocrx_word' id='word_1_64' title='bbox 1427 945 1520 998; x_wconf 92' lang='lat' dir='ltr'>est</span> <span class='ocrx_word' id='word_1_65' title='bbox 1551 942 1803 998; x_wconf 89' lang='lat' dir='ltr'>fructus.</span> 
     </span>
    </p>
   </div>
   <div class='ocr_carea' id='block_1_11' title="bbox 314 1044 1908 1121">
    <p class='ocr_par' dir='ltr' id='par_1_11' title="bbox 314 1044 1908 1121">
     <span class='ocr_line' id='line_1_11' title="bbox 314 1044 1908 1121; baseline 0.003 -20"><span class='ocrx_word' id='word_1_66' title='bbox 314 1045 402 1101; x_wconf 75' lang='lat'>41.</span> <span class='ocrx_word' id='word_1_67' title='bbox 425 1044 611 1111; x_wconf 88' lang='lat' dir='ltr'>Quam</span> <span class='ocrx_word' id='word_1_68' title='bbox 656 1050 714 1103; x_wconf 90' lang='lat' dir='ltr'>te</span> <span class='ocrx_word' id='word_1_69' title='bbox 741 1048 939 1118; x_wconf 83' lang='lat' dir='ltr'>velim,</span> <span class='ocrx_word' id='word_1_70' title='bbox 972 1049 1112 1119; x_wconf 83' lang='lat' dir='ltr'>tilia,</span> <span class='ocrx_word' id='word_1_71' title='bbox 1143 1049 1511 1104; x_wconf 84' lang='lat' dir='ltr'>imitatricem</span> <span class='ocrx_word' id='word_1_72' title='bbox 1542 1065 1680 1105; x_wconf 89' lang='lat' dir='ltr'>esse</span> <span class='ocrx_word' id='word_1_73' title='bbox 1722 1048 1908 1121; x_wconf 82' lang='lat' dir='ltr'>hujus</span> 
     </span>
    </p>
   </div>
   <div class='ocr_carea' id='block_1_12' title="bbox 242 1135 1911 1211">
    <p class='ocr_par' dir='ltr' id='par_1_12' title="bbox 242 1135 1911 1211">
     <span class='ocr_line' id='line_1_12' title="bbox 242 1135 1911 1211; baseline 0.002 -21"><span class='ocrx_word' id='word_1_74' title='bbox 242 1135 491 1207; x_wconf 67' lang='lat' dir='ltr'>apiculaa</span> <span class='ocrx_word' id='word_1_75' title='bbox 516 1136 613 1191; x_wconf 91' lang='lat' dir='ltr'>cui</span> <span class='ocrx_word' id='word_1_76' title='bbox 632 1136 803 1192; x_wconf 91' lang='lat' dir='ltr'>cibus</span> <span class='ocrx_word' id='word_1_77' title='bbox 856 1138 968 1193; x_wconf 88' lang='lat' dir='ltr'>tlos</span> <span class='ocrx_word' id='word_1_78' title='bbox 988 1141 1082 1193; x_wconf 90' lang='lat' dir='ltr'>est</span> <span class='ocrx_word' id='word_1_79' title='bbox 1099 1138 1235 1209; x_wconf 79' lang='lat'>(54),</span> <span class='ocrx_word' id='word_1_80' title='bbox 1266 1154 1369 1193; x_wconf 91' lang='lat' dir='ltr'>ore</span> <span class='ocrx_word' id='word_1_81' title='bbox 1399 1139 1644 1194; x_wconf 88' lang='lat' dir='ltr'><strong>soboles</strong></span> <span class='ocrx_word' id='word_1_82' title='bbox 1666 1139 1911 1211; x_wconf 76' lang='lat' dir='ltr'>legitur,</span> 
     </span>
    </p>
   </div>
   <div class='ocr_carea' id='block_1_13' title="bbox 246 1224 1915 1298">
    <p class='ocr_par' dir='ltr' id='par_1_13' title="bbox 246 1224 1915 1298">
     <span class='ocr_line' id='line_1_13' title="bbox 246 1224 1915 1298; baseline 0.002 -18"><span class='ocrx_word' id='word_1_83' title='bbox 246 1240 350 1280; x_wconf 91' lang='lat' dir='ltr'>ore</span> <span class='ocrx_word' id='word_1_84' title='bbox 371 1228 742 1297; x_wconf 86' lang='lat' dir='ltr'>componitur</span> <span class='ocrx_word' id='word_1_85' title='bbox 772 1224 785 1281; x_wconf 91' lang='lat' dir='ltr'>l</span> <span class='ocrx_word' id='word_1_86' title='bbox 820 1226 986 1281; x_wconf 87' lang='lat' dir='ltr'>Hanc</span> <span class='ocrx_word' id='word_1_87' title='bbox 1037 1226 1266 1282; x_wconf 85' lang='lat' dir='ltr'>imitare</span> <span class='ocrx_word' id='word_1_88' title='bbox 1297 1230 1380 1298; x_wconf 92' lang='lat' dir='ltr'>tu,</span> <span class='ocrx_word' id='word_1_89' title='bbox 1415 1227 1553 1282; x_wconf 81' lang='lat' dir='ltr'>tilia.</span> <span class='ocrx_word' id='word_1_90' title='bbox 1589 1228 1784 1283; x_wconf 90' lang='lat' dir='ltr'>Verba</span> <span class='ocrx_word' id='word_1_91' title='bbox 1813 1232 1915 1283; x_wconf 89' lang='lat' dir='ltr'>tua</span> 
     </span>
    </p>
   </div>
   <div class='ocr_carea' id='block_1_14' title="bbox 244 1313 1917 1388">
    <p class='ocr_par' dir='ltr' id='par_1_14' title="bbox 244 1313 1917 1388">
     <span class='ocr_line' id='line_1_14' title="bbox 244 1313 1917 1388; baseline 0.001 -19"><span class='ocrx_word' id='word_1_92' title='bbox 244 1313 471 1369; x_wconf 86' lang='lat' dir='ltr'>nullum</span> <span class='ocrx_word' id='word_1_93' title='bbox 520 1315 640 1369; x_wconf 91' lang='lat' dir='ltr'>doli</span> <span class='ocrx_word' id='word_1_94' title='bbox 692 1315 963 1371; x_wconf 85' lang='lat' dir='ltr'>velamen</span> <span class='ocrx_word' id='word_1_95' title='bbox 993 1316 1347 1388; x_wconf 85' lang='lat' dir='ltr'>obtendant,</span> <span class='ocrx_word' id='word_1_96' title='bbox 1396 1316 1624 1371; x_wconf 90' lang='lat' dir='ltr'>nullum</span> <span class='ocrx_word' id='word_1_97' title='bbox 1663 1316 1917 1371; x_wconf 81' lang='lat' dir='ltr'>habeant</span> 
     </span>
    </p>
   </div>
   <div class='ocr_carea' id='block_1_15' title="bbox 243 1403 1917 1478">
    <p class='ocr_par' dir='ltr' id='par_1_15' title="bbox 243 1403 1917 1478">
     <span class='ocr_line' id='line_1_15' title="bbox 243 1403 1917 1478; baseline 0.001 -20"><span class='ocrx_word' id='word_1_98' title='bbox 243 1403 473 1459; x_wconf 79' lang='lat' dir='ltr'>fraudis</span> <span class='ocrx_word' id='word_1_99' title='bbox 490 1404 884 1476; x_wconf 87' lang='lat' dir='ltr'>involucrum;</span> <span class='ocrx_word' id='word_1_100' title='bbox 906 1407 969 1460; x_wconf 93' lang='lat' dir='ltr'>ut</span> <span class='ocrx_word' id='word_1_101' title='bbox 996 1409 1053 1461; x_wconf 90' lang='lat' dir='ltr'>et</span> <span class='ocrx_word' id='word_1_102' title='bbox 1072 1405 1385 1476; x_wconf 87' lang='lat' dir='ltr'>puritatem</span> <span class='ocrx_word' id='word_1_103' title='bbox 1406 1405 1680 1475; x_wconf 89' lang='lat' dir='ltr'>habeant,</span> <span class='ocrx_word' id='word_1_104' title='bbox 1714 1409 1771 1460; x_wconf 90' lang='lat' dir='ltr'>et</span> <span class='ocrx_word' id='word_1_105' title='bbox 1784 1422 1917 1478; x_wconf 89' lang='lat' dir='ltr'>gra-</span> 
     </span>
    </p>
   </div>
   <div class='ocr_carea' id='block_1_16' title="bbox 243 1492 806 1573">
    <p class='ocr_par' dir='ltr' id='par_1_16' title="bbox 243 1492 806 1573">
     <span class='ocr_line' id='line_1_16' title="bbox 243 1492 806 1573; baseline 0.005 -28"><span class='ocrx_word' id='word_1_106' title='bbox 243 1492 443 1547; x_wconf 88' lang='lat' dir='ltr'>vitatis</span> <span class='ocrx_word' id='word_1_107' title='bbox 474 1493 647 1573; x_wconf 82' lang='lat' dir='ltr'>plena</span> <span class='ocrx_word' id='word_1_108' title='bbox 668 1492 806 1548; x_wconf 91' lang='lat' dir='ltr'>sint.</span> 
     </span>
    </p>
   </div>
   <div class='ocr_carea' id='block_1_17' title="bbox 315 1578 1917 1674">
    <p class='ocr_par' dir='ltr' id='par_1_17' title="bbox 315 1578 1917 1674">
     <span class='ocr_line' id='line_1_17' title="bbox 315 1578 1917 1674; baseline 0.002 -21"><span class='ocrx_word' id='word_1_109' title='bbox 315 1598 405 1654; x_wconf 70' lang='grc'>42.</span> <span class='ocrx_word' id='word_1_110' title='bbox 439 1600 783 1655; x_wconf 89' lang='lat' dir='ltr'>Meritorum</span> <span class='ocrx_word' id='word_1_111' title='bbox 803 1578 1040 1674; x_wconf 81' lang='lat' dir='ltr'>quoque</span> <span class='ocrx_word' id='word_1_112' title='bbox 1071 1605 1307 1657; x_wconf 88' lang='lat' dir='ltr'>tuorum</span> <span class='ocrx_word' id='word_1_113' title='bbox 1336 1602 1443 1657; x_wconf 86' lang='lat' dir='ltr'>tibi</span> <span class='ocrx_word' id='word_1_114' title='bbox 1475 1605 1692 1658; x_wconf 85' lang='lat' dir='ltr'>aeterna</span> <span class='ocrx_word' id='word_1_115' title='bbox 1712 1605 1917 1673; x_wconf 89' lang='lat' dir='ltr'>poste-</span> 
     </span>
    </p>
   </div>
   <div class='ocr_carea' id='block_1_18' title="bbox 243 1688 1918 1761">
    <p class='ocr_par' dir='ltr' id='par_1_18' title="bbox 243 1688 1918 1761">
     <span class='ocr_line' id='line_1_18' title="bbox 243 1688 1918 1761; baseline -0.001 -15"><span class='ocrx_word' id='word_1_116' title='bbox 243 1688 391 1746; x_wconf 75' lang='lat' dir='ltr'>ritas</span> <span class='ocrx_word' id='word_1_117' title='bbox 421 1691 522 1744; x_wconf 92' lang='lat' dir='ltr'>tuo</span> <span class='ocrx_word' id='word_1_118' title='bbox 544 1705 645 1745; x_wconf 92' lang='lat' dir='ltr'>ore</span> <span class='ocrx_word' id='word_1_119' title='bbox 674 1690 936 1760; x_wconf 90' lang='lat' dir='ltr'>pariatur</span> <span class='ocrx_word' id='word_1_120' title='bbox 983 1692 1119 1761; x_wconf 86' lang='lat'>(55).</span> <span class='ocrx_word' id='word_1_121' title='bbox 1162 1691 1287 1746; x_wconf 87' lang='lat' dir='ltr'>Nec</span> <span class='ocrx_word' id='word_1_122' title='bbox 1311 1691 1425 1745; x_wconf 91' lang='lat' dir='ltr'>soli</span> <span class='ocrx_word' id='word_1_123' title='bbox 1453 1691 1579 1760; x_wconf 89' lang='lat' dir='ltr'>tibi,</span> <span class='ocrx_word' id='word_1_124' title='bbox 1615 1691 1722 1745; x_wconf 92' lang='lat' dir='ltr'>sed</span> <span class='ocrx_word' id='word_1_125' title='bbox 1743 1692 1918 1745; x_wconf 90' lang='lat' dir='ltr'>etiam</span> 
     </span>
    </p>
   </div>
   <div class='ocr_carea' id='block_1_19' title="bbox 2015 500 3652 574">
    <p class='ocr_par' dir='ltr' id='par_1_19' title="bbox 2015 500 3652 574">
     <span class='ocr_line' id='line_1_19' title="bbox 2015 500 3652 574; baseline 0.009 -21"><span class='ocrx_word' id='word_1_126' title='bbox 2015 515 2227 571; x_wconf 90' lang='lat' dir='ltr'>pressa</span> <span class='ocrx_word' id='word_1_127' title='bbox 2267 500 2597 572; x_wconf 89' lang='lat' dir='ltr'>signaculis</span> <span class='ocrx_word' id='word_1_128' title='bbox 2619 501 2877 574; x_wconf 78' lang='lat' dir='ltr'>imagine</span> <span class='ocrx_word' id='word_1_129' title='bbox 2901 502 3026 572; x_wconf 88' lang='lat' dir='ltr'>Dei,</span> <span class='ocrx_word' id='word_1_130' title='bbox 3059 504 3283 559; x_wconf 89' lang='lat' dir='ltr'>sinceri</span> <span class='ocrx_word' id='word_1_131' title='bbox 3313 504 3483 562; x_wconf 85' lang='lat' dir='ltr'>fontis</span> <span class='ocrx_word' id='word_1_132' title='bbox 3509 512 3652 568; x_wconf 88' lang='lat' dir='ltr'>unda</span> 
     </span>
    </p>
   </div>
   <div class='ocr_carea' id='block_1_20' title="bbox 2015 589 3652 662">
    <p class='ocr_par' dir='ltr' id='par_1_20' title="bbox 2015 589 3652 662">
     <span class='ocr_line' id='line_1_20' title="bbox 2015 589 3652 662; baseline 0.007 -19"><span class='ocrx_word' id='word_1_133' title='bbox 2015 589 2424 659; x_wconf 85' lang='lat' dir='ltr'>resplendeat;</span> <span class='ocrx_word' id='word_1_134' title='bbox 2482 606 2556 645; x_wconf 92' lang='lat' dir='ltr'>ne</span> <span class='ocrx_word' id='word_1_135' title='bbox 2606 590 2934 645; x_wconf 87' lang='lat' dir='ltr'>volutabris</span> <span class='ocrx_word' id='word_1_136' title='bbox 2978 592 3317 662; x_wconf 89' lang='lat' dir='ltr'>spitualium</span> <span class='ocrx_word' id='word_1_137' title='bbox 3350 594 3652 656; x_wconf 89' lang='lat' dir='ltr'>bestiarum</span> 
     </span>
    </p>
   </div>
   <div class='ocr_carea' id='block_1_21' title="bbox 2016 680 3658 748">
    <p class='ocr_par' dir='ltr' id='par_1_21' title="bbox 2016 680 3658 748">
     <span class='ocr_line' id='line_1_21' title="bbox 2016 680 3658 748; baseline 0.007 -17"><span class='ocrx_word' id='word_1_138' title='bbox 2016 693 2226 748; x_wconf 85' lang='lat' dir='ltr'>sparsa</span> <span class='ocrx_word' id='word_1_139' title='bbox 2259 694 2429 734; x_wconf 88' lang='lat' dir='ltr'>coeno</span> <span class='ocrx_word' id='word_1_140' title='bbox 2447 681 2662 734; x_wconf 82' lang='lat' dir='ltr'>fluenta</span> <span class='ocrx_word' id='word_1_141' title='bbox 2683 680 3014 735; x_wconf 87' lang='lat' dir='ltr'>turbentur.</span> <span class='ocrx_word' id='word_1_142' title='bbox 3042 681 3196 736; x_wconf 84' lang='lat' dir='ltr'>Hinc</span> <span class='ocrx_word' id='word_1_143' title='bbox 3225 680 3321 736; x_wconf 93' lang='lat' dir='ltr'>ille</span> <span class='ocrx_word' id='word_1_144' title='bbox 3352 687 3549 741; x_wconf 89' lang='lat' dir='ltr'>murali</span> <span class='ocrx_word' id='word_1_145' title='bbox 3576 703 3658 744; x_wconf 84' lang='lat' dir='ltr'><strong>se-</strong></span> 
     </span>
    </p>
   </div>
   <div class='ocr_carea' id='block_1_22' title="bbox 2017 766 3657 842">
    <p class='ocr_par' dir='ltr' id='par_1_22' title="bbox 2017 766 3657 842">
     <span class='ocr_line' id='line_1_22' title="bbox 2017 766 3657 842; baseline 0.006 -22"><span class='ocrx_word' id='word_1_146' title='bbox 2017 769 2155 837; x_wconf 90' lang='lat' dir='ltr'>ptus</span> <span class='ocrx_word' id='word_1_147' title='bbox 2195 767 2405 838; x_wconf 89' lang='lat' dir='ltr'>spiritu</span> <span class='ocrx_word' id='word_1_148' title='bbox 2429 766 2542 837; x_wconf 84' lang='lat'>(56)</span> <span class='ocrx_word' id='word_1_149' title='bbox 2580 768 2771 839; x_wconf 87' lang='lat' dir='ltr'>pudor</span> <span class='ocrx_word' id='word_1_150' title='bbox 2802 769 3117 839; x_wconf 89' lang='lat' dir='ltr'>clauditur,</span> <span class='ocrx_word' id='word_1_151' title='bbox 3152 786 3228 825; x_wconf 90' lang='lat' dir='ltr'>ne</span> <span class='ocrx_word' id='word_1_152' title='bbox 3259 775 3447 842; x_wconf 87' lang='lat' dir='ltr'>pateat</span> <span class='ocrx_word' id='word_1_153' title='bbox 3473 775 3542 829; x_wconf 90' lang='lat' dir='ltr'>ad</span> <span class='ocrx_word' id='word_1_154' title='bbox 3569 792 3657 831; x_wconf 91' lang='lat' dir='ltr'>ra-</span> 
     </span>
    </p>
   </div>
   <div class='ocr_carea' id='block_1_23' title="bbox 2017 856 3659 927">
    <p class='ocr_par' dir='ltr' id='par_1_23' title="bbox 2017 856 3659 927">
     <span class='ocr_line' id='line_1_23' title="bbox 2017 856 3659 927; baseline 0.006 -18"><span class='ocrx_word' id='word_1_155' title='bbox 2017 856 2233 926; x_wconf 87' lang='lat' dir='ltr'>pinam.</span> <span class='ocrx_word' id='word_1_156' title='bbox 2260 857 2457 927; x_wconf 84' lang='lat' dir='ltr'>Itaque</span> <span class='ocrx_word' id='word_1_157' title='bbox 2480 856 2635 911; x_wconf 90' lang='lat' dir='ltr'>sicut</span> <span class='ocrx_word' id='word_1_158' title='bbox 2654 856 2865 912; x_wconf 91' lang='lat' dir='ltr'>hortus</span> <span class='ocrx_word' id='word_1_159' title='bbox 2883 857 3119 913; x_wconf 90' lang='lat' dir='ltr'>furibus</span> <span class='ocrx_word' id='word_1_160' title='bbox 3138 858 3480 917; x_wconf 89' lang='lat' dir='ltr'>inaccessus</span> <span class='ocrx_word' id='word_1_161' title='bbox 3496 864 3659 920; x_wconf 90' lang='lat' dir='ltr'>vitem</span> 
     </span>
    </p>
   </div>
   <div class='ocr_carea' id='block_1_24' title="bbox 2020 945 3661 1018">
    <p class='ocr_par' dir='ltr' id='par_1_24' title="bbox 2020 945 3661 1018">
     <span class='ocr_line' id='line_1_24' title="bbox 2020 945 3661 1018; baseline 0.006 -20"><span class='ocrx_word' id='word_1_162' title='bbox 2020 945 2265 1014; x_wconf 86' lang='lat' dir='ltr'>redolet,</span> <span class='ocrx_word' id='word_1_163' title='bbox 2316 946 2527 1017; x_wconf 81' lang='lat' dir='ltr'>ﬂagrat</span> <span class='ocrx_word' id='word_1_164' title='bbox 2568 945 2779 1016; x_wconf 90' lang='lat' dir='ltr'>oleam,</span> <span class='ocrx_word' id='word_1_165' title='bbox 2808 962 3023 1002; x_wconf 87' lang='lat' dir='ltr'>.rosam</span> <span class='ocrx_word' id='word_1_166' title='bbox 3052 947 3320 1018; x_wconf 80' lang='lat' dir='ltr'>renidet;</span> <span class='ocrx_word' id='word_1_167' title='bbox 3367 953 3429 1004; x_wconf 91' lang='lat' dir='ltr'>ut</span> <span class='ocrx_word' id='word_1_168' title='bbox 3472 951 3528 1005; x_wconf 90' lang='lat' dir='ltr'>in</span> <span class='ocrx_word' id='word_1_169' title='bbox 3555 954 3661 1009; x_wconf 86' lang='lat' dir='ltr'>vite</span> 
     </span>
    </p>
   </div>
   <div class='ocr_carea' id='block_1_25' title="bbox 2020 1032 3663 1113">
    <p class='ocr_par' dir='ltr' id='par_1_25' title="bbox 2020 1032 3663 1113">
     <span class='ocr_line' id='line_1_25' title="bbox 2020 1032 3663 1113; baseline 0.005 -26"><span class='ocrx_word' id='word_1_170' title='bbox 2020 1032 2252 1106; x_wconf 90' lang='lat' dir='ltr'>religio,</span> <span class='ocrx_word' id='word_1_171' title='bbox 2290 1034 2349 1088; x_wconf 92' lang='lat' dir='ltr'>in</span> <span class='ocrx_word' id='word_1_172' title='bbox 2389 1034 2518 1090; x_wconf 87' lang='lat' dir='ltr'>olea</span> <span class='ocrx_word' id='word_1_173' title='bbox 2550 1050 2685 1106; x_wconf 83' lang='lat' dir='ltr'>pax,</span> <span class='ocrx_word' id='word_1_174' title='bbox 2726 1035 2787 1090; x_wconf 91' lang='lat' dir='ltr'>in</span> <span class='ocrx_word' id='word_1_175' title='bbox 2833 1051 2974 1090; x_wconf 89' lang='lat' dir='ltr'>rosa</span> <span class='ocrx_word' id='word_1_176' title='bbox 3005 1035 3198 1107; x_wconf 89' lang='lat' dir='ltr'>pudor</span> <span class='ocrx_word' id='word_1_177' title='bbox 3222 1041 3464 1094; x_wconf 61' lang='lat' dir='ltr'>sacratae</span> <span class='ocrx_word' id='word_1_178' title='bbox 3491 1040 3663 1113; x_wconf 89' lang='lat' dir='ltr'>virgi-</span> 
     </span>
    </p>
   </div>
   <div class='ocr_carea' id='block_1_26' title="bbox 2021 1122 3664 1199">
    <p class='ocr_par' dir='ltr' id='par_1_26' title="bbox 2021 1122 3664 1199">
     <span class='ocr_line' id='line_1_26' title="bbox 2021 1122 3664 1199; baseline 0.004 -22"><span class='ocrx_word' id='word_1_179' title='bbox 2021 1122 2220 1177; x_wconf 87' lang='lat' dir='ltr'>nitatis</span> <span class='ocrx_word' id='word_1_180' title='bbox 2242 1122 2548 1178; x_wconf 83' lang='lat' dir='ltr'>inolescat.</span> <span class='ocrx_word' id='word_1_181' title='bbox 2592 1123 2703 1177; x_wconf 85' lang='lat' dir='ltr'>Hic</span> <span class='ocrx_word' id='word_1_182' title='bbox 2735 1127 2827 1179; x_wconf 92' lang='lat' dir='ltr'>est</span> <span class='ocrx_word' id='word_1_183' title='bbox 2849 1125 2997 1180; x_wconf 90' lang='lat' dir='ltr'>odor</span> <span class='ocrx_word' id='word_1_184' title='bbox 3016 1141 3193 1196; x_wconf 86' lang='lat' dir='ltr'><strong>quem</strong></span> <span class='ocrx_word' id='word_1_185' title='bbox 3224 1124 3404 1182; x_wconf 78' lang='lat' dir='ltr'>Jacob</span> <span class='ocrx_word' id='word_1_186' title='bbox 3434 1129 3664 1199; x_wconf 87' lang='lat' dir='ltr'>patriar-</span> 
     </span>
    </p>
   </div>
   <div class='ocr_carea' id='block_1_27' title="bbox 2022 1212 3665 1284">
    <p class='ocr_par' dir='ltr' id='par_1_27' title="bbox 2022 1212 3665 1284">
     <span class='ocr_line' id='line_1_27' title="bbox 2022 1212 3665 1284; baseline 0.005 -19"><span class='ocrx_word' id='word_1_187' title='bbox 2022 1212 2131 1265; x_wconf 88' lang='lat' dir='ltr'>cha</span> <span class='ocrx_word' id='word_1_188' title='bbox 2175 1212 2464 1284; x_wconf 81' lang='lat' dir='ltr'>flagravit,</span> <span class='ocrx_word' id='word_1_189' title='bbox 2511 1212 2745 1284; x_wconf 89' lang='lat' dir='ltr'>quando</span> <span class='ocrx_word' id='word_1_190' title='bbox 2790 1217 3004 1269; x_wconf 76' lang='lat' dir='ltr'>meruit</span> <span class='ocrx_word' id='word_1_191' title='bbox 3040 1214 3245 1269; x_wconf 87' lang='lat' dir='ltr'>audire</span> <span class='ocrx_word' id='word_1_192' title='bbox 3287 1215 3487 1271; x_wconf 85' lang='lat' dir='ltr'>:Ecce</span> <span class='ocrx_word' id='word_1_193' title='bbox 3534 1218 3665 1273; x_wconf 88' lang='lat' dir='ltr'>odor</span> 
     </span>
    </p>
   </div>
   <div class='ocr_carea' id='block_1_28' title="bbox 2021 1299 3669 1375">
    <p class='ocr_par' dir='ltr' id='par_1_28' title="bbox 2021 1299 3669 1375">
     <span class='ocr_line' id='line_1_28' title="bbox 2021 1299 3669 1375; baseline 0.004 -20"><span class='ocrx_word' id='word_1_194' title='bbox 2021 1299 2135 1355; x_wconf 85' lang='lat' dir='ltr'>lilii</span> <span class='ocrx_word' id='word_1_195' title='bbox 2163 1301 2280 1356; x_wconf 88' lang='lat' dir='ltr'>mei</span> <span class='ocrx_word' id='word_1_196' title='bbox 2304 1301 2458 1356; x_wconf 78' lang='lat' dir='ltr'>sicut</span> <span class='ocrx_word' id='word_1_197' title='bbox 2481 1301 2627 1356; x_wconf 87' lang='lat' dir='ltr'>odor</span> <span class='ocrx_word' id='word_1_198' title='bbox 2647 1303 2784 1374; x_wconf 88' lang='lat' dir='ltr'>agri</span> <span class='ocrx_word' id='word_1_199' title='bbox 2799 1303 2965 1374; x_wconf 84' lang='lat' dir='ltr'>pleni</span> <span class='ocrx_word' id='word_1_200' title='bbox 2979 1302 3154 1374; x_wconf 87' lang='lat' dir='ltr'>(Gen.</span> <span class='ocrx_word' id='word_1_201' title='bbox 3188 1320 3372 1372; x_wconf 74' lang='lat' dir='ltr'><strong>XXVII,</strong></span> <span class='ocrx_word' id='word_1_202' title='bbox 3392 1304 3504 1375; x_wconf 79' lang='lat'>‘27.)</span> <span class='ocrx_word' id='word_1_203' title='bbox 3533 1306 3669 1362; x_wconf 88' lang='lat' dir='ltr'>Nam</span> 
     </span>
    </p>
   </div>
   <div class='ocr_carea' id='block_1_29' title="bbox 2022 1389 3670 1463">
    <p class='ocr_par' dir='ltr' id='par_1_29' title="bbox 2022 1389 3670 1463">
     <span class='ocr_line' id='line_1_29' title="bbox 2022 1389 3670 1463; baseline 0.004 -20"><span class='ocrx_word' id='word_1_204' title='bbox 2022 1389 2158 1444; x_wconf 89' lang='lat' dir='ltr'>licet</span> <span class='ocrx_word' id='word_1_205' title='bbox 2207 1390 2421 1460; x_wconf 90' lang='lat' dir='ltr'>plenus</span> <span class='ocrx_word' id='word_1_206' title='bbox 2489 1391 2765 1446; x_wconf 91' lang='lat' dir='ltr'>omnibus</span> <span class='ocrx_word' id='word_1_207' title='bbox 2818 1392 2942 1447; x_wconf 84' lang='lat' dir='ltr'>fere</span> <span class='ocrx_word' id='word_1_208' title='bbox 2990 1391 3284 1447; x_wconf 89' lang='lat' dir='ltr'>fructibus</span> <span class='ocrx_word' id='word_1_209' title='bbox 3342 1394 3670 1463; x_wconf 70' lang='lat' dir='ltr'>patriarcha:</span> 
     </span>
    </p>
   </div>
   <div class='ocr_carea' id='block_1_30' title="bbox 2024 1477 3672 1553">
    <p class='ocr_par' dir='ltr' id='par_1_30' title="bbox 2024 1477 3672 1553">
     <span class='ocr_line' id='line_1_30' title="bbox 2024 1477 3672 1553; baseline 0.004 -22"><span class='ocrx_word' id='word_1_210' title='bbox 2024 1477 2214 1532; x_wconf 86' lang='lat' dir='ltr'>sancti</span> <span class='ocrx_word' id='word_1_211' title='bbox 2236 1478 2411 1533; x_wconf 89' lang='lat' dir='ltr'>fuerit</span> <span class='ocrx_word' id='word_1_212' title='bbox 2427 1494 2571 1551; x_wconf 90' lang='lat' dir='ltr'>ager</span> <span class='ocrx_word' id='word_1_213' title='bbox 2595 1495 2609 1549; x_wconf 91' lang='lat'>;</span> <span class='ocrx_word' id='word_1_214' title='bbox 2643 1479 2741 1534; x_wconf 92' lang='lat' dir='ltr'>ille</span> <span class='ocrx_word' id='word_1_215' title='bbox 2759 1482 2953 1535; x_wconf 92' lang='lat' dir='ltr'>tamen</span> <span class='ocrx_word' id='word_1_216' title='bbox 2971 1479 3179 1553; x_wconf 85' lang='lat' dir='ltr'>fruges</span> <span class='ocrx_word' id='word_1_217' title='bbox 3210 1480 3434 1553; x_wconf 84' lang='lat' dir='ltr'>majore</span> <span class='ocrx_word' id='word_1_218' title='bbox 3453 1482 3672 1538; x_wconf 87' lang='lat' dir='ltr'>virtutis</span> 
     </span>
    </p>
   </div>
   <div class='ocr_carea' id='block_1_31' title="bbox 2023 1565 2941 1639">
    <p class='ocr_par' dir='ltr' id='par_1_31' title="bbox 2023 1565 2941 1639">
     <span class='ocr_line' id='line_1_31' title="bbox 2023 1565 2941 1639; baseline 0.004 -19"><span class='ocrx_word' id='word_1_219' title='bbox 2023 1565 2228 1622; x_wconf 87' lang='lat' dir='ltr'>labore</span> <span class='ocrx_word' id='word_1_220' title='bbox 2258 1567 2586 1639; x_wconf 84' lang='lat' dir='ltr'>generavit,</span> <span class='ocrx_word' id='word_1_221' title='bbox 2613 1568 2710 1623; x_wconf 89' lang='lat' dir='ltr'>hic</span> <span class='ocrx_word' id='word_1_222' title='bbox 2741 1568 2941 1624; x_wconf 76' lang='lat' dir='ltr'>tiores.</span> 
     </span>
    </p>
   </div>
   <div class='ocr_carea' id='block_1_32' title="bbox 2094 1664 3676 1740">
    <p class='ocr_par' dir='ltr' id='par_1_32' title="bbox 2094 1664 3676 1740">
     <span class='ocr_line' id='line_1_32' title="bbox 2094 1664 3676 1740; baseline 0.003 -20"><span class='ocrx_word' id='word_1_223' title='bbox 2094 1664 2181 1720; x_wconf 74' lang='lat'>46.</span> <span class='ocrx_word' id='word_1_224' title='bbox 2215 1665 2546 1737; x_wconf 83' lang='lat' dir='ltr'>Accingere</span> <span class='ocrx_word' id='word_1_225' title='bbox 2595 1665 2811 1737; x_wconf 89' lang='lat' dir='ltr'>itaque,</span> <span class='ocrx_word' id='word_1_226' title='bbox 2861 1666 3055 1738; x_wconf 89' lang='lat' dir='ltr'>virgo,</span> <span class='ocrx_word' id='word_1_227' title='bbox 3088 1670 3145 1722; x_wconf 92' lang='lat' dir='ltr'>et</span> <span class='ocrx_word' id='word_1_228' title='bbox 3182 1667 3237 1721; x_wconf 90' lang='lat' dir='ltr'>si</span> <span class='ocrx_word' id='word_1_229' title='bbox 3281 1667 3373 1722; x_wconf 89' lang='lat' dir='ltr'>vis</span> <span class='ocrx_word' id='word_1_230' title='bbox 3405 1666 3676 1740; x_wconf 85' lang='lat' dir='ltr'>hujusce-</span> 
     </span>
    </p>
   </div>
   <div class='ocr_carea' id='block_1_33' title="bbox 244 1753 3675 1852">
    <p class='ocr_par' dir='ltr' id='par_1_33' title="bbox 244 1753 3675 1852">
     <span class='ocr_line' id='line_1_33' title="bbox 244 1753 3675 1852; baseline 0.001 -20"><span class='ocrx_word' id='word_1_231' title='bbox 244 1778 518 1849; x_wconf 88' lang='lat' dir='ltr'>pluribus</span> <span class='ocrx_word' id='word_1_232' title='bbox 572 1753 929 1852; x_wconf 70' lang='lat' dir='ltr'>congreges,</span> <span class='ocrx_word' id='word_1_233' title='bbox 979 1753 1105 1851; x_wconf 82' lang='lat' dir='ltr'>(qui</span> <span class='ocrx_word' id='word_1_234' title='bbox 1153 1780 1278 1835; x_wconf 89' lang='lat' dir='ltr'>scis</span> <span class='ocrx_word' id='word_1_235' title='bbox 1329 1780 1487 1835; x_wconf 89' lang='lat' dir='ltr'>enim</span> <span class='ocrx_word' id='word_1_236' title='bbox 1525 1753 1761 1851; x_wconf 84' lang='lat' dir='ltr'>quando</span> <span class='ocrx_word' id='word_1_237' title='bbox 1801 1796 1831 1832; x_wconf 88' lang='lat' dir='ltr'>a</span> <span class='ocrx_word' id='word_1_238' title='bbox 1861 1782 1917 1834; x_wconf 91' lang='lat' dir='ltr'>te</span> <span class='ocrx_word' id='word_1_239' title='bbox 1950 1753 2181 1838; x_wconf 66' lang='lat' dir='ltr'>Bm&quot;di</span> <span class='ocrx_word' id='word_1_240' title='bbox 2213 1754 2317 1852; x_wconf 44' lang='lat' dir='ltr'>m3}</span> <span class='ocrx_word' id='word_1_241' title='bbox 2351 1754 2642 1852; x_wconf 47' lang='grc' dir='ltr'>υίξονωδ</span> <span class='ocrx_word' id='word_1_242' title='bbox 2672 1755 2911 1852; x_wconf 49' lang='grc' dir='ltr'>θξΡίῘξθίι</span> <span class='ocrx_word' id='word_1_243' title='bbox 2939 1755 3306 1852; x_wconf 54' lang='lat' dir='ltr'>PPQPhe‘iciS</span> <span class='ocrx_word' id='word_1_244' title='bbox 3336 1758 3675 1852; x_wconf 41' lang='lat'>399°13‘19&quot;</span> 
     </span>
    </p>
   </div>
   <div class='ocr_carea' id='block_1_34' title="bbox 245 1867 1918 1939">
    <p class='ocr_par' dir='ltr' id='par_1_34' title="bbox 245 1867 1918 1939">
     <span class='ocr_line' id='line_1_34' title="bbox 245 1867 1918 1939; baseline 0.001 -19"><span class='ocrx_word' id='word_1_245' title='bbox 245 1867 440 1921; x_wconf 90' lang='lat' dir='ltr'>anima</span> <span class='ocrx_word' id='word_1_246' title='bbox 475 1870 575 1922; x_wconf 89' lang='lat' dir='ltr'>tua</span> <span class='ocrx_word' id='word_1_247' title='bbox 605 1870 1024 1938; x_wconf 81' lang='lat' dir='ltr'>reposcatur?)</span> <span class='ocrx_word' id='word_1_248' title='bbox 1060 1884 1134 1924; x_wconf 92' lang='lat' dir='ltr'>ne</span> <span class='ocrx_word' id='word_1_249' title='bbox 1166 1868 1538 1939; x_wconf 89' lang='lat' dir='ltr'>receptacula</span> <span class='ocrx_word' id='word_1_250' title='bbox 1570 1868 1918 1923; x_wconf 87' lang='lat' dir='ltr'>horreorum</span> 
     </span>
    </p>
   </div>
   <div class='ocr_carea' id='block_1_35' title="bbox 244 1956 1918 2029">
    <p class='ocr_par' dir='ltr' id='par_1_35' title="bbox 244 1956 1918 2029">
     <span class='ocr_line' id='line_1_35' title="bbox 244 1956 1918 2029; baseline -0.001 -16"><span class='ocrx_word' id='word_1_251' title='bbox 244 1956 559 2013; x_wconf 84' lang='lat' dir='ltr'>frumentis</span> <span class='ocrx_word' id='word_1_252' title='bbox 591 1960 936 2013; x_wconf 87' lang='lat' dir='ltr'>coacervata</span> <span class='ocrx_word' id='word_1_253' title='bbox 964 1958 1285 2029; x_wconf 91' lang='lat' dir='ltr'>dimittens,</span> <span class='ocrx_word' id='word_1_254' title='bbox 1333 1973 1443 2013; x_wconf 89' lang='lat' dir='ltr'>nec</span> <span class='ocrx_word' id='word_1_255' title='bbox 1473 1957 1610 2013; x_wconf 63' lang='lat' dir='ltr'>vitae</span> <span class='ocrx_word' id='word_1_256' title='bbox 1640 1960 1756 2013; x_wconf 84' lang='lat' dir='ltr'>tuae</span> <span class='ocrx_word' id='word_1_257' title='bbox 1780 1957 1918 2012; x_wconf 90' lang='lat' dir='ltr'>usui</span> 
     </span>
    </p>
   </div>
   <div class='ocr_carea' id='block_1_36' title="bbox 244 2045 1916 2119">
    <p class='ocr_par' dir='ltr' id='par_1_36' title="bbox 244 2045 1916 2119">
     <span class='ocr_line' id='line_1_36' title="bbox 244 2045 1916 2119; baseline 0 -19"><span class='ocrx_word' id='word_1_258' title='bbox 244 2045 573 2117; x_wconf 89' lang='lat' dir='ltr'>profutura,</span> <span class='ocrx_word' id='word_1_259' title='bbox 605 2062 717 2101; x_wconf 91' lang='lat' dir='ltr'>nec</span> <span class='ocrx_word' id='word_1_260' title='bbox 746 2047 993 2117; x_wconf 89' lang='lat' dir='ltr'>meritis,</span> <span class='ocrx_word' id='word_1_261' title='bbox 1020 2047 1271 2119; x_wconf 92' lang='lat' dir='ltr'>rapiaris</span> <span class='ocrx_word' id='word_1_262' title='bbox 1319 2063 1390 2103; x_wconf 95' lang='lat' dir='ltr'><strong>eo</strong></span> <span class='ocrx_word' id='word_1_263' title='bbox 1420 2063 1538 2119; x_wconf 86' lang='lat' dir='ltr'>quo</span> <span class='ocrx_word' id='word_1_264' title='bbox 1568 2046 1916 2103; x_wconf 88' lang='lat' dir='ltr'>thesaurum</span> 
     </span>
    </p>
   </div>
   <div class='ocr_carea' id='block_1_37' title="bbox 244 2134 1921 2208">
    <p class='ocr_par' dir='ltr' id='par_1_37' title="bbox 244 2134 1921 2208">
     <span class='ocr_line' id='line_1_37' title="bbox 244 2134 1921 2208; baseline 0.001 -19"><span class='ocrx_word' id='word_1_265' title='bbox 244 2136 410 2190; x_wconf 89' lang='lat' dir='ltr'>tuum</span> <span class='ocrx_word' id='word_1_266' title='bbox 440 2134 595 2190; x_wconf 87' lang='lat' dir='ltr'>ferre</span> <span class='ocrx_word' id='word_1_267' title='bbox 625 2151 743 2191; x_wconf 92' lang='lat' dir='ltr'>non</span> <span class='ocrx_word' id='word_1_268' title='bbox 772 2137 999 2207; x_wconf 90' lang='lat' dir='ltr'>possis.</span> <span class='ocrx_word' id='word_1_269' title='bbox 1042 2137 1221 2191; x_wconf 89' lang='lat' dir='ltr'>Dives</span> <span class='ocrx_word' id='word_1_270' title='bbox 1252 2136 1435 2208; x_wconf 86' lang='lat' dir='ltr'>igitur</span> <span class='ocrx_word' id='word_1_271' title='bbox 1462 2139 1615 2206; x_wconf 91' lang='lat' dir='ltr'>esto,</span> <span class='ocrx_word' id='word_1_272' title='bbox 1651 2136 1759 2191; x_wconf 91' lang='lat' dir='ltr'>sed</span> <span class='ocrx_word' id='word_1_273' title='bbox 1777 2151 1921 2207; x_wconf 90' lang='lat' dir='ltr'>pau-</span> 
     </span>
    </p>
   </div>
   <div class='ocr_carea' id='block_1_38' title="bbox 246 2224 1919 2297">
    <p class='ocr_par' dir='ltr' id='par_1_38' title="bbox 246 2224 1919 2297">
     <span class='ocr_line' id='line_1_38' title="bbox 246 2224 1919 2297; baseline -0.001 -18"><span class='ocrx_word' id='word_1_274' title='bbox 246 2225 493 2296; x_wconf 87' lang='lat' dir='ltr'>peribus</span> <span class='ocrx_word' id='word_1_275' title='bbox 518 2240 533 2281; x_wconf 89' lang='lat'><strong>:</strong></span> <span class='ocrx_word' id='word_1_276' title='bbox 558 2227 621 2280; x_wconf 89' lang='lat' dir='ltr'>ut</span> <span class='ocrx_word' id='word_1_277' title='bbox 650 2228 876 2281; x_wconf 87' lang='lat' dir='ltr'>naturae</span> <span class='ocrx_word' id='word_1_278' title='bbox 905 2225 1225 2297; x_wconf 87' lang='lat' dir='ltr'>participes</span> <span class='ocrx_word' id='word_1_279' title='bbox 1262 2228 1399 2291; x_wconf 67' lang='lat' dir='ltr'>tum,</span> <span class='ocrx_word' id='word_1_280' title='bbox 1446 2224 1769 2297; x_wconf 84' lang='lat' dir='ltr'>participes</span> <span class='ocrx_word' id='word_1_281' title='bbox 1799 2225 1919 2279; x_wconf 90' lang='lat' dir='ltr'>sint</span> 
     </span>
    </p>
   </div>
   <div class='ocr_carea' id='block_1_39' title="bbox 247 2313 808 2370">
    <p class='ocr_par' dir='ltr' id='par_1_39' title="bbox 247 2313 808 2370">
     <span class='ocr_line' id='line_1_39' title="bbox 247 2313 808 2370; baseline 0 0"><span class='ocrx_word' id='word_1_282' title='bbox 247 2313 422 2370; x_wconf 91' lang='lat' dir='ltr'>etiam</span> <span class='ocrx_word' id='word_1_283' title='bbox 447 2314 808 2370; x_wconf 87' lang='lat' dir='ltr'>facultatum.</span> 
     </span>
    </p>
   </div>
   <div class='ocr_carea' id='block_1_40' title="bbox 333 2420 1921 2493">
    <p class='ocr_par' dir='ltr' id='par_1_40' title="bbox 333 2420 1921 2493">
     <span class='ocr_line' id='line_1_40' title="bbox 333 2420 1921 2493; baseline -0.002 -16"><span class='ocrx_word' id='word_1_284' title='bbox 333 2422 477 2485; x_wconf 84' lang='lat'>157</span> <span class='ocrx_word' id='word_1_285' title='bbox 506 2421 595 2477; x_wconf 81' lang='lat'>43.</span> <span class='ocrx_word' id='word_1_286' title='bbox 629 2420 862 2477; x_wconf 89' lang='lat' dir='ltr'>Florem</span> <span class='ocrx_word' id='word_1_287' title='bbox 897 2437 1133 2493; x_wconf 90' lang='lat' dir='ltr'>quoque</span> <span class='ocrx_word' id='word_1_288' title='bbox 1164 2420 1271 2476; x_wconf 90' lang='lat' dir='ltr'>tibi</span> <span class='ocrx_word' id='word_1_289' title='bbox 1303 2421 1645 2476; x_wconf 88' lang='lat' dir='ltr'>demonstro</span> <span class='ocrx_word' id='word_1_290' title='bbox 1676 2435 1921 2491; x_wconf 87' lang='lat' dir='ltr'>carpen-</span> 
     </span>
    </p>
   </div>
   <div class='ocr_carea' id='block_1_41' title="bbox 248 2508 1921 2591">
    <p class='ocr_par' dir='ltr' id='par_1_41' title="bbox 248 2508 1921 2591">
     <span class='ocr_line' id='line_1_41' title="bbox 248 2508 1921 2591; baseline 0 -28"><span class='ocrx_word' id='word_1_291' title='bbox 248 2510 408 2591; x_wconf 66' lang='lat' dir='ltr'>dum,</span> <span class='ocrx_word' id='word_1_292' title='bbox 433 2509 599 2565; x_wconf 87' lang='lat' dir='ltr'>illum</span> <span class='ocrx_word' id='word_1_293' title='bbox 615 2510 831 2591; x_wconf 51' lang='lat' dir='ltr'>utique</span> <span class='ocrx_word' id='word_1_294' title='bbox 838 2510 963 2591; x_wconf 49' lang='lat' dir='ltr'>qui</span> <span class='ocrx_word' id='word_1_295' title='bbox 991 2510 1139 2565; x_wconf 80' lang='lat' dir='ltr'>dixit</span> <span class='ocrx_word' id='word_1_296' title='bbox 1172 2510 1340 2591; x_wconf 56' lang='lat' dir='ltr'>:_l.flgo</span> <span class='ocrx_word' id='word_1_297' title='bbox 1360 2510 1472 2591; x_wconf 78' lang='lat' dir='ltr'>llos</span> <span class='ocrx_word' id='word_1_298' title='bbox 1501 2509 1714 2591; x_wconf 81' lang='lat' dir='ltr'>campi,</span> <span class='ocrx_word' id='word_1_299' title='bbox 1753 2514 1821 2591; x_wconf 41' lang='lat' dir='ltr'>et.</span> <span class='ocrx_word' id='word_1_300' title='bbox 1842 2508 1921 2563; x_wconf 90' lang='lat' dir='ltr'>li-</span> 
     </span>
    </p>
   </div>
   <div class='ocr_carea' id='block_1_42' title="bbox 248 2579 1924 2652">
    <p class='ocr_par' dir='ltr' id='par_1_42' title="bbox 248 2579 1924 2652">
     <span class='ocr_line' id='line_1_42' title="bbox 248 2579 1924 2652; baseline -0.001 -16"><span class='ocrx_word' id='word_1_301' title='bbox 248 2581 393 2637; x_wconf 92' lang='lat' dir='ltr'>lium</span> <span class='ocrx_word' id='word_1_302' title='bbox 415 2579 789 2652; x_wconf 70' lang='lat' dir='ltr'>convallium.</span> <span class='ocrx_word' id='word_1_303' title='bbox 837 2579 1126 2652; x_wconf 82' lang='lat' dir='ltr'>Tanquam</span> <span class='ocrx_word' id='word_1_304' title='bbox 1171 2579 1363 2635; x_wconf 77' lang='lat' dir='ltr'>lilium</span> <span class='ocrx_word' id='word_1_305' title='bbox 1391 2582 1454 2635; x_wconf 90' lang='lat' dir='ltr'>in</span> <span class='ocrx_word' id='word_1_306' title='bbox 1486 2579 1685 2652; x_wconf 68' lang='lat' dir='ltr'>medie</span> <span class='ocrx_word' id='word_1_307' title='bbox 1723 2579 1924 2652; x_wconf 84' lang='lat' dir='ltr'>spina-</span> 
     </span>
    </p>
   </div>
   <div class='ocr_carea' id='block_1_43' title="bbox 247 2648 1921 2723">
    <p class='ocr_par' dir='ltr' id='par_1_43' title="bbox 247 2648 1921 2723">
     <span class='ocr_line' id='line_1_43' title="bbox 247 2648 1921 2723; baseline -0.002 -16"><span class='ocrx_word' id='word_1_308' title='bbox 247 2667 382 2707; x_wconf 85' lang='lat' dir='ltr'>rum</span> <span class='ocrx_word' id='word_1_309' title='bbox 400 2651 594 2721; x_wconf 89' lang='lat' dir='ltr'>(Cant.</span> <span class='ocrx_word' id='word_1_310' title='bbox 619 2669 682 2722; x_wconf 87' lang='grc' dir='ltr'>ιι,</span> <span class='ocrx_word' id='word_1_311' title='bbox 722 2653 801 2720; x_wconf 74' lang='lat'>2);</span> <span class='ocrx_word' id='word_1_312' title='bbox 833 2648 990 2723; x_wconf 90' lang='lat' dir='ltr'>quod</span> <span class='ocrx_word' id='word_1_313' title='bbox 1034 2655 1128 2707; x_wconf 93' lang='lat' dir='ltr'>est</span> <span class='ocrx_word' id='word_1_314' title='bbox 1156 2653 1449 2707; x_wconf 88' lang='lat' dir='ltr'>evidentis</span> <span class='ocrx_word' id='word_1_315' title='bbox 1481 2648 1708 2721; x_wconf 88' lang='lat' dir='ltr'>indicii,</span> <span class='ocrx_word' id='word_1_316' title='bbox 1739 2648 1921 2723; x_wconf 75' lang='lat' dir='ltr'>spiri-</span> 
     </span>
    </p>
   </div>
   <div class='ocr_carea' id='block_1_44' title="bbox 250 2739 1924 2812">
    <p class='ocr_par' dir='ltr' id='par_1_44' title="bbox 250 2739 1924 2812">
     <span class='ocr_line' id='line_1_44' title="bbox 250 2739 1924 2812; baseline 0.001 -18"><span class='ocrx_word' id='word_1_317' title='bbox 250 2740 456 2794; x_wconf 84' lang='lat' dir='ltr'>talium</span> <span class='ocrx_word' id='word_1_318' title='bbox 475 2740 869 2812; x_wconf 88' lang='lat' dir='ltr'>nequitiarum</span> <span class='ocrx_word' id='word_1_319' title='bbox 891 2741 1163 2795; x_wconf 89' lang='lat' dir='ltr'>sentibus</span> <span class='ocrx_word' id='word_1_320' title='bbox 1181 2741 1432 2796; x_wconf 87' lang='lat' dir='ltr'>virtutes</span> <span class='ocrx_word' id='word_1_321' title='bbox 1455 2739 1746 2809; x_wconf 88' lang='lat' dir='ltr'>obsideri;</span> <span class='ocrx_word' id='word_1_322' title='bbox 1767 2740 1924 2795; x_wconf 89' lang='lat' dir='ltr'>unde</span> 
     </span>
    </p>
   </div>
   <div class='ocr_carea' id='block_1_45' title="bbox 253 2827 1920 2901">
    <p class='ocr_par' dir='ltr' id='par_1_45' title="bbox 253 2827 1920 2901">
     <span class='ocr_line' id='line_1_45' title="bbox 253 2827 1920 2901; baseline -0.001 -17"><span class='ocrx_word' id='word_1_323' title='bbox 253 2843 428 2886; x_wconf 90' lang='lat' dir='ltr'>nemo</span> <span class='ocrx_word' id='word_1_324' title='bbox 483 2827 742 2884; x_wconf 88' lang='lat' dir='ltr'>fructum</span> <span class='ocrx_word' id='word_1_325' title='bbox 783 2828 1020 2900; x_wconf 87' lang='lat' dir='ltr'>referat,</span> <span class='ocrx_word' id='word_1_326' title='bbox 1071 2829 1191 2884; x_wconf 90' lang='lat' dir='ltr'>nisi</span> <span class='ocrx_word' id='word_1_327' title='bbox 1241 2829 1343 2901; x_wconf 91' lang='lat' dir='ltr'>qui</span> <span class='ocrx_word' id='word_1_328' title='bbox 1402 2833 1613 2885; x_wconf 90' lang='lat' dir='ltr'>cautus</span> <span class='ocrx_word' id='word_1_329' title='bbox 1660 2828 1920 2883; x_wconf 86' lang='lat' dir='ltr'>accedat.</span> 
     </span>
    </p>
   </div>
   <div class='ocr_carea' id='block_1_46' title="bbox 884 2990 1315 3047">
    <p class='ocr_par' dir='ltr' id='par_1_46' title="bbox 884 2990 1315 3047">
     <span class='ocr_line' id='line_1_46' title="bbox 884 2990 1315 3047; baseline 0 -1"><span class='ocrx_word' id='word_1_330' title='bbox 884 2990 1135 3047; x_wconf 86' lang='lat' dir='ltr'>CAPUT</span> <span class='ocrx_word' id='word_1_331' title='bbox 1168 2990 1315 3046; x_wconf 86' lang='lat' dir='ltr'><strong>VIII.</strong></span> 
     </span>
    </p>
   </div>
   <div class='ocr_carea' id='block_1_47' title="bbox 253 3128 2015 3215">
    <p class='ocr_par' dir='ltr' id='par_1_47' title="bbox 253 3128 2015 3215">
     <span class='ocr_line' id='line_1_47' title="bbox 253 3128 2015 3215; baseline 0 -28"><span class='ocrx_word' id='word_1_332' title='bbox 253 3130 473 3215; x_wconf 73' lang='lat' dir='ltr'>Pergit</span> <span class='ocrx_word' id='word_1_333' title='bbox 496 3128 646 3189; x_wconf 83' lang='lat' dir='ltr'>alios</span> <span class='ocrx_word' id='word_1_334' title='bbox 662 3149 695 3190; x_wconf 91' lang='lat' dir='ltr'>e</span> <span class='ocrx_word' id='word_1_335' title='bbox 720 3133 986 3215; x_wconf 84' lang='lat' dir='ltr'>Canticis</span> <span class='ocrx_word' id='word_1_336' title='bbox 1003 3135 1363 3215; x_wconf 70' lang='lat' dir='ltr'>canticorum</span> <span class='ocrx_word' id='word_1_337' title='bbox 1376 3132 1534 3215; x_wconf 78' lang='lat' dir='ltr'>locos</span> <span class='ocrx_word' id='word_1_338' title='bbox 1557 3139 1765 3215; x_wconf 61' lang='lat' dir='ltr'>aptare</span> <span class='ocrx_word' id='word_1_339' title='bbox 1780 3132 1925 3215; x_wconf 74' lang='lat' dir='ltr'>sub-</span> <span class='ocrx_word' id='word_1_340' title='bbox 1958 3134 2015 3200; x_wconf 74' lang='grc' dir='ltr'>Ο</span> 
     </span>
    </p>
   </div>
   <div class='ocr_carea' id='block_1_48' title="bbox 315 3204 1927 3279">
    <p class='ocr_par' dir='ltr' id='par_1_48' title="bbox 315 3204 1927 3279">
     <span class='ocr_line' id='line_1_48' title="bbox 315 3204 1927 3279; baseline -0.001 -18"><span class='ocrx_word' id='word_1_341' title='bbox 315 3204 488 3279; x_wconf 79' lang='lat' dir='ltr'>jecto</span> <span class='ocrx_word' id='word_1_342' title='bbox 513 3213 880 3279; x_wconf 88' lang='lat' dir='ltr'>argumento,</span> <span class='ocrx_word' id='word_1_343' title='bbox 922 3212 981 3261; x_wconf 86' lang='lat' dir='ltr'>et</span> <span class='ocrx_word' id='word_1_344' title='bbox 1000 3209 1256 3278; x_wconf 90' lang='lat' dir='ltr'>primum</span> <span class='ocrx_word' id='word_1_345' title='bbox 1301 3204 1694 3279; x_wconf 65' lang='lat' dir='ltr'>virginemne!</span> <span class='ocrx_word' id='word_1_346' title='bbox 1718 3204 1927 3279; x_wconf 84' lang='lat' dir='ltr'>Chris-</span> 
     </span>
    </p>
   </div>
   <div class='ocr_carea' id='block_1_49' title="bbox 330 3275 1929 3349">
    <p class='ocr_par' dir='ltr' id='par_1_49' title="bbox 330 3275 1929 3349">
     <span class='ocr_line' id='line_1_49' title="bbox 330 3275 1929 3349; baseline 0 -19"><span class='ocrx_word' id='word_1_347' title='bbox 330 3275 448 3331; x_wconf 84' lang='lat' dir='ltr'>tum</span> <span class='ocrx_word' id='word_1_348' title='bbox 466 3275 883 3349; x_wconf 80' lang='lat' dir='ltr'>inquirendum</span> <span class='ocrx_word' id='word_1_349' title='bbox 896 3275 1268 3347; x_wconf 76' lang='lat' dir='ltr'>exhortatus,</span> <span class='ocrx_word' id='word_1_350' title='bbox 1286 3275 1521 3331; x_wconf 84' lang='lat' dir='ltr'>ubinam</span> <span class='ocrx_word' id='word_1_351' title='bbox 1546 3275 1647 3331; x_wconf 86' lang='lat' dir='ltr'>ille</span> <span class='ocrx_word' id='word_1_352' title='bbox 1663 3277 1724 3330; x_wconf 92' lang='lat' dir='ltr'>in</span> <span class='ocrx_word' id='word_1_353' title='bbox 1737 3276 1929 3349; x_wconf 83' lang='lat' dir='ltr'>venia-</span> 
     </span>
    </p>
   </div>
   <div class='ocr_carea' id='block_1_50' title="bbox 332 3347 1926 3420">
    <p class='ocr_par' dir='ltr' id='par_1_50' title="bbox 332 3347 1926 3420">
     <span class='ocr_line' id='line_1_50' title="bbox 332 3347 1926 3420; baseline -0.001 -18"><span class='ocrx_word' id='word_1_354' title='bbox 332 3347 696 3420; x_wconf 84' lang='lat' dir='ltr'>tur,exponit</span> <span class='ocrx_word' id='word_1_355' title='bbox 737 3367 749 3405; x_wconf 88' lang='lat'><strong>:</strong></span> <span class='ocrx_word' id='word_1_356' title='bbox 790 3355 909 3404; x_wconf 87' lang='lat' dir='ltr'>tum</span> <span class='ocrx_word' id='word_1_357' title='bbox 950 3350 1256 3419; x_wconf 89' lang='lat' dir='ltr'>descripta</span> <span class='ocrx_word' id='word_1_358' title='bbox 1302 3348 1575 3420; x_wconf 80' lang='lat' dir='ltr'>ejusdem</span> <span class='ocrx_word' id='word_1_359' title='bbox 1607 3347 1926 3420; x_wconf 78' lang='lat' dir='ltr'>secundum</span> 
     </span>
    </p>
   </div>
   <div class='ocr_carea' id='block_1_51' title="bbox 334 3417 1927 3493">
    <p class='ocr_par' dir='ltr' id='par_1_51' title="bbox 334 3417 1927 3493">
     <span class='ocr_line' id='line_1_51' title="bbox 334 3417 1927 3493; baseline 0 -21"><span class='ocrx_word' id='word_1_360' title='bbox 334 3417 637 3493; x_wconf 79' lang='lat' dir='ltr'>utramque</span> <span class='ocrx_word' id='word_1_361' title='bbox 652 3427 920 3493; x_wconf 79' lang='lat' dir='ltr'>naturam</span> <span class='ocrx_word' id='word_1_362' title='bbox 931 3417 1492 3493; x_wconf 70' lang='lat' dir='ltr'>praetentia,quib_us</span> <span class='ocrx_word' id='word_1_363' title='bbox 1515 3418 1589 3472; x_wconf 93' lang='lat' dir='ltr'>ab</span> <span class='ocrx_word' id='word_1_364' title='bbox 1613 3417 1927 3493; x_wconf 79' lang='lat' dir='ltr'>eopert‘ec-</span> 
     </span>
    </p>
   </div>
   <div class='ocr_carea' id='block_1_52' title="bbox 335 3489 1930 3563">
    <p class='ocr_par' dir='ltr' id='par_1_52' title="bbox 335 3489 1930 3563">
     <span class='ocr_line' id='line_1_52' title="bbox 335 3489 1930 3563; baseline 0 -20"><span class='ocrx_word' id='word_1_365' title='bbox 335 3489 605 3563; x_wconf 12' lang='lat' dir='ltr'>tionibus,</span> <span class='ocrx_word' id='word_1_366' title='bbox 644 3490 872 3563; x_wconf 79' lang='lat' dir='ltr'>Sponsa</span> <span class='ocrx_word' id='word_1_367' title='bbox 914 3489 1262 3558; x_wconf 77' lang='lat' dir='ltr'>éxornetur,</span> <span class='ocrx_word' id='word_1_368' title='bbox 1288 3489 1596 3563; x_wconf 65' lang='lat' dir='ltr'>&#39;quibusve</span> <span class='ocrx_word' id='word_1_369' title='bbox 1629 3489 1930 3563; x_wconf 74' lang='lat' dir='ltr'>muniatur</span> 
     </span>
    </p>
   </div>
   <div class='ocr_carea' id='block_1_53' title="bbox 327 3560 1931 3635">
    <p class='ocr_par' dir='ltr' id='par_1_53' title="bbox 327 3560 1931 3635">
     <span class='ocr_line' id='line_1_53' title="bbox 327 3560 1931 3635; baseline -0.001 -20"><span class='ocrx_word' id='word_1_370' title='bbox 327 3561 658 3635; x_wconf 74' lang='lat' dir='ltr'>praesidiis,</span> <span class='ocrx_word' id='word_1_371' title='bbox 682 3560 878 3635; x_wconf 75' lang='lat' dir='ltr'>aperit</span> <span class='ocrx_word' id='word_1_372' title='bbox 903 3570 1238 3635; x_wconf 81' lang='lat' dir='ltr'>:postremo</span> <span class='ocrx_word' id='word_1_373' title='bbox 1250 3560 1515 3635; x_wconf 71' lang='lat' dir='ltr'>eamdem</span> <span class='ocrx_word' id='word_1_374' title='bbox 1544 3577 1671 3615; x_wconf 89' lang='lat' dir='ltr'>cum</span> <span class='ocrx_word' id='word_1_375' title='bbox 1699 3560 1931 3635; x_wconf 79' lang='lat' dir='ltr'>angelis</span> 
     </span>
    </p>
   </div>
   <div class='ocr_carea' id='block_1_54' title="bbox 334 3631 1931 3704">
    <p class='ocr_par' dir='ltr' id='par_1_54' title="bbox 334 3631 1931 3704">
     <span class='ocr_line' id='line_1_54' title="bbox 334 3631 1931 3704; baseline -0.001 -17"><span class='ocrx_word' id='word_1_376' title='bbox 334 3631 409 3687; x_wconf 78' lang='lat' dir='ltr'>ab</span> <span class='ocrx_word' id='word_1_377' title='bbox 447 3631 781 3691; x_wconf 71' lang='lat' dir='ltr'>castitatem</span> <span class='ocrx_word' id='word_1_378' title='bbox 822 3631 1076 3704; x_wconf 78' lang='lat' dir='ltr'>conl‘ert,</span> <span class='ocrx_word' id='word_1_379' title='bbox 1116 3650 1225 3688; x_wconf 89' lang='lat' dir='ltr'>nec</span> <span class='ocrx_word' id='word_1_380' title='bbox 1270 3648 1381 3687; x_wconf 92' lang='lat' dir='ltr'>non</span> <span class='ocrx_word' id='word_1_381' title='bbox 1414 3631 1508 3686; x_wconf 90' lang='lat' dir='ltr'>illi</span> <span class='ocrx_word' id='word_1_382' title='bbox 1536 3647 1747 3704; x_wconf 84' lang='lat' dir='ltr'>eorum</span> <span class='ocrx_word' id='word_1_383' title='bbox 1765 3631 1931 3703; x_wconf 87' lang='lat' dir='ltr'>parti</span> 
     </span>
    </p>
   </div>
   <div class='ocr_carea' id='block_1_55' title="bbox 336 3702 1856 3779">
    <p class='ocr_par' dir='ltr' id='par_1_55' title="bbox 336 3702 1856 3779">
     <span class='ocr_line' id='line_1_55' title="bbox 336 3702 1856 3779; baseline 0.001 -22"><span class='ocrx_word' id='word_1_384' title='bbox 336 3718 479 3778; x_wconf 85' lang='lat' dir='ltr'>quos</span> <span class='ocrx_word' id='word_1_385' title='bbox 507 3719 540 3761; x_wconf 82' lang='grc' dir='ltr'><em>θ</em></span> <span class='ocrx_word' id='word_1_386' title='bbox 560 3704 706 3762; x_wconf 69' lang='lat' dir='ltr'>caelo</span> <span class='ocrx_word' id='word_1_387' title='bbox 721 3702 1181 3779; x_wconf 80' lang='lat' dir='ltr'>intemperantia</span> <span class='ocrx_word' id='word_1_388' title='bbox 1204 3703 1456 3760; x_wconf 81' lang='lat' dir='ltr'>deturba</span> <span class='ocrx_word' id='word_1_389' title='bbox 1468 3704 1525 3757; x_wconf 86' lang='lat' dir='ltr'>vi</span> <span class='ocrx_word' id='word_1_390' title='bbox 1530 3709 1567 3768; x_wconf 74' lang='grc' dir='ltr'>ι,</span> <span class='ocrx_word' id='word_1_391' title='bbox 1579 3702 1856 3775; x_wconf 32' lang='lat' dir='ltr'>prwl&#39;e’rt.</span> 
     </span>
    </p>
   </div>
   <div class='ocr_carea' id='block_1_56' title="bbox 334 3844 1932 3921">
    <p class='ocr_par' dir='ltr' id='par_1_56' title="bbox 334 3844 1932 3921">
     <span class='ocr_line' id='line_1_56' title="bbox 334 3844 1932 3921; baseline -0.001 -20"><span class='ocrx_word' id='word_1_392' title='bbox 334 3844 425 3902; x_wconf 77' lang='grc'>44.</span> <span class='ocrx_word' id='word_1_393' title='bbox 458 3845 637 3904; x_wconf 86' lang='lat' dir='ltr'>Sume</span> <span class='ocrx_word' id='word_1_394' title='bbox 658 3847 841 3921; x_wconf 89' lang='lat' dir='ltr'>igitur</span> <span class='ocrx_word' id='word_1_395' title='bbox 877 3848 1023 3919; x_wconf 89' lang='lat' dir='ltr'>alas,</span> <span class='ocrx_word' id='word_1_396' title='bbox 1062 3849 1259 3921; x_wconf 87' lang='lat' dir='ltr'>virgo,</span> <span class='ocrx_word' id='word_1_397' title='bbox 1295 3847 1403 3903; x_wconf 92' lang='lat' dir='ltr'>sed</span> <span class='ocrx_word' id='word_1_398' title='bbox 1435 3846 1681 3917; x_wconf 89' lang='lat' dir='ltr'>spiritus</span> <span class='ocrx_word' id='word_1_399' title='bbox 1704 3861 1719 3916; x_wconf 93' lang='lat'>;</span> <span class='ocrx_word' id='word_1_400' title='bbox 1743 3847 1804 3900; x_wconf 89' lang='lat' dir='ltr'>ut</span> <span class='ocrx_word' id='word_1_401' title='bbox 1826 3861 1932 3901; x_wconf 87' lang='lat' dir='ltr'>su-</span> 
     </span>
    </p>
   </div>
   <div class='ocr_carea' id='block_1_57' title="bbox 265 3934 1933 4010">
    <p class='ocr_par' dir='ltr' id='par_1_57' title="bbox 265 3934 1933 4010">
     <span class='ocr_line' id='line_1_57' title="bbox 265 3934 1933 4010; baseline -0.002 -18"><span class='ocrx_word' id='word_1_402' title='bbox 265 3936 542 4008; x_wconf 90' lang='lat' dir='ltr'>pervoles</span> <span class='ocrx_word' id='word_1_403' title='bbox 571 3938 733 4008; x_wconf 88' lang='lat' dir='ltr'>vitia,</span> <span class='ocrx_word' id='word_1_404' title='bbox 767 3938 821 3992; x_wconf 93' lang='lat' dir='ltr'>si</span> <span class='ocrx_word' id='word_1_405' title='bbox 850 3939 1194 4010; x_wconf 89' lang='lat' dir='ltr'>contingere</span> <span class='ocrx_word' id='word_1_406' title='bbox 1226 3936 1395 4007; x_wconf 90' lang='lat' dir='ltr'>cupis</span> <span class='ocrx_word' id='word_1_407' title='bbox 1408 3935 1740 3990; x_wconf 89' lang='lat' dir='ltr'>Christum:</span> <span class='ocrx_word' id='word_1_408' title='bbox 1765 3934 1830 3988; x_wconf 92' lang='lat' dir='ltr'>In</span> <span class='ocrx_word' id='word_1_409' title='bbox 1844 3934 1933 3989; x_wconf 88' lang='lat' dir='ltr'>a1-</span> 
     </span>
    </p>
   </div>
   <div class='ocr_carea' id='block_1_58' title="bbox 2025 1843 3679 1913">
    <p class='ocr_par' dir='ltr' id='par_1_58' title="bbox 2025 1843 3679 1913">
     <span class='ocr_line' id='line_1_58' title="bbox 2025 1843 3679 1913; baseline 0.002 -16"><span class='ocrx_word' id='word_1_410' title='bbox 2025 1843 2362 1913; x_wconf 84' lang='lat' dir='ltr'>praeceptis.</span> <span class='ocrx_word' id='word_1_411' title='bbox 2416 1845 2575 1898; x_wconf 87' lang='lat' dir='ltr'>Pone</span> <span class='ocrx_word' id='word_1_412' title='bbox 2608 1844 2935 1899; x_wconf 88' lang='lat' dir='ltr'>custodiam</span> <span class='ocrx_word' id='word_1_413' title='bbox 2967 1845 3053 1900; x_wconf 91' lang='lat' dir='ltr'>ori</span> <span class='ocrx_word' id='word_1_414' title='bbox 3084 1848 3183 1900; x_wconf 90' lang='lat' dir='ltr'>tuo</span> <span class='ocrx_word' id='word_1_415' title='bbox 3235 1848 3295 1900; x_wconf 92' lang='lat' dir='ltr'>et</span> <span class='ocrx_word' id='word_1_416' title='bbox 3330 1846 3544 1901; x_wconf 90' lang='lat' dir='ltr'>ostium</span> <span class='ocrx_word' id='word_1_417' title='bbox 3572 1847 3679 1901; x_wconf 90' lang='lat' dir='ltr'>cir-</span> 
     </span>
    </p>
   </div>
   <div class='ocr_carea' id='block_1_59' title="bbox 2026 1932 3676 2006">
    <p class='ocr_par' dir='ltr' id='par_1_59' title="bbox 2026 1932 3676 2006">
     <span class='ocr_line' id='line_1_59' title="bbox 2026 1932 3676 2006; baseline 0.002 -20"><span class='ocrx_word' id='word_1_418' title='bbox 2026 1933 2393 1987; x_wconf 68' lang='lat' dir='ltr'>cumstantias</span> <span class='ocrx_word' id='word_1_419' title='bbox 2431 1932 2606 1988; x_wconf 90' lang='lat' dir='ltr'>labiis</span> <span class='ocrx_word' id='word_1_420' title='bbox 2656 1933 2774 1987; x_wconf 90' lang='lat' dir='ltr'>tuis</span> <span class='ocrx_word' id='word_1_421' title='bbox 2808 1933 2999 2004; x_wconf 88' lang='lat' dir='ltr'>(Psal.</span> <span class='ocrx_word' id='word_1_422' title='bbox 3046 1950 3179 2004; x_wconf 73' lang='lat' dir='ltr'>cxn,</span> <span class='ocrx_word' id='word_1_423' title='bbox 3211 1934 3311 2006; x_wconf 87' lang='lat'>3);</span> <span class='ocrx_word' id='word_1_424' title='bbox 3345 1938 3407 1989; x_wconf 92' lang='lat' dir='ltr'>ut</span> <span class='ocrx_word' id='word_1_425' title='bbox 3437 1935 3602 1989; x_wconf 90' lang='lat' dir='ltr'>etiam</span> <span class='ocrx_word' id='word_1_426' title='bbox 3621 1938 3676 1990; x_wconf 90' lang='lat' dir='ltr'>tu</span> 
     </span>
    </p>
   </div>
   <div class='ocr_carea' id='block_1_60' title="bbox 2026 2020 3674 2095">
    <p class='ocr_par' dir='ltr' id='par_1_60' title="bbox 2026 2020 3674 2095">
     <span class='ocr_line' id='line_1_60' title="bbox 2026 2020 3674 2095; baseline 0.002 -20"><span class='ocrx_word' id='word_1_427' title='bbox 2026 2020 2229 2092; x_wconf 87' lang='lat' dir='ltr'>possis</span> <span class='ocrx_word' id='word_1_428' title='bbox 2258 2021 2494 2076; x_wconf 90' lang='lat' dir='ltr'>dicere:</span> <span class='ocrx_word' id='word_1_429' title='bbox 2540 2020 2829 2095; x_wconf 85' lang='lat' dir='ltr'>Tanquam</span> <span class='ocrx_word' id='word_1_430' title='bbox 2870 2021 3060 2078; x_wconf 85' lang='lat' dir='ltr'>malus</span> <span class='ocrx_word' id='word_1_431' title='bbox 3087 2024 3149 2077; x_wconf 88' lang='lat' dir='ltr'>in</span> <span class='ocrx_word' id='word_1_432' title='bbox 3188 2021 3378 2095; x_wconf 84' lang='lat' dir='ltr'>lignis</span> <span class='ocrx_word' id='word_1_433' title='bbox 3426 2024 3674 2079; x_wconf 88' lang='lat' dir='ltr'>nemoris</span> 
     </span>
    </p>
   </div>
   <div class='ocr_carea' id='block_1_61' title="bbox 2029 2108 3679 2180">
    <p class='ocr_par' dir='ltr' id='par_1_61' title="bbox 2029 2108 3679 2180">
     <span class='ocr_line' id='line_1_61' title="bbox 2029 2108 3679 2180; baseline 0.002 -17"><span class='ocrx_word' id='word_1_434' title='bbox 2029 2110 2163 2180; x_wconf 84' lang='lat'>(5‘7),</span> <span class='ocrx_word' id='word_1_435' title='bbox 2187 2110 2271 2164; x_wconf 89' lang='lat' dir='ltr'>ita</span> <span class='ocrx_word' id='word_1_436' title='bbox 2302 2108 2614 2165; x_wconf 83' lang='lat' dir='ltr'>fraternus</span> <span class='ocrx_word' id='word_1_437' title='bbox 2632 2126 2796 2166; x_wconf 91' lang='lat' dir='ltr'>meus</span> <span class='ocrx_word' id='word_1_438' title='bbox 2817 2110 2879 2165; x_wconf 90' lang='lat' dir='ltr'>in</span> <span class='ocrx_word' id='word_1_439' title='bbox 2897 2110 3090 2166; x_wconf 89' lang='lat' dir='ltr'>medio</span> <span class='ocrx_word' id='word_1_440' title='bbox 3114 2110 3389 2166; x_wconf 74' lang='lat' dir='ltr'>filiorum.</span> <span class='ocrx_word' id='word_1_441' title='bbox 3407 2111 3473 2165; x_wconf 88' lang='lat' dir='ltr'>In</span> <span class='ocrx_word' id='word_1_442' title='bbox 3493 2112 3679 2167; x_wconf 87' lang='lat' dir='ltr'>umbra</span> 
     </span>
    </p>
   </div>
   <div class='ocr_carea' id='block_1_62' title="bbox 2032 2198 3684 2273">
    <p class='ocr_par' dir='ltr' id='par_1_62' title="bbox 2032 2198 3684 2273">
     <span class='ocr_line' id='line_1_62' title="bbox 2032 2198 3684 2273; baseline 0.001 -19"><span class='ocrx_word' id='word_1_443' title='bbox 2032 2199 2161 2271; x_wconf 81' lang='lat' dir='ltr'>ejus</span> <span class='ocrx_word' id='word_1_444' title='bbox 2182 2199 2424 2271; x_wconf 87' lang='lat' dir='ltr'>concupi</span> <span class='ocrx_word' id='word_1_445' title='bbox 2435 2200 2491 2254; x_wconf 83' lang='lat' dir='ltr'>vi</span> <span class='ocrx_word' id='word_1_446' title='bbox 2507 2205 2565 2254; x_wconf 89' lang='lat' dir='ltr'>et</span> <span class='ocrx_word' id='word_1_447' title='bbox 2594 2200 2746 2266; x_wconf 83' lang='lat' dir='ltr'>sedi,</span> <span class='ocrx_word' id='word_1_448' title='bbox 2772 2205 2831 2254; x_wconf 89' lang='lat' dir='ltr'>et</span> <span class='ocrx_word' id='word_1_449' title='bbox 2851 2198 3086 2255; x_wconf 76' lang='lat' dir='ltr'>fructus</span> <span class='ocrx_word' id='word_1_450' title='bbox 3106 2200 3235 2273; x_wconf 85' lang='lat' dir='ltr'>ejus</span> <span class='ocrx_word' id='word_1_451' title='bbox 3268 2199 3460 2257; x_wconf 86' lang='lat' dir='ltr'>dulcis</span> <span class='ocrx_word' id='word_1_452' title='bbox 3487 2201 3545 2255; x_wconf 92' lang='lat' dir='ltr'>in</span> <span class='ocrx_word' id='word_1_453' title='bbox 3572 2200 3684 2255; x_wconf 82' lang='lat' dir='ltr'>fau-</span> 
     </span>
    </p>
   </div>
   <div class='ocr_carea' id='block_1_63' title="bbox 2034 2286 3684 2362">
    <p class='ocr_par' dir='ltr' id='par_1_63' title="bbox 2034 2286 3684 2362">
     <span class='ocr_line' id='line_1_63' title="bbox 2034 2286 3684 2362; baseline 0 -19"><span class='ocrx_word' id='word_1_454' title='bbox 2034 2287 2203 2343; x_wconf 90' lang='lat' dir='ltr'>cibus</span> <span class='ocrx_word' id='word_1_455' title='bbox 2230 2288 2383 2343; x_wconf 85' lang='lat' dir='ltr'>meis</span> <span class='ocrx_word' id='word_1_456' title='bbox 2410 2287 2605 2358; x_wconf 88' lang='lat' dir='ltr'>(Cant.</span> <span class='ocrx_word' id='word_1_457' title='bbox 2639 2305 2699 2359; x_wconf 85' lang='lat' dir='ltr'>u,</span> <span class='ocrx_word' id='word_1_458' title='bbox 2723 2286 2799 2359; x_wconf 87' lang='lat'>3).</span> <span class='ocrx_word' id='word_1_459' title='bbox 2825 2288 3041 2344; x_wconf 85' lang='lat' dir='ltr'>Inveni</span> <span class='ocrx_word' id='word_1_460' title='bbox 3071 2305 3237 2362; x_wconf 88' lang='lat' dir='ltr'>quem</span> <span class='ocrx_word' id='word_1_461' title='bbox 3272 2289 3487 2345; x_wconf 78' lang='lat' dir='ltr'>dilexit</span> <span class='ocrx_word' id='word_1_462' title='bbox 3509 2289 3684 2344; x_wconf 84' lang='lat' dir='ltr'>anima</span> 
     </span>
    </p>
   </div>
   <div class='ocr_carea' id='block_1_64' title="bbox 2032 2377 3682 2452">
    <p class='ocr_par' dir='ltr' id='par_1_64' title="bbox 2032 2377 3682 2452">
     <span class='ocr_line' id='line_1_64' title="bbox 2032 2377 3682 2452; baseline -0.001 -20"><span class='ocrx_word' id='word_1_463' title='bbox 2032 2393 2186 2449; x_wconf 87' lang='lat' dir='ltr'>mea,</span> <span class='ocrx_word' id='word_1_464' title='bbox 2229 2378 2395 2432; x_wconf 87' lang='lat' dir='ltr'>tenui</span> <span class='ocrx_word' id='word_1_465' title='bbox 2432 2393 2581 2448; x_wconf 91' lang='lat' dir='ltr'>eum,</span> <span class='ocrx_word' id='word_1_466' title='bbox 2630 2382 2689 2432; x_wconf 89' lang='lat' dir='ltr'>et</span> <span class='ocrx_word' id='word_1_467' title='bbox 2727 2393 2840 2433; x_wconf 92' lang='lat' dir='ltr'>non</span> <span class='ocrx_word' id='word_1_468' title='bbox 2884 2378 3217 2452; x_wconf 86' lang='lat' dir='ltr'>relinquam</span> <span class='ocrx_word' id='word_1_469' title='bbox 3261 2378 3459 2447; x_wconf 88' lang='lat' dir='ltr'>(Cant.</span> <span class='ocrx_word' id='word_1_470' title='bbox 3504 2395 3584 2449; x_wconf 83' lang='grc' dir='ltr'>ιιι,</span> <span class='ocrx_word' id='word_1_471' title='bbox 3616 2377 3682 2445; x_wconf 75' lang='grc'>4).</span> 
     </span>
    </p>
   </div>
   <div class='ocr_carea' id='block_1_65' title="bbox 2034 2466 3686 2536">
    <p class='ocr_par' dir='ltr' id='par_1_65' title="bbox 2034 2466 3686 2536">
     <span class='ocr_line' id='line_1_65' title="bbox 2034 2466 3686 2536; baseline -0.001 -14"><span class='ocrx_word' id='word_1_472' title='bbox 2034 2467 2362 2522; x_wconf 86' lang='lat' dir='ltr'>Descendit</span> <span class='ocrx_word' id='word_1_473' title='bbox 2390 2466 2700 2522; x_wconf 80' lang='lat' dir='ltr'>fraternus</span> <span class='ocrx_word' id='word_1_474' title='bbox 2718 2482 2885 2522; x_wconf 90' lang='lat' dir='ltr'>meus</span> <span class='ocrx_word' id='word_1_475' title='bbox 2904 2467 2967 2521; x_wconf 91' lang='lat' dir='ltr'>in</span> <span class='ocrx_word' id='word_1_476' title='bbox 2979 2467 3212 2523; x_wconf 91' lang='lat' dir='ltr'>hortum</span> <span class='ocrx_word' id='word_1_477' title='bbox 3230 2484 3420 2536; x_wconf 92' lang='lat' dir='ltr'>suum,</span> <span class='ocrx_word' id='word_1_478' title='bbox 3457 2473 3515 2521; x_wconf 87' lang='lat' dir='ltr'>ut</span> <span class='ocrx_word' id='word_1_479' title='bbox 3534 2482 3686 2521; x_wconf 88' lang='lat' dir='ltr'>man-</span> 
     </span>
    </p>
   </div>
   <div class='ocr_carea' id='block_1_66' title="bbox 2037 2554 3683 2629">
    <p class='ocr_par' dir='ltr' id='par_1_66' title="bbox 2037 2554 3683 2629">
     <span class='ocr_line' id='line_1_66' title="bbox 2037 2554 3683 2629; baseline -0.002 -18"><span class='ocrx_word' id='word_1_480' title='bbox 2037 2555 2210 2612; x_wconf 87' lang='lat' dir='ltr'>ducet</span> <span class='ocrx_word' id='word_1_481' title='bbox 2245 2554 2361 2627; x_wconf 86' lang='lat'>(58)</span> <span class='ocrx_word' id='word_1_482' title='bbox 2387 2555 2646 2610; x_wconf 82' lang='lat' dir='ltr'>fructum</span> <span class='ocrx_word' id='word_1_483' title='bbox 2691 2572 2993 2628; x_wconf 85' lang='lat' dir='ltr'>pomorum</span> <span class='ocrx_word' id='word_1_484' title='bbox 3033 2572 3272 2612; x_wconf 87' lang='lat' dir='ltr'>suorum</span> <span class='ocrx_word' id='word_1_485' title='bbox 3303 2556 3498 2629; x_wconf 87' lang='lat' dir='ltr'>(Cant.</span> <span class='ocrx_word' id='word_1_486' title='bbox 3525 2572 3580 2625; x_wconf 93' lang='lat' dir='ltr'>v,</span> <span class='ocrx_word' id='word_1_487' title='bbox 3614 2555 3683 2625; x_wconf 93' lang='lat'>1).</span> 
     </span>
    </p>
   </div>
   <div class='ocr_carea' id='block_1_67' title="bbox 2050 2643 3689 2717">
    <p class='ocr_par' dir='ltr' id='par_1_67' title="bbox 2050 2643 3689 2717">
     <span class='ocr_line' id='line_1_67' title="bbox 2050 2643 3689 2717; baseline -0.002 -17"><span class='ocrx_word' id='word_1_488' title='bbox 2050 2645 2214 2716; x_wconf 84' lang='lat' dir='ltr'>Veni,</span> <span class='ocrx_word' id='word_1_489' title='bbox 2234 2644 2507 2699; x_wconf 81' lang='lat' dir='ltr'>fraterne</span> <span class='ocrx_word' id='word_1_490' title='bbox 2528 2645 2628 2715; x_wconf 90' lang='lat' dir='ltr'>mi,</span> <span class='ocrx_word' id='word_1_491' title='bbox 2652 2646 3006 2700; x_wconf 87' lang='lat' dir='ltr'>exeamusin</span> <span class='ocrx_word' id='word_1_492' title='bbox 3025 2662 3231 2717; x_wconf 87' lang='lat' dir='ltr'>agrum</span> <span class='ocrx_word' id='word_1_493' title='bbox 3249 2645 3448 2715; x_wconf 89' lang='lat' dir='ltr'>(Cant.</span> <span class='ocrx_word' id='word_1_494' title='bbox 3467 2661 3564 2713; x_wconf 84' lang='lat' dir='ltr'>vn,</span> <span class='ocrx_word' id='word_1_495' title='bbox 3589 2643 3689 2712; x_wconf 86' lang='lat'>11).</span> 
     </span>
    </p>
   </div>
   <div class='ocr_carea' id='block_1_68' title="bbox 2037 2733 3690 2806">
    <p class='ocr_par' dir='ltr' id='par_1_68' title="bbox 2037 2733 3690 2806">
     <span class='ocr_line' id='line_1_68' title="bbox 2037 2733 3690 2806; baseline -0.002 -17"><span class='ocrx_word' id='word_1_496' title='bbox 2037 2734 2203 2789; x_wconf 86' lang='lat' dir='ltr'>Pone</span> <span class='ocrx_word' id='word_1_497' title='bbox 2231 2750 2324 2788; x_wconf 88' lang='lat' dir='ltr'>me</span> <span class='ocrx_word' id='word_1_498' title='bbox 2353 2739 2419 2788; x_wconf 89' lang='lat' dir='ltr'>ut</span> <span class='ocrx_word' id='word_1_499' title='bbox 2447 2733 2707 2806; x_wconf 89' lang='lat' dir='ltr'>sigillum</span> <span class='ocrx_word' id='word_1_500' title='bbox 2727 2734 2789 2788; x_wconf 88' lang='lat' dir='ltr'>in</span> <span class='ocrx_word' id='word_1_501' title='bbox 2822 2750 2923 2790; x_wconf 91' lang='lat' dir='ltr'>cor</span> <span class='ocrx_word' id='word_1_502' title='bbox 2942 2745 3119 2804; x_wconf 82' lang='lat' dir='ltr'>tuum,</span> <span class='ocrx_word' id='word_1_503' title='bbox 3146 2740 3205 2790; x_wconf 88' lang='lat' dir='ltr'>et</span> <span class='ocrx_word' id='word_1_504' title='bbox 3233 2733 3397 2789; x_wconf 83' lang='lat' dir='ltr'>velut</span> <span class='ocrx_word' id='word_1_505' title='bbox 3429 2734 3690 2805; x_wconf 89' lang='lat' dir='ltr'>signacu-</span> 
     </span>
    </p>
   </div>
   <div class='ocr_carea' id='block_1_69' title="bbox 2039 2821 3687 2895">
    <p class='ocr_par' dir='ltr' id='par_1_69' title="bbox 2039 2821 3687 2895">
     <span class='ocr_line' id='line_1_69' title="bbox 2039 2821 3687 2895; baseline -0.002 -19"><span class='ocrx_word' id='word_1_506' title='bbox 2039 2822 2153 2877; x_wconf 89' lang='lat' dir='ltr'>lum</span> <span class='ocrx_word' id='word_1_507' title='bbox 2183 2822 2689 2895; x_wconf 82' lang='lat' dir='ltr'>superbrachium</span> <span class='ocrx_word' id='word_1_508' title='bbox 2712 2828 2873 2877; x_wconf 88' lang='lat' dir='ltr'>tuum</span> <span class='ocrx_word' id='word_1_509' title='bbox 2891 2822 3088 2893; x_wconf 87' lang='lat' dir='ltr'>(Cant.</span> <span class='ocrx_word' id='word_1_510' title='bbox 3109 2840 3231 2892; x_wconf 85' lang='lat' dir='ltr'>vm,</span> <span class='ocrx_word' id='word_1_511' title='bbox 3259 2822 3339 2893; x_wconf 89' lang='lat'>6).</span> <span class='ocrx_word' id='word_1_512' title='bbox 3362 2821 3687 2877; x_wconf 84' lang='lat' dir='ltr'>Fraternas</span> 
     </span>
    </p>
   </div>
   <div class='ocr_carea' id='block_1_70' title="bbox 2038 2909 3695 2982">
    <p class='ocr_par' dir='ltr' id='par_1_70' title="bbox 2038 2909 3695 2982">
     <span class='ocr_line' id='line_1_70' title="bbox 2038 2909 3695 2982; baseline -0.002 -17"><span class='ocrx_word' id='word_1_513' title='bbox 2038 2927 2209 2967; x_wconf 88' lang='lat' dir='ltr'>meus</span> <span class='ocrx_word' id='word_1_514' title='bbox 2239 2911 2527 2966; x_wconf 87' lang='lat' dir='ltr'>candidus</span> <span class='ocrx_word' id='word_1_515' title='bbox 2555 2917 2613 2967; x_wconf 88' lang='lat' dir='ltr'>et</span> <span class='ocrx_word' id='word_1_516' title='bbox 2636 2911 2860 2967; x_wconf 89' lang='lat' dir='ltr'>rubeus</span> <span class='ocrx_word' id='word_1_517' title='bbox 2886 2911 3083 2981; x_wconf 87' lang='lat' dir='ltr'>(Cant.</span> <span class='ocrx_word' id='word_1_518' title='bbox 3102 2928 3161 2982; x_wconf 93' lang='lat' dir='ltr'>v,</span> <span class='ocrx_word' id='word_1_519' title='bbox 3186 2910 3302 2981; x_wconf 84' lang='lat'>10),</span> <span class='ocrx_word' id='word_1_520' title='bbox 3328 2911 3507 2966; x_wconf 87' lang='lat' dir='ltr'>Decet</span> <span class='ocrx_word' id='word_1_521' title='bbox 3553 2909 3695 2965; x_wconf 91' lang='lat' dir='ltr'>enim</span> 
     </span>
    </p>
   </div>
   <div class='ocr_carea' id='block_1_71' title="bbox 2044 2998 3697 3073">
    <p class='ocr_par' dir='ltr' id='par_1_71' title="bbox 2044 2998 3697 3073">
     <span class='ocr_line' id='line_1_71' title="bbox 2044 2998 3697 3073; baseline -0.002 -17"><span class='ocrx_word' id='word_1_522' title='bbox 2044 3003 2107 3056; x_wconf 90' lang='lat' dir='ltr'>ut</span> <span class='ocrx_word' id='word_1_523' title='bbox 2136 3000 2308 3072; x_wconf 89' lang='lat' dir='ltr'>plene</span> <span class='ocrx_word' id='word_1_524' title='bbox 2330 3001 2592 3072; x_wconf 89' lang='lat' dir='ltr'>noveris,</span> <span class='ocrx_word' id='word_1_525' title='bbox 2616 3001 2810 3073; x_wconf 90' lang='lat' dir='ltr'>virgo,</span> <span class='ocrx_word' id='word_1_526' title='bbox 2828 3016 3003 3072; x_wconf 91' lang='lat' dir='ltr'>quem</span> <span class='ocrx_word' id='word_1_527' title='bbox 3024 2999 3249 3073; x_wconf 90' lang='lat' dir='ltr'>diligis,</span> <span class='ocrx_word' id='word_1_528' title='bbox 3272 3004 3448 3073; x_wconf 90' lang='lat' dir='ltr'>atque</span> <span class='ocrx_word' id='word_1_529' title='bbox 3466 3013 3629 3055; x_wconf 90' lang='lat' dir='ltr'>omne</span> <span class='ocrx_word' id='word_1_530' title='bbox 3644 2998 3697 3052; x_wconf 90' lang='lat' dir='ltr'>in</span> 
     </span>
    </p>
   </div>
   <div class='ocr_carea' id='block_1_72' title="bbox 2043 3088 3697 3162">
    <p class='ocr_par' dir='ltr' id='par_1_72' title="bbox 2043 3088 3697 3162">
     <span class='ocr_line' id='line_1_72' title="bbox 2043 3088 3697 3162; baseline -0.003 -17"><span class='ocrx_word' id='word_1_531' title='bbox 2043 3105 2114 3145; x_wconf 91' lang='lat' dir='ltr'><strong>eo</strong></span> <span class='ocrx_word' id='word_1_532' title='bbox 2138 3093 2193 3145; x_wconf 92' lang='lat' dir='ltr'>et</span> <span class='ocrx_word' id='word_1_533' title='bbox 2208 3089 2486 3162; x_wconf 72' lang='lat' dir='ltr'>ingenitaa</span> <span class='ocrx_word' id='word_1_534' title='bbox 2509 3088 2831 3144; x_wconf 87' lang='lat' dir='ltr'>divinitatis</span> <span class='ocrx_word' id='word_1_535' title='bbox 2846 3091 2902 3143; x_wconf 89' lang='lat' dir='ltr'>et</span> <span class='ocrx_word' id='word_1_536' title='bbox 2917 3091 3241 3161; x_wconf 57' lang='lat' dir='ltr'>assumpta</span> <span class='ocrx_word' id='word_1_537' title='bbox 3258 3091 3598 3161; x_wconf 74' lang='lat' dir='ltr'>mysterium</span> <span class='ocrx_word' id='word_1_538' title='bbox 3619 3088 3697 3141; x_wconf 90' lang='lat' dir='ltr'>in-</span> 
     </span>
    </p>
   </div>
   <div class='ocr_carea' id='block_1_73' title="bbox 2044 3176 3695 3251">
    <p class='ocr_par' dir='ltr' id='par_1_73' title="bbox 2044 3176 3695 3251">
     <span class='ocr_line' id='line_1_73' title="bbox 2044 3176 3695 3251; baseline -0.002 -18"><span class='ocrx_word' id='word_1_539' title='bbox 2044 3178 2475 3249; x_wconf 88' lang='lat' dir='ltr'>corporationis</span> <span class='ocrx_word' id='word_1_540' title='bbox 2504 3176 3142 3251; x_wconf 85' lang='lat' dir='ltr'>agnoscas.Candidus</span> <span class='ocrx_word' id='word_1_541' title='bbox 3166 3178 3400 3248; x_wconf 88' lang='lat' dir='ltr'>merito,</span> <span class='ocrx_word' id='word_1_542' title='bbox 3427 3178 3561 3250; x_wconf 88' lang='lat' dir='ltr'>quia</span> <span class='ocrx_word' id='word_1_543' title='bbox 3592 3176 3695 3230; x_wconf 85' lang='lat' dir='ltr'>Pa-</span> 
     </span>
    </p>
   </div>
   <div class='ocr_carea' id='block_1_74' title="bbox 2038 3264 3699 3338">
    <p class='ocr_par' dir='ltr' id='par_1_74' title="bbox 2038 3264 3699 3338">
     <span class='ocr_line' id='line_1_74' title="bbox 2038 3264 3699 3338; baseline -0.002 -17"><span class='ocrx_word' id='word_1_544' title='bbox 2038 3269 2149 3322; x_wconf 89' lang='lat' dir='ltr'>tris</span> <span class='ocrx_word' id='word_1_545' title='bbox 2183 3267 2465 3338; x_wconf 92' lang='lat' dir='ltr'>splendor</span> <span class='ocrx_word' id='word_1_546' title='bbox 2498 3283 2510 3322; x_wconf 91' lang='lat'><strong>:</strong></span> <span class='ocrx_word' id='word_1_547' title='bbox 2542 3267 2686 3331; x_wconf 83' lang='lat'>158</span> <span class='ocrx_word' id='word_1_548' title='bbox 2718 3266 2962 3336; x_wconf 91' lang='lat' dir='ltr'>rubeus,</span> <span class='ocrx_word' id='word_1_549' title='bbox 2995 3267 3131 3338; x_wconf 91' lang='lat' dir='ltr'>quia</span> <span class='ocrx_word' id='word_1_550' title='bbox 3160 3270 3372 3338; x_wconf 88' lang='lat' dir='ltr'>partus</span> <span class='ocrx_word' id='word_1_551' title='bbox 3402 3269 3493 3321; x_wconf 90' lang='lat' dir='ltr'>est</span> <span class='ocrx_word' id='word_1_552' title='bbox 3512 3264 3699 3336; x_wconf 76' lang='lat' dir='ltr'>Virgi-</span> 
     </span>
    </p>
   </div>
   <div class='ocr_carea' id='block_1_75' title="bbox 2042 3355 3696 3428">
    <p class='ocr_par' dir='ltr' id='par_1_75' title="bbox 2042 3355 3696 3428">
     <span class='ocr_line' id='line_1_75' title="bbox 2042 3355 3696 3428; baseline -0.003 -17"><span class='ocrx_word' id='word_1_553' title='bbox 2042 3356 2157 3411; x_wconf 91' lang='lat' dir='ltr'>nis.</span> <span class='ocrx_word' id='word_1_554' title='bbox 2183 3355 2359 3411; x_wconf 85' lang='lat' dir='ltr'>Color</span> <span class='ocrx_word' id='word_1_555' title='bbox 2387 3356 2449 3411; x_wconf 92' lang='lat' dir='ltr'>in</span> <span class='ocrx_word' id='word_1_556' title='bbox 2479 3371 2551 3410; x_wconf 91' lang='lat' dir='ltr'><strong>eo</strong></span> <span class='ocrx_word' id='word_1_557' title='bbox 2582 3355 2770 3428; x_wconf 90' lang='lat' dir='ltr'>fulget</span> <span class='ocrx_word' id='word_1_558' title='bbox 2796 3358 2852 3410; x_wconf 91' lang='lat' dir='ltr'>et</span> <span class='ocrx_word' id='word_1_559' title='bbox 2883 3355 3080 3410; x_wconf 89' lang='lat' dir='ltr'>rutilat</span> <span class='ocrx_word' id='word_1_560' title='bbox 3118 3356 3435 3428; x_wconf 91' lang='lat' dir='ltr'>utriusque</span> <span class='ocrx_word' id='word_1_561' title='bbox 3464 3356 3696 3410; x_wconf 62' lang='lat' dir='ltr'>natura).</span> 
     </span>
    </p>
   </div>
   <div class='ocr_carea' id='block_1_76' title="bbox 2041 3442 3699 3517">
    <p class='ocr_par' dir='ltr' id='par_1_76' title="bbox 2041 3442 3699 3517">
     <span class='ocr_line' id='line_1_76' title="bbox 2041 3442 3699 3517; baseline -0.002 -18"><span class='ocrx_word' id='word_1_562' title='bbox 2041 3445 2335 3500; x_wconf 85' lang='lat' dir='ltr'>Memento</span> <span class='ocrx_word' id='word_1_563' title='bbox 2350 3446 2544 3499; x_wconf 89' lang='lat' dir='ltr'>tamen</span> <span class='ocrx_word' id='word_1_564' title='bbox 2565 3444 2896 3517; x_wconf 87' lang='lat' dir='ltr'>antiquiora</span> <span class='ocrx_word' id='word_1_565' title='bbox 2911 3443 2972 3499; x_wconf 90' lang='lat' dir='ltr'>in</span> <span class='ocrx_word' id='word_1_566' title='bbox 2993 3460 3062 3500; x_wconf 90' lang='lat' dir='ltr'>eo</span> <span class='ocrx_word' id='word_1_567' title='bbox 3082 3444 3413 3501; x_wconf 89' lang='lat' dir='ltr'>divinitatis</span> <span class='ocrx_word' id='word_1_568' title='bbox 3431 3442 3699 3516; x_wconf 87' lang='lat' dir='ltr'>insignia,</span> 
     </span>
    </p>
   </div>
   <div class='ocr_carea' id='block_1_77' title="bbox 2044 3530 3703 3606">
    <p class='ocr_par' dir='ltr' id='par_1_77' title="bbox 2044 3530 3703 3606">
     <span class='ocr_line' id='line_1_77' title="bbox 2044 3530 3703 3606; baseline -0.002 -19"><span class='ocrx_word' id='word_1_569' title='bbox 2044 3549 2219 3605; x_wconf 92' lang='lat' dir='ltr'>quam</span> <span class='ocrx_word' id='word_1_570' title='bbox 2261 3534 2530 3604; x_wconf 90' lang='lat' dir='ltr'>corporis</span> <span class='ocrx_word' id='word_1_571' title='bbox 2561 3536 2949 3603; x_wconf 84' lang='lat' dir='ltr'>sacramenta,</span> <span class='ocrx_word' id='word_1_572' title='bbox 2998 3534 3135 3606; x_wconf 88' lang='lat' dir='ltr'>quia</span> <span class='ocrx_word' id='word_1_573' title='bbox 3166 3549 3288 3589; x_wconf 90' lang='lat' dir='ltr'>non</span> <span class='ocrx_word' id='word_1_574' title='bbox 3331 3533 3507 3606; x_wconf 63' lang='lat' dir='ltr'>coepit</span> <span class='ocrx_word' id='word_1_575' title='bbox 3536 3548 3568 3586; x_wconf 91' lang='lat' dir='ltr'>a</span> <span class='ocrx_word' id='word_1_576' title='bbox 3595 3530 3703 3584; x_wconf 88' lang='lat' dir='ltr'>vir-</span> 
     </span>
    </p>
   </div>
   <div class='ocr_carea' id='block_1_78' title="bbox 2047 3622 3282 3695">
    <p class='ocr_par' dir='ltr' id='par_1_78' title="bbox 2047 3622 3282 3695">
     <span class='ocr_line' id='line_1_78' title="bbox 2047 3622 3282 3695; baseline 0 -18"><span class='ocrx_word' id='word_1_577' title='bbox 2047 3623 2205 3695; x_wconf 90' lang='lat' dir='ltr'>gine,</span> <span class='ocrx_word' id='word_1_578' title='bbox 2239 3622 2347 3677; x_wconf 92' lang='lat' dir='ltr'>sed</span> <span class='ocrx_word' id='word_1_579' title='bbox 2377 3622 2477 3694; x_wconf 89' lang='lat' dir='ltr'>qui</span> <span class='ocrx_word' id='word_1_580' title='bbox 2508 3624 2651 3692; x_wconf 90' lang='lat' dir='ltr'>erat,</span> <span class='ocrx_word' id='word_1_581' title='bbox 2682 3622 2844 3677; x_wconf 88' lang='lat' dir='ltr'>venit</span> <span class='ocrx_word' id='word_1_582' title='bbox 2871 3622 2934 3676; x_wconf 91' lang='lat' dir='ltr'>in</span> <span class='ocrx_word' id='word_1_583' title='bbox 2964 3622 3282 3695; x_wconf 90' lang='lat' dir='ltr'>virginem.</span> 
     </span>
    </p>
   </div>
   <div class='ocr_carea' id='block_1_79' title="bbox 2117 3728 3701 3799">
    <p class='ocr_par' dir='ltr' id='par_1_79' title="bbox 2117 3728 3701 3799">
     <span class='ocr_line' id='line_1_79' title="bbox 2117 3728 3701 3799; baseline -0.003 -16"><span class='ocrx_word' id='word_1_584' title='bbox 2117 3728 2205 3783; x_wconf 72' lang='grc' dir='ltr'>Π.</span> <span class='ocrx_word' id='word_1_585' title='bbox 2240 3728 2340 3783; x_wconf 91' lang='lat' dir='ltr'>Ille</span> <span class='ocrx_word' id='word_1_586' title='bbox 2376 3729 2672 3784; x_wconf 90' lang='lat' dir='ltr'>discretus</span> <span class='ocrx_word' id='word_1_587' title='bbox 2703 3745 2736 3782; x_wconf 93' lang='lat' dir='ltr'>a</span> <span class='ocrx_word' id='word_1_588' title='bbox 2764 3729 3050 3784; x_wconf 89' lang='lat' dir='ltr'>militibus</span> <span class='ocrx_word' id='word_1_589' title='bbox 3095 3728 3207 3799; x_wconf 85' lang='lat'>(59)</span> <span class='ocrx_word' id='word_1_590' title='bbox 3256 3729 3477 3784; x_wconf 84' lang='lat' dir='ltr'>Matth.</span> <span class='ocrx_word' id='word_1_591' title='bbox 3519 3742 3701 3795; x_wconf 78' lang='lat' dir='ltr'>xxvn,</span> 
     </span>
    </p>
   </div>
   <div class='ocr_carea' id='block_1_80' title="bbox 2047 3816 3706 3889">
    <p class='ocr_par' dir='ltr' id='par_1_80' title="bbox 2047 3816 3706 3889">
     <span class='ocr_line' id='line_1_80' title="bbox 2047 3816 3706 3889; baseline -0.002 -17"><span class='ocrx_word' id='word_1_592' title='bbox 2047 3816 2239 3888; x_wconf 75' lang='lat'>29-31)</span> <span class='ocrx_word' id='word_1_593' title='bbox 2263 3817 2358 3872; x_wconf 91' lang='lat' dir='ltr'>ille</span> <span class='ocrx_word' id='word_1_594' title='bbox 2385 3817 2589 3873; x_wconf 88' lang='lat' dir='ltr'>lancea</span> <span class='ocrx_word' id='word_1_595' title='bbox 2627 3818 2971 3874; x_wconf 87' lang='lat' dir='ltr'>vulneratus</span> <span class='ocrx_word' id='word_1_596' title='bbox 3004 3818 3345 3889; x_wconf 77' lang='lat' dir='ltr'>(Joan.x1x,</span> <span class='ocrx_word' id='word_1_597' title='bbox 3376 3819 3491 3889; x_wconf 71' lang='lat'>31),</span> <span class='ocrx_word' id='word_1_598' title='bbox 3515 3822 3575 3872; x_wconf 89' lang='lat' dir='ltr'>ut</span> <span class='ocrx_word' id='word_1_599' title='bbox 3604 3829 3706 3870; x_wconf 88' lang='lat' dir='ltr'>nos</span> 
     </span>
    </p>
   </div>
   <div class='ocr_carea' id='block_1_81' title="bbox 2048 3905 3707 3980">
    <p class='ocr_par' dir='ltr' id='par_1_81' title="bbox 2048 3905 3707 3980">
     <span class='ocr_line' id='line_1_81' title="bbox 2048 3905 3707 3980; baseline -0.002 -19"><span class='ocrx_word' id='word_1_600' title='bbox 2048 3906 2206 3961; x_wconf 89' lang='lat' dir='ltr'>sacri</span> <span class='ocrx_word' id='word_1_601' title='bbox 2236 3905 2501 3962; x_wconf 88' lang='lat' dir='ltr'>vulneris</span> <span class='ocrx_word' id='word_1_602' title='bbox 2536 3923 2745 3963; x_wconf 89' lang='lat' dir='ltr'>cruore</span> <span class='ocrx_word' id='word_1_603' title='bbox 2759 3911 3015 3976; x_wconf 89' lang='lat' dir='ltr'>sanaret,</span> <span class='ocrx_word' id='word_1_604' title='bbox 3032 3908 3424 3980; x_wconf 87' lang='lat' dir='ltr'>respondebit</span> <span class='ocrx_word' id='word_1_605' title='bbox 3453 3906 3557 3962; x_wconf 89' lang='lat' dir='ltr'>tibi</span> <span class='ocrx_word' id='word_1_606' title='bbox 3583 3919 3707 3977; x_wconf 86' lang='lat' dir='ltr'>pro-</span> 
     </span>
    </p>
   </div>
   <div class='ocr_carea' id='block_1_82' title="bbox 271 3996 3707 4099">
    <p class='ocr_par' dir='ltr' id='par_1_82' title="bbox 271 3996 3707 4099">
     <span class='ocr_line' id='line_1_82' title="bbox 271 3996 3707 4099; baseline -0.001 -19"><span class='ocrx_word' id='word_1_607' title='bbox 271 3996 354 4081; x_wconf 77' lang='lat' dir='ltr'>tis</span> <span class='ocrx_word' id='word_1_608' title='bbox 389 4026 650 4095; x_wconf 89' lang='lat' dir='ltr'>habitat,</span> <span class='ocrx_word' id='word_1_609' title='bbox 697 3996 755 4082; x_wconf 76' lang='lat' dir='ltr'>et</span> <span class='ocrx_word' id='word_1_610' title='bbox 806 3996 1334 4099; x_wconf 54' lang='lat' dir='ltr'>humi/laurespicit</span> <span class='ocrx_word' id='word_1_611' title='bbox 1363 4023 1705 4095; x_wconf 80' lang='lat' dir='ltr'>(Psal.cxn,</span> <span class='ocrx_word' id='word_1_612' title='bbox 1747 4022 1833 4093; x_wconf 88' lang='lat'>3);</span> <span class='ocrx_word' id='word_1_613' title='bbox 1879 4025 1937 4077; x_wconf 93' lang='lat' dir='ltr'>et</span> <span class='ocrx_word' id='word_1_614' title='bbox 2049 3996 2204 4099; x_wconf 52' lang='lat' dir='ltr'>fect?</span> <span class='ocrx_word' id='word_1_615' title='bbox 2228 3996 2531 4099; x_wconf 44' lang='lat' dir='ltr'>‘(esienim</span> <span class='ocrx_word' id='word_1_616' title='bbox 2551 3996 2709 4099; x_wconf 53' lang='lat' dir='ltr'>mm?</span> <span class='ocrx_word' id='word_1_617' title='bbox 2739 3997 3066 4099; x_wconf 32' lang='lat' dir='ltr'>etflumi‘lis</span> <span class='ocrx_word' id='word_1_618' title='bbox 3099 3998 3302 4099; x_wconf 58' lang='grc' dir='ltr'>θίξνάξθν</span> <span class='ocrx_word' id='word_1_619' title='bbox 3333 3996 3588 4099; x_wconf 63' lang='grc' dir='ltr'>Ῑξιδηδηδ</span> 
     </span>
    </p>
   </div>
   <div class='ocr_carea' id='block_1_83' title="bbox 269 4111 1936 4186">
    <p class='ocr_par' dir='ltr' id='par_1_83' title="bbox 269 4111 1936 4186">
     <span class='ocr_line' id='line_1_83' title="bbox 269 4111 1936 4186; baseline -0.002 -16"><span class='ocrx_word' id='word_1_620' title='bbox 269 4114 507 4185; x_wconf 88' lang='lat' dir='ltr'>species</span> <span class='ocrx_word' id='word_1_621' title='bbox 538 4113 852 4186; x_wconf 89' lang='lat' dir='ltr'>ejus&#39;sicut</span> <span class='ocrx_word' id='word_1_622' title='bbox 880 4115 1097 4171; x_wconf 90' lang='lat' dir='ltr'>cedrus</span> <span class='ocrx_word' id='word_1_623' title='bbox 1132 4114 1363 4184; x_wconf 85' lang='lat' dir='ltr'>Libani,</span> <span class='ocrx_word' id='word_1_624' title='bbox 1388 4112 1488 4184; x_wconf 92' lang='lat' dir='ltr'>qui</span> <span class='ocrx_word' id='word_1_625' title='bbox 1507 4128 1732 4167; x_wconf 77' lang='lat' dir='ltr'>comam</span> <span class='ocrx_word' id='word_1_626' title='bbox 1765 4111 1936 4167; x_wconf 85' lang='lat' dir='ltr'>nubi-</span> 
     </span>
    </p>
   </div>
   <div class='ocr_carea' id='block_1_84' title="bbox 270 4199 1935 4274">
    <p class='ocr_par' dir='ltr' id='par_1_84' title="bbox 270 4199 1935 4274">
     <span class='ocr_line' id='line_1_84' title="bbox 270 4199 1935 4274; baseline -0.004 -15"><span class='ocrx_word' id='word_1_627' title='bbox 270 4203 409 4274; x_wconf 87' lang='lat' dir='ltr'>bus,</span> <span class='ocrx_word' id='word_1_628' title='bbox 441 4203 700 4259; x_wconf 89' lang='lat' dir='ltr'>radicem</span> <span class='ocrx_word' id='word_1_629' title='bbox 734 4205 907 4260; x_wconf 91' lang='lat' dir='ltr'>terris</span> <span class='ocrx_word' id='word_1_630' title='bbox 949 4205 1175 4259; x_wconf 90' lang='lat' dir='ltr'>inserit.</span> <span class='ocrx_word' id='word_1_631' title='bbox 1212 4201 1574 4272; x_wconf 85' lang='lat' dir='ltr'>Principium</span> <span class='ocrx_word' id='word_1_632' title='bbox 1613 4216 1770 4255; x_wconf 77' lang='lat' dir='ltr'>enim</span> <span class='ocrx_word' id='word_1_633' title='bbox 1800 4199 1935 4271; x_wconf 82' lang='lat' dir='ltr'>ejus</span> 
     </span>
    </p>
   </div>
   <div class='ocr_carea' id='block_1_85' title="bbox 273 4290 1937 4367">
    <p class='ocr_par' dir='ltr' id='par_1_85' title="bbox 273 4290 1937 4367">
     <span class='ocr_line' id='line_1_85' title="bbox 273 4290 1937 4367; baseline -0.002 -19"><span class='ocrx_word' id='word_1_634' title='bbox 273 4309 307 4348; x_wconf 93' lang='lat' dir='ltr'>e</span> <span class='ocrx_word' id='word_1_635' title='bbox 337 4293 508 4363; x_wconf 86' lang='lat' dir='ltr'>coelo,</span> <span class='ocrx_word' id='word_1_636' title='bbox 533 4293 864 4365; x_wconf 90' lang='lat' dir='ltr'>posteriora</span> <span class='ocrx_word' id='word_1_637' title='bbox 885 4293 1020 4367; x_wconf 87' lang='lat' dir='ltr'>ejus</span> <span class='ocrx_word' id='word_1_638' title='bbox 1036 4295 1097 4349; x_wconf 92' lang='lat' dir='ltr'>in</span> <span class='ocrx_word' id='word_1_639' title='bbox 1125 4292 1324 4364; x_wconf 90' lang='lat' dir='ltr'>terris,</span> <span class='ocrx_word' id='word_1_640' title='bbox 1358 4292 1589 4346; x_wconf 90' lang='lat' dir='ltr'>fructus</span> <span class='ocrx_word' id='word_1_641' title='bbox 1619 4290 1770 4345; x_wconf 83' lang='lat' dir='ltr'>coelo</span> <span class='ocrx_word' id='word_1_642' title='bbox 1802 4304 1937 4360; x_wconf 86' lang='lat' dir='ltr'>pro-</span> 
     </span>
    </p>
   </div>
   <div class='ocr_carea' id='block_1_86' title="bbox 274 4380 1935 4456">
    <p class='ocr_par' dir='ltr' id='par_1_86' title="bbox 274 4380 1935 4456">
     <span class='ocr_line' id='line_1_86' title="bbox 274 4380 1935 4456; baseline -0.004 -18"><span class='ocrx_word' id='word_1_643' title='bbox 274 4383 472 4439; x_wconf 77' lang='lat' dir='ltr'>ximos</span> <span class='ocrx_word' id='word_1_644' title='bbox 503 4382 642 4439; x_wconf 87' lang='lat' dir='ltr'>edit.</span> <span class='ocrx_word' id='word_1_645' title='bbox 672 4382 949 4440; x_wconf 87' lang='lat' dir='ltr'>Scrutare</span> <span class='ocrx_word' id='word_1_646' title='bbox 969 4382 1313 4456; x_wconf 88' lang='lat' dir='ltr'>diligentius</span> <span class='ocrx_word' id='word_1_647' title='bbox 1334 4384 1450 4435; x_wconf 89' lang='lat' dir='ltr'>tam</span> <span class='ocrx_word' id='word_1_648' title='bbox 1464 4380 1687 4436; x_wconf 91' lang='lat' dir='ltr'>bonum</span> <span class='ocrx_word' id='word_1_649' title='bbox 1711 4380 1935 4448; x_wconf 80' lang='lat' dir='ltr'>florem,</span> 
     </span>
    </p>
   </div>
   <div class='ocr_carea' id='block_1_87' title="bbox 277 4467 2035 4560">
    <p class='ocr_par' dir='ltr' id='par_1_87' title="bbox 277 4467 2035 4560">
     <span class='ocr_line' id='line_1_87' title="bbox 277 4467 2035 4560; baseline -0.003 -33"><span class='ocrx_word' id='word_1_650' title='bbox 277 4472 493 4528; x_wconf 89' lang='lat' dir='ltr'>necubi</span> <span class='ocrx_word' id='word_1_651' title='bbox 523 4487 658 4528; x_wconf 91' lang='lat' dir='ltr'><strong>eum</strong></span> <span class='ocrx_word' id='word_1_652' title='bbox 687 4472 749 4528; x_wconf 94' lang='lat' dir='ltr'>in</span> <span class='ocrx_word' id='word_1_653' title='bbox 778 4473 1039 4544; x_wconf 90' lang='lat' dir='ltr'>pectoris</span> <span class='ocrx_word' id='word_1_654' title='bbox 1080 4471 1163 4526; x_wconf 90' lang='lat' dir='ltr'>tui</span> <span class='ocrx_word' id='word_1_655' title='bbox 1191 4468 1459 4527; x_wconf 89' lang='lat' dir='ltr'>convalle</span> <span class='ocrx_word' id='word_1_656' title='bbox 1497 4469 1793 4539; x_wconf 89' lang='lat' dir='ltr'>reperias;</span> <span class='ocrx_word' id='word_1_657' title='bbox 1824 4467 1940 4522; x_wconf 87' lang='lat' dir='ltr'>hu—</span> <span class='ocrx_word' id='word_1_658' title='bbox 1976 4495 2035 4560; x_wconf 67' lang='grc' dir='ltr'><strong>Β</strong></span> 
     </span>
    </p>
   </div>
   <div class='ocr_carea' id='block_1_88' title="bbox 278 4560 1407 4634">
    <p class='ocr_par' dir='ltr' id='par_1_88' title="bbox 278 4560 1407 4634">
     <span class='ocr_line' id='line_1_88' title="bbox 278 4560 1407 4634; baseline 0 -19"><span class='ocrx_word' id='word_1_659' title='bbox 278 4561 520 4617; x_wconf 89' lang='lat' dir='ltr'>milibus</span> <span class='ocrx_word' id='word_1_660' title='bbox 550 4562 709 4617; x_wconf 89' lang='lat' dir='ltr'>enim</span> <span class='ocrx_word' id='word_1_661' title='bbox 736 4561 1076 4634; x_wconf 87' lang='lat' dir='ltr'>frequenter</span> <span class='ocrx_word' id='word_1_662' title='bbox 1095 4560 1407 4616; x_wconf 90' lang='lat' dir='ltr'>inhalatur.</span> 
     </span>
    </p>
   </div>
   <div class='ocr_carea' id='block_1_89' title="bbox 352 4644 1942 4726">
    <p class='ocr_par' dir='ltr' id='par_1_89' title="bbox 352 4644 1942 4726">
     <span class='ocr_line' id='line_1_89' title="bbox 352 4644 1942 4726; baseline -0.003 -22"><span class='ocrx_word' id='word_1_663' title='bbox 352 4650 441 4704; x_wconf 77' lang='lat'>45.</span> <span class='ocrx_word' id='word_1_664' title='bbox 467 4652 638 4707; x_wconf 83' lang='lat' dir='ltr'>Amat</span> <span class='ocrx_word' id='word_1_665' title='bbox 665 4653 940 4726; x_wconf 88' lang='lat' dir='ltr'>generari</span> <span class='ocrx_word' id='word_1_666' title='bbox 970 4653 1031 4706; x_wconf 90' lang='lat' dir='ltr'>in</span> <span class='ocrx_word' id='word_1_667' title='bbox 1076 4651 1286 4720; x_wconf 89' lang='lat' dir='ltr'>hortis,</span> <span class='ocrx_word' id='word_1_668' title='bbox 1321 4649 1380 4703; x_wconf 91' lang='lat' dir='ltr'>in</span> <span class='ocrx_word' id='word_1_669' title='bbox 1421 4647 1641 4720; x_wconf 91' lang='lat' dir='ltr'>quibus</span> <span class='ocrx_word' id='word_1_670' title='bbox 1671 4661 1806 4701; x_wconf 91' lang='lat' dir='ltr'>eum</span> <span class='ocrx_word' id='word_1_671' title='bbox 1826 4644 1942 4701; x_wconf 89' lang='lat' dir='ltr'>Su-</span> 
     </span>
    </p>
   </div>
   <div class='ocr_carea' id='block_1_90' title="bbox 283 4733 1939 4812">
    <p class='ocr_par' dir='ltr' id='par_1_90' title="bbox 283 4733 1939 4812">
     <span class='ocr_line' id='line_1_90' title="bbox 283 4733 1939 4812; baseline -0.004 -18"><span class='ocrx_word' id='word_1_672' title='bbox 283 4754 472 4795; x_wconf 87' lang='lat' dir='ltr'>sanna</span> <span class='ocrx_word' id='word_1_673' title='bbox 519 4741 657 4796; x_wconf 91' lang='lat' dir='ltr'>dum</span> <span class='ocrx_word' id='word_1_674' title='bbox 704 4742 1139 4812; x_wconf 87' lang='lat' dir='ltr'>deambularet,</span> <span class='ocrx_word' id='word_1_675' title='bbox 1198 4738 1422 4794; x_wconf 89' lang='lat' dir='ltr'>invenit</span> <span class='ocrx_word' id='word_1_676' title='bbox 1479 4736 1652 4805; x_wconf 90' lang='lat' dir='ltr'>(Dan.</span> <span class='ocrx_word' id='word_1_677' title='bbox 1697 4751 1821 4805; x_wconf 83' lang='lat' dir='ltr'>xm,</span> <span class='ocrx_word' id='word_1_678' title='bbox 1854 4733 1939 4805; x_wconf 83' lang='grc' dir='ltr'>Ἷ),</span> 
     </span>
    </p>
   </div>
   <div class='ocr_carea' id='block_1_91' title="bbox 2049 4083 3707 4159">
    <p class='ocr_par' dir='ltr' id='par_1_91' title="bbox 2049 4083 3707 4159">
     <span class='ocr_line' id='line_1_91' title="bbox 2049 4083 3707 4159; baseline -0.004 -19"><span class='ocrx_word' id='word_1_679' title='bbox 2049 4085 2283 4157; x_wconf 89' lang='lat' dir='ltr'>pectu):</span> <span class='ocrx_word' id='word_1_680' title='bbox 2315 4084 2617 4157; x_wconf 76' lang='lat' dir='ltr'>Exsurge,</span> <span class='ocrx_word' id='word_1_681' title='bbox 2656 4085 2892 4159; x_wconf 85' lang='lat' dir='ltr'>Aquilo,</span> <span class='ocrx_word' id='word_1_682' title='bbox 2932 4092 2991 4141; x_wconf 86' lang='lat' dir='ltr'>et</span> <span class='ocrx_word' id='word_1_683' title='bbox 3026 4088 3181 4156; x_wconf 79' lang='lat' dir='ltr'>veni,</span> <span class='ocrx_word' id='word_1_684' title='bbox 3213 4088 3490 4152; x_wconf 84' lang='lat' dir='ltr'>Auster;</span> <span class='ocrx_word' id='word_1_685' title='bbox 3522 4083 3707 4155; x_wconf 89' lang='lat' dir='ltr'>aspira</span> 
     </span>
    </p>
   </div>
   <div class='ocr_carea' id='block_1_92' title="bbox 2051 4170 3706 4245">
    <p class='ocr_par' dir='ltr' id='par_1_92' title="bbox 2051 4170 3706 4245">
     <span class='ocr_line' id='line_1_92' title="bbox 2051 4170 3706 4245; baseline -0.004 -16"><span class='ocrx_word' id='word_1_686' title='bbox 2051 4175 2285 4229; x_wconf 85' lang='lat' dir='ltr'>hortum</span> <span class='ocrx_word' id='word_1_687' title='bbox 2317 4190 2525 4243; x_wconf 88' lang='lat' dir='ltr'>meum,</span> <span class='ocrx_word' id='word_1_688' title='bbox 2553 4180 2611 4229; x_wconf 90' lang='lat' dir='ltr'>et</span> <span class='ocrx_word' id='word_1_689' title='bbox 2632 4174 2818 4229; x_wconf 81' lang='lat' dir='ltr'>[luant</span> <span class='ocrx_word' id='word_1_690' title='bbox 2848 4182 3111 4230; x_wconf 85' lang='lat' dir='ltr'>aromata</span> <span class='ocrx_word' id='word_1_691' title='bbox 3133 4192 3261 4230; x_wconf 86' lang='lat' dir='ltr'>mea</span> <span class='ocrx_word' id='word_1_692' title='bbox 3284 4175 3485 4245; x_wconf 89' lang='lat' dir='ltr'>(Cant.</span> <span class='ocrx_word' id='word_1_693' title='bbox 3511 4190 3585 4242; x_wconf 80' lang='lat' dir='ltr'>IV,</span> <span class='ocrx_word' id='word_1_694' title='bbox 3608 4170 3706 4240; x_wconf 89' lang='lat'>16).</span> 
     </span>
    </p>
   </div>
   <div class='ocr_carea' id='block_1_93' title="bbox 2055 4262 3710 4335">
    <p class='ocr_par' dir='ltr' id='par_1_93' title="bbox 2055 4262 3710 4335">
     <span class='ocr_line' id='line_1_93' title="bbox 2055 4262 3710 4335; baseline -0.002 -18"><span class='ocrx_word' id='word_1_695' title='bbox 2055 4262 2144 4317; x_wconf 84' lang='lat' dir='ltr'>Ex</span> <span class='ocrx_word' id='word_1_696' title='bbox 2202 4263 2477 4319; x_wconf 87' lang='lat' dir='ltr'>omnibus</span> <span class='ocrx_word' id='word_1_697' title='bbox 2526 4264 2683 4318; x_wconf 91' lang='lat' dir='ltr'>enim</span> <span class='ocrx_word' id='word_1_698' title='bbox 2732 4264 2999 4335; x_wconf 89' lang='lat' dir='ltr'>partibus</span> <span class='ocrx_word' id='word_1_699' title='bbox 3040 4264 3242 4319; x_wconf 90' lang='lat' dir='ltr'>mundi</span> <span class='ocrx_word' id='word_1_700' title='bbox 3284 4264 3436 4319; x_wconf 90' lang='lat' dir='ltr'>odor</span> <span class='ocrx_word' id='word_1_701' title='bbox 3476 4263 3710 4317; x_wconf 60' lang='lat' dir='ltr'>sacrata</span> 
     </span>
    </p>
   </div>
   <div class='ocr_carea' id='block_1_94' title="bbox 2051 4350 3711 4426">
    <p class='ocr_par' dir='ltr' id='par_1_94' title="bbox 2051 4350 3711 4426">
     <span class='ocr_line' id='line_1_94' title="bbox 2051 4350 3711 4426; baseline -0.002 -19"><span class='ocrx_word' id='word_1_702' title='bbox 2051 4352 2363 4425; x_wconf 90' lang='lat' dir='ltr'>religionis</span> <span class='ocrx_word' id='word_1_703' title='bbox 2385 4351 2629 4407; x_wconf 90' lang='lat' dir='ltr'>inolevit</span> <span class='ocrx_word' id='word_1_704' title='bbox 2648 4351 2761 4423; x_wconf 89' lang='lat'>(60)</span> <span class='ocrx_word' id='word_1_705' title='bbox 2783 4352 3129 4425; x_wconf 57' lang='lat' dir='ltr'>dilectaque</span> <span class='ocrx_word' id='word_1_706' title='bbox 3167 4353 3430 4426; x_wconf 90' lang='lat' dir='ltr'>virginis</span> <span class='ocrx_word' id='word_1_707' title='bbox 3461 4350 3711 4407; x_wconf 90' lang='lat' dir='ltr'>membra</span> 
     </span>
    </p>
   </div>
   <div class='ocr_carea' id='block_1_95' title="bbox 2055 4437 3708 4515">
    <p class='ocr_par' dir='ltr' id='par_1_95' title="bbox 2055 4437 3708 4515">
     <span class='ocr_line' id='line_1_95' title="bbox 2055 4437 3708 4515; baseline -0.004 -18"><span class='ocrx_word' id='word_1_708' title='bbox 2055 4442 2395 4515; x_wconf 80' lang='lat' dir='ltr'>ﬂagrarunt.</span> <span class='ocrx_word' id='word_1_709' title='bbox 2422 4440 2704 4497; x_wconf 84' lang='lat' dir='ltr'>Formosa</span> <span class='ocrx_word' id='word_1_710' title='bbox 2727 4457 2810 4510; x_wconf 88' lang='lat' dir='ltr'>es,</span> <span class='ocrx_word' id='word_1_711' title='bbox 2833 4441 3102 4514; x_wconf 83' lang='lat' dir='ltr'>proxima</span> <span class='ocrx_word' id='word_1_712' title='bbox 3133 4458 3283 4511; x_wconf 86' lang='lat' dir='ltr'>mea,</span> <span class='ocrx_word' id='word_1_713' title='bbox 3324 4448 3386 4497; x_wconf 91' lang='lat' dir='ltr'>ut</span> <span class='ocrx_word' id='word_1_714' title='bbox 3411 4441 3563 4497; x_wconf 88' lang='lat' dir='ltr'>bona</span> <span class='ocrx_word' id='word_1_715' title='bbox 3593 4437 3708 4509; x_wconf 88' lang='lat' dir='ltr'>api-</span> 
     </span>
    </p>
   </div>
   <div class='ocr_carea' id='block_1_96' title="bbox 2057 4525 3713 4603">
    <p class='ocr_par' dir='ltr' id='par_1_96' title="bbox 2057 4525 3713 4603">
     <span class='ocr_line' id='line_1_96' title="bbox 2057 4525 3713 4603; baseline -0.004 -17"><span class='ocrx_word' id='word_1_716' title='bbox 2057 4532 2181 4586; x_wconf 90' lang='lat' dir='ltr'>nio:</span> <span class='ocrx_word' id='word_1_717' title='bbox 2212 4529 2479 4603; x_wconf 87' lang='lat' dir='ltr'>pulchra,</span> <span class='ocrx_word' id='word_1_718' title='bbox 2508 4535 2566 4584; x_wconf 89' lang='lat' dir='ltr'>ut</span> <span class='ocrx_word' id='word_1_719' title='bbox 2589 4530 2924 4586; x_wconf 83' lang='lat' dir='ltr'>Jerusalem</span> <span class='ocrx_word' id='word_1_720' title='bbox 2943 4530 3137 4601; x_wconf 86' lang='lat' dir='ltr'>(Cant.</span> <span class='ocrx_word' id='word_1_721' title='bbox 3163 4532 3323 4601; x_wconf 75' lang='lat' dir='ltr'>V13).</span> <span class='ocrx_word' id='word_1_722' title='bbox 3349 4531 3489 4586; x_wconf 90' lang='lat' dir='ltr'>Non</span> <span class='ocrx_word' id='word_1_723' title='bbox 3518 4525 3713 4583; x_wconf 90' lang='lat' dir='ltr'>caduci</span> 
     </span>
    </p>
   </div>
   <div class='ocr_carea' id='block_1_97' title="bbox 2056 4618 3708 4692">
    <p class='ocr_par' dir='ltr' id='par_1_97' title="bbox 2056 4618 3708 4692">
     <span class='ocr_line' id='line_1_97' title="bbox 2056 4618 3708 4692; baseline -0.004 -17"><span class='ocrx_word' id='word_1_724' title='bbox 2056 4620 2252 4692; x_wconf 88' lang='lat' dir='ltr'>itaque</span> <span class='ocrx_word' id='word_1_725' title='bbox 2308 4619 2577 4690; x_wconf 89' lang='lat' dir='ltr'>corporis</span> <span class='ocrx_word' id='word_1_726' title='bbox 2633 4619 3008 4689; x_wconf 89' lang='lat' dir='ltr'>pulchritudo</span> <span class='ocrx_word' id='word_1_727' title='bbox 3052 4620 3146 4675; x_wconf 92' lang='lat' dir='ltr'>vel</span> <span class='ocrx_word' id='word_1_728' title='bbox 3185 4621 3400 4675; x_wconf 89' lang='lat' dir='ltr'>morbo</span> <span class='ocrx_word' id='word_1_729' title='bbox 3442 4618 3708 4690; x_wconf 87' lang='lat' dir='ltr'>peritura,</span> 
     </span>
    </p>
   </div>
   <div class='ocr_carea' id='block_1_98' title="bbox 2057 4707 3714 4780">
    <p class='ocr_par' dir='ltr' id='par_1_98' title="bbox 2057 4707 3714 4780">
     <span class='ocr_line' id='line_1_98' title="bbox 2057 4707 3714 4780; baseline -0.004 -16"><span class='ocrx_word' id='word_1_730' title='bbox 2057 4710 2153 4766; x_wconf 92' lang='lat' dir='ltr'>vel</span> <span class='ocrx_word' id='word_1_731' title='bbox 2184 4710 2386 4779; x_wconf 90' lang='lat' dir='ltr'>senio;</span> <span class='ocrx_word' id='word_1_732' title='bbox 2416 4709 2525 4764; x_wconf 93' lang='lat' dir='ltr'>sed</span> <span class='ocrx_word' id='word_1_733' title='bbox 2554 4708 2734 4764; x_wconf 89' lang='lat' dir='ltr'>nullis</span> <span class='ocrx_word' id='word_1_734' title='bbox 2766 4709 3022 4764; x_wconf 82' lang='lat' dir='ltr'>obnoxia</span> <span class='ocrx_word' id='word_1_735' title='bbox 3045 4709 3293 4763; x_wconf 87' lang='lat' dir='ltr'>casibus</span> <span class='ocrx_word' id='word_1_736' title='bbox 3311 4709 3511 4780; x_wconf 91' lang='lat' dir='ltr'>opinio</span> <span class='ocrx_word' id='word_1_737' title='bbox 3542 4707 3714 4761; x_wconf 85' lang='lat' dir='ltr'>bono-</span> 
     </span>
    </p>
   </div>
   <div class='ocr_carea' id='block_1_99' title="bbox 282 4794 3717 4903">
    <p class='ocr_par' dir='ltr' id='par_1_99' title="bbox 282 4794 3717 4903">
     <span class='ocr_line' id='line_1_99' title="bbox 282 4794 3717 4903; baseline -0.003 -18"><span class='ocrx_word' id='word_1_738' title='bbox 282 4829 433 4886; x_wconf 84' lang='lat' dir='ltr'>mori</span> <span class='ocrx_word' id='word_1_739' title='bbox 463 4830 630 4902; x_wconf 87' lang='lat' dir='ltr'>prius</span> <span class='ocrx_word' id='word_1_740' title='bbox 655 4873 669 4901; x_wconf 91' lang='lat'>,</span> <span class='ocrx_word' id='word_1_741' title='bbox 726 4846 900 4903; x_wconf 90' lang='lat' dir='ltr'>quam</span> <span class='ocrx_word' id='word_1_742' title='bbox 939 4794 1146 4885; x_wconf 73' lang='lat' dir='ltr'>violari</span> <span class='ocrx_word' id='word_1_743' title='bbox 1193 4831 1413 4901; x_wconf 89' lang='lat' dir='ltr'>parata.</span> <span class='ocrx_word' id='word_1_744' title='bbox 1462 4794 1575 4892; x_wconf 62' lang='lat' dir='ltr'>Qui</span> <span class='ocrx_word' id='word_1_745' title='bbox 1604 4824 1723 4880; x_wconf 91' lang='lat' dir='ltr'>sint</span> <span class='ocrx_word' id='word_1_746' title='bbox 1751 4794 1947 4878; x_wconf 73' lang='lat' dir='ltr'>autem</span> <span class='ocrx_word' id='word_1_747' title='bbox 2059 4816 2190 4903; x_wconf 46' lang='lat' dir='ltr'>{um</span> <span class='ocrx_word' id='word_1_748' title='bbox 2219 4813 2518 4899; x_wconf 40' lang='lat' dir='ltr'>&quot;&#39;“nq‘mm</span> <span class='ocrx_word' id='word_1_749' title='bbox 2554 4798 2839 4852; x_wconf 56' lang='lat' dir='ltr'>moritura</span> <span class='ocrx_word' id='word_1_750' title='bbox 2869 4798 3231 4868; x_wconf 59' lang='lat' dir='ltr'>meritorum:</span> <span class='ocrx_word' id='word_1_751' title='bbox 3264 4796 3603 4870; x_wconf 57' lang='lat' dir='ltr'>Virginibus</span> <span class='ocrx_word' id='word_1_752' title='bbox 3633 4794 3717 4848; x_wconf 63' lang='grc' dir='ltr'>θδί</span> 
     </span>
    </p>
   </div>
   <div class='ocr_carea' id='block_1_100' title="bbox 283 4912 1945 4992">
    <p class='ocr_par' dir='ltr' id='par_1_100' title="bbox 283 4912 1945 4992">
     <span class='ocr_line' id='line_1_100' title="bbox 283 4912 1945 4992; baseline -0.005 -16"><span class='ocrx_word' id='word_1_753' title='bbox 283 4919 461 4991; x_wconf 86' lang='lat' dir='ltr'>horti,</span> <span class='ocrx_word' id='word_1_754' title='bbox 510 4919 640 4992; x_wconf 87' lang='lat' dir='ltr'>ipse</span> <span class='ocrx_word' id='word_1_755' title='bbox 679 4920 1042 4975; x_wconf 89' lang='lat' dir='ltr'>demonstrat</span> <span class='ocrx_word' id='word_1_756' title='bbox 1063 4919 1270 4974; x_wconf 88' lang='lat' dir='ltr'>dicens</span> <span class='ocrx_word' id='word_1_757' title='bbox 1301 4933 1314 4974; x_wconf 92' lang='lat'><strong>:</strong></span> <span class='ocrx_word' id='word_1_758' title='bbox 1340 4916 1567 4972; x_wconf 86' lang='lat' dir='ltr'>Hortus</span> <span class='ocrx_word' id='word_1_759' title='bbox 1615 4912 1945 4983; x_wconf 87' lang='lat' dir='ltr'>conclusus,</span> 
     </span>
    </p>
   </div>
   <div class='ocr_carea' id='block_1_101' title="bbox 283 5002 1951 5083">
    <p class='ocr_par' dir='ltr' id='par_1_101' title="bbox 283 5002 1951 5083">
     <span class='ocr_line' id='line_1_101' title="bbox 283 5002 1951 5083; baseline -0.005 -18"><span class='ocrx_word' id='word_1_760' title='bbox 283 5024 462 5066; x_wconf 86' lang='lat' dir='ltr'>soror</span> <span class='ocrx_word' id='word_1_761' title='bbox 480 5025 609 5065; x_wconf 87' lang='lat' dir='ltr'>mea</span> <span class='ocrx_word' id='word_1_762' title='bbox 648 5024 879 5083; x_wconf 77' lang='lat' dir='ltr'>Sponsa,</span> <span class='ocrx_word' id='word_1_763' title='bbox 914 5009 1125 5064; x_wconf 87' lang='lat' dir='ltr'>hortus</span> <span class='ocrx_word' id='word_1_764' title='bbox 1153 5006 1480 5076; x_wconf 86' lang='lat' dir='ltr'>conclusus,</span> <span class='ocrx_word' id='word_1_765' title='bbox 1513 5004 1649 5061; x_wconf 81' lang='lat' dir='ltr'>fons</span> <span class='ocrx_word' id='word_1_766' title='bbox 1677 5002 1951 5076; x_wconf 87' lang='lat' dir='ltr'>signatus</span> 
     </span>
    </p>
   </div>
   <div class='ocr_carea' id='block_1_102' title="bbox 360 5144 1946 5224">
    <p class='ocr_par' dir='ltr' id='par_1_102' title="bbox 360 5144 1946 5224">
     <span class='ocr_line' id='line_1_102' title="bbox 360 5144 1946 5224; baseline -0.005 -16"><span class='ocrx_word' id='word_1_767' title='bbox 360 5152 474 5224; x_wconf 86' lang='lat'>(53)</span> <span class='ocrx_word' id='word_1_768' title='bbox 500 5153 669 5207; x_wconf 82' lang='lat' dir='ltr'>Rom.</span> <span class='ocrx_word' id='word_1_769' title='bbox 703 5150 841 5220; x_wconf 88' lang='lat' dir='ltr'>edit,</span> <span class='ocrx_word' id='word_1_770' title='bbox 874 5166 1008 5205; x_wconf 89' lang='lat' dir='ltr'>cum</span> <span class='ocrx_word' id='word_1_771' title='bbox 1039 5164 1186 5204; x_wconf 91' lang='lat' dir='ltr'>mss.</span> <span class='ocrx_word' id='word_1_772' title='bbox 1221 5149 1461 5219; x_wconf 89' lang='lat' dir='ltr'>aliquot,</span> <span class='ocrx_word' id='word_1_773' title='bbox 1485 5146 1646 5203; x_wconf 80' lang='lat' dir='ltr'>fetus</span> <span class='ocrx_word' id='word_1_774' title='bbox 1659 5144 1946 5201; x_wconf 87' lang='lat' dir='ltr'>laborum.</span> 
     </span>
    </p>
   </div>
   <div class='ocr_carea' id='block_1_103' title="bbox 288 5224 847 5281">
    <p class='ocr_par' dir='ltr' id='par_1_103' title="bbox 288 5224 847 5281">
     <span class='ocr_line' id='line_1_103' title="bbox 288 5224 847 5281; baseline -0.005 -1"><span class='ocrx_word' id='word_1_775' title='bbox 288 5225 488 5281; x_wconf 89' lang='lat' dir='ltr'>Minus</span> <span class='ocrx_word' id='word_1_776' title='bbox 520 5224 847 5278; x_wconf 87' lang='lat' dir='ltr'>commode.</span> 
     </span>
    </p>
   </div>
   <div class='ocr_carea' id='block_1_104' title="bbox 2059 4889 2281 4944">
    <p class='ocr_par' dir='ltr' id='par_1_104' title="bbox 2059 4889 2281 4944">
     <span class='ocr_line' id='line_1_104' title="bbox 2059 4889 2281 4944; baseline -0.005 0"><span class='ocrx_word' id='word_1_777' title='bbox 2059 4889 2281 4944; x_wconf 67' lang='lat' dir='ltr'>decorL</span> 
     </span>
    </p>
   </div>
   <div class='ocr_carea' id='block_1_105' title="bbox 2129 4986 3719 5067">
    <p class='ocr_par' dir='ltr' id='par_1_105' title="bbox 2129 4986 3719 5067">
     <span class='ocr_line' id='line_1_105' title="bbox 2129 4986 3719 5067; baseline -0.007 -15"><span class='ocrx_word' id='word_1_778' title='bbox 2129 4994 2219 5052; x_wconf 77' lang='lat'>48.</span> <span class='ocrx_word' id='word_1_779' title='bbox 2250 4994 2323 5051; x_wconf 89' lang='lat' dir='ltr'>Et</span> <span class='ocrx_word' id='word_1_780' title='bbox 2352 4994 2628 5067; x_wconf 88' lang='lat' dir='ltr'>quoniam</span> <span class='ocrx_word' id='word_1_781' title='bbox 2662 5009 2781 5050; x_wconf 89' lang='lat' dir='ltr'>non</span> <span class='ocrx_word' id='word_1_782' title='bbox 2828 4993 3101 5050; x_wconf 87' lang='lat' dir='ltr'>humanis</span> <span class='ocrx_word' id='word_1_783' title='bbox 3140 4992 3285 5065; x_wconf 84' lang='lat' dir='ltr'>jam,</span> <span class='ocrx_word' id='word_1_784' title='bbox 3326 4993 3437 5049; x_wconf 90' lang='lat' dir='ltr'>sed</span> <span class='ocrx_word' id='word_1_785' title='bbox 3468 4986 3719 5046; x_wconf 73' lang='lat' dir='ltr'>cmlesti-</span> 
     </span>
    </p>
   </div>
   <div class='ocr_carea' id='block_1_106' title="bbox 2134 5136 3716 5210">
    <p class='ocr_par' dir='ltr' id='par_1_106' title="bbox 2134 5136 3716 5210">
     <span class='ocr_line' id='line_1_106' title="bbox 2134 5136 3716 5210; baseline -0.006 -15"><span class='ocrx_word' id='word_1_786' title='bbox 2134 5137 2246 5209; x_wconf 89' lang='lat'>(58)</span> <span class='ocrx_word' id='word_1_787' title='bbox 2263 5139 2345 5193; x_wconf 89' lang='lat' dir='ltr'>Ita</span> <span class='ocrx_word' id='word_1_788' title='bbox 2374 5154 2521 5210; x_wconf 85' lang='lat' dir='ltr'>mss.</span> <span class='ocrx_word' id='word_1_789' title='bbox 2554 5138 2819 5210; x_wconf 89' lang='lat' dir='ltr'>plerique</span> <span class='ocrx_word' id='word_1_790' title='bbox 2854 5152 2867 5193; x_wconf 89' lang='lat'><strong>:</strong></span> <span class='ocrx_word' id='word_1_791' title='bbox 2913 5136 3180 5210; x_wconf 85' lang='lat' dir='ltr'>nonnulli</span> <span class='ocrx_word' id='word_1_792' title='bbox 3211 5140 3411 5210; x_wconf 80' lang='lat' dir='ltr'>tamen</span> <span class='ocrx_word' id='word_1_793' title='bbox 3442 5138 3500 5190; x_wconf 91' lang='lat' dir='ltr'>et</span> <span class='ocrx_word' id='word_1_794' title='bbox 3521 5145 3716 5189; x_wconf 89' lang='lat' dir='ltr'>omnes</span> 
     </span>
    </p>
   </div>
   <div class='ocr_carea' id='block_1_107' title="bbox 2063 5207 3718 5280">
    <p class='ocr_par' dir='ltr' id='par_1_107' title="bbox 2063 5207 3718 5280">
     <span class='ocr_line' id='line_1_107' title="bbox 2063 5207 3718 5280; baseline -0.007 -13"><span class='ocrx_word' id='word_1_795' title='bbox 2063 5211 2201 5268; x_wconf 88' lang='lat' dir='ltr'>edit.</span> <span class='ocrx_word' id='word_1_796' title='bbox 2223 5207 2675 5266; x_wconf 31' lang='lat' dir='ltr'>Descendat’...”</span> <span class='ocrx_word' id='word_1_797' title='bbox 2697 5207 2755 5265; x_wconf 75' lang='lat' dir='ltr'>et</span> <span class='ocrx_word' id='word_1_798' title='bbox 2775 5209 3086 5263; x_wconf 88' lang='lat' dir='ltr'>manducet</span> <span class='ocrx_word' id='word_1_799' title='bbox 3106 5208 3262 5280; x_wconf 91' lang='lat' dir='ltr'>quod</span> <span class='ocrx_word' id='word_1_800' title='bbox 3281 5207 3461 5262; x_wconf 87' lang='lat' dir='ltr'>etiam</span> <span class='ocrx_word' id='word_1_801' title='bbox 3483 5217 3718 5260; x_wconf 85' lang='lat' dir='ltr'>consen-</span> 
     </span>
    </p>
   </div>
   <div class='ocr_carea' id='block_1_108' title="bbox 361 5284 2701 5365">
    <p class='ocr_par' dir='ltr' id='par_1_108' title="bbox 361 5284 2701 5365">
     <span class='ocr_line' id='line_1_108' title="bbox 361 5284 2701 5365; baseline -0.007 -14"><span class='ocrx_word' id='word_1_802' title='bbox 361 5296 476 5365; x_wconf 79' lang='lat'>(54)</span> <span class='ocrx_word' id='word_1_803' title='bbox 499 5295 609 5348; x_wconf 85' lang='lat' dir='ltr'>Hic</span> <span class='ocrx_word' id='word_1_804' title='bbox 641 5308 951 5350; x_wconf 87' lang='lat' dir='ltr'>nonsccus</span> <span class='ocrx_word' id='word_1_805' title='bbox 967 5292 1040 5348; x_wconf 90' lang='lat' dir='ltr'>ad</span> <span class='ocrx_word' id='word_1_806' title='bbox 1060 5291 1162 5346; x_wconf 76' lang='grc' dir='ltr'>ιιι).</span> <span class='ocrx_word' id='word_1_807' title='bbox 1187 5289 1523 5365; x_wconf 81' lang='lat' dir='ltr'>vI-lexaem.</span> <span class='ocrx_word' id='word_1_808' title='bbox 1549 5305 1677 5365; x_wconf 78' lang='lat' dir='ltr'>cap.</span> <span class='ocrx_word' id='word_1_809' title='bbox 1718 5288 1807 5359; x_wconf 85' lang='lat'>31,</span> <span class='ocrx_word' id='word_1_810' title='bbox 1828 5288 1957 5365; x_wconf 71' lang='lat' dir='ltr'>Yir-</span> <span class='ocrx_word' id='word_1_811' title='bbox 2062 5284 2488 5365; x_wconf 35' lang='lat' dir='ltr'>tit’eumnsacro</span> <span class='ocrx_word' id='word_1_812' title='bbox 2519 5284 2701 5365; x_wconf 71' lang='lat' dir='ltr'>textu.</span> 
     </span>
    </p>
   </div>
   <div class='ocr_carea' id='block_1_109' title="bbox 292 5359 1951 5440">
    <p class='ocr_par' dir='ltr' id='par_1_109' title="bbox 292 5359 1951 5440">
     <span class='ocr_line' id='line_1_109' title="bbox 292 5359 1951 5440; baseline -0.004 -20"><span class='ocrx_word' id='word_1_813' title='bbox 292 5359 511 5440; x_wconf 80' lang='lat' dir='ltr'>gilium-</span> <span class='ocrx_word' id='word_1_814' title='bbox 529 5365 789 5420; x_wconf 89' lang='lat' dir='ltr'>imitatus</span> <span class='ocrx_word' id='word_1_815' title='bbox 820 5368 911 5420; x_wconf 88' lang='lat' dir='ltr'>est</span> <span class='ocrx_word' id='word_1_816' title='bbox 928 5366 1172 5419; x_wconf 89' lang='lat' dir='ltr'>sanctus</span> <span class='ocrx_word' id='word_1_817' title='bbox 1202 5362 1427 5434; x_wconf 90' lang='lat' dir='ltr'>doctor,</span> <span class='ocrx_word' id='word_1_818' title='bbox 1453 5366 1514 5417; x_wconf 87' lang='lat' dir='ltr'>ut</span> <span class='ocrx_word' id='word_1_819' title='bbox 1543 5359 1664 5415; x_wconf 77' lang='lat' dir='ltr'>illic</span> <span class='ocrx_word' id='word_1_820' title='bbox 1695 5376 1727 5414; x_wconf 86' lang='lat' dir='ltr'>a</span> <span class='ocrx_word' id='word_1_821' title='bbox 1775 5359 1951 5416; x_wconf 91' lang='lat' dir='ltr'>nobis</span> 
     </span>
    </p>
   </div>
   <div class='ocr_carea' id='block_1_110' title="bbox 293 5439 816 5494">
    <p class='ocr_par' dir='ltr' id='par_1_110' title="bbox 293 5439 816 5494">
     <span class='ocr_line' id='line_1_110' title="bbox 293 5439 816 5494; baseline -0.004 0"><span class='ocrx_word' id='word_1_822' title='bbox 293 5439 675 5494; x_wconf 84' lang='lat' dir='ltr'>observatum</span> <span class='ocrx_word' id='word_1_823' title='bbox 704 5440 816 5492; x_wconf 89' lang='lat' dir='ltr'>est.</span> 
     </span>
    </p>
   </div>
   <div class='ocr_carea' id='block_1_111' title="bbox 363 5505 1640 5581">
    <p class='ocr_par' dir='ltr' id='par_1_111' title="bbox 363 5505 1640 5581">
     <span class='ocr_line' id='line_1_111' title="bbox 363 5505 1640 5581; baseline -0.005 -15"><span class='ocrx_word' id='word_1_824' title='bbox 363 5511 479 5581; x_wconf 87' lang='grc'>(55)</span> <span class='ocrx_word' id='word_1_825' title='bbox 509 5509 656 5564; x_wconf 90' lang='lat' dir='ltr'>Mss.</span> <span class='ocrx_word' id='word_1_826' title='bbox 698 5524 816 5564; x_wconf 89' lang='lat' dir='ltr'>non</span> <span class='ocrx_word' id='word_1_827' title='bbox 838 5506 1009 5579; x_wconf 85' lang='lat' dir='ltr'>pauci</span> <span class='ocrx_word' id='word_1_828' title='bbox 1042 5512 1329 5581; x_wconf 73' lang='lat' dir='ltr'>tuoopere</span> <span class='ocrx_word' id='word_1_829' title='bbox 1344 5505 1640 5581; x_wconf 82' lang='lat' dir='ltr'>pariatur.</span> 
     </span>
    </p>
   </div>
   <div class='ocr_carea' id='block_1_112' title="bbox 366 5577 1667 5653">
    <p class='ocr_par' dir='ltr' id='par_1_112' title="bbox 366 5577 1667 5653">
     <span class='ocr_line' id='line_1_112' title="bbox 366 5577 1667 5653; baseline -0.006 -16"><span class='ocrx_word' id='word_1_830' title='bbox 366 5577 480 5651; x_wconf 80' lang='lat'>(56)</span> <span class='ocrx_word' id='word_1_831' title='bbox 501 5580 741 5653; x_wconf 88' lang='lat' dir='ltr'>Aliquot</span> <span class='ocrx_word' id='word_1_832' title='bbox 767 5577 940 5653; x_wconf 67' lang='lat' dir='ltr'>mss,</span> <span class='ocrx_word' id='word_1_833' title='bbox 954 5578 1175 5653; x_wconf 82' lang='lat' dir='ltr'>morali</span> <span class='ocrx_word' id='word_1_834' title='bbox 1183 5577 1401 5653; x_wconf 70' lang='lat' dir='ltr'>septas</span> <span class='ocrx_word' id='word_1_835' title='bbox 1427 5577 1667 5651; x_wconf 83' lang='lat' dir='ltr'>spiritu.</span> 
     </span>
    </p>
   </div>
   <div class='ocr_carea' id='block_1_113' title="bbox 368 5650 1412 5726">
    <p class='ocr_par' dir='ltr' id='par_1_113' title="bbox 368 5650 1412 5726">
     <span class='ocr_line' id='line_1_113' title="bbox 368 5650 1412 5726; baseline -0.001 -19"><span class='ocrx_word' id='word_1_836' title='bbox 368 5650 482 5723; x_wconf 85' lang='lat'>(5&#39;1)</span> <span class='ocrx_word' id='word_1_837' title='bbox 513 5650 689 5724; x_wconf 79' lang='lat' dir='ltr'>Edit.,</span> <span class='ocrx_word' id='word_1_838' title='bbox 721 5652 783 5708; x_wconf 88' lang='lat' dir='ltr'>in</span> <span class='ocrx_word' id='word_1_839' title='bbox 814 5651 995 5726; x_wconf 82' lang='lat' dir='ltr'>lignis</span> <span class='ocrx_word' id='word_1_840' title='bbox 1023 5650 1373 5707; x_wconf 85' lang='lat' dir='ltr'>nemorosis.</span> <span class='ocrx_word' id='word_1_841' title='bbox 1406 5678 1412 5683; x_wconf 84' lang='grc'><strong>-</strong></span> 
     </span>
    </p>
   </div>
   <div class='ocr_carea' id='block_1_114' title="bbox 2135 5348 3619 5428">
    <p class='ocr_par' dir='ltr' id='par_1_114' title="bbox 2135 5348 3619 5428">
     <span class='ocr_line' id='line_1_114' title="bbox 2135 5348 3619 5428; baseline -0.005 -20"><span class='ocrx_word' id='word_1_842' title='bbox 2135 5353 2248 5428; x_wconf 82' lang='lat'>(59)</span> <span class='ocrx_word' id='word_1_843' title='bbox 2272 5354 2439 5428; x_wconf 58' lang='lat' dir='ltr'>80m.</span> <span class='ocrx_word' id='word_1_844' title='bbox 2466 5352 2606 5428; x_wconf 76' lang='lat' dir='ltr'>edit.</span> <span class='ocrx_word' id='word_1_845' title='bbox 2622 5352 2785 5428; x_wconf 79' lang='lat' dir='ltr'>sola,</span> <span class='ocrx_word' id='word_1_846' title='bbox 2820 5350 2930 5428; x_wconf 80' lang='lat' dir='ltr'>Ille</span> <span class='ocrx_word' id='word_1_847' title='bbox 2958 5357 3198 5422; x_wconf 83' lang='lat' dir='ltr'>spretus</span> <span class='ocrx_word' id='word_1_848' title='bbox 3219 5365 3252 5428; x_wconf 66' lang='grc' dir='ltr'>ιι</span> <span class='ocrx_word' id='word_1_849' title='bbox 3272 5348 3619 5428; x_wconf 62' lang='lat' dir='ltr'>milittibus.</span> 
     </span>
    </p>
   </div>
   <div class='ocr_carea' id='block_1_115' title="bbox 2136 5416 3717 5495">
    <p class='ocr_par' dir='ltr' id='par_1_115' title="bbox 2136 5416 3717 5495">
     <span class='ocr_line' id='line_1_115' title="bbox 2136 5416 3717 5495; baseline -0.006 -16"><span class='ocrx_word' id='word_1_850' title='bbox 2136 5416 2247 5495; x_wconf 81' lang='lat'>(60)</span> <span class='ocrx_word' id='word_1_851' title='bbox 2275 5423 2495 5478; x_wconf 90' lang='lat' dir='ltr'>Omnes</span> <span class='ocrx_word' id='word_1_852' title='bbox 2518 5424 2654 5478; x_wconf 90' lang='lat' dir='ltr'>edit.</span> <span class='ocrx_word' id='word_1_853' title='bbox 2688 5428 2745 5478; x_wconf 92' lang='lat' dir='ltr'>et</span> <span class='ocrx_word' id='word_1_854' title='bbox 2764 5416 2932 5494; x_wconf 84' lang='lat' dir='ltr'>pauci</span> <span class='ocrx_word' id='word_1_855' title='bbox 2964 5416 3136 5495; x_wconf 57' lang='lat' dir='ltr'>mss,</span> <span class='ocrx_word' id='word_1_856' title='bbox 3178 5420 3447 5495; x_wconf 74' lang='lat' dir='ltr'>adolevit</span> <span class='ocrx_word' id='word_1_857' title='bbox 3496 5416 3717 5495; x_wconf 56' lang='lat' dir='ltr'>dilectae</span> 
     </span>
    </p>
   </div>
   <div class='ocr_carea' id='block_1_116' title="bbox 2067 5490 3714 5570">
    <p class='ocr_par' dir='ltr' id='par_1_116' title="bbox 2067 5490 3714 5570">
     <span class='ocr_line' id='line_1_116' title="bbox 2067 5490 3714 5570; baseline -0.006 -19"><span class='ocrx_word' id='word_1_858' title='bbox 2067 5490 2175 5570; x_wconf 84' lang='lat' dir='ltr'>quo</span> <span class='ocrx_word' id='word_1_859' title='bbox 2192 5490 2410 5566; x_wconf 77' lang='lat' dir='ltr'>(Rom.,</span> <span class='ocrx_word' id='word_1_860' title='bbox 2426 5510 2534 5567; x_wconf 87' lang='lat' dir='ltr'>quo</span> <span class='ocrx_word' id='word_1_861' title='bbox 2544 5490 2801 5570; x_wconf 45' lang='lat' dir='ltr'>diaetae)</span> <span class='ocrx_word' id='word_1_862' title='bbox 2823 5493 3078 5570; x_wconf 74' lang='lat' dir='ltr'>virginis</span> <span class='ocrx_word' id='word_1_863' title='bbox 3091 5491 3358 5570; x_wconf 73' lang='lat' dir='ltr'>membra</span> <span class='ocrx_word' id='word_1_864' title='bbox 3377 5490 3714 5570; x_wconf 74' lang='lat' dir='ltr'>fregerunt:</span> 
     </span>
    </p>
   </div>
   <div class='ocr_carea' id='block_1_117' title="bbox 2065 5561 3717 5636">
    <p class='ocr_par' dir='ltr' id='par_1_117' title="bbox 2065 5561 3717 5636">
     <span class='ocr_line' id='line_1_117' title="bbox 2065 5561 3717 5636; baseline -0.008 -12"><span class='ocrx_word' id='word_1_865' title='bbox 2065 5561 2213 5624; x_wconf 71' lang='lat' dir='ltr'>mss.</span> <span class='ocrx_word' id='word_1_866' title='bbox 2238 5581 2381 5621; x_wconf 95' lang='lat' dir='ltr'>vero</span> <span class='ocrx_word' id='word_1_867' title='bbox 2397 5561 2599 5621; x_wconf 70' lang='lat' dir='ltr'>caeteri</span> <span class='ocrx_word' id='word_1_868' title='bbox 2615 5561 2935 5621; x_wconf 73' lang='lat' dir='ltr'>nobiscum</span> <span class='ocrx_word' id='word_1_869' title='bbox 2944 5564 3186 5636; x_wconf 85' lang='lat' dir='ltr'>faciunt,</span> <span class='ocrx_word' id='word_1_870' title='bbox 3218 5562 3340 5619; x_wconf 92' lang='lat' dir='ltr'>nisi</span> <span class='ocrx_word' id='word_1_871' title='bbox 3352 5561 3512 5636; x_wconf 89' lang='lat' dir='ltr'>quod</span> <span class='ocrx_word' id='word_1_872' title='bbox 3524 5561 3717 5633; x_wconf 89' lang='lat' dir='ltr'>plures</span> 
     </span>
    </p>
   </div>
   <div class='ocr_carea' id='block_1_118' title="bbox 2066 5634 3280 5712">
    <p class='ocr_par' dir='ltr' id='par_1_118' title="bbox 2066 5634 3280 5712">
     <span class='ocr_line' id='line_1_118' title="bbox 2066 5634 3280 5712; baseline -0.002 -19"><span class='ocrx_word' id='word_1_873' title='bbox 2066 5640 2271 5712; x_wconf 89' lang='lat' dir='ltr'>legunt</span> <span class='ocrx_word' id='word_1_874' title='bbox 2299 5636 2641 5710; x_wconf 79' lang='lat' dir='ltr'>ﬂagrabunt</span> <span class='ocrx_word' id='word_1_875' title='bbox 2675 5652 2689 5694; x_wconf 83' lang='lat'><strong>:</strong></span> <span class='ocrx_word' id='word_1_876' title='bbox 2719 5652 2895 5708; x_wconf 90' lang='lat' dir='ltr'>unus,</span> <span class='ocrx_word' id='word_1_877' title='bbox 2920 5634 3280 5710; x_wconf 78' lang='lat' dir='ltr'>ﬂagrabant.</span> 
     </span>
    </p>
   </div>
  </div>
