4060 6158
349 190 458 255 213

1564 182 1677 250 DE
1717 181 2221 249 VIRGINIBUS
2266 183 2426 248 LIB.
2475 178 2526 248 Ῑ.

3649 185 3770 252 214

349 393 470 463 bus,
500 406 746 464 quorum
774 389 953 446 vitam
981 389 1138 445 vivis
1169 389 1230 444 in
1259 388 1469 458 terris,
1501 387 1681 461 digna
1712 401 1779 442 es
1827 401 1992 441 com-
2012 363 2071 433 Ᾱ
2104 384 2311 457 Neque
2339 386 2551 441 mirum
2580 387 2633 441 si
2664 403 2769 458 pro
2799 387 2972 443 vobis
2992 387 3188 460 angeli
3211 386 3484 459 militant,
3510 403 3644 461 quae
3673 403 3773 444 an-

347 483 522 555 parari
556 500 567 537 :
601 481 804 553 accipe
852 497 886 535 a
934 481 1183 536 Domino
1233 482 1529 551 prmcepta
1575 494 1708 550 quae
1758 491 1989 532 serves.

347 573 497 628 Pone
523 588 614 628 me
644 577 703 626 ut
734 570 1015 644 sigillum,
1048 571 1266 641 inquit,
1299 570 1361 624 in
1393 585 1496 625 eor
1529 574 1705 638 tuum,
1738 573 1797 622 et
1833 566 1993 622 velut

342 660 687 734 signaculum
734 676 917 732 super
944 660 1254 714 brachium
1302 665 1458 713 tuum
1489 658 1683 725 (Cant.
1715 674 1816 713 vni
1837 700 1851 727 ,
1884 659 1938 727 5)
1974 673 1986 710 :

343 767 447 822 quo
474 750 795 821 signatiora
822 749 1150 820 prudentiae
1198 751 1313 805 tum
1344 748 1751 819 factorumque
1802 748 1989 803 docu-

341 844 519 896 menta
550 842 927 911 promantur,
973 838 1034 893 in
1062 839 1280 910 quibus
1332 825 1524 911 figura
1567 838 1672 892 Dei
1713 836 1990 892 Christus

342 930 572 997 eluceat,
606 929 706 1000 qui
754 931 1012 999 paternae
1043 928 1324 982 ambitum
1373 943 1696 998 exaequans
1727 930 1952 981 naturae
1972 968 1987 995 ,

340 1021 508 1077 totum
541 1018 825 1089 quidquid
866 1034 899 1071 a
930 1019 1101 1072 Patre
1132 1017 1454 1072 divinitatis
1483 1017 1829 1087 assumpsit,
1881 1031 1989 1070 ex-

336 1108 562 1178 pressit.
611 1107 779 1162 Unde
827 1108 997 1162 etiam
1031 1107 1339 1177 apostolus
1390 1107 1609 1161 Paulus
1662 1106 1722 1160 in
1768 1105 1991 1176 Spiritu

336 1213 437 1252 nos
477 1197 618 1250 dicit
663 1212 800 1251 esse
848 1197 1119 1268 signatos
1164 1196 1414 1266 (Ephes.
1462 1213 1499 1264 ι,
1537 1195 1661 1265 13);
1710 1195 1990 1266 quoniam

340 1286 514 1339 Patris
565 1285 884 1357 imaginem
915 1285 1203 1340 habemus
1253 1286 1312 1338 in
1344 1284 1513 1354 Filio,
1566 1284 1831 1356 sigillum
1861 1284 1989 1339 Filii

338 1373 613 1429 habemus
644 1375 704 1428 in
731 1374 972 1444 Spiritu.
1009 1375 1131 1427 Hac
1179 1373 1458 1428 Trinitate
1504 1373 1720 1445 signati
1773 1390 1986 1428 cavea-

334 1479 456 1517 mus
484 1463 851 1535 diligentius,
876 1479 950 1518 ne
979 1463 1137 1534 quod
1167 1463 1505 1533 accepimus
1526 1463 1744 1535 pignus
1776 1462 1834 1517 in
1866 1479 1991 1517 cor-

331 1551 495 1605 dibus
527 1552 774 1621 nostris,
806 1556 904 1606 aut
932 1568 1160 1607 morum
1189 1552 1421 1622 levitas,
1471 1555 1569 1607 aut
1598 1552 1777 1607 ullius
1818 1552 1989 1607 adul-

330 1641 450 1696 terii
481 1640 650 1695 fraus
682 1641 966 1713 resignet.

2106 475 2377 547 gelorum
2420 475 2685 531 moribus
2732 477 3013 532 militatis.
3066 477 3207 541 159
3257 477 3518 532 Meretur
3559 493 3765 533 eorum

2102 563 2447 634 praesidium
2478 564 2720 619 castitas
2752 565 3093 638 virginalis,‘
3132 582 3384 638 quorum
3412 566 3593 621 vitam
3635 582 3763 622 me-

2102 656 2282 707 retur.

2171 743 2261 797 52.
2296 742 2367 797 Et
2395 743 2533 814 quid
2563 743 2835 814 pluribus
2865 759 3162 815 exsequar
3182 744 3410 800 laudem
3430 745 3765 801 castitatis?

2101 831 2357 886 Castitas
2388 832 2561 886 etiam
2589 833 2837 904 angelos
2870 833 3027 887 fecit.
3058 832 3166 897 Qui
3199 848 3327 888 eam
3359 835 3637 905 servavit,
3671 851 3769 889 an-

2102 920 2274 992 gelus
2296 923 2387 975 est
2406 937 2420 990 ;
2439 922 2539 992 qui
2561 910 2832 993 perdidit,
2865 922 3157 977 diabolus.
3184 922 3333 976 Hinc
3351 922 3560 995 religio
3591 924 3767 979 etiam

2103 1025 2316 1064 nomen
2362 1011 2588 1081 accepit
2637 1011 2771 1081 (63).
2824 1011 3005 1084 Virgo
3051 1014 3162 1081 est,
3214 1028 3347 1082 qua)
3378 1012 3498 1067 Deo
3546 1013 3760 1068 nubit:

2102 1099 2414 1168 meretrix,
2466 1116 2599 1171 quae
2627 1100 2772 1155 deos
2816 1100 2973 1156 fecit.
3008 1101 3159 1155 Nam
3207 1101 3279 1156 de
3326 1102 3765 1157 resurrectione

2101 1188 2242 1258 quid
2274 1187 2485 1257 dicam,
2517 1188 2694 1261 cujus
2723 1190 2964 1260 praemia
2999 1189 3122 1262 jam
3154 1191 3413 1245 tenetis?
3443 1189 3504 1244 In
3552 1207 3765 1246 resur-

2101 1276 2370 1331 rectione
2401 1284 2593 1333 autem
2626 1294 2811 1351 neque
2843 1279 3086 1348 nubent,
3121 1294 3308 1351 neque
3357 1279 3573 1334 ducent
3622 1292 3767 1334 uxo-

2103 1381 2206 1419 res
2234 1382 2251 1415 :
2283 1367 2392 1421 sed
2420 1373 2597 1421 erunt
2626 1368 2780 1421 sicut
2800 1368 3017 1438 angeli,
3042 1369 3250 1439 inquit,
3273 1369 3333 1422 in
3357 1368 3503 1424 caelo
3523 1368 3763 1437 (Matth.

2104 1471 2247 1525 χχιι,
2282 1455 2390 1524 30).
2422 1455 2588 1521 Quod
2610 1457 2784 1511 nobis
2806 1457 3177 1528 promittitur,
3202 1458 3375 1513 vobis
3398 1461 3619 1528 praesto
3650 1461 3762 1529 est,

2100 1547 2489 1616 votorumque
2537 1549 2876 1602 nostrorum
2934 1563 3083 1602 usus
3126 1548 3280 1618 apud
3324 1562 3455 1602 vos.
3509 1547 3593 1602 De
3652 1547 3766 1602 hoc

2100 1634 2318 1689 mundo
2348 1635 2515 1705 estis,
2551 1638 2607 1689 et
2636 1650 2751 1690 non
2781 1636 2929 1690 estis
2958 1636 3014 1691 in
3050 1636 3163 1690 hoc
3194 1636 3432 1691 mundo.
3468 1635 3766 1693 Saeculum

391 1729 477 1783 49.
522 1729 644 1784 Sed
690 1730 950 1785 facessat
997 1730 1092 1785 hic
1142 1731 1334 1785 sacris
1386 1731 1722 1804 virginibus
1770 1735 1983 1803 metus,
2020 1745 2075 1809 Β
2101 1738 2210 1778 VOS
2241 1723 2461 1779 habere
2491 1725 2722 1790 meruit.
2756 1728 2956 1780 tenere
2987 1742 3105 1780 non
3135 1725 3344 1796 potuit.

329 1818 535 1888 quibus
588 1822 745 1872 tanta
793 1819 1072 1889 praesidia
1128 1819 1331 1873 tribuit
1377 1821 1630 1891 primum
1678 1819 1986 1891 Ecclesia,

328 1924 452 1979 quae
483 1912 710 1963 tenerze
755 1908 941 1979 prolis
973 1908 1225 1964 sollicita
1276 1925 1569 1964 successu
1594 1952 1608 1979 ,
1655 1910 1786 1981 ipsa
1817 1912 1990 1983 quasi

327 2013 523 2051 murus
575 1997 1013 2052 abundantibus
1060 1999 1121 2051 in
1152 1998 1388 2052 modum
1430 1998 1680 2053 turrium
1710 1999 1991 2055 incressit

326 2085 610 2140 uberibus
639 2085 834 2155 (Cant.
868 2103 965 2139 Vlll
988 2128 1002 2156 ,
1039 2086 1162 2156 10),
1195 2086 1383 2142 donec
1416 2087 1610 2143 soluto
1654 2088 1987 2145 obsidionis

327 2174 553 2229 hostilis
590 2175 891 2239 incursus,
940 2191 1145 2245 pacem
1178 2175 1387 2231 validm
1426 2176 1744 2249 juventuti,
1778 2181 1989 2233 mater-

325 2279 410 2317 nae
440 2264 727 2333 praesidio
759 2264 1010 2333 virtutis,
1044 2265 1326 2336 acquirat.
1376 2264 1545 2320 Unde
1593 2270 1649 2320 et
1694 2266 1989 2337 Propheta

323 2353 397 2405 ait
425 2368 437 2407 :
471 2351 615 2406 Fiat
637 2368 762 2424 pax
787 2354 850 2407 in
887 2354 1103 2409 virtute
1142 2360 1255 2422 tua,
1293 2360 1352 2409 et
1382 2355 1744 2411 abundantia
1778 2357 1840 2410 in
1873 2363 1992 2411 tur-

321 2440 489 2495 ribus
519 2441 647 2495 tuis
666 2442 857 2511 (Psal.
891 2459 1050 2510 οχχι,
1084 2444 1159 2512 ⁸7).

387 2532 472 2586 50.
519 2534 674 2588 Tum
707 2533 838 2604 ipse
868 2534 1032 2605 pacis
1064 2534 1350 2589 Dominus
1383 2537 1696 2606 postquam
1737 2535 1989 2590 validio-

324 2627 484 2682 ribus
532 2624 805 2680 brachiis
839 2624 1158 2679 commissa
1190 2624 1306 2678 sibi
1353 2625 1549 2678 vineta
1599 2625 1947 2694 complexus
1972 2668 1986 2695 ,

323 2715 590 2786 palmites
622 2730 770 2769 suos
804 2729 1102 2785 gemmare
1137 2713 1535 2783 conspexerit,
1568 2714 1731 2768 vultu
1762 2730 1991 2784 praesu-

321 2805 391 2874 le,
424 2803 815 2858 nassentibus
840 2802 1129 2857 fructibus
1160 2818 1336 2856 auras
1360 2806 1662 2873 temperat,
1684 2803 1839 2857 sicut
1859 2804 1987 2873 ipse

321 2897 567 2948 testatur
597 2893 809 2948 dicens
842 2907 854 2947 :
901 2891 1080 2946 Vinea
1109 2907 1237 2945 mea
1270 2897 1362 2946 est
1392 2892 1453 2945 in
1485 2898 1799 2963 conspectu
1827 2908 1985 2962 meo,

321 2982 476 3037 mille
526 2980 836 3036 Salomoni
872 2981 984 3050 (61)
1038 2987 1096 3036 et
1128 2980 1370 3035 ducenti
1400 2981 1498 3053 qui
1527 2988 1777 3036 servant
1822 2982 1988 3037 fruc-

324 3075 435 3127 tum
466 3071 603 3144 ejus
631 3070 831 3141 (Cant.
865 3086 986 3140 νιιι,
1021 3070 1130 3139 12).

386 3161 474 3215 51.
510 3161 707 3231 Supra
739 3160 818 3214 ait
849 3176 862 3214 :
898 3160 1227 3233 Sexaginta
1254 3167 1535 3234 potentes
1572 3162 1635 3217 in
1677 3162 1991 3218 circumitu

320 3250 671 3322 propaginis
704 3249 850 3321 ejus,
900 3250 1139 3305 strictis
1166 3256 1442 3306 armatos
1478 3252 1725 3307 ensibus
1754 3252 1896 3323 (62),
1934 3261 1993 3307 et

324 3338 996 3410 eruditosprzeliaribus
1011 3339 1351 3412 disciplinis
1371 3340 1569 3408 (Cant.
1596 3358 1680 3413 ιιι,
1708 3341 1762 3410 7,
1783 3342 1867 3410 8);
1894 3341 1990 3397 hic

321 3428 474 3483 mille
507 3432 567 3484 et
616 3429 927 3483 ducentos.
958 3429 1155 3484 Crevit
1184 3446 1503 3501 numerus,
1551 3431 1654 3486 ubi
1705 3431 1891 3486 crevit
1938 3434 1995 3486 et

322 3516 581 3588 fructus;
615 3517 753 3588 quia
802 3533 920 3590 quo
950 3519 1210 3573 sanctior
1240 3521 1527 3592 quisque,
1561 3536 1631 3576 eo
1663 3520 1993 3575 communi-

322 3606 557 3662 tior.Sic
584 3604 843 3661 Elisaaus
866 3607 1461 3678 prophetaexercitus
1483 3609 1829 3683 angelorum
1850 3626 1997 3681 prae-

322 3696 467 3750 sidia
500 3696 625 3751 sibi
653 3697 868 3751 adesse
898 3698 1245 3754 monstravit
1277 3698 1395 3768 (1V
1416 3699 1564 3772 Reg.
1596 3717 1675 3769 vi,
1728 3700 1817 3768 17)
1852 3716 1865 3755 :
1902 3699 1991 3754 sic

320 3783 499 3840 Jesus
532 3785 702 3840 Nave
733 3785 945 3840 ducem
974 3788 1195 3843 militias
1232 3789 1495 3845 ccelestis
1517 3789 1759 3862 agnovit
1788 3789 1991 3859 (Josue

321 3889 374 3941 v,
410 3875 522 3944 ‘13).
559 3874 824 3929 Possunt
856 3876 1038 3948 igitur
1068 3877 1323 3932 fructum
1351 3879 1412 3933 in
1440 3879 1616 3933 nobis
1648 3879 1948 3933 custodire
1972 3920 2017 3955 ,ν

322 3963 417 4033 qui
447 3967 709 4033 possunt
729 3964 901 4019 etiam
935 3965 1180 4021 militare
1202 3983 1307 4038 pro
1338 3968 1533 4023 nobis.
1560 3968 1744 4023 Vobis
1774 3971 1988 4039 autem,

323 4052 594 4124 virgines
625 4057 869 4124 sanctae,
903 4055 1161 4125 speciale
1203 4056 1548 4126 praesidium
1577 4060 1689 4127 est,
1731 4072 1863 4129 quae
1894 4057 1988 4111 in-

322 4141 608 4197 temerato
654 4143 881 4214 pudore
911 4161 1150 4200 sacrum
1199 4146 1430 4201 Domini
1469 4147 1725 4202 servatis
1769 4146 1985 4219 cubile.

386 4284 503 4359 (61)
534 4284 960 4359 Mss._aliquot,
995 4287 1158 4344 mille
1189 4285 1498 4359 Salomon;
1531 4288 1819 4358 nonnulli,
1854 4288 1989 4343 mil-

321 4351 404 4423 le,
426 4351 645 4429 inquit,
678 4351 973 4414 Salomon.

391 4427 519 4496 (62)
534 4427 757 4500 omnes
789 4431 950 4496 edit.,
984 4432 1222 4486 strictis
1248 4438 1509 4487 armatos
1541 4431 1701 4500 telis,

390 4499 504 4568 (63)
536 4499 764 4574 '[heod
816 4519 884 4557 ac
912 4503 1056 4558 Tell.
1105 4503 1259 4569 cod.,
1294 4503 1448 4557 Hinc
1477 4503 1635 4574 legio
1666 4499 1842 4559 etiam
1893 4504 1988 4559 di-

326 4572 498 4626 citur.
550 4570 721 4636 Quod
770 4574 823 4626 si
870 4575 961 4628 cui
1013 4574 1300 4640 arriserit,
1354 4570 1734 4630 referendum
1764 4575 1875 4631 erit
1916 4576 1986 4630 ad

324 4643 658 4719 diabolum,
677 4660 853 4715 quem
877 4646 974 4719 ob
1007 4646 1399 4719 impuritatem
1428 4646 1486 4700 in
1537 4646 1860 4717 Evangelio
1908 4647 1992 4701 le-

326 4716 556 4785 gionem
604 4716 821 4770 dictum
872 4717 1090 4771 indicat
1132 4716 1630 4771 sanctus'noster
1666 4719 1767 4773 lib.
1802 4735 1880 4785 vr,
1908 4719 1991 4785 (in

327 4782 558 4860 Lucam,
584 4802 768 4860 num"
792 4786 882 4841 47.
908 4788 1119 4860 Melius
1148 4792 1343 4843 tamen
1373 4789 1605 4860 reliqui,
1630 4793 1804 4860 atque
1826 4782 1988 4855 edit.,

327 4855 476 4912 Hinc
506 4858 747 4928 religio,
783 4861 893 4912 etc.
923 4858 1076 4912 Cave
1108 4862 1302 4913 autem
1332 4855 1521 4929 putes‘
1535 4855 1742 4915 vocem
1772 4861 1991 4929 religio

325 4943 355 4980 a
387 4932 667 4983 castitate
712 4928 922 4983 deduci
970 4930 1043 4983 ab
1076 4930 1413 4985 Ambrosio.
1445 4930 1596 4994 Quid
1642 4931 1800 4986 enim
1840 4928 1992 4986 inter

330 4997 432 5075 has
463 5015 650 5054 voces
681 5001 1094 5075 cognationis?
1114 5003 1189 5075 At
1218 5017 1359 5056 vero
1390 5018 1598 5056 nomen
1630 5003 1877 5075 accepit,
1904 5004 1990 5056 in-

328 5072 646 5146 terpretare
678 5071 907 5146 titulum
938 5073 1163 5146 accepit
1187 5114 1201 5139 ,
1234 5076 1300 5146 ut
1327 5088 1536 5143 nempe
1566 5071 1783 5146 religio
1818 5074 1991 5146 virgo

328 5140 556 5214 dicatur
578 5184 592 5208 ,
624 5140 1115 5213 quemadmodum
1149 5144 1426 5197 continuo
1458 5140 1593 5214 post
1636 5140 1766 5214 ip'se
1799 5140 1992 5214 signi-

332 5212 479 5284 ticat.
513 5212 805 5268 Caeterum
836 5214 1189 5284 religionem
1219 5212 1476 5269 Tullius;
1501 5215 1604 5269 lib.
1638 5212 1677 5270 Ii
1726 5216 1800 5271 de
1848 5212 1991 5271 Nat.

329 5281 514 5358 deuia,
549 5281 975 5358 a‘relegendoi
1020 5286 1380 5358 Lactantius,
1416 5286 1517 5340 lib.
1554 5304 1633 5358 ιγ,
1670 5304 1796 5358 cap.
1831 5287 1918 5348 28.
1962 5303 1995 5340 a

333 5353 673 5431 religando;
723 5353 1098 5431 Augustinus
1146 5357 1403 5429 denique
1443 5374 1475 5411 a
1507 5353 1823 5431 religando
1868 5359 1996 5413 dic-

330 5425 440 5478 tam
471 5425 787 5481 affirmant.

398 5496 514 5567 (64)
543 5497 858 5569 Triplicem
889 5499 961 5554 de
993 5499 1339 5573 angelorum
1362 5503 1607 5572 peccato
1638 5501 1996 5573 Opinionem,

2027 3103 2081 3166 Ο

2014 4460 2073 4526 D
2097 4434 2168 4526 de
2200 4432 2646 4526 hquisvangelis
2678 4433 3026 4526 intelligitur

2170 1812 2259 1868 53.
2292 1812 2475 1879 Quam
2507 1813 2857 1884 praeclarum
2888 1817 3082 1870 autem
3110 1814 3357 1887 angelos
3387 1818 3630 1886 propter
3672 1817 3766 1870 in-

2100 1904 2545 1973 temperantiam
2575 1919 2743 1957 suam
2776 1903 2836 1957 in
2867 1904 3154 1959 saeculum
3186 1904 3479 1958 cecidisse
3510 1905 3581 1959 de
3615 1906 3766 1960 caelo

2099 1991 2233 2060 (64),
2269 1992 2534 2063 virgines
2565 1996 2805 2063 propter
2834 1992 3239 2047 castimoniam
3272 1993 3331 2047 in
3363 1993 3578 2048 emtum
3609 1998 3767 2049 tran-

2101 2081 2261 2134 sisse
2292 2081 2364 2135 de
2394 2082 2662 2135 saeculo?
2695 2082 2888 2136 Beatae
2937 2081 3225 2153 virgines,
3275 2097 3424 2152 quas
3456 2098 3573 2137 non
3612 2082 3766 2139 illle-

2101 2168 2277 2224 cebra
2310 2169 2587 2225 sollicitat
2618 2186 2952 2240 corporum,
3004 2186 3123 2225 non
3153 2170 3407 2226 colluvio
3437 2172 3767 2243 praacipitat

2098 2257 2491 2328 voluptatum!
2525 2258 2708 2313 Cibus
2741 2259 3152 2329 parcimoniaa,
3185 2262 3362 2329 potus
3391 2259 3766 2316 abstinentiae

2100 2347 2273 2402 docet
2302 2348 2440 2401 vitia
2472 2347 2725 2417 nescire,
2760 2349 2860 2418 qui
2892 2348 3064 2402 docet
3093 2363 3307 2402 causas
3340 2349 3574 2403 nescire
3603 2350 3770 2405 vitio-

2097 2453 2248 2491 rum.
2299 2436 2493 2491 Causa
2525 2437 2808 2507 peccandi
2839 2437 3014 2491 etiam
3055 2435 3258 2508 justos
3300 2453 3463 2507 saepe
3511 2438 3761 2509 decepit.

2099 2525 2253 2580 Hinc
2288 2526 2544 2596 populus
2595 2526 2700 2581 Dei
2741 2530 3055 2597 postquam
3104 2525 3259 2580 sedit
3307 2526 3662 2582 manducare
3711 2532 3769 2583 et

2097 2615 2333 2685 bibere,
2381 2615 2568 2670 Deum
2614 2615 2855 2688 negavit
2897 2614 3116 2686 (Exod.
3167 2631 3369 2678 χχχιι,
3418 2615 3564 2685 6-8).
3614 2616 3767 2671 Hinc

2098 2704 2270 2759 Loth.
2323 2705 2675 2760 concubitus
2732 2704 2986 2759 filiarum
3042 2704 3375 2776 ignoravit,
3424 2708 3480 2759 et
3530 2706 3769 2775 pertulit

2098 2793 2271 2864 (Gen.
2306 2810 2425 2859 xxx,
2460 2793 2675 2864 33-35).
2713 2794 2863 2848 Hinc
2894 2793 3155 2849 inversis
3188 2793 3464 2864 vestigiis
3505 2794 3607 2848 filii
3638 2795 3767 2849 Noe

2097 2882 2282 2953 patris
2333 2883 2626 2953 quondam
2658 2883 2931 2953 pudenda
2974 2885 3249 2937 texerunt
3288 2881 3462 2951 (Gen.
3513 2901 3593 2953 ιχ,
3626 2884 3715 2954 23)
3748 2900 3761 2940 :

2098 2987 2231 3042 quae
2260 2987 2483 3041 procax
2529 2972 2712 3041 vidit,
2746 2972 3063 3028 modestus.
3086 2971 3358 3041 erubuit,
3403 2972 3539 3042 pius
3583 2973 3764 3045 texit,

2099 3058 2439 3115 offensurus
2472 3060 2525 3114 si
2555 3065 2612 3115 et
2641 3061 2769 3131 ipse
2801 3061 3071 3116 vidisset.
3105 3059 3330 3125 Quanta
3359 3060 3480 3115 vini
3509 3064 3602 3116 est
3630 3062 3723 3117 vis
3748 3104 3762 3133 ,

2101 3151 2160 3203 ut
2189 3164 2363 3221 quem
2393 3148 2611 3203 diluvia
2643 3164 2762 3204 non
2790 3150 3106 3219 nudarunt,
3138 3150 3274 3203 vina
3302 3148 3609 3204 nudarent.

2732 3237 2985 3294 CAPUT
3024 3240 3121 3296 IX.

2103 3327 2320 3401 Ultima
2360 3327 2731 3401 virginitatis
2773 3327 2904 3401 laus
2930 3331 3308 3401 proponitur,
3360 3329 3636 3385 avaritiae
3674 3329 3764 3384 ni—

2167 3399 2381 3482 mirum
2410 3399 2996 3482 iinzniznitas.-Hujus
3017 3399 3325 3457 occasione
3347 3407 3590 3482 sanctus
3613 3418 3764 3482 prae-

2170 3470 2276 3554 sul.
2294 3471 2494 3554 sorori
2540 3471 2602 3524 in
2633 3470 3159 3554 mentem—revocat
3180 3515 3195 3541 ,
3230 3478 3443 3554 quanta
3485 3473 3569 3526 sit
3600 3470 3765 3554 illius

2164 3541 2432 3616 felicitas
2462 3558 2587 3614 quae
2635 3557 2747 3597 non
2793 3548 3037 3616 cogatur
3077 3541 3256 3599 luxui
3275 3550 3449 3616 atque
3488 3543 3757 3613 vanitati,

2168 3612 2380 3685 quibus
2410 3612 2678 3684 nupturae
2706 3614 3135 3685 mancipantur,
3169 3612 3392 3672 morem
3420 3630 3660 3688 gerere.

2166 3701 2254 3756 5t.
2289 3700 2436 3766 Quid
2467 3702 2657 3756 illud?
2686 3700 2928 3766 Quantae
2958 3703 3256 3759 felicitatis
3287 3708 3405 3774 est,
3441 3703 3598 3775 quod
3628 3703 3763 3758 nul-

2095 3789 2151 3844 la
2181 3807 2291 3846 vos
2324 3790 2579 3845 habendi
2608 3792 2898 3861 cupiditas
2929 3792 3292 3849 inﬂammat?
3331 3794 3563 3865 Pauper
3603 3792 3765 3864 quod

2097 3879 2285 3934 habes
2315 3880 2527 3951 poscit,
2560 3880 2718 3950 quod
2748 3896 2865 3936 non
2896 3881 3083 3938 habes
3114 3899 3233 3938 non
3264 3884 3530 3955 requirit.
3574 3882 3763 3937 Fruc-

2095 3970 2193 4023 tus
2224 3968 2447 4023 laboris
2477 3969 2560 4024 tui
2590 3969 2911 4026 thesaurus
2942 3975 3034 4027 est
3079 3973 3238 4044 inepi
3260 4015 3274 4043 ,
3323 3976 3380 4028 et
3413 3973 3529 4028 duo
3560 3989 3678 4028 aera
3709 3970 3763 4028 si

2098 4058 2227 4113 sola
2259 4059 2397 4128 sint,
2433 4074 2653 4113 census
2684 4062 2777 4113 est
2804 4060 3135 4133 largientis.

2168 4146 2278 4202 54‘.
2302 4146 2457 4201 Audi
2497 4163 2663 4219 ergo,
2704 4164 2897 4219 soror,
2940 4151 3175 4221 quantis
3208 4167 3413 4207 careas
3444 4151 3578 4224 (65).
3611 4151 3763 4207 Nam

2097 4305 2272 4361 quam
2306 4289 2461 4360 apud
2503 4289 2666 4363 alios
2684 4291 2892 4346 Patres
2939 4292 3165 4347 invenit
3210 4294 3586 4363 Ambrosius,
3632 4294 3766 4363 ipse

2094 4366 2371 4446 tanquam
2402 4361 2767 4446 probabilem
2800 4363 3073 4446 admisit,
3110 4364 3363 4446 Primam
3389 4361 3609 4446 etenim
3648 4361 3763 4435 qua

2097 4436 2168 4487 de
2200 4436 2374 4486 bonis
2406 4436 2638 4504 angelis
2678 4436 3056 4517 intelligitur,
3095 4436 3251 4558 unod
3284 4436 3501 4516 legitur
3542 4450 3762 4517 secun-

2096 4504 2233 4585 dum
2264 4503 2482 4585 LXX-5.
2514 4503 2825 4585 __V1derun_t
2856 4506 3051 4575 angeli
3078 4576 3118 4585 ﬁ
3155 4521 3209 4585 ei
3239 4504 3397 4585 ﬁlias
3426 4507 3721 4585 hominum
3744 4547 3758 4573 ,

2096 4579 2231 4643 etc.,
2265 4574 2727 4649 post_Philonem
2748 4574 2960 4649 etcum
2983 4592 3052 4649 e9
3078 4576 3281 4649 Patres
3306 4577 3430 4649 fere
3453 4577 3525 4632 ad
3554 4593 3758 4649 unum,

2093 4646 2370 4717 proponit
2399 4645 2495 4718 hic
2527 4648 2583 4718 et
2610 4646 2669 4699 in
2700 4646 2996 4718 Apologia
3011 4647 3215 4713 David,
3248 4665 3305 4718 p.
3332 4646 3457 4702 6'75.
3492 4645 3765 4704 Secunda

2096 4716 2230 4788 quae
2262 4716 2531 4803 eumdem
2564 4717 2767 4803 locum,
2791 4717 2862 4771 de
2888 4716 3063 4798 inalis
3094 4716 3325 4803 angelis
3369 4718 3494 4803 jam
3525 4724 3767 4803 propter

2098 4787 2436 4857 superbiam
2469 4788 2540 4841 de
2571 4787 2721 4842 caelo
2752 4787 2938 4857 lapsis
2970 4787 3239 4858 exponit,
3271 4805 3346 4845 ex
3375 4787 3585 4846 eodem
3627 4787 3766 4845 Phi-

2097 4859 2231 4914 lone
2262 4862 2319 4912 et
2347 4858 2478 4912 aliis
2511 4858 2810 4912 nonnullis
2841 4859 3156 4915 exhibetur
3184 4861 3285 4916 lib.
3313 4862 3387 4915 de
3408 4862 3536 4916 Noe
3568 4868 3626 4916 et
3654 4864 3768 4917 Ar-

2098 4946 2185 5004 ea,
2205 4945 2345 5004 Acap.
2377 4929 2430 5004 4_.
2465 4944 2601 5004 pag.
2635 4930 2725 4984 23.
2758 4930 2952 5004 Tertia
2984 4931 3218 5004 demum
3247 4949 3381 5004 quas
3413 4934 3484 4988 de
3511 4934 3766 4989 ﬁliorum

2098 5000 2252 5076 SethA
2273 4999 2575 5076 conjugiis
2607 5016 2742 5076 cum
2773 5001 3008 5076 ﬁliabus
3039 5002 3182 5058 Cain
3229 4999 3426 5059 locum
3471 5005 3726 5076 explicat
3749 5047 3763 5069 ,

2097 5071 2411 5143 praefertur
2441 5071 2501 5125 in
2521 5072 2812 5146 eumdem
2833 5072 2989 5127 Psal.
3024 5090 3221 5128 cxvm.
3249 5076 3279 5129 4
3312 5091 3446 5146 pag.
3483 5071 3640 5131 1011.
3676 5076 3768 5131 Ad

2101 5158 2253 5214 quos
2285 5158 2492 5197 omnes
2520 5143 2689 5198 locos
2719 5143 2854 5198 vide
2884 5159 3017 5214 quae
3050 5148 3189 5199 sunt
3229 5162 3262 5200 a
3294 5143 3467 5201 nobis
3500 5148 3766 5202 animad-

2100 5229 2296 5269 versa.
2348 5214 2582 5268 Interim
2617 5218 2808 5288 autem
2854 5215 3223 5288 observabis
3258 5232 3388 5271 eam
3430 5219 3768 5288 opinionem

2103 5302 2236 5356 quae
2281 5288 2487 5359 quarto
2532 5286 2756 5359 saeculo
2805 5302 2882 5341 ex
2928 5287 3267 5359 Ambrosii,
3322 5286 3663 5359 Hieronymi
3712 5292 3770 5342 et

2104 5356 2423 5430 Augustini
2454 5358 2797 5412 auctoritate
2831 5361 2962 5412 nata
2994 5356 3259 5430 videtur,
3282 5360 3469 5414 solam
3500 5356 3767 5430 postmo-

2106 5428 2246 5483 dum
2277 5428 2630 5484 obtinuisse.

2178 5499 2291 5570 (65)
2322 5499 2386 5553 In
2415 5499 2668 5556 editione
2715 5498 3191 5555 Cenedictiniana
3224 5500 3438 5574 duplex
3486 5512 3768 5567 numerus
