4060 6158
231 160 352 226 215

1687 163 1753 229 S.
1796 162 2241 228 AMBROSII.

3560 167 3681 234 216

235 378 448 420 cavere
494 361 636 437 quid
685 362 926 433 debeas,
976 379 1086 419 nec
1128 379 1323 419 meum
1371 367 1462 420 est
1511 365 1746 435 docere,
1789 380 1900 421 nec
1924 346 1976 410 Α
2014 367 2180 422 canis
2212 367 2437 423 laudes.
2470 367 2620 434 Quid
2650 367 2860 423 faciam
2891 366 2990 440 qui
3023 367 3228 424 eadem
3258 369 3518 440 quotidie
3550 386 3683 426 can-

233 456 399 509 tuum
430 453 693 521 discere;
725 452 1005 523 perfectae
1037 454 1194 508 enim
1222 454 1457 509 virtutis
1495 471 1643 510 usus
1673 455 1899 527 magis-

233 544 445 598 terium
476 557 593 597 non
614 540 932 612 desiderat,
958 542 1065 597 sed
1087 542 1381 599 informat.
1417 543 1626 598 Cernis
1650 546 1712 598 ut
1737 559 1899 614 pom-

234 647 440 703 parum
484 630 729 685 ferculis
762 631 976 687 similis
1008 631 1259 702 incedat,
1306 649 1438 704 quae
1486 648 1552 687 se
1603 634 1902 704 componit

231 722 296 775 ut
325 720 570 790 placeat,
602 720 864 775 omnium
891 722 952 774 in
983 737 1050 775 se
1082 722 1280 776 vultus
1310 726 1367 776 et
1388 738 1489 777 ora
1521 725 1895 793 convertens,

232 824 304 863 eo
336 810 469 879 ipso
498 825 614 880 quo
646 810 841 864 studet
872 810 1137 879 placere,
1172 810 1523 880 deformior;
1559 812 1701 876 160
1730 812 1898 882 prius

232 896 389 952 enim
433 898 648 969 populo
699 898 989 968 displicet,
1043 915 1218 970 quam
1259 900 1487 970 placeat
1514 902 1664 956 viro.
1716 901 1791 955 At
1840 901 1899 955 in

231 986 407 1041 vobis
438 985 661 1057 rejecta
692 987 927 1042 decoris
960 1004 1100 1042 cura
1130 989 1266 1059 plus
1299 989 1467 1044 decet
1507 989 1651 1061 (66);
1683 994 1741 1045 et
1784 989 1899 1045 hoc

233 1076 428 1145 ipsum
460 1076 619 1147 quod
645 1092 756 1130 vos
787 1092 905 1131 non
937 1078 1180 1147 ornatis,
1217 1081 1460 1133 ornatus
1493 1082 1603 1133 est.

304 1165 394 1220 55.
428 1164 616 1220 Cerne
646 1165 875 1220 laceras
897 1166 1246 1221 vulneribus
1278 1184 1473 1237 aures,
1508 1172 1564 1223 et
1594 1169 1898 1239 depressae

235 1270 415 1309 onera
446 1253 729 1309 miserare
761 1255 1034 1310 cervicis.
1069 1256 1202 1311 Non
1232 1260 1369 1311 sunt
1398 1258 1512 1327 (67)
1533 1258 1903 1313 alleviamen—

232 1346 291 1398 ta
322 1358 628 1413 poenarum
670 1343 1013 1398 discrimina
1046 1345 1433 1401 metallorum.
1483 1347 1634 1401 Hinc
1685 1348 1899 1402 collum

236 1435 441 1487 catena
491 1433 862 1505 constringit,
912 1433 1047 1488 inde
1085 1434 1293 1504 pedem
1344 1451 1584 1505 compes
1635 1436 1897 1491 includit.

234 1522 399 1578 Nihil
430 1522 611 1578 refert
628 1538 771 1579 auro
805 1539 1024 1594 corpus
1046 1528 1324 1581 oneretur
1350 1543 1425 1581 an
1456 1528 1633 1581 ferro.
1660 1527 1756 1582 Sic
1782 1543 1901 1581 cer-

233 1611 337 1666 vix
366 1610 652 1682 premitur
672 1654 687 1683 ,
718 1613 807 1667 sic
853 1617 1135 1685 gravatur
1163 1615 1462 1670 incessus.
1508 1616 1602 1670 Nil
1652 1617 1901 1686 pretium

235 1700 350 1771 (68)
375 1700 575 1771 juvat;
619 1700 737 1755 nisi
768 1703 926 1773 quod
957 1719 1069 1758 vos
1117 1704 1428 1774 mulieres,
1464 1721 1535 1759 nc
1566 1709 1765 1775 pereat
1794 1720 1894 1760 vo-
1937 1726 1988 1788 Β

232 1789 329 1844 bis
360 1805 554 1859 pmna,
606 1790 934 1861 trepidetis.
987 1790 1135 1857 Quid
1169 1792 1434 1861 interest,
1488 1796 1682 1847 utrum
1714 1794 1904 1849 aliena

236 1877 527 1933 sententia
547 1920 562 1949 ,
595 1893 668 1933 an
700 1881 901 1935 vestra
928 1896 1039 1935 vos
1071 1881 1344 1937 damnet?
1384 1882 1537 1936 Hinc
1581 1899 1691 1937 vos
1733 1883 1907 1938 etiam

234 1966 705 2023 miserabiliores
738 1984 914 2039 quam
945 1970 1045 2040 qui
1077 1970 1315 2041 publico
1357 1969 1492 2043 jure
1524 1971 1902 2042 damnantur,

236 2056 396 2128 quod
426 2056 509 2111 illi
540 2059 739 2126 optant
770 2058 927 2126 exui,
963 2075 1075 2114 vos
1106 2060 1299 2132 ligari.

306 2145 395 2200 56.
430 2144 615 2211 Quam
662 2162 805 2203 vero
851 2146 1213 2204 miserabilis
1263 2149 1361 2204 illa
1407 2150 1697 2219 conditio,
1750 2152 1909 2223 quod

235 2238 514 2307 tanquam
542 2235 820 2306 mancipii
849 2235 1038 2292 forma
1067 2238 1317 2307 venalis,
1339 2243 1590 2310 nuptura
1620 2240 1905 2311 licitatur;

234 2327 300 2378 ut
346 2323 445 2395 qui
490 2324 677 2394 pretio
746 2325 989 2397 vicerit,
1040 2331 1212 2383 emat.
1274 2329 1668 2385 Tolerabilius
1714 2333 1909 2386 tamen

235 2413 526 2484 mancipia
545 2417 834 2485 veneunt,
859 2432 994 2487 qua)
1020 2433 1181 2488 saepe
1203 2418 1320 2473 sibi
1341 2419 1615 2475 dominos
1637 2419 1862 2492 eligunt
1893 2436 1907 2476 :

235 2502 410 2574 virgo
443 2502 493 2556 si
526 2502 727 2574 eligat,
762 2504 985 2559 crimen
1015 2508 1107 2560 est
1127 2522 1141 2577 ;
1165 2507 1218 2560 si
1249 2522 1367 2562 non
1385 2507 1583 2580 eligat,
1619 2511 1914 2564 contume-

237 2590 335 2645 lia.
368 2589 511 2655 Quaa
541 2591 813 2661 quamvis
843 2592 1089 2663 pulchra
1138 2596 1217 2650 sit
1264 2599 1321 2651 et
1359 2596 1576 2651 decora
1601 2638 1614 2663 ,
1650 2600 1706 2651 et
1748 2599 1915 2653 timet

244 2682 303 2734 et
333 2679 494 2749 cupit
523 2678 715 2734 videri
749 2697 760 2734 :
796 2683 973 2752 cupit,
1007 2686 1070 2738 ut
1099 2700 1166 2739 se
1199 2685 1396 2739 carius
1426 2685 1641 2740 vendat
1675 2703 1687 2739 :
1720 2688 1910 2754 timet,

239 2783 314 2825 ne
365 2767 481 2822 hoc
511 2768 708 2838 ipsum
763 2769 1045 2826 dedeceat
1076 2773 1235 2843 quod
1264 2774 1514 2829 videtur.
1554 2776 1779 2840 Quanta
1806 2792 1915 2831 au-

241 2859 362 2913 tem
394 2859 667 2912 votorum
686 2857 940 2914 ludibria
972 2863 1029 2915 et
1058 2861 1131 2916 ad
1161 2877 1478 2932 procorum
1501 2868 1749 2919 eventus
1782 2882 1917 2920 sus-

240 2946 396 3019 pecti
425 2949 638 3017 metus,
673 2964 747 3003 ne
779 2965 1004 3021 pauper
1033 2950 1256 3020 illudat,
1310 2968 1382 3007 ne
1413 2954 1583 3009 dives
1633 2954 1912 3027 fastidiat,

241 3050 315 3094 ne
344 3035 595 3107 pulcher
621 3037 850 3111 irideat,
885 3056 959 3095 ne
992 3040 1211 3096 nobilis
1242 3042 1511 3114 spernat!

899 3181 1150 3240 CAPUT
1188 3185 1261 3240 X.

247 3321 686 3401 Oincientibus
714 3324 1116 3401 frequentium
1147 3327 1459 3401 Ambrosii
1500 3329 1576 3383 ad
1611 3329 1920 3401 virginita-

317 3402 433 3450 tem
456 3395 935 3450 exliortationum
960 3397 1178 3452 nullum
1202 3399 1458 3453 fructum
1490 3416 1625 3455 esse
1655 3395 1728 3455 ut"
1746 3404 1921 3457 satis-

314 3466 791 3545 faciat_,_add_ucit
824 3469 1090 3545 exempla
1130 3487 1257 3545 cum
1300 3470 1550 3545 aliarum
1598 3473 1915 3545 virginum,

319 3542 437 3591 tum
476 3537 1017 3594 Mauritanensium
1057 3555 1125 3595 ac
1166 3541 1629 3597 Bononiensium
1671 3537 1781 3599 s'ed
1823 3537 1922 3599 lia-

316 3624 447 3688 rum
494 3608 791 3688 imprimis
810 3611 1081 3688 _vir_tutes
1112 3628 1179 3667 ac
1218 3615 1622 3687 propagandae
1665 3615 1920 3688 virgini-

320 3680 465 3735 tatis
491 3680 770 3737 ardorem
796 3681 1017 3738 laudat.

319 3820 409 3878 57.
443 3822 611 3880 Dicet
657 3822 873 3897 aliquis
907 3841 919 3880 :
957 3826 1045 3881 Tu
1087 3827 1264 3883 nobis
1315 3829 1574 3901 quotidie
1626 3829 1924 3902 virginum

249 3965 318 4021 64
349 3970 671 4043 usurpatur
702 3983 715 4023 :
752 3971 1065 4043 utrumque
1103 3970 1536 4043 exscripsimus
1561 4014 1574 4041 ,
1625 3972 1923 4043 posterio-

251 4053 379 4093 rem
408 4038 700 4095 asterisco
731 4038 1061 4115 signantes.
1102 4042 1261 4096 Idem
1293 4038 1585 4097 testerisci
1606 4038 1924 4115 [quoties-

254 4124 488 4235 cunque
518 4125 764 4166 numero
795 4111 1098 4183 afﬂigitur,
1131 4129 1373 4169 sensus.
1410 4115 1555 4169 Enn.

324 4181 380 4235 (6
420 4181 437 4235 )
471 4179 644 4235 Edit..
678 4182 906 4235 reiecta
939 4184 1180 4235 decoris
1209 4201 1350 4235 cura
1384 4185 1514 4235 nlus
1536 4204 1555 4235 ι

324 4179 437 4257 (QQ)
471 4179 644 4257 ﬁdit,
678 4182 906 4257 rejects
926 4179 1180 4239 'decoris
1209 4201 1350 4239 cura
1376 4185 1514 4257 plus
1531 4185 1746 4255 placet.

323 4251 438 4324 (67)
466 4251 685 4324 Omnes
715 4251 853 4324 edit.
891 4270 1023 4310 cum
1055 4271 1203 4311 mss.
1239 4272 1356 4311 uno
1376 4251 1482 4312 ’vel
1513 4251 1714 4319 altero.
1745 4257 1926 4313 Certe

228 4308 472 4397 'lac‘eraa
494 4322 844 4379 vulneribus
864 4308 1069 4395 aures,
1082 4308 1142 4381 et
1160 4308 1469 4397 depressae
1491 4344 1673 4383 onere
1689 4308 1928 4385 misera}

256 4394 532 4469 cervices
553 4411 668 4450 non
705 4402 843 4469 sunt
865 4394 1260 4453 allevamenta
1278 4414 1606 4469 pwnarum,
1645 4400 1773 4466 sed,
1812 4404 1923 4455 etc.

256 4466 405 4539 Mss.
427 4482 546 4522 non
559 4467 754 4538 pauci,
776 4467 1007 4523 Carnes
1025 4469 1259 4524 laceras
1278 4457 1649 4539 vulneribus,
1666 4457 1845 4526 aures
1867 4478 1926 4526 et
1951 4457 2007 4520 Β

259 4537 576 4608 depressae
593 4554 773 4594 onera
817 4540 1080 4595 cervicis
1109 4541 1424 4596 miserare.
1460 4542 1593 4597 Non
1622 4537 1779 4598 sunt.
1814 4548 1925 4598 etc.

259 4608 498 4680 Reliqui
525 4608 758 4665 demum
791 4610 1024 4680 melius,
1057 4615 1122 4666 ut
1147 4611 1209 4666 in
1230 4615 1411 4668 textu.
1448 4613 1631 4667 l’orro
1661 4614 1714 4667 si
1743 4616 1928 4669 totum

259 4678 646 4754 h_unc’_locum
675 4681 856 4736 libeat
884 4678 1019 4754 eum
1066 4682 1143 4737 iis
1170 4699 1307 4754 quae
1336 4684 1399 4739 in
1445 4685 1711 4739 eamdem
1743 4688 1928 4739 mate-

260 4750 410 4828 riam
437 4750 718 4828 leguntur
758 4752 916 4828 ap_ud
943 4750 1341 4828 ClemLKlex.
1367 4755 1483 4828 lib,
1513 4772 1553 4809 ιι
1587 4755 1932 4828 Paedagogi

262 4821 379 4891 sui,
412 4821 541 4893 cap.
594 4822 681 4893 12,
706 4827 772 4899 _et
801 4821 1058 4899 Tertull.
1113 4825 1208 4899 De
1245 4826 1403 4899 cultu
1449 4821 1654 4881 femin.
1690 4821 1818 4896 cap'.
1867 4821 1927 4896 ii,

265 4907 655 4967 componere;
705 4894 860 4967 h_aud
904 4911 1068 4967 aegre
1117 4894 1551 4954 animadvertes
1610 4894 1928 4953 Ambrosio

263 4964 501 5043 priscos
514 4964 703 5043 hosce
728 4964 930 5021 Patres
953 4964 1323 5039 nequaquam
1346 4968 1928 5043 fuisse__i_ncognitos.

335 5035 565 5109 (_68)Alta
593 5053 741 5092 mss.
775 5053 990 5109 magno
1022 5035 1304 5094 numero:
1337 5040 1603 5096 nonnulli
1650 5035 1843 5096 tamen
1876 5044 1935 5097 et

266 5106 511 5189 edit,.Si
541 5109 757 5189 cervix
780 5106 1077 5181 premitur
1107 5112 1164 5166 si
1190 5117 1486 5183 gravatur
1516 5113 1812 5183 incessus,
1847 5112 1938 5167 nil

260 5184 543 5252 pretium,
574 5184 687 5236 etc.

338 5248 452 5322 (69)
485 5251 632 5327 Mss.
664 5252 905 5324 aliquot,
937 5253 1012 5309 de
1048 5252 1470 5309 Plaeentinosa
1508 5254 1773 5327 grandes
1807 5255 1934 5310 vir-

265 5322 444 5394 gines
468 5323 741 5389 veniunt,-
763 5322 890 5380 non
922 5327 1103 5381 recte.

337 5394 453 5469 (70)
481 5394 581 5469 De
602 5395 967 5453 Bononiensi
999 5396 1261 5468 veniunt,
1285 5396 1345 5451 in
1366 5412 1512 5452 mss.
1545 5411 1728 5469 prope
1758 5398 1938 5454 omni-

265 5463 383 5522 bus
415 5465 806 5522 desideratur.

339 5536 453 5612 (71)
479 5535 731 5612 Quidam
753 5554 925 5612 mss,
962 5543 1021 5612 ut
1053 5539 1203 5595 alibi
1222 5538 1636 5612 persuadeam.

341 5607 456 5680 (72)
495 5608 648 5667 Edit.
694 5609 767 5666 Si
818 5610 1112 5669 hominem
1162 5607 1463 5679 amarent;
1503 5627 1652 5668 mss.
1710 5610 1935 5667 vellent

2012 457 2136 525 tito,
2191 460 2247 511 et
2275 457 2520 527 proﬁcio
2552 458 2737 513 nihil?
2788 458 2904 513 Sed
2936 474 3053 513 non
3090 474 3217 513 mea
3265 460 3459 529 culpa.
3494 460 3673 515 Deni-

2013 561 2127 616 que
2158 546 2228 599 de
2260 546 2598 601 Placentino
2631 548 2939 602 sacrandae
2969 549 3234 619 virgines
3265 548 3508 602 veniunt
3537 549 3672 619 (69),

2014 634 2085 688 de
2118 635 2476 689 Bononiensi
2511 636 2754 691 veniunt
2782 636 2913 706 (70),
2936 637 3007 691 de
3040 637 3385 692 Mauritania
3414 637 3677 708 veniunt,

2013 726 2075 776 ut
2105 723 2200 777 hic
2230 724 2516 779 velentur.
2552 725 2825 797 Magnam
2874 741 2999 781 rem
3031 725 3264 780 videtis.
3301 726 3413 781 Hic
3461 729 3678 795 tracto,

2013 814 2067 866 et
2101 812 2239 866 alibi
2267 802 2616 884 persuadeo.
2669 814 2731 869 Si
2762 815 2839 869 ita
2888 818 2998 885 est,
3034 815 3174 869 alibi
3215 818 3572 885 tractemus,
3621 820 3685 870 ut

2012 901 2186 955 vobis
2217 903 2681 972 persuadeamus
2713 904 2846 974 (71).

2083 1008 2171 1062 58.
2202 1008 2371 1077 Quid,
2420 1010 2576 1079 quod
2622 1011 2796 1065 etiam
2846 1010 2945 1082 qui
2975 1027 3067 1066 me
3100 1027 3217 1066 non
3266 1011 3534 1081 audiunt,
3582 1027 3684 1066 se-

2012 1100 2272 1168 quuntur
2301 1113 2314 1153 :
2349 1099 2450 1170 qui
2479 1100 2738 1168 audiunt,
2764 1116 2881 1156 non
2899 1102 3264 1172 sequuntur?
3284 1101 3432 1155 Nam
3454 1100 3686 1173 pleras-

2012 1202 2127 1257 que
2164 1187 2431 1259 virgines
2491 1190 2746 1261 cognovi
2797 1189 2967 1258 velle,
3029 1193 3086 1243 ct
3143 1189 3446 1260 prohiberi
3502 1191 3685 1245 etiam

2012 1277 2248 1347 prodire
2280 1293 2313 1330 a
2361 1278 2668 1345 matribus,
2716 1281 2772 1332 et
2822 1278 2980 1348 quod
3026 1282 3118 1333 est
3149 1279 3416 1351 gravius,
3463 1279 3682 1349 viduis,

2014 1381 2146 1419 cum
2179 1365 2397 1437 quibus
2429 1366 2526 1420 hic
2560 1366 2699 1421 mihi
2730 1383 2928 1422 sermo
2974 1370 3083 1423 est.
3119 1368 3346 1439 Nempe
3397 1368 3448 1421 si
3492 1368 3685 1423 homi-

2014 1470 2149 1509 nem
2189 1455 2405 1509 vellent
2434 1470 2631 1510 amare
2650 1455 2762 1525 (72)
2794 1456 2929 1511 filiae
2952 1460 3188 1527 vestrae,
3216 1473 3323 1527 per
3350 1457 3516 1529 leges
3544 1458 3677 1520 161

2012 1548 2263 1614 possent
2292 1545 2514 1616 eligere
2546 1561 2721 1616 quem
2754 1546 2989 1600 vellent.
3024 1546 3252 1612 Quibus
3282 1546 3464 1618 igitur
3501 1545 3689 1601 homi-

2015 1649 2149 1687 nem
2179 1634 2400 1705 eligere
2433 1635 2588 1704 licet,
2628 1635 2812 1689 Deum
2846 1650 2964 1690 non
2995 1635 3180 1690 licet?

2086 1740 2174 1794 59.
2220 1740 2589 1795 Contucmini
2633 1757 2807 1813 quam
2859 1741 3051 1796 dulcis
3100 1741 3399 1812 pudicitiae
3454 1740 3687 1796 fructus

2017 1828 2114 1897 sit,
2148 1829 2245 1901 qui
2288 1829 2618 1884 barbaricis
2668 1846 2903 1902 quoque
2934 1830 3176 1885 inolevit
3219 1829 3553 1886 aii'ectibus.
3588 1830 3678 1885 Ex

2017 1918 2240 1973 ultimis
2281 1918 2433 1973 infra
2464 1919 2733 1991 ultraque
2782 1920 3146 1975 Mauritaniae
3176 1920 3443 1991 partibus
3473 1920 3691 1974 deduc-

2017 2010 2093 2062 tae
2122 2007 2391 2080 virgines
2424 2007 2520 2063 hic
2552 2008 2777 2063 sacrari
2808 2009 3102 2080 gestiunt;
3138 2013 3196 2064 et
3244 2025 3377 2064 cum
3408 2008 3530 2064 sint
3560 2024 3690 2063 om-

2018 2112 2127 2151 nes
2159 2096 2395 2151 familiaa
2424 2096 2483 2151 in
2530 2096 2785 2152 vinculis
2835 2097 2968 2168 (73),
3002 2098 3282 2169 pudicitia
3311 2101 3505 2153 tamen
3547 2114 3691 2153 nes-

2020 2185 2099 2241 cit
2139 2200 2277 2240 esse
2336 2186 2584 2256 captiva.
2646 2185 2962 2242 Profitetur
3015 2203 3268 2259 regnum
3324 2187 3688 2258 aeternitatis,

2020 2291 2153 2348 quae
2178 2277 2383 2330 mceret
2412 2274 2690 2348 injuriam
2724 2276 3048 2331 servitutis.

2092 2382 2181 2438 60.
2212 2382 2362 2436 Nam
2390 2383 2531 2454 quid
2580 2383 2650 2437 de
2682 2383 3164 2439 Bononiensibus
3208 2383 3544 2456 virginibus
3598 2383 3690 2439 lo-

2022 2488 2187 2543 quar,
2226 2471 2479 2526 fecundo
2510 2472 2756 2543 pudoris
2803 2471 3059 2545 agmine,
3095 2489 3228 2544 quae
3280 2472 3595 2527 mundanis
3626 2488 3692 2527 se

2023 2561 2253 2615 deliciis
2296 2561 2674 2631 abdicantes,
2741 2561 3067 2617 sacrarium
3114 2562 3473 2634 virginitatis
3521 2562 3691 2617 inco-

2022 2649 2186 2704 lunt?
2214 2649 2352 2705 Sine
2375 2650 2783 2704 contubernali
2814 2666 2965 2705 sexu
2996 2651 3131 2721 (74),
3159 2650 3563 2707 contubernali
3595 2667 3697 2722 pu-

2025 2740 2165 2794 dore
2196 2742 2493 2809 provectae
2539 2739 2610 2793 ad
2642 2739 3005 2794 vicenarium
3035 2756 3377 2810 numerum,
3411 2744 3468 2795 et
3494 2743 3695 2795 cente-

2027 2828 2249 2882 carium
2308 2827 2583 2895 fructum,
2652 2828 2978 2901 relictoque
3040 2833 3346 2900 parentum
3404 2828 3694 2901 hospitio,

2024 2918 2271 2972 tendunt
2302 2918 2360 2971 in
2389 2916 2790 2972 tabernaculis
2837 2917 3081 2987 Christi,
3123 2917 3449 2973 indefessas
3480 2918 3697 2975 milites

2027 3006 2349 3062 castitatis:
2403 3022 2560 3061 nunc
2616 3005 2862 3061 canticis
2933 3006 3302 3077 spiritalibus
3351 3010 3692 3078 personant,

1951 3084 2003 3155 (Ξ
2027 3112 2183 3151 nunc
2212 3096 2431 3150 victum
2462 3096 2744 3167 operibus
2778 3099 3078 3167 exercent,
3105 3095 3437 3152 liberalitati
3459 3112 3695 3170 quoque

2028 3185 2363 3241 subsidium
2394 3201 2571 3240 manu
2601 3187 2892 3257 quaerunt.

2098 3293 2187 3347 61.
2222 3292 2386 3356 Quod
2419 3292 2472 3347 si
2511 3292 2910 3365 investigandi
2940 3292 3207 3365 virgines
3239 3293 3352 3363 (75)
3388 3293 3701 3349 inoleverit

2029 3382 2177 3438 odor
2197 3384 2471 3454 (namque
2493 3397 2615 3454 prw
2635 3382 2868 3437 caeteris
2887 3382 3234 3452 speculandi
3255 3385 3575 3437 venantum
3596 3400 3697 3453 pu-

2030 3472 2193 3527 doris
2226 3471 2576 3543 explorant),
2611 3472 2749 3526 totis
2794 3487 3068 3525 curarum
3116 3471 3393 3543 vestigiis
3438 3472 3699 3542 praedam

2028 3561 2302 3615 latentem
2345 3576 2536 3631 usque
2566 3560 2639 3614 ad
2678 3561 2807 3631 ipse
2837 3560 3053 3615 cubilia
3084 3565 3525 3633 persequuntur
3556 3577 3569 3616 :
3602 3564 3701 3617 aut

2031 3650 2082 3705 si
2115 3650 2358 3704 liberior
2398 3649 2656 3721 alicujus
2699 3649 2932 3705 volatus
2962 3648 3270 3721 atl'ulserit,
3304 3651 3443 3706 totis
3491 3666 3698 3706 omnes

2030 3739 2237 3794 videas
2266 3754 2591 3811 assurgere
2617 3738 2752 3809 alis,
2786 3754 3144 3810 concrepare
3172 3741 3407 3811 pennis,
3440 3740 3698 3796 emicare

2031 3829 2244 3900 plausu
2279 3845 2290 3883 :
2324 3831 2386 3884 ut
2403 3831 2567 3883 casto
2589 3827 2886 3900 pudicitiae
2908 3828 3089 3883 choro
3116 3828 3357 3901 cingant
3375 3828 3697 3899 volantem,

2035 3987 2256 4040 amare,
2288 3969 2412 4036 Qua
2442 3974 2634 4026 autem
2665 3969 2891 4026 ratione
2937 3970 3109 4026 locus
3156 3971 3253 4025 hic
3284 3987 3417 4026 cum
3466 3972 3581 4027 alio
3627 3987 3701 4027 ex

2033 4044 2138 4097 lib.
2172 4060 2189 4096 ι
2222 4044 2294 4097 de
2326 4043 2651 4098 Abraham.
2688 4058 2815 4098 can.
2848 4042 2912 4098 9.
2949 4042 3355 4098 conciliandus
3401 4044 3499 4098 sit.
3549 4042 3704 4098 infra

2034 4059 2138 4097 nn.
2172 4060 2189 4096 ι
2222 4059 2294 4097 ae
2326 4059 2651 4109 Aura/mm,
2688 4059 2815 4111 cap.
2848 4059 2912 4111 υ,
2949 4059 3355 4098 conciliandus
3401 4059 3499 4114 su,
3549 4061 3557 4097 ι

2034 4114 2429 4195 explicabitur
2455 4115 2512 4167 in
2545 4114 2794 4195 epistola
2825 4114 2896 4195 ad
2926 4113 3271 4195 Sis‘innium.
3495 4184 3557 4195 ω

2104 4184 2257 4257 (73).,
2294 4186 2653 4257 Designatur
2682 4185 2794 4239 hoc
2836 4185 2967 4257 loco
3016 4185 3282 4256 tyrannis
3332 4202 3450 4240 non
3495 4184 3697 4257 Firmi,

2033 4260 2096 4311 ut
2127 4256 2364 4328 quidam
2421 4256 2645 4324 volunt,
2699 4272 2831 4310 cum
2872 4256 2969 4311 ille
3026 4273 3057 4310 a
3090 4256 3300 4311 comite
3354 4256 3698 4312 Theodosio

2034 4327 2355 4383 Theodosii
2376 4328 2575 4399 magni
2606 4331 2846 4399 parente
2864 4343 2960 4381 an.
2994 4328 3323 4399 3737victus
3354 4327 3531 4383 fuerit
3557 4344 3568 4381 :
3595 4328 3702 4382 sed

2034 4400 2302 4454 Gildonis
2352 4400 2453 4472 qui
2486 4398 2634 4453 licet
2675 4400 2737 4452 in
2786 4398 3046 4472 Firmum
3098 4398 3701 4472 fratrempugnasset

2035 4487 2141 4541 pro
2176 4469 2480 4538 Romanis,
2514 4486 2585 4524 eo
2629 4473 2823 4524 tamen
2854 4470 3176 4541 exstincto,
3230 4469 3489 4524 Africam
3539 4470 3703 4540 ipse-

2034 4540 2156 4596 met
2183 4541 2502 4611 oppressit,
2555 4556 2623 4594 ac
2657 4540 3091 4595 Donatistarum
3140 4541 3417 4595 atrociter
3461 4541 3706 4594 catholi-

2038 4629 2142 4668 cos
2175 4612 2575 4668 divexantium
2603 4615 2800 4681 partes
2829 4611 3074 4683 adjuvit.
3098 4612 3265 4683 Quod
3298 4616 3492 4683 autem
3521 4612 3593 4665 ad
3624 4612 3706 4665 leo

2035 4700 2172 4756 gem
2200 4700 2335 4756 quae
2366 4684 2479 4738 hoc
2510 4698 2663 4738 anno
2695 4683 2825 4756 data
2856 4683 3106 4756 habetur
3133 4684 3193 4736 in
3213 4682 3356 4737 Cod.
3390 4682 3613 4756 Theod.
3649 4685 3707 4737 et

2038 4754 2152 4826 qua
2183 4754 2551 4826 baptismatis
2583 4755 2809 4809 iteratio
2851 4754 3225 4824 prohibetur,
3263 4769 3331 4808 ea
3381 4770 3515 4809 cum
3561 4754 3706 4808 des-

2035 4825 2217 4881 tinata
2261 4825 2437 4881 fuerit
2486 4825 2763 4880 Flaviano
2796 4826 3014 4880 Africae
3062 4826 3306 4893 vicario,
3342 4826 3442 4896 qui
3473 4829 3530 4880 et
3573 4826 3704 4896 ipse

2038 4898 2149 4953 hac
2179 4897 2385 4953 eadem
2415 4897 2598 4953 haarsi
2639 4900 2764 4951 erat
2810 4897 3098 4967 infectus,
3133 4912 3253 4952 non
3282 4896 3578 4951 credenda
3612 4900 3707 4951 est

2038 4968 2326 5025 Ecclesiae
2355 4970 2663 5039 peperisse
2694 4968 3013 5039 quidquam
3036 4968 3259 5023 auxilii.
3301 4967 3540 5039 Videsis
3577 4969 3702 5022 Au-

2038 5044 2198 5113 gust.
2232 5038 2409 5113 1η)ρι
2432 5038 2649 5113 contra
2677 5038 2873 5113 lfetit.’
2897 5056 3022 5110 cap.
3055 5040 3234 5113 83_,_et
3264 5038 3463 5113 epist_.__
3489 5039 3549 5093 in
3593 5054 3704 5093 no-

2038 5109 2111 5166 va
2140 5113 2277 5167 edit.
2311 5112 2399 5179 87,
2432 5127 2593 5166 num.
2627 5111 2679 5166 8.
2714 5111 2854 5166 Item
2888 5109 3078 5164 Amm.
3113 5109 3371 5164 Marcell.
3406 5109 3487 5164 lib
3518 5126 3707 5165 xxvm

2039 5187 2096 5239 et
2124 5183 2527 5251 Claudianum,
2562 5182 2637 5238 de
2665 5181 2836 5237 Bello
2877 5181 3111 5238 Gildon.

2110 5254 2242 5325 (74).
2274 5254 2338 5309 Id
2368 5257 2478 5323 est,
2511 5252 2870 5323 masculino,
2901 5253 3036 5324 quia
3066 5252 3317 5309 feminas
3348 5252 3479 5308 sine
3511 5251 3705 5307 virum

2039 5326 2425 5382 contubernio
2457 5326 2675 5396 degere
2703 5328 2842 5379 tunc
2873 5340 3070 5379 rarum
3101 5328 3245 5381 erat.

2108 5398 2241 5469 (75).
2275 5397 2492 5469 Omnes
2525 5395 2661 5469 edit.
2695 5399 2751 5449 et
2772 5412 2919 5469 mss.
2952 5396 3087 5469 duo,
3120 5395 3564 5469 investigandae
3592 5395 3707 5450 vir-

2038 5466 2360 5541 ginitatis:
2395 5467 2494 5541 alii
2524 5466 2765 5538 aliquot,
2791 5466 3229 5541 investigandae
3264 5466 3522 5541 virginis
3551 5482 3568 5520 :
3605 5482 3704 5521 re-

2038 5539 2181 5612 liqui
2214 5538 2423 5612 majori
2455 5537 2722 5610 numero,
2756 5541 2817 5593 ut
2847 5537 2906 5592 in
2936 5537 3119 5593 textu.
