4060 6158
204 245 282 306 217
1383 235 1494 299 DE
1537 234 1801 298 VIRGII

1913 234 2035 298 {US
2080 235 2239 297 LIB.
2288 236 2337 298 Ι.

3474 233 3594 303 218

196 448 340 502 donec
367 443 569 498 albenti
597 441 878 496 delectata
904 439 1198 507 comitatu,
1234 439 1292 493 in
1313 438 1522 510 plagas
1553 437 1800 508 pudoris
1831 417 1889 480 Α
1916 436 2029 506 dis,
2073 435 2341 491 fenerare
2369 434 2592 492 Chisto.
2643 436 2844 493 Bonus
2893 429 3178 510 depositae
3210 436 3339 508 spei
3382 439 3587 493 custos

195 541 232 592 et
264 534 566 604 indaginem
612 531 918 599 castitatis,
963 529 1175 584 domus
1211 529 1415 600 patriai
1451 527 1630 582 oblita
1665 527 1796 596 ('76),

192 623 439 679 succedat.

769 707 1020 762 CAPUT
1059 707 1158 762 XI.

190 819 246 874 L't
269 816 500 890 optabile
535 816 613 890 sit
656 814 895 890 virgini
911 813 978 890 fa
992 829 1132 868 vere
1167 818 1456 885 parentes
1484 826 1640 890 suos,
1677 826 1802 890 eam

239 881 400 943 tamen
422 887 589 941 laude
617 881 830 956 majori
857 885 1094 957 dignam
1121 881 1272 948 esse,
1312 899 1476 957 quam
1500 883 1580 957 iis
1603 881 1802 957 reluc-

235 960 466 1013 tantibus
493 954 734 1012 divinus
754 954 1013 1012 amor'ad
1038 957 1145 1010 hoc
1163 954 1527 1026 propbsitum
1547 954 1804 1023 instiga-

242 1031 392 1085 verit.
440 1029 570 1083 Non
619 1028 940 1083 timendum
986 1028 1175 1098 igitur
1205 1043 1312 1081 nec
1350 1027 1463 1079 vim
1490 1031 1803 1098 parentum

235 1118 324 1156 nec
343 1101 682 1172 patrimonii
699 1095 1035 1171 jactnram}
1071 1099 1220 1172 quod
1241 1095 1615 1152 memorabili
1646 1095 1806 1150 nobi-

232 1173 297 1228 lis
322 1169 381 1225 ac
400 1172 513 1242 piae
541 1169 800 1242 virginis
829 1172 987 1225 Iacto
1008 1169 1412 1224 confirmatur.

231 1277 304 1333 6‘2.
344 1279 557 1333 Bonum
616 1279 811 1350 itaque
871 1278 923 1332 si
975 1276 1193 1348 virgini
1243 1275 1435 1329 studia
1496 1276 1802 1344 parentum

177 1367 312 1440 quasi
332 1367 504 1421 ﬂabra
535 1367 780 1437 pudoris
813 1367 1109 1436 aspirent:
1137 1365 1245 1419 sed
1277 1364 1419 1418 illud
1450 1363 1797 1434 gloriosius,

178 1460 216 1511 si
243 1462 433 1511 tenerae
462 1457 624 1528 ignis
664 1457 852 1509 aetatis
883 1455 1056 1509 etiam
1096 1455 1225 1508 sine
1271 1452 1576 1507 veteribus
1618 1451 1800 1506 nutri-

177 1546 347 1600 mentis
374 1549 582 1615 sponte
620 1560 686 1599 se
719 1545 902 1615 rapiat
934 1544 992 1600 in
1024 1544 1286 1600 fomitem
1337 1541 1642 1596 castitatis.
1687 1541 1801 1594 Do-

176 1639 263 1688 tem
288 1635 576 1706 negabunt
612 1637 886 1704 parentes
921 1649 933 1687 :
969 1633 1076 1686 sed
1109 1632 1290 1686 habes
1324 1630 1563 1684 divitem
1613 1645 1800 1698 spon-

1913 525 2313 596 multiplicatis
2346 525 2480 580 ﬁdei
2511 529 2625 580 tuae
2662 526 2942 580 talentum
2974 527 3152 581 solvit
3182 527 3402 581 usuris.
3452 527 3586 582 Non

1911 614 2058 668 fallit
2091 615 2327 680 veritas,
2363 629 2481 669 non
2504 614 3203 685 circumseribitjustitia,
3238 631 3354 669 non
3370 614 3587 684 decipit

1909 703 2118 758 virtus.
2153 703 2319 768 Quod
2353 704 2405 758 si
2435 719 2552 758 non
2576 703 2815 758 creditis
2867 704 3126 774 oraculo,
3165 704 3258 758 vel
3297 704 3584 775 exemplis

1908 793 2153 847 credite.

1978 897 2066 953 65.
2111 899 2410 955 Memoriae
2443 903 2662 955 nostrae
2695 900 2886 970 puella
2911 899 3130 955 dudum
3152 899 3444 954 nobilisin
3469 915 3583 954 sae-

1905 987 2061 1056 culo,
2095 1004 2250 1042 nunc
2292 989 2550 1044 nobilior
2581 990 2733 1058 Deo;
2769 1005 2900 1044 cum
2932 988 3331 1061 urgereturad
3349 989 3583 1058 nuptias

1902 1091 1934 1129 a
1967 1077 2316 1146 parentibus
2349 1081 2405 1132 et
2421 1080 2790 1150 propinquis,
2818 1079 2890 1133 ad
2921 1081 3371 1133 sacrosanctum
3403 1077 3581 1132 altare

1904 1165 2191 1237 confugit.
2225 1165 2350 1230 Quo
2391 1168 2544 1222 enim
2585 1169 2798 1222 melius
2843 1168 3015 1239 virgo
3075 1167 3216 1235 ('78),
3263 1181 3437 1237 quam
3480 1165 3581 1220 ubi

1903 1255 2262 1310 sacriﬁcium
2276 1257 2632 1328 virginitatis
2659 1256 2940 1313 otl‘ertur?
2971 1257 3058 1311 Ne
3090 1257 3142 1310 is
3174 1255 3411 1326 quidem
3443 1254 3581 1308 ﬁnis

1900 1344 2183 1399 audaciae.
2206 1344 2407 1398 Stabat
2428 1346 2499 1399 ad
2519 1361 2678 1399 aram
2703 1346 2806 1400 Dei
2830 1345 3074 1416 pudoris
3104 1344 3318 1413 hostia,
3346 1343 3581 1396 victima

1901 1434 2189 1486 castitatis
2226 1449 2236 1488 :
2276 1450 2432 1488 nunc
2465 1435 2639 1504 capiti
2675 1435 2977 1488 dexteram
3019 1433 3350 1488 sacerdotis
3383 1431 3579 1500 impo-

1897 1537 2080 1588 nens,
2143 1537 2378 1591 precem
2426 1539 2724 1593 poscens,
2775 1539 2930 1577 nunc
2977 1522 3158 1593 justae
3218 1521 3531 1591 impatiens
3562 1562 3576 1590 ,

1905 1626 2106 1678 morae,
2141 1627 2209 1664 ac
2240 1628 2534 1666 summum
2571 1613 2736 1666 altari
2779 1611 3049 1683 subjecta
3085 1612 3387 1665 verticem.
3424 1610 3580 1664 Num

180 1739 277 1776 sum
305 1698 468 1793 cu'jus
499 1698 773 1777 contenta
819 1723 1118 1788 thesauro,
1154 1720 1354 1790 patriae
1387 1718 1798 1774 successionis
1831 1741 1881 1802 Β
1909 1699 2142 1802 Πλθιίξιεν
2177 1700 2384 1802 infigit;
2409 1701 2663 1802 ‘mf‘fm‘te
2693 1717 2784 1802 m‘e
2816 1701 3187 1802 (ἶξιίιπξθξξξπθ
3219 1699 3441 1802 Ῡθξξλδίξ
3466 1698 3578 1802 (79ξ

181 1813 514 1867 emolumenta
550 1828 668 1866 non
699 1827 954 1883 quaeras.
980 1810 1206 1875 Quanto
1230 1808 1526 1864 dotalibus
1557 1809 1798 1880 praestat

179 1901 494 1972 compendiis
531 1905 696 1955 casta
735 1898 1082 1971 paupertas!

225 1989 295 2045 63.
334 1991 398 2045 Et
443 1994 642 2044 tamen
699 2006 873 2061 quam
922 1988 1173 2042 audistis
1215 1987 1528 2059 aliquando
1559 1988 1800 2056 propter

175 2079 386 2134 studium
417 2080 796 2150 integritatis,
832 2078 1109 2150 legitimae
1145 2076 1356 2130 factam
1388 2075 1797 2131 successionis

175 2173 421 2224 extorrem
439 2171 466 2224 ?
487 2169 911 2223 tlontradicunt
934 2169 1208 2238 parentes
1231 2181 1242 2220 :
1269 2165 1375 2220 sed
1394 2165 1598 2219 volunt
1614 2165 1792 2219 vinci.

177 2258 436 2312 Resistunt
485 2259 699 2328 primo,
746 2257 880 2328 quia
929 2256 1169 2310 credere
1207 2255 1444 2309 timent:
1480 2253 1797 2324 indignan-

175 2350 244 2399 tur
278 2346 628 2419 frequenter,
679 2350 741 2400 ut
798 2345 996 2400 discas
1040 2345 1278 2398 vincere
1317 2359 1328 2398 :
1364 2343 1794 2397 abdicationem

177 2435 437 2504 minantur,
471 2439 535 2490 ut
569 2438 792 2490 tentent
829 2435 878 2488 si
913 2437 1079 2504 potes
1124 2433 1398 2487 damnum
1441 2432 1647 2486 saeculi
1681 2447 1799 2485 non

177 2524 336 2578 timere
369 2542 380 2579 :
411 2525 689 2597 quaesitis
717 2524 1098 2578 blandiuntur
1125 2522 1446 2589 illecebris,
1472 2524 1534 2576 ut
1563 2521 1800 2574 videant

179 2612 215 2664 si
251 2615 524 2669 variarum
570 2614 796 2668 mollire
851 2614 994 2678 162
1026 2615 1081 2665 te
1141 2627 1258 2665 non
1297 2613 1470 2682 queat
1519 2608 1800 2664 blanditia

176 2693 506 2764 voluptatum.
568 2695 921 2764 Exerceris,
980 2696 1182 2768 virgo,
1231 2695 1367 2750 dum
1418 2695 1676 2766 cogeris.
1730 2694 1802 2748 Et

177 2780 271 2834 haec
289 2783 381 2836 tibi
402 2785 596 2854 prima
629 2785 964 2853 certamina,
989 2787 1162 2838 anxia
1181 2787 1486 2854 parentum
1502 2786 1634 2838 vota
1665 2799 1802 2854 pro-

177 2877 368 2938 ponunt.
419 2873 610 2927 Vince
658 2873 842 2943 prius,
894 2873 1106 2944 puella,
1163 2873 1454 2944 pietatem.
1506 2871 1569 2926 Si
1607 2872 1800 2925 vincis

177 2958 381 3030 domum,
414 2961 614 3016 vincis
648 2962 952 3016 saeculum.

227 3048 296 3104 64.
332 3050 441 3104 Sed
487 3054 646 3120 esto,
699 3055 970 3105 maneant
1011 3067 1120 3106 vos
1170 3051 1378 3106 damna
1427 3047 1800 3122 patrimonii;

1912 1788 2068 1859 quod
2099 1789 2425 1843 sanctificat
2484 1791 2612 1861 ipsa
2661 1790 2998 1845 velamina?
3045 1789 3186 1844 Plus
3236 1788 3370 1842 talis
3411 1787 3580 1841 decet

1911 1877 2238 1945 ﬂammeus,
2281 1879 2341 1932 in
2371 1895 2487 1952 quo
2520 1883 2693 1950 caput
2725 1881 2982 1934 omnium
3013 1878 3286 1933 Christus
3318 1876 3577 1948 quotidie

1911 1971 2314 2021 consecratur.
2347 1967 2495 2031 Quid
2527 1969 2703 2040 agitis
2741 1985 2873 2036 vos,
2907 1969 3274 2039 propinqui?
3305 1966 3445 2038 quid
3477 1981 3578 2020 ex-

1909 2056 2215 2126 quirendis
2252 2057 2444 2110 adhuc
2476 2058 2696 2127 nuptiis
2728 2057 3060 2113 sollicitatis
3090 2056 3391 2110 animum?
3420 2055 3576 2109 Jam-

1909 2144 2124 2198 dudum
2160 2145 2433 2214 provisas
2485 2147 2695 2201 habeo.
2739 2146 3037 2216 Sponsum
3071 2145 3295 2200 offertis
3329 2161 3342 2199 :
3376 2144 3576 2198 Melio-

1906 2247 2030 2286 rem
2063 2234 2277 2302 reperi.
2313 2233 2617 2298 Quaslibet
2648 2239 3005 2306 exaggerate
3054 2234 3311 2302 divitias,
3359 2232 3575 2304 jactate

1905 2321 2286 2391 nobilitatem,
2337 2323 2654 2392 praedicata
2704 2324 3020 2394 potentiam
3060 2323 3248 2376 habeo
3298 2337 3431 2376 eum
3481 2321 3577 2375 cui

1905 2425 2076 2464 nemo
2099 2426 2165 2464 se
2200 2415 2516 2482 comparet,
2551 2413 2791 2466 divitem
2813 2412 3052 2480 mundo,
3077 2413 3372 2482 potentem
3394 2411 3575 2481 impe-

1904 2499 2013 2568 rio,
2038 2500 2296 2554 nobilem
2328 2501 2498 2555 coelo.
2534 2500 2596 2556 Si
2618 2502 2791 2556 talem
2823 2502 3076 2570 habetis,
3101 2517 3220 2555 non
3249 2499 3440 2554 refuto
3468 2515 3576 2569 op-

1904 2588 2121 2643 tionem
2161 2604 2172 2643 :
2207 2589 2260 2642 si
2289 2605 2406 2643 non
2437 2590 2731 2661 reperitis,
2768 2606 2884 2645 non
2913 2589 3237 2660 providetis
3276 2588 3439 2659 mihi,
3471 2604 3576 2659 pa-

1906 2681 2126 2746 rentes,
2162 2678 2270 2732 sed
2301 2679 2600 2734 invidetis.

1977 2783 2066 2839 66.
2107 2784 2431 2839 Silentibus
2460 2786 2713 2853 caeteris,
2750 2802 2904 2840 unus
2934 2785 3262 2856 abruptius.
3301 2782 3449 2848 Quid
3493 2783 3576 2854 si,

1907 2873 2114 2944 inquit,
2149 2877 2314 2944 pater
2333 2878 2470 2928 tuus
2493 2875 2739 2945 viveret,
2772 2877 3031 2946 inuptam
3061 2879 3115 2929 te
3147 2889 3387 2929 monere
3415 2875 3580 2943 pate-

1908 2965 2111 3016 retur?
2159 2963 2305 3016 Tum
2337 2963 2433 3016 illa
2481 2963 2690 3035 majori
2723 2965 3031 3037 religione,
3067 2963 3456 3018 moderatiore
3488 2961 3580 3032 pi-

1911 3054 2078 3106 etate.
2115 3050 2184 3104 Et
2212 3051 2343 3106 ideo
2375 3052 2630 3107 fortasse
2664 3053 2880 3123 deﬁcit,
2914 3069 2987 3108 ne
3020 3053 3154 3124 quis
3178 3053 3332 3122 impe
3355 3051 3582 3105 dimen-

176 3136 260 3204 (Ti)
279 3154 455 3193 nonne
479 3139 843 3194 caducarum
874 3143 930 3194 et
954 3139 1252 3211 fragilium
1273 3138 1581 3209 dispendia
1613 3137 1800 3192 facul-
1833 3124 1882 3186 C
1911 3142 2031 3194 tum
2075 3141 2269 3210 possit
2318 3139 2526 3196 atl’erre
2572 3142 2704 3212 (80).
2752 3142 2919 3206 Quod
2976 3142 3074 3196 ille
3122 3155 3478 3210 responsum
3510 3139 3581 3192 de

176 3229 315 3280 tatum
367 3229 566 3283 futura
607 3229 739 3282 coeli
779 3245 962 3300 regna
1001 3229 1431 3299 compensant?
1459 3227 1802 3298 Quanquam

177 3316 213 3366 si
231 3317 401 3371 verbis
425 3317 778 3372 coelestibus
803 3318 1121 3387 credimus,
1139 3333 1308 3372 nemo
1323 3321 1412 3372 est
1430 3318 1530 3389 qui
1551 3316 1804 3387 relique-

178 3403 229 3456 rit
253 3405 486 3476 domum,
523 3409 626 3460 aut
656 3410 952 3477 parentes,
987 3410 1086 3460 aut
1133 3407 1368 3476 fratres,
1403 3409 1501 3460 aut
1532 3421 1800 3474 uxorem,

179 3499 246 3546 aut
271 3495 428 3560 filios,
463 3500 711 3567 propter
740 3512 989 3568 regnum
1024 3497 1150 3566 Dei,
1184 3500 1239 3551 et
1269 3513 1387 3551 non
1416 3495 1658 3565 recipiat
1679 3509 1808 3564 sep-

175 3583 253 3636 ties
271 3587 476 3639 tantum
499 3587 561 3639 in
597 3585 710 3639 hoc
742 3589 1003 3656 tempore
1039 3601 1050 3640 :
1079 3587 1138 3639 in
1175 3585 1396 3640 saeculo
1429 3587 1623 3639 autem
1655 3599 1805 3638 ven-

179 3675 276 3726 turo
316 3677 485 3730 vitam
535 3679 820 3730 aeternam
868 3675 1200 3746 possidebit
1245 3674 1482 3746 (Matth.
1526 3690 1648 3742 χιχ,
1691 3673 1804 3742 29).

179 3759 324 3818 Crede
355 3764 527 3820 fidem
559 3769 722 3820 tuam
740 3765 895 3834 Deo;
929 3781 1061 3836 quae
1086 3764 1308 3819 homini
1329 3763 1640 3834 pecuniam
1672 3776 1805 3816 cre-

229 3906 450 4033 (76)bIS_itc
495 3924 649 3963 mss.
699 3923 904 3962 omnes
936 3907 1058 3962 edit
1091 3923 1103 3962 :
1137 3922 1299 3976 vero,
1335 3906 1540 3961 domus
1555 3905 1805 3977 patriae-

229 3994 262 4028 li"
289 3995 315 4031 ο
378 3998 393 4033 ι
426 3997 482 4033 8.

182 3991 262 4045 qua
289 3981 482 4035 oblita.

232 4049 322 4117 (Ti)
359 4051 507 4106 Edit.
547 4051 719 4105 Rom.
769 4049 917 4119 sola,
950 4050 1060 4105 sed
1096 4050 1235 4119 quid
1264 4049 1460 4104 refert
1493 4054 1550 4104 te
1572 4064 1644 4103 an
1679 4053 1808 4104 tuos

180 4130 405 4193 maneant
436 4123 650 4177 damna
675 4122 1063 4193 patrimonii?
1097 4120 1166 4174 Et
1202 4121 1371 4193 infra,
1408 4125 1466 4193 et
1500 4137 1612 4174 non
1644 4120 1806 4174 reci-

175 4189 464 4266 piatmnlto
488 4189 733 4266 plural.
765 4193 942 4246 vitam
961 4199 1267 4247 aeternam.
1296 4191 1510 4261 Crede,
1536 4195 1648 4266 etc.

247 4263 324 4335 :78)
349 4263 566 4320 Omnes
588 4265 750 4329 cdit.,
783 4265 951 4334 virgo
971 4269 1343 4333 recurreret,
1372 4280 1536 4335 quam
1555 4264 1671 4331 ubi,
1689 4266 1802 4317 etc.

231 4333 325 4400 (79)
346 4338 580 4391 Amerb.
617 4340 790 4406 atque
812 4333 945 4398 Era.
971 4336 1125 4390 Num
1156 4333 1396 4401 melius;
1419 4335 1608 4406 inquit
1639 4351 1806 4405 quam

1909 3233 2092 3299 patre,
2127 3230 2198 3284 de
2229 3246 2294 3284 se
2327 3230 2647 3300 oraculum,
2673 3233 2898 3284 maturo
2949 3231 3040 3284 sui
3074 3229 3344 3300 probavit
3375 3227 3577 3282 exitio.

1909 3317 1990 3371 Ita
2014 3319 2209 3373 caeteri
2230 3319 2434 3374 eadem
2453 3318 2567 3372 sibi
2592 3320 2844 3390 quisque
2866 3321 3214 3387 metuentes,
3240 3317 3438 3371 favere
3463 3331 3582 3370 cce-

1908 3411 2138 3477 perunt,
2183 3407 2284 3478 qui
2331 3407 2615 3478 impedire
2660 3408 3004 3479 quaerebant
3055 3423 3164 3462 nec
3207 3405 3582 3476 dispendium

1910 3496 2238 3550 debitarum
2281 3497 2469 3551 attulit
2514 3497 2825 3568 virginitas
2859 3496 3218 3564 facultatum,
3254 3495 3360 3550 sed
3409 3494 3582 3549 etiam

1911 3584 2366 3641 emolumentum
2399 3586 2752 3657 integritatis
2771 3586 3016 3656 accepit.
3053 3585 3318 3654 Habetis,
3345 3583 3580 3655 puellae,

1910 3675 2242 3730 devotionis
2291 3675 2598 3745 praemium
2647 3677 2944 3746 parentes,
2981 3677 3181 3729 cavete
3232 3672 3582 3730 offensionis

1912 3764 2266 3835 exemplum.

1911 3907 2229 3962 Dicebatur
2257 3910 2449 3962 autem
2497 3907 2743 3962 maforte
2777 3922 2886 3962 seu
2915 3909 3199 3976 mavorte,
3248 3909 3310 3960 ut
3349 3905 3583 3961 Cassia-

1911 3995 2024 4032 nus
2057 3979 2157 4032 lib.
2207 3997 2223 4032 ι
2273 3995 2400 4049 cap.
2442 3979 2495 4048 ’7,
2521 3979 2716 4042 velum
2746 3979 3060 4050 quoddam,
3092 3994 3207 4049 quo
3238 3979 3492 4049 virginis
3524 3977 3584 4032 in

1912 4051 2358 4104 consecratione
2388 4067 2497 4104 sua
2529 4054 2700 4119 caput
2729 4050 3124 4120 operiebatur,
3149 4066 3267 4105 non
3295 4066 3474 4104 secus
3513 4065 3582 4102 ac

1910 4122 2243 4175 ﬂammeum
2275 4123 2402 4175 sive
2428 4124 2731 4174 ﬂammeus
2782 4137 2896 4191 quo
2932 4121 3164 4191 puellae,
3209 4122 3346 4176 dum
3380 4121 3582 4174 matri-

1912 4193 2108 4246 monio
2146 4193 2590 4262 cepulabantur,
2618 4193 2828 4246 faciem
2859 4192 3257 4259 obnubebant,
3284 4192 3438 4246 unde
3469 4207 3582 4245 nu-

1911 4264 2054 4335 bere
2078 4265 2414 4335 nuptiaeque
2447 4263 2835 4318 deducuntur.
2871 4265 3137 4317 Attamen
3161 4277 3582 4335 nonnunquam

1915 4334 2088 4388 etiam
2111 4333 2416 4390 ﬂammeus
2436 4336 2506 4388 de
2537 4335 2668 4390 velo
2687 4335 2901 4388 dicitur
2921 4335 3213 4405 virgineo,
3240 4339 3301 4388 ut
3319 4334 3431 4388 hoc
3451 4333 3581 4401 ipso

181 4401 334 4460 altare
372 4409 588 4462 velabit
621 4401 754 4462 Gill.
799 4412 853 4462 et
905 4408 1072 4478 llom.
1121 4406 1274 4478 Num
1321 4401 1546 4478 melius,
1590 4401 1800 4478 inquit,
1833 4411 1886 4472 D
1915 4405 2065 4478 loco,
2092 4407 2248 4477 quod
2268 4407 2418 4460 infra
2441 4406 2642 4460 videre
2673 4405 2785 4460 erit
2807 4401 3076 4478 pluribus
3108 4401 3278 4459 locis.

182 4482 337 4529 mater
378 4485 433 4532 tu
480 4496 596 4545 me,
637 4495 809 4549 quam
853 4477 1044 4532 altare
1098 4477 1358 4549 velabit?
1405 4477 1620 4548 optime
1668 4477 1810 4533 vero

182 4549 338 4600 cuncti
361 4566 501 4605 mss.
535 4548 692 4606 Num
715 4549 945 4620 melius,
980 4550 1194 4622 inquit,
1229 4548 1504 4620 maforte,
1539 4551 1649 4603 etc.

1985 4473 2292 4546 (80)'Rom.
2329 4478 2465 4532 edit.
2505 4494 2638 4531 cum
2669 4473 2876 4547 paucis
2907 4491 3056 4531 mss.
3108 4493 3181 4532 ne
3220 4474 3369 4548 quod
3400 4473 3581 4545 impe-

1914 4549 2235 4605 dimentum
2250 4556 2455 4621 posset
2486 4548 2735 4604 afferre.
