3932 6152
417 224 540 290 219

1858 206 1925 272 S.
1972 204 2415 272 AMBROSII.

3756 199 3872 266 220

426 390 3820 429 MWM

1590 534 1964 620 LIBER
2034 528 2714 612 SECUNDUS.

861 892 1002 958 163
1041 891 1292 948 CAPUT
1335 888 1658 945 PRIMUM.

418 1000 776 1060 Ambrosius
805 1002 912 1056 lioc
941 1000 1100 1055 libro
1136 1000 1431 1071 virginum
1464 1011 1661 1071 mores
1688 992 2092 1071 instituendos

494 1090 631 1131 esse
661 1090 788 1128 cum
817 1076 1191 1144 agnosceret,
1213 1062 1320 1144 (fur
1349 1067 1748 1144 exemplorum
1769 1065 1938 1144 .viam

488 1134 886 1218 proposuerit,
922 1143 1093 1218 docet
1143 1134 1284 1218 inde
1329 1134 1811 1218 praesrimptionis
1858 1134 2089 1218 invidia

491 1210 615 1273 abs'
629 1231 697 1271 se
728 1231 893 1287 quam
923 1210 1364 1287 modestissime
1394 1210 1691 1287 derivata,
1729 1223 1837 1262 cur
1852 1210 2091 1287 scripto

485 1287 687 1361 potius
716 1282 882 1361 q'uam
921 1300 1058 1341 voce
1087 1284 1151 1340 id
1172 1297 1498 1355 aggressus
1527 1282 1632 1349 sit,
1667 1283 1882 1335 monet.

497 1392 550 1448 1.
582 1391 899 1463 Superiora
944 1390 1097 1445 libro
1147 1391 1427 1462 quantum
1480 1385 1835 1460 virginitatis
1876 1398 2091 1438 munus

432 1482 531 1552 sit,
577 1481 875 1535 voluimus
906 1481 1047 1550 (non
1096 1480 1250 1535 enim
1279 1477 1600 1548 potuimus)
1646 1474 1942 1545 explicare
1978 1471 2091 1541 (81)

421 1573 487 1627 ut
514 1585 621 1641 per
640 1585 707 1626 se
740 1568 1003 1624 caelestis
1028 1569 1215 1640 gratia
1238 1566 1501 1622 muneris
1524 1563 1729 1620 invitet
1757 1559 2088 1634 legendam.

422 1658 696 1718 Secundo
726 1658 877 1713 libro
908 1657 1200 1729 virginem
1240 1656 1466 1711 institui
1499 1655 1685 1722 decet,
1726 1654 1781 1707 et
1814 1654 2092 1722 tanquam

423 1746 877 1819 competentium
905 1748 1340 1816 praeceptorum
1372 1742 1736 1816 magisteriis
1768 1739 2009 1795 erudiri.

494 1837 548 1892 ἓ.
589 1836 708 1892 Sed
739 1836 1017 1907 quoniam
1061 1851 1172 1889 nos
1214 1833 1432 1888 infirmi
1472 1833 1543 1886 ad
1581 1828 1935 1886 monendum
1979 1827 2093 1896 (82)

422 1941 653 1995 sumus,
688 1928 745 1979 et
787 1924 1041 1994 impares
1091 1924 1163 1977 ad
1214 1922 1543 1978 docendum
1576 1919 1773 1992 (debet
1801 1918 1955 1972 enim
1998 1916 2093 1971 bis

422 2014 524 2088 qui
554 2014 725 2069 docet
753 2028 935 2084 supra
965 2028 1097 2068 eum
1129 2013 1227 2083 qui
1258 2012 1503 2066 docetur
1532 2008 1866 2077 excellere),
1896 2021 1969 2061 ne
1999 2005 2094 2062 vel

422 2105 771 2173 susceptum
799 2101 1144 2157 deseruisse
1176 2116 1412 2168 munus,
1446 2099 1537 2154 vel
1571 2097 1744 2152 nobis
1771 2109 2094 2167 arrogasse

2117 845 2178 907 Α
2284 863 2420 918 vitae
2449 862 2763 934 asperitas,
2798 875 3075 934 secessus
3090 874 3287 934 amor;
3321 876 3445 934 quae
3476 858 3708 932 quidem
3745 858 3867 934 vir-

2279 940 2374 989 tus
2403 929 2871 988 ubi'testimanio
2903 930 3249 1002 evangelica
3281 929 3531 1001 probata
3570 936 3682 1002 est,
3733 929 3868 1002 inde

2278 1007 2456 1060 etiam
2475 1004 2603 1076 ejus
2615 1005 2811 1076 pietas
2839 1019 2981 1076 erga
2997 1000 3379 1076 propinquas,
3400 1001 3676 1057 discendi
3692 1000 3869 1076 sedu-

2276 1076 2436 1141 litas,
2474 1070 2647 1147 atque
2684 1074 2949 1147 adeundi
2979 1070 3180 1145 templi
3216 1070 3872 1147 studiumcommenda-

2280 1153 2397 1201 tur.
2447 1142 2756 1200 Narratur
2808 1145 3063 1217 denique
3092 1142 3585 1217 'quemadmodurn
3615 1142 3737 1217 illa
3794 1147 3872 1217 tot

2276 1217 2626 1272 muneribus
2669 1212 2979 1283 exornata,
3016 1212 3350 1269 innumeris
3401 1213 3739 1285 virginibus
3779 1212 3876 1285 ob-

2283 1291 2435 1342 viam
2484 1294 2727 1342 ventura
2775 1288 2876 1354 sit,
2917 1303 3025 1341 nec
3052 1288 3185 1341 sine
3239 1284 3551 1355 magnifico
3584 1284 3875 1355 triumpho

2277 1360 2354 1415 ad
2375 1359 2687 1413 thalamum
2720 1360 2941 1430 sponsi,
2959 1364 3017 1412 et
3037 1357 3303 1430 caelestia
3325 1354 3541 1412 altaria
3573 1354 3786 1429 quibus
3805 1354 3871 1409 ob

2278 1432 2613 1486 castitatem
2636 1428 2867 1484 similes
2887 1428 3080 1499 fuere,
3106 1428 3456 1483 deductura.

2275 1554 2327 1610 6.
2371 1554 2457 1609 Sit
2486 1555 2669 1627 igitur
2699 1554 2870 1608 vobis
2901 1556 3177 1624 tanquam
3199 1553 3258 1606 in
3290 1552 3546 1624 imagine
3582 1549 3875 1620 descripta

2205 1643 2518 1714 virginitas
2551 1643 2666 1696 vita
2717 1642 2915 1697 Mariae
2947 1642 3018 1696 de
3055 1657 3169 1714 qua
3214 1640 3377 1695 velut
3424 1639 3670 1710 speculo
3700 1638 3876 1693 reful-

2205 1734 2340 1804 geat
2369 1732 2603 1801 species
2637 1731 2921 1785 castitatis
2953 1730 3064 1799 (8i)
3102 1732 3158 1784 et
3207 1728 3393 1784 forma
3425 1728 3681 1782 virtutis.
3723 1726 3873 1781 Hinc

2206 1821 2454 1875 sumatis
2512 1820 2648 1874 licet
2697 1818 2962 1889 exempla
3008 1818 3275 1886 vivendi,
3336 1817 3435 1872 ubi
3486 1820 3766 1887 tanquam
3827 1816 3881 1870 in

2205 1909 2527 1979 exemplari
2548 1909 2888 1981 magisteria
2907 1923 3193 1978 expressa
3225 1906 3560 1977 probitatis,
3584 1905 3722 1977 quid
3746 1920 3882 1959 cor-

2204 1997 2421 2068 rigere,
2455 1997 2596 2068 quid
2642 1997 2928 2069 effingere
2969 1996 3102 2067 (85),
3149 1995 3289 2068 quid
3338 1998 3538 2049 tenere
3590 1993 3880 2059 debeatis,

2207 2086 2547 2140 ostendunt.

423 2167 677 2263 amplius
717 2191 1075 2259 videremur,
1114 2167 1403 2260 exemplis
1432 2187 1629 2258 potius
1660 2202 1833 2257 quam
1864 2199 2093 2254 Pl‘mce-
2123 2167 2176 2229 Β
2278 2193 2328 2247 Ἳ.
2375 2193 2610 2247 Primus
2641 2191 2908 2247 discendi
2948 2191 3126 2246 ardor
3155 2190 3433 2245 nobilitas
3465 2194 3557 2244 est
3588 2188 3882 2261 magistri.

419 2280 538 2354 ptis
566 2280 901 2352 putavimus
924 2279 1300 2334 imbuendum
1320 2278 1454 2332 licet
1475 2274 1728 2345 amplius
1753 2272 2094 2344 proficiatur

422 2369 694 2440 exemplo
724 2369 1003 2440 quoniam
1025 2383 1135 2422 nec
1166 2366 1407 2422 difficile
1436 2365 1591 2436 quod
1610 2363 1733 2435 jam
1768 2363 1982 2416 factum
2004 2363 2098 2415 est

421 2457 766 2528 mstimatur,
802 2461 857 2512 et
888 2456 1027 2512 utile
1071 2455 1227 2527 quod
1280 2455 1608 2526 probatum,
1644 2456 1699 2506 et
1745 2450 2095 2521 religiosum

421 2546 582 2617 quod
619 2545 995 2600 hereditario
1027 2545 1280 2616 quodam
1328 2546 1586 2614 paterna;
1618 2540 1853 2595 virtutis
1887 2554 2003 2592 usu
2035 2537 2095 2590 in

416 2649 529 2691 nos
551 2637 645 2690 est
672 2634 1061 2690 successione
1090 2632 1481 2687 transfusum.

491 2722 546 2778 3.
569 2722 739 2788 Quod
768 2724 823 2777 si
851 2723 986 2793 quis
1016 2738 1126 2777 nos
1149 2719 1631 2791 praesumptionis
1650 2717 1864 2790 arguit,
1885 2719 2098 2789 arguat

419 2811 617 2885 potius
647 2810 1012 2882 sedulitatis;
1060 2810 1195 2882 quia
1246 2810 1593 2881 rogantibus
1640 2806 1975 2879 virginibus
2019 2820 2091 2859 ne

418 2898 533 2955 hoc
562 2899 798 2973 quidem
848 2900 1045 2971 putavi
1087 2899 1442 2971 negandum.
1482 2896 1658 2953 Malui
1692 2895 1849 2949 enim
1897 2909 1989 2948 me
2031 2894 2090 2947 in

416 2988 746 3060 periculum
773 2988 982 3044 deduci
1028 2988 1295 3060 pudoris,
1338 3002 1513 3058 quam
1544 3001 1661 3039 non
1691 2983 1944 3055 obsequi
1974 2998 2083 3037 vo-

417 3076 625 3133 luntati
662 3093 893 3148 earum,
934 3093 1183 3150 quarum
1231 3076 1444 3132 studiis
1484 3075 1658 3130 etiam
1688 3073 1849 3128 Deus
1882 3074 2089 3126 noster

417 3165 653 3239 placido
684 3182 750 3222 se
780 3167 1048 3240 indulget
1068 3182 1348 3221 assensu.

490 3255 546 3312 4.
580 3255 697 3311 Sed
727 3272 917 3327 neque
939 3255 1324 3327 praesumptio
1358 3253 1547 3308 notari
1577 3254 1789 3323 potest,
1814 3250 2091 3322 quoniam

420 3360 556 3401 cum
602 3345 889 3401 baberent
954 3345 1107 3399 unde
1174 3344 1511 3411 discerent,
1563 3340 1835 3395 affectum
1894 3339 2091 3410 potius

417 3448 594 3507 quam
622 3433 1028 3504 magisterium
1050 3433 1454 3505 quasiverunt
1477 3447 1668 3485 meum
1695 3446 1707 3485 :
1734 3433 1790 3484 et
1812 3422 2097 3484 excusari

416 3492 703 3577 sedulitas
720 3492 889 3593 "(83);
936 3492 1215 3593 quoniam
1261 3538 1394 3576 cum
1439 3520 1723 3575 baberent
1768 3518 2088 3573 auetorita-
2129 3492 2179 3554 Ο

414 3614 535 3667 tem
564 3613 839 3683 martyris
871 3611 941 3665 ad
975 3611 1414 3667 observantiam
1446 3608 1797 3680 disciplina},
1831 3623 1949 3661 non
1983 3622 2088 3660 su-

414 3700 705 3773 pernuum
746 3700 1033 3772 judicavi,
1076 3700 1127 3753 si
1159 3699 1349 3755 nostri
1387 3698 1685 3754 sermonis
1744 3696 2086 3751 blanditiam

417 3788 746 3844 derivarem
777 3789 850 3843 nd
886 3788 1283 3859 professionis
1330 3788 1690 3842 illecebram.
1726 3786 1826 3841 Ille
1872 3785 2087 3839 docere
2124 3820 2139 3833 .

416 3875 654 3948 faciliis,
715 3878 815 3948 qui
860 3892 1074 3933 severo
1111 3877 1249 3931 vitia
1283 3881 1517 3932 coercet
1548 3874 1761 3931 affectu
1796 3890 1808 3930 :
1846 3889 1956 3929 nos
1986 3873 2088 3945 qui

415 3966 630 4022 docere
653 3982 772 4021 non
803 3981 1148 4036 possumus,
1182 3965 1573 4027 blandiamur.

485 4055 539 4109 5.
581 4054 652 4109 Et
680 4056 957 4127 quoniam
989 4055 1286 4125 pleraeque
1315 4054 1595 4109 absentes
1628 4052 1817 4108 nostri
1848 4052 2087 4107 deside-

414 4143 624 4201 rabant
653 4143 948 4199 sermonis
978 4159 1172 4212 usum,
1208 4142 1484 4197 volumen
1514 4142 1629 4197 hoc
1659 4141 1892 4195 condidi
1919 4156 1931 4195 :
1967 4156 2085 4212 quo

414 4233 698 4305 profectae
731 4233 802 4287 ad
834 4248 900 4287 se
935 4232 1101 4287 vocis
1125 4248 1271 4291 meae
1303 4248 1516 4287 munus
1556 4234 1845 4299 tenentes,
1872 4229 2086 4284 deesse

414 4338 534 4378 non
564 4322 891 4392 crederent,
925 4336 1100 4393 quem
1138 4323 1427 4377 tenerent.
1460 4320 1577 4375 Sed
1607 4319 1908 4391 proposita
1949 4334 2088 4390 per-

418 4424 761 4487 sequamur.

982 4501 1015 4563 1
1029 4499 1126 4564 64
1164 4497 1417 4553 CAPUT
1458 4498 1529 4553 ll.

426 4615 777 4699 Virginibus
806 4615 1132 4699 exemplum
1163 4614 1375 4699 Maria)
1400 4613 2089 4699 proponiturhcuju'suva-

484 4683 598 4743 riae
649 4689 906 4742 virtutes
948 4683 1412 4756 enumerantur,
1440 4683 1723 4755 castitas,
1762 4683 2086 4753 humilitas,

485 4826 599 4899 (81)
619 4828 838 4884 Omnes
868 4830 1027 4911 edit.,
1064 4828 1411 4911 revolvimus,
1439 4843 1562 4911 .non
1604 4827 1760 4911 enim
1792 4827 2089 4898 potuimus
2114 4849 2169 4911 D

414 4898 623 4955 omnes
655 4916 825 4968 mss.,
866 4900 1168 4969 voluimus,
1201 4903 1313 4954 etc.
1345 4898 1593 4970 Optime,
1628 4902 1689 4954 ut
1719 4914 1939 4953 sensus
1980 4913 2088 4968 per

416 4985 484 5026 se
516 4971 663 5025 satis
695 4970 973 5024 declarat.

484 5041 598 5111 (82)
618 5040 767 5095 Edit.
788 5040 1086 5095 nonnullae
1104 5040 1316 5107 Paris.,
1350 5039 1576 5095 inﬁrmi
1606 5041 1682 5096 ad
1712 5039 2080 5095 movendum.

416 5112 588 5167 Haud
618 5112 829 5183 inscite
877 5111 1134 5183 quidem,
1178 5111 1229 5164 si
1276 5111 1472 5183 aliquo
1509 5112 1647 5167 edit.
1699 5112 1944 5166 aliarum
1986 5111 2080 5165 vel

415 5198 564 5238 mss.
598 5182 881 5253 praesidio
912 5182 1255 5253 niterentur.

485 5252 617 5324 (83f
636 5253 854 5324 Omnes
894 5252 1054 5318 edit.,
1090 5257 1156 5324 et,
1185 5253 1464 5306 excusari
1500 5253 1793 5324 sedulitas
1826 5269 1938 5307 non
1977 5268 2084 5323 po-

417 5330 536 5379 test
568 5322 729 5378 nullo
770 5324 864 5379 vel
905 5322 1200 5376 contrario
1242 5338 1447 5390 sensu,
1481 5323 1735 5377 tollenda
1765 5325 1923 5378 enim
1956 5322 2085 5378 om-

414 5396 555 5450 nino
578 5396 808 5465 negatis
834 5411 846 5449 :
873 5394 981 5448 sed
1004 5394 1172 5465 deest
1200 5394 1373 5447 etiam
1405 5394 1651 5448 verbum
1679 5395 1740 5448 in
1759 5411 1906 5465 mss.
1927 5394 2085 5465 quod

415 5464 981 5538 subintelligendum
1010 5464 1380 5535 relinquitur.
1404 5465 1619 5538 Iterum
1641 5480 1783 5520 vero
1801 5464 1903 5538 ubi
1934 5464 2085 5538 legi-

413 5540 513 5592 tur
540 5537 601 5591 in
631 5536 748 5592 vet;
772 5536 910 5592 edit.
942 5552 1012 5591 ac
1044 5551 1194 5591 mss.
1229 5536 1643 5591 auctoritatem
1673 5536 1906 5606 matris,
1939 5536 2087 5590 etin

415 5607 554 5673 edit.
583 5609 787 5681 Rom.,
813 5623 962 5664 mss.
994 5606 1129 5662 aliis
1172 5606 1443 5678 habetur,
1482 5607 1895 5663 auctoritatem
1924 5622 2086 5664 mar-

2208 2281 2359 2348 Quid
2380 2281 2640 2337 nobilius
2660 2280 2762 2334 Dei
2786 2283 3009 2334 matre?
3030 2280 3170 2351 quid
3194 2279 3567 2350 splendidius
3596 2294 3684 2347 ea,
3705 2294 3883 2349 quam

2212 2371 2495 2442 splendor
2525 2370 2752 2442 elegit?
2790 2369 2929 2441 quid
2963 2369 3188 2423 castius
3222 2384 3289 2423 ea
3328 2384 3460 2439 quae
3494 2383 3709 2438 corpus
3755 2367 3885 2420 sine

2214 2460 2485 2530 corporis
2545 2458 2896 2530 contagione
2951 2456 3299 2529 generavit?
3349 2456 3498 2510 Nam
3543 2456 3613 2510 de
3646 2456 3884 2510 caeteris

2214 2546 2348 2618 ejus
2412 2547 2729 2602 virtutibus
2784 2547 2924 2618 quid
2982 2546 3238 2617 loquar?
3300 2544 3478 2616 '.'irgo
3529 2548 3653 2598 erat
3690 2542 3794 2604 (Cf
3826 2543 3884 2598 S.

2214 2640 2369 2708 Aug.
2401 2636 2502 2691 lib.
2536 2653 2593 2689 IV
2626 2636 2699 2690 de
2732 2636 2895 2690 Doct.
2936 2634 3161 2689 Christ.
3188 2650 3239 2688 c.
3272 2634 3361 2701 21)
3394 2632 3727 2687 nonsolum
3750 2648 3887 2687 cor-

2213 2741 2376 2796 pore,
2412 2725 2520 2779 sed
2548 2724 2721 2779 etiam
2752 2728 2964 2792 mente,
3004 2740 3137 2794 quae
3170 2722 3329 2777 nullo
3361 2722 3476 2775 doli
3500 2722 3721 2776 ambitu
3758 2722 3888 2775 sin-

2214 2829 2415 2869 cerum
2442 2813 2796 2868 adulteraret
2826 2811 3098 2867 affectum
3132 2828 3144 2866 :
3181 2811 3358 2866 corde
3382 2810 3641 2877 humilis,
3679 2810 3886 2864 verbis

2211 2903 2438 2975 gravis,
2489 2902 2666 2956 animi
2706 2901 2987 2972 prudens,
3038 2899 3315 2972 loquendi
3353 2900 3605 2970 parcior,
3645 2898 3891 2970 legendi

2212 2991 2539 3046 studiosior
2571 3006 2583 3046 :
2618 3006 2736 3045 non
2767 2990 2826 3043 in
2846 2990 3070 3044 incerto
3100 2988 3454 3057 divitiarum,
3487 2988 3595 3043 sed
3615 2988 3674 3041 in
3704 3003 3889 3058 prece

2211 3096 2533 3151 pauperum
2556 3095 2722 3150 spem
2744 3093 3069 3150 reponens:
3094 3078 3314 3132 intenta
3337 3078 3521 3148 operi,
3546 3076 3890 3131 verecunda

2210 3184 2507 3238 sermone,
2539 3168 2823 3223 arbitrum
2856 3168 3067 3222 mentis
3087 3166 3259 3222 solita
3290 3182 3408 3221 non
3438 3164 3888 3234 hominem,sed

2166 3266 2177 3278 '
2210 3258 2396 3313 Deum
2431 3258 2700 3329 quierere
2735 3272 2748 3311 :
2781 3256 3006 3310 nullum
3049 3255 3291 3324 lardere,
3325 3254 3475 3309 bene
3508 3254 3657 3309 velle
3688 3254 3893 3307 omni-

2207 3347 2343 3417 bus,
2367 3362 2687 3417 assurgere
2708 3344 3036 3417 majoribus
3062 3347 3219 3414 natu,
3242 3344 3571 3416 (equalibus
3586 3359 3702 3398 non
3730 3342 3889 3398 invi-

2209 3436 2370 3505 dere,
2406 3435 2613 3508 fugere
2638 3433 3001 3506 jactantiam,
3017 3434 3305 3487 rationem
3326 3432 3520 3503 sequi,
3543 3447 3746 3486 amare
3765 3431 3896 3485 vir-

2207 3528 2408 3579 tutem.
2432 3523 2677 3590 Quando
2707 3524 2819 3577 ista
2849 3522 2943 3576 vel
2971 3523 3136 3577 vultu
3154 3522 3309 3576 laesit
3336 3522 3655 3592 parentes?
3684 3536 3890 3591 quan-

2207 3614 2281 3669 do
2312 3613 2599 3668 dissensit
2628 3628 2660 3665 a
2689 3611 3039 3683 propinquis
3060 3612 3089 3665 ?
3118 3610 3353 3682 quando
3384 3609 3671 3664 fastidivit
3686 3607 3892 3664 humi-

2205 3701 2359 3758 lem?
2375 3701 2609 3774 quando
2622 3700 2830 3756 derisit
2842 3700 3094 3754 debilem
3108 3702 3136 3754 ?
3152 3699 3387 3771 quando
3401 3699 3605 3752 vitavit
3620 3698 3893 3769 inopem;

2206 3807 2311 3846 eos
2343 3791 2509 3846 solos
2554 3790 2728 3844 solita
2759 3792 2948 3843 coetus
2980 3789 3243 3843 virorum
3274 3788 3556 3857 invisere,
3591 3803 3753 3858 quos
3786 3787 3895 3841 mi-

2206 3879 2532 3935 sericordia
2601 3894 2721 3934 non
2792 3878 3211 3947 erubesceret,
3287 3892 3481 3948 neque
3552 3878 3896 3947 praeteriret

2202 3968 2611 4024 verecundia?
2641 3967 2802 4023 Nihil
2846 3971 3079 4022 torvum
3130 3966 3189 4021 in
3238 3965 3449 4036 oculis,
3480 3964 3623 4020 nihil
3656 3965 3719 4018 in
3756 3968 3897 4019 actu

2203 4058 2707 4113 inverecundum:
2742 4072 2861 4111 non
2892 4058 3102 4128 gestus
3134 4055 3391 4119 fractior,
3434 4070 3553 4108 non
3598 4053 3895 4108 incessus

2204 4146 2472 4216 solutior,
2498 4162 2615 4201 non
2636 4161 2755 4200 vox
2786 4144 3175 4215 petulantior;
3200 4147 3261 4199 ut
3284 4143 3412 4213 ipsa
3436 4142 3708 4214 corporis
3747 4159 3899 4214 spe-

2205 4237 2330 4290 cies
2380 4234 2763 4289 simulacrum
2811 4233 2988 4288 t'uerit
3046 4233 3260 4287 mentis
3304 4232 3495 4304 figura
3542 4231 3895 4311 probitatis.

2203 4325 2365 4379 Bona
2395 4323 2611 4396 quippe
2628 4323 2840 4377 domus
2863 4322 2922 4376 in
2942 4322 3074 4391 ipso
3093 4320 3392 4375 vestibulo
3412 4320 3588 4375 debet
3601 4321 3895 4392 agnosci,

2202 4429 2272 4467 ac
2303 4413 2491 4484 primo
2519 4411 2845 4483 praetendat
2875 4411 3155 4482 ingressu
3199 4409 3345 4463 nihil
3386 4408 3547 4463 intus
3576 4408 3770 4464 latere
3810 4413 3901 4464 te-

2203 4502 2554 4571 nebrarum;
2580 4505 2639 4555 ut
2666 4516 2835 4555 mens
2867 4503 3070 4554 nostra
3101 4498 3280 4553 nullis
3316 4496 3619 4569 repagulis
3659 4513 3899 4569 corpo-

2202 4591 2429 4646 ralibus
2476 4589 2589 4661 (86)
2619 4589 2915 4659 impedita,
2968 4592 3246 4659 tanquam
3291 4587 3550 4642 lucernae
3582 4587 3684 4641 lux
3718 4587 3898 4643 intus

2201 4680 2394 4751 posita
2426 4678 2575 4733 foris
2607 4677 2819 4733 luceat.

2206 4823 2364 4897 tyris
2380 4841 2399 4888 ;
2429 4821 2681 4893 denique
2710 4836 2817 4891 pro
2848 4820 3223 4897 derivaren},
3248 4819 3405 4891 quod
3427 4822 3485 4874 et
3506 4818 3566 4897 i_n
3596 4819 3902 4897 omnibus

2202 4889 2339 4950 e'dit.
2373 4910 2442 4949 ac
2473 4889 2620 4948 mss.
2645 4889 2966 4956 nonnullis,
3000 4891 3097 4945 alii
3129 4889 3331 4962 plures
3374 4890 3730 4946 concinnius
3778 4907 3901 4945 ex-

2203 4965 2409 5022 hibent
2429 4964 2564 5020 deri
2576 4980 2796 5019 varam.

2273 5037 2386 5107 (84)
2417 5035 2496 5090 Ita
2530 5050 2677 5090 mss.
2727 5034 2928 5107 plures
2959 5049 3028 5089 ac
3075 5033 3338 5107 potiores
3374 5049 3387 5088 :
3421 5032 3789 5107 alii_autem,
3838 5035 3900 5107 te

2203 5103 2411 5164 omnes
2443 5107 2604 5177 edit.,
2645 5103 2985 5177 virginitas,
3017 5105 3259 5177 ‘vitaque
3290 5104 3480 5177 beatae
3513 5103 3758 5177 Mariae,
3820 5104 3906 5159 de

2202 5196 2317 5253 qua
2333 5177 2490 5253 velut
2513 5178 2575 5232 in
2591 5174 2835 5253 speculo
2864 5174 3389 5253 refulget_species
3414 5174 3743 5243 castitatis,
3774 5178 3906 5230 etc.

2272 5232 2642 5320 iOmnes:
2682 5248 2843 5316 edit.,
2897 5232 3336 5320 quid'ell‘uyere
3359 5261 3526 5320 “mss.
3572 5232 3914 5320 νθιρέρθιυ-

2199 5314 2325 5390 tim,
2351 5314 2489 5393 quid
2519 5314 2836 5393 diffugere
2860 5314 3097 5393 partim,
3124 5314 3278 5393 quid,
3305 5315 3635 5393 adtingere,
3664 5314 3739 5368 Et
3762 5314 3911 5372 ‘hoc

2199 5387 2567 5449 commodius
2600 5395 2691 5446 est
2737 5389 3023 5461 efﬁngere
3044 5388 3201 5443 idem
3230 5392 3402 5459 atque
3432 5387 3764 5442 imitatione
3791 5404 3911 5444 ex-

2244 5478 2480 5519 rimere.

2202 5481 2586 5604 Ρνξὸηόῗνᾶδω.
2638 5530 2803 5601 edit.,
2834 5546 2970 5604 cum
3003 5545 3121 5587 uno
3166 5532 3266 5586 aut
3302 5528 3490 5586 altero
3523 5545 3637 5585 ms.
3649 5570 3662 5599 ,
3695 5529 3916 5585 nullis

2199 5600 2556 5664 retinaculis
2586 5600 3022 5676 corporalibus.
