4060 6158
210 249 278 312 221
1344 247 1458 313 DE
1499 248 1785 315 VIRGIIV

1906 251 2002 318 US
2049 253 2212 320 LIB.
2258 256 2337 321 ΙΙ.

3458 264 3580 331 222

246 449 287 504 8.
327 447 455 514 Quid
509 463 618 521 ego
674 464 972 521 exsequar
1031 449 1300 506 ciborum
1346 451 1796 522 parcimoniam,
1835 430 2000 508 nrat
2032 456 2272 512 oraculo
2323 456 2562 514 iBeata
2618 461 2794 531 enim,
2829 461 3038 534 inquit,
3099 481 3224 537 quae
3255 465 3580 522 credidisti

198 539 465 593 ofﬁciorum
513 539 995 594 redundantiam:
1051 540 1300 595 alterum
1345 540 1494 595 ultra
1527 544 1795 595 naturam

193 627 523 698 superfuisse,
557 628 802 682 alterum
859 645 1008 698 pene
1056 629 1171 699 ipsi
1231 633 1455 684 naturae
1488 630 1789 685 defuisse:

194 708 300 770 165
325 716 430 770 illic
460 716 615 770 nulta
646 717 989 772 intermissa
1017 722 1301 789 tempora,
1354 719 1451 773 hic
1483 721 1791 792 congemi-

187 808 317 859 natos
329 803 545 876 jejunio
567 806 693 860 dies
715 808 743 860 ?
776 806 845 860 Et
867 808 921 862 si
954 808 1189 878 quando
1217 808 1522 863 reﬁciendi
1543 825 1790 863 succes-

184 895 326 947 sisset
341 893 617 962 voluntas,
641 894 814 950 cibus
830 896 1177 968 plerumque
1227 897 1463 966 obvius,
1491 897 1592 968 qui
1632 913 1792 952 mor-

184 985 272 1035 tem
290 985 512 1050 arceret,
531 999 646 1037 non
668 984 914 1039 delicias
951 987 1333 1041 ministraret.
1377 987 1645 1042 Dormire
1676 1003 1792 1042 non

181 1073 312 1140 prius
330 1071 603 1141 cupiditas
627 1089 804 1144 quam
827 1075 1162 1129 necessitas
1187 1075 1295 1129 fuit
1321 1118 1334 1144 ,
1365 1079 1420 1129 et
1443 1078 1636 1129 tamen
1659 1092 1793 1130 cum

179 1160 459 1230 quiesceret
477 1176 712 1231 corpus,
734 1163 1256 1234 vigilaretanimus
1280 1180 1291 1218 :
1319 1163 1421 1235 qui
1454 1163 1794 1236 frequenter

179 1248 222 1301 in
233 1249 428 1302 sumnis
443 1249 695 1304 autlecta
712 1252 920 1322 repetit
947 1252 1085 1323 (8'1),
1116 1256 1213 1306 aut
1235 1269 1445 1307 somno
1470 1253 1793 1324 interrupta

177 1337 841 1410 continuat,autdisposita
855 1342 1132 1414 gerit,aut
1145 1343 1402 1414 gerenda
1417 1344 1787 1413 praenuntiat.

229 1462 275 1514 9.
304 1461 526 1517 Prodire
559 1464 734 1520 domo
765 1467 989 1534 nescia,
1021 1467 1142 1522 nisi
1186 1484 1317 1522 cum
1347 1468 1420 1522 ad
1471 1469 1787 1524 ecclesiam

178 1552 484 1620 conveniret,
518 1556 575 1607 et
606 1553 720 1608 hoc
751 1555 946 1624 ipsum
977 1572 1110 1610 cum
1139 1557 1507 1626 parentinus,
1535 1560 1633 1612 aut
1653 1573 1786 1628 pro-

176 1641 383 1709 pinquis.
408 1641 744 1698 Domestica
767 1660 1020 1713 operosa
1041 1649 1298 1715 secreto,
1325 1645 1552 1700 forensi
1576 1647 1786 1716 stipata

182 1729 399 1782 comitatu
426 1745 439 1785 :
468 1731 632 1785 nullo
657 1733 896 1787 meliore
919 1736 1113 1788 tamen
1136 1736 1231 1788 sui
1256 1735 1500 1789 custode
1517 1751 1691 1805 quam
1720 1751 1786 1790 se

184 1819 297 1885 ipsa:
326 1834 449 1888 quae
482 1820 732 1876 incessu
764 1821 1057 1893 affatuque
1087 1824 1470 1892 venerabilis,
1522 1840 1640 1878 non
1670 1827 1788 1879 tam
1831 1803 1883 1867 Β

179 1907 442 1979 vestigium
498 1910 672 1978 pedis
732 1911 980 1977 tolleret,
1034 1929 1208 1983 quam
1253 1914 1501 1985 gradum
1549 1914 1784 1969 virtutis

173 1996 426 2051 attolleret.
472 1997 548 2052 Ut
577 2002 776 2053 tamen
835 2001 985 2056 alios
1017 2001 1228 2056 habeat
1283 2002 1453 2074 virgo
1484 2005 1782 2058 membro-

171 2099 271 2136 rum
296 2087 562 2142 custodes
625 2104 891 2159 suorum,
942 2106 1170 2146 morum
1201 2096 1396 2147 autem
1443 2109 1688 2147 suorum
1719 2109 1785 2148 se

171 2173 337 2228 habeat
363 2176 486 2246 ipsa
517 2178 866 2233 custodem:
899 2179 1102 2250 plures
1136 2185 1308 2235 erunt
1341 2182 1412 2236 de
1445 2182 1665 2253 quibus
1696 2183 1782 2237 di-

171 2266 280 2330 scat,
303 2263 348 2317 si
362 2265 484 2334 ipsa
502 2282 570 2320 se
596 2267 807 2322 doceat
821 2284 952 2339 quae
966 2270 1216 2324 virtutes
1230 2271 1551 2342 magistras
1567 2271 1743 2326 habet
1765 2288 1776 2327 :

171 2352 269 2420 quia
290 2353 559 2424 quidquid
603 2357 794 2427 egerit
828 2357 963 2426 (88),
989 2358 1302 2429 disciplina
1337 2363 1446 2414 est.
1473 2360 1570 2414 Sic
1607 2361 1786 2415 Maria

171 2439 452 2496 intendebat
481 2445 786 2514 omnibus,
821 2447 991 2516 quasi
1021 2463 1054 2500 a
1102 2447 1374 2517 pluribus
1407 2453 1781 2505 moneretur:

171 2528 232 2581 sic
258 2532 428 2585 omnia
458 2533 741 2603 implebat
771 2536 1005 2590 virtutis
1036 2535 1253 2606 ofﬁcia,
1288 2541 1350 2591 ut
1398 2553 1517 2593 non
1544 2541 1660 2593 tam
1693 2539 1784 2593 di-

171 2623 335 2688 sceret,
366 2637 538 2692 quam
561 2624 822 2678 doceret.

222 2725 288 2780 10.
329 2727 521 2784 Talem
570 2731 725 2784 hanc
773 2732 1141 2804 evangelista
1189 2735 1558 2804 monstravit,
1610 2735 1784 2789 talem

169 2815 365 2884 angelus
385 2821 626 2888 reperit,
652 2820 824 2874 talem
842 2821 1098 2892 Spiritus
1121 2826 1366 2878 sanctus
1389 2825 1587 2896 elegit.
1615 2825 1779 2894 (Luc.

171 2919 195 2968 ι,
214 2904 301 2972 27).
331 2906 472 2971 Quid
506 2909 667 2963 enim
699 2910 758 2963 in
789 2911 1046 2983 singulis
1076 2927 1272 2966 morer
1303 2916 1363 2967 ut
1406 2929 1534 2968 eam
1564 2929 1778 2984 paren-

169 2996 232 3044 tes
257 2994 569 3067 dilexerint,
609 3001 873 3055 extranei
919 3001 1389 3071 praedicaverint,
1439 3019 1573 3074 quae
1604 3003 1783 3075 digna

168 3080 246 3136 fuit
263 3099 326 3138 ex
351 3102 462 3158 qua
494 3088 609 3143 Dei
659 3089 844 3144 Filius
890 3094 1238 3145 nasceretur
1259 3093 1286 3146 ί)
1336 3091 1479 3146 Haec
1510 3093 1583 3147 ad
1615 3094 1784 3164 ipsos

166 3170 430 3241 ingressus
458 3178 660 3250 angeli
694 3179 927 3234 inventa
945 3181 1101 3234 domi
1121 3180 1180 3234 in
1211 3181 1782 3251 penetralibus,sine

166 3263 348 3331 comite,
381 3281 452 3320 ne
497 3268 640 3338 quis
671 3269 1049 3324 intentionem
1098 3270 1493 3341 abrumperet,
1529 3286 1601 3324 ne
1647 3272 1782 3341 quis

166 3350 516 3424 obstreperet;
553 3373 748 3428 neque
781 3360 935 3413 enim
970 3361 1216 3414 comites
1250 3359 1500 3414 feminas
1540 3359 1782 3414 deside-

169 3439 307 3509 nbat,
337 3460 463 3514 quae
513 3446 710 3500 bonas
771 3448 1160 3519 cogitationes
1212 3449 1458 3502 comites
1503 3448 1778 3502 habebat.

169 3525 276 3590 Quin
303 3534 464 3588 etiam
492 3537 623 3590 tum
654 3535 770 3590 sibi
802 3537 999 3591 minus
1031 3537 1158 3592 sola
1190 3537 1520 3606 videbatur,
1542 3554 1673 3591 cum
1693 3554 1786 3592 so-

166 3615 205 3669 la
239 3627 398 3677 esset.
433 3624 588 3678 Nam
645 3626 1137 3696 quemadmodum
1171 3627 1317 3695 sola,
1378 3627 1477 3698 qui
1509 3629 1591 3681 tot
1648 3626 1784 3681 libri

165 3707 429 3784 adessent;
461 3717 546 3770 tot
579 3715 943 3788 archangeli,
978 3719 1060 3771 tot
1089 3715 1437 3787 prophetas?

218 3816 286 3871 11.
310 3819 570 3892 Denique
612 3825 669 3876 et
684 3822 920 3903 Gabriel
954 3838 1080 3877 eam
1104 3823 1207 3878 ubi
1228 3824 1493 3878 revisere
1525 3823 1774 3894 solebat,

167 3902 373 3964 invenit:
407 3914 462 3965 et
479 3912 763 3982 angelum
805 3902 986 3966 Maria
1009 3913 1179 3983 quasi
1211 3913 1402 3967 virum
1425 3913 1626 3984 specie
1655 3929 1788 3967 mo-

168 3994 206 4042 ta
250 3996 349 4065 (89)
379 4000 714 4070 trepidavit,
777 4002 947 4072 quasi
1004 4017 1120 4056 non
1172 4001 1538 4074 incognitum
1590 4001 1788 4056 audito

165 4086 354 4139 nomine
412 4088 764 4160 recognovit
793 4089 970 4158 (Ibid.
1017 4089 1128 4160 29).
1183 4091 1260 4144 lta
1292 4091 1664 4162 peregrinata
1697 4092 1790 4144 est

167 4167 209 4222 in
231 4173 357 4242 viro,
414 4193 549 4247 quae
611 4193 728 4232 non
779 4181 873 4233 est
902 4179 1277 4251 peregrinata
1327 4180 1386 4234 in
1419 4179 1668 4251 angelo;
1727 4181 1791 4233 ut

164 4272 413 4328 agnoscas
441 4282 623 4320 aures
652 4267 994 4340 religiosas,
1030 4268 1239 4323 oculos
1261 4269 1652 4323 verecundos.
1682 4268 1788 4322 De-

166 4349 304 4419 nique
355 4355 603 4410 salutata
655 4357 961 4424 obmutuit,
1013 4361 1070 4412 et
1095 4358 1384 4428 appellata
1438 4357 1784 4428 respondit:

164 4438 243 4490 sed
269 4457 387 4511 quae
408 4445 598 4514 primo
631 4446 967 4500 turbaverat
989 4445 1262 4502 atl‘ectum
1284 4447 1397 4516 (90)
1429 4450 1633 4517 postea
1655 4462 1786 4517 pro-

173 4527 300 4581 misit
325 4532 694 4606 obsequium.

219 4633 485 4702 12.Quam
534 4657 678 4696 vero
709 4642 991 4714 religiosa
1047 4644 1104 4697 in
1165 4644 1530 4714 propinquas
1586 4643 1784 4712 fuerit,

165 4718 420 4794 Scriptura
450 4730 648 4784 divina
682 4731 997 4804 significat.
1034 4733 1184 4786 Nam
1217 4737 1274 4787 et
1305 4731 1588 4787 humilior
1631 4731 1785 4786 facta

164 4815 248 4878 est,
278 4815 366 4869 ubi
396 4834 460 4872 se
522 4836 555 4872 a
587 4821 709 4875 Deo
767 4823 1043 4893 cognovit
1085 4822 1353 4891 electam,
1403 4825 1458 4876 et
1489 4822 1685 4876 statim
1715 4821 1786 4875 ad

166 4908 428 4970 cognatam
459 4924 628 4963 suam
661 4910 719 4963 in
774 4915 1048 4964 montana
1076 4911 1375 4980 processit
1433 4909 1612 4979 (Ibid.
1649 4910 1741 4980 39)
1769 4926 1781 4964 :

166 5002 256 5043 non
275 4995 458 5066 utique
489 5001 551 5052 ut
582 4999 850 5070 exemplo
883 5001 1167 5069 crederet,
1207 5016 1339 5072 quae
1362 4997 1489 5070 jam
1520 4999 1788 5054 credide-

335 5138 481 5225 διεδ.
511 5141 751 5225 aliquot,
787 5148 884 5196 aut
915 5141 1320 5225 [sita-repetit.

221 5205 314 5282 (βε)
335 5205 776 5286 Νρηημηῖηιεέ.
803 5230 927 5285 qum
953 5205 1195 5268 virtutis
1220 5213 1543 5286 magistros
1577 5213 1778 5281 habet,

173 5281 554 5353 quff?_qtl_i_thtiid
572 5286 753 5353 gerit.

222 5346 712 5429 (89’)i\1s's.__magno
737 5371 1000 5429 numero,
1024 5357 1192 5429 quasi
1218 5358 1406 5429 virum
1428 5357 1627 5429 specie
1656 5373 1784 5429 mu-

172 5417 262 5500 tata
283 5425 529 5499 nonnulli
552 5417 743 5500 tavmen
782 5431 838 5482 et
859 5417 997 5500 edit;
1032 5417 1206 5500 'quasi
1233 5428 1421 5482 virum
1443 5417 1604 5495 (edit.
1645 5428 1786 5496 Vin)

171 5497 329 5570 spagit:
344 5500 520 5570 mota:
543 5497 698 5568 quod
718 5499 908 5570 magis
932 5497 1142 5570 placet.

223 5559 582 5642 (90)A0mnes
633 5559 1218 5642 edit_,,vtititbaverat
1259 5575 1528 5642 asPectu;
1579 5584 1786 5626 omnes

173 5636 307 5699 mss.,
329 5637 495 5693 turba
508 5636 974 5697 veratali'ectum.

1912 543 2083 610 (Ibid.
2142 544 2277 615 45.).
2311 546 2381 601 Et
2439 548 2631 603 tribus
2693 565 2824 604 cum
2884 567 2952 606 ea
2993 553 3302 609 mensibus
3362 557 3578 610 mansit

1910 631 2079 699 (Ibid.
2141 633 2252 704 56).
2284 636 2451 690 Tanti
2505 641 2698 692 autem
2756 639 3062 695 intervallo
3120 643 3402 714 temporis
3458 660 3576 699 non

1908 719 2057 775 fides
2090 725 2394 795 quaeritur,
2431 726 2537 780 sed
2568 727 2756 797 pietas
2788 728 3120 784 exhibetur.
3158 731 3228 785 Et
3288 733 3401 787 hoc
3429 749 3576 802 pos-

1907 811 2177 881 teaquam
2206 813 2266 867 in
2316 817 2483 869 utero
2515 817 2778 885 parentis
2819 817 3106 873 exsiliens
3136 835 3285 889 puer
3331 824 3577 876 matrem

1909 898 2142 955 Domini
2173 902 2468 974 salutavit,
2501 905 2668 975 prius
2727 921 2974 976 compos
3008 907 3362 979 devotionis,
3399 926 3575 982 quam

1909 991 2154 1044 naturae.

1983 1095 2067 1150 13.
2094 1097 2232 1152 Inde
2263 1101 2346 1153 tot
2376 1100 2768 1171 sequentibus
2800 1102 3017 1174 signis,
3051 1119 3184 1156 cum
3216 1104 3438 1158 sterilis
3469 1122 3575 1176 pa-

1908 1189 2083 1255 reret,
2119 1187 2290 1259 virgo
2313 1189 2668 1259 conciperet,
2702 1190 3046 1262 loqueretur
3065 1197 3284 1261 mutus,
3305 1193 3578 1249 adoraret

1906 1291 2138 1346 magus,
2192 1281 2565 1347 exspectaret
2621 1279 2890 1348 Simeon,
2959 1281 3157 1335 sidera
3215 1283 3572 1337 nuntiarent.

1912 1363 2096 1418 Maria
2127 1365 2363 1420 mobilis
2395 1367 2468 1420 ad
2499 1368 2820 1438 introitum,
2854 1369 3173 1424 immobilis
3205 1371 3278 1424 ad
3309 1373 3570 1426 miracu-

1905 1451 2059 1508 lum:
2098 1453 2526 1522 Conscrvabat,
2563 1457 2768 1528 inquit,
2802 1459 2928 1512 haec
2957 1460 3147 1513 omnia
3179 1460 3240 1513 in
3271 1461 3452 1516 corde
3473 1477 3577 1516 suo

1905 1552 2068 1620 (Luc.
2095 1569 2154 1621 ιι,
2179 1553 2287 1621 19).
2321 1552 2600 1618 Quamvis
2635 1559 2819 1610 mater
2876 1557 3132 1627 Domini,
3166 1549 3306 1612 166
3341 1558 3574 1615 discere

1905 1643 2099 1696 tamen
2129 1647 2422 1714 praecepta
2456 1645 2687 1699 Domini
2707 1645 3113 1700 desiderabat:
3150 1649 3206 1700 et
3233 1663 3365 1718 quae
3388 1647 3574 1701 Deum

1904 1735 2208 1802 genuerat,
2243 1733 2424 1786 Deum
2456 1736 2649 1788 tamen
2691 1736 2847 1789 scire
2882 1735 3177 1805 cupiedat.

1975 1820 2060 1875 14.
2093 1820 2262 1890 Quid,
2286 1823 2443 1892 quod
2475 1824 2645 1878 annis
2676 1840 2909 1896 quoque
2934 1825 3210 1879 omnibus
3244 1825 3364 1878 ibat
3395 1825 3454 1879 in
3477 1825 3573 1879 Je-

1902 1911 2160 1965 rusalem
2194 1912 2444 1966 solemni
2477 1913 2570 1967 die
2601 1914 2863 1983 paschae,
2900 1917 2956 1968 et
2987 1914 3106 1968 ibat
3137 1929 3271 1968 cum
3303 1913 3572 1985 Joseph?

1905 1999 2066 2063 (Ibid.
2112 2000 2222 2072 41).
2287 2001 2520 2073 Ubique
2553 2002 2612 2056 in
2670 2003 2902 2075 virgine
2935 2018 3138 2058 comes
3197 2003 3572 2075 singularum

1901 2089 2179 2144 virtutum
2211 2094 2302 2145 est
2330 2092 2539 2161 pudor.
2575 2091 2684 2146 Hic
2711 2092 3052 2146 individuus
3087 2093 3261 2146 debet
3291 2107 3430 2147 esse
3451 2092 3570 2146 vir-

1899 2180 2148 2250 ginitati,
2185 2179 2314 2234 sine
2349 2195 2466 2250 quo
2500 2196 2618 2234 non
2649 2184 2844 2250 potest
2873 2197 3012 2236 esse
3043 2182 3377 2253 virginitas.
3443 2181 3569 2235 Nec

1899 2268 1972 2322 ad
1991 2268 2269 2338 templum
2311 2269 2491 2341 igitur
2531 2269 2713 2324 Maria
2738 2270 2868 2324 sine
2910 2270 3156 2340 pudoris
3181 2271 3275 2324 sui
3317 2270 3564 2324 custode

1897 2357 2212 2426 processit.

1972 2463 2056 2518 15.
2102 2465 2244 2519 Haec
2286 2468 2378 2520 est
2412 2465 2606 2538 imago
2647 2465 3029 2538 virginitatis.
3065 2465 3225 2520 Talis
3272 2465 3428 2520 enim
3459 2464 3567 2520 fuit

1899 2553 2101 2622 Maria,
2135 2557 2197 2608 ut
2227 2553 2361 2626 ejus
2393 2555 2568 2609 unius
2599 2556 2715 2608 vita
2746 2556 3005 2610 omnium
3038 2556 3115 2610 sit
3144 2553 3479 2625 disciplina.
3503 2553 3566 2609 Si

1897 2641 2080 2713 igitur
2120 2646 2324 2698 auctor
2371 2660 2487 2698 non
2536 2643 2828 2714 displicet,
2881 2660 3031 2714 opus
3077 2643 3444 2714 probemus;
3501 2645 3568 2697 ut

1897 2746 2267 2803 quaecunque
2319 2733 2432 2787 sibi
2465 2732 2599 2804 ejus
2648 2736 2884 2804 exoptat
2929 2734 3257 2804 praemium,
3309 2732 3568 2787 imitetur

1897 2821 2250 2890 exemplum.
2276 2820 2518 2886 Quanta}
2541 2823 2600 2877 in
2621 2839 2736 2877 una
2754 2822 2984 2893 virgine
3008 2823 3244 2892 species
3285 2821 3564 2875 virtutum

1897 2908 2188 2964 emicant?
2220 2910 2523 2966 Secretum
2546 2912 2944 2979 verecundiae,
2970 2911 3253 2966 vexillum
3274 2910 3431 2980 ﬁdei,
3459 2911 3564 2965 de-

1895 2998 2152 3053 votionis
2185 2999 2537 3071 obsequium
2565 3016 2575 3054 :
2610 3000 2782 3072 virgo
2815 3001 2964 3054 intra
2983 3001 3240 3069 domum,
3269 3015 3468 3055 comes
3491 2999 3564 3054 ad

1895 3088 2312 3158 ministerium,
2346 3092 2531 3143 mater
2558 3091 2630 3144 ad
2660 3090 2963 3160 templum.

1825 3159 1878 3224 Ο
1968 3194 2054 3250 16.
2087 3195 2134 3250 Ο
2164 3196 2399 3267 quantis
2450 3197 2547 3250 illa
2576 3197 2914 3269 virginibus
2965 3199 3256 3266 occurret,
3311 3199 3562 3267 quantas

1899 3285 2204 3354 complexa
2243 3286 2315 3339 ad
2347 3285 2657 3339 Dominum
2708 3285 2916 3352 trahet,
2951 3285 3196 3339 dicens:
3254 3284 3398 3338 Haec
3426 3285 3562 3339 tho-

1895 3390 2024 3428 rum
2064 3374 2167 3428 ﬁlii
2209 3375 2341 3442 mei,
2375 3374 2503 3428 haec
2532 3374 2821 3428 thalamos
2859 3373 3150 3444 nuptiales
3190 3373 3562 3432 immaculato

1894 3462 2428 3534 servavitpudorel
2461 3463 2963 3529 Quemadmodum
2987 3479 3088 3517 eas
3110 3462 3240 3533 ipse
3271 3462 3557 3517 Dominus

1894 3553 2324 3607 commendabit
2344 3552 2529 3620 Patri;
2554 3552 2829 3606 nimirum
2877 3551 3018 3606 illud
3041 3554 3318 3621 repetens
3341 3567 3516 3605 suum
3543 3565 3556 3606 :

1893 3640 2066 3696 Pater
2087 3643 2309 3711 sancte,
2345 3641 2474 3696 istae
2515 3647 2652 3696 sunt
2673 3657 2821 3713 quas
2847 3640 3137 3695 custodivi
3174 3640 3300 3708 tibi,
3335 3640 3395 3693 in
3423 3639 3560 3710 qui-

1890 3730 2007 3786 bus
2039 3731 2224 3786 F‘ilius
2254 3731 2512 3785 hominis
2556 3733 2729 3800 caput
2772 3729 3070 3784 reclinans
3121 3729 3375 3800 quievit;
3423 3731 3558 3798 peto

1893 3820 2068 3875 utubi
2095 3836 2208 3892 ego
2241 3823 2466 3890 sum,et
2495 3820 2640 3890 ipsa:
2679 3820 2799 3873 sint
2825 3818 3260 3887 mecum(Joan.
3279 3835 3420 3886 xvu,
3445 3817 3557 3887 24).

1892 3910 2008 3964 Sed
2026 3910 2079 3964 si
2101 3925 2218 3964 non
2242 3909 2390 3964 solis
2407 3909 2522 3964 sibi
2541 3908 2757 3964 debent
2776 3908 3088 3978 prodesse,
3113 3923 3247 3978 quae
3270 3923 3386 3962 non
3410 3906 3560 3962 solis

1890 3999 2166 4053 vixerunt
2197 3998 2313 4052 sibi
2341 4014 2352 4052 :
2388 3998 2516 4053 haec
2548 4000 2845 4067 parentes,
2879 3997 3008 4050 haec
3041 3995 3288 4050 redimat
3321 3995 3555 4050 fratres.

1891 4089 2066 4143 Pater
2090 4088 2272 4160 justc,
2324 4088 2580 4142 mundus
2615 4103 2706 4142 me
2745 4102 2862 4141 non
2920 4085 3199 4156 cognovit
3232 4085 3365 4154 (91),
3426 4084 3558 4139 istae

1890 4179 2085 4232 autem
2123 4193 2214 4231 me
2265 4180 2692 4248 cognoverunt,
2750 4178 2807 4229 et
2854 4174 3134 4229 mundum
3185 4188 3558 4247 cognoscere

1892 4267 2204 4321 noluerunt
2235 4266 2404 4335 (Ibid.
2439 4265 2550 4335 25).

1963 4373 2048 4427 1'7.
2073 4372 2216 4438 Quae
2250 4389 2463 4444 pompa
2494 4372 2592 4426 illa
2613 4371 2746 4441 (92),
2787 4373 3003 4442 quanta
3021 4369 3370 4442 angelorum
3409 4368 3556 4422 lati-

1890 4462 1969 4516 tia
1998 4461 2418 4532 plaudentium,
2452 4461 2608 4533 quod
2649 4459 2913 4515 habitare
2945 4461 3240 4514 mereatur
3293 4457 3352 4511 in
3383 4456 3554 4526 coelo,

1891 4567 2024 4622 quas
2043 4551 2272 4606 caelesti
2294 4551 2409 4604 vita
2426 4551 2573 4604 vixit
2594 4550 2654 4604 in
2675 4546 2928 4604 saeculo!
2970 4548 3135 4602 Tunc
3167 4546 3341 4602 etiam
3373 4545 3558 4599 Maria

1889 4644 2226 4712 tympanum
2285 4655 2550 4708 sumens,
2619 4639 2837 4692 choros
2909 4635 3232 4708 virginales
3279 4633 3559 4688 excitabit

1893 4733 2195 4783 cantantes
2215 4729 2461 4783 Domino
2484 4727 2639 4798 quod
2663 4741 2768 4796 per
2790 4740 2948 4780 mare
2967 4724 3173 4778 smculi
3197 4724 3326 4778 sine
3367 4739 3558 4778 saecu-

1889 4818 2116 4873 laribus
2149 4818 2425 4872 ﬂuctibus
2455 4816 2814 4870 transierunt
2843 4813 3060 4884 (Exod.
3103 4829 3202 4878 xv,
3245 4812 3360 4882 “20).
3393 4812 3558 4866 Tunc

1891 4924 2259 4979 unaquaeque
2280 4905 2600 4961 exsultabit
2619 4904 2854 4958 dicens:
2882 4902 2962 4957 Et
2986 4901 3250 4956 ἰηιτοίὺο
3263 4901 3338 4956 ad
3367 4901 3560 4956 altare

1892 4997 2008 5054 Dei
2027 4997 2160 5061 mei,
2197 5003 2255 5051 et
2277 4995 2353 5050 ad
2374 4995 2556 5049 Deum
2576 4993 2674 5065 qui
2692 4991 3346 5064 laetificatjuventutem
3371 5006 3557 5044 meam

1963 5137 2076 5210 (91)
2107 5138 2353 5210 Quidam
2371 5153 2543 5205 mss.,
2571 5153 2682 5191 non
2704 5135 2857 5210 solis
2871 5134 2994 5190 sibi
3017 5133 3238 5190 debent
3264 5148 3462 5204 posse.
3488 5132 3560 5187 Et

1890 5207 2064 5286 infra,
2097 5209 2348 5286 {nundu‘s
2381 5215 2580 5286 te__non
2610 5207 2903 5279 cognovit.
3031 5278 3042 5286 .
3308 5275 3341 5286 Η
3494 5273 3506 5286 .
3539 5274 3549 5285 ο

1963 5273 2076 5351 (92)
2107 5283 2186 5335 Ita
2230 5283 2345 5336 vet.
2381 5280 2517 5334 edit.
2564 5296 2633 5333 ac
2665 5273 2817 5351 mss.
2875 5278 3079 5351 paucis
3114 5275 3400 5351 exceptis,
3451 5273 3555 5328 ubi

1890 5345 1997 5424 pro
2027 5345 2163 5419 Quae
2186 5368 2400 5424 pompa
2441 5351 2564 5418 illa,
2598 5345 3018 5424 habetur_0uw
3048 5348 3239 5424 bonne
3272 5345 3404 5424 iIIa:
3438 5360 3556 5398 non

1891 5418 2251 5491 satis’recte;
2293 5418 2426 5478 Gill.
2459 5425 2672 5490 autem,
2706 5437 2774 5474 ac
2830 5421 2998 5491 Rom.
3033 5418 3171 5491 edit.
3206 5420 3340 5486 post
3368 5429 3553 5491 voces

1892 5487 2249 5577 Quapompa
2273 5494 2376 5549 illa
2406 5495 2538 5548 sine
2561 5487 2846 5564 sponsore
2864 5490 2983 5555 illo,
3009 5487 3399 5559 subjungunt,
3427 5499 3551 5565 qua?

1889 5572 2112 5637 gratia.
