4060 6158
406 223 527 294 223

1881 222 1946 291 S.
1989 222 2432 290 AMBROSII.

3725 231 3848 296 224

408 428 596 502 (Psal.
628 447 766 500 xm,
799 427 879 500 4).
913 428 1156 486 lmmolo
1206 429 1327 486 Deo
1360 429 1720 486 sacrificium
1766 429 1980 500 laudis,
2015 431 2073 484 et
2094 409 2140 472 Α
2179 433 2318 500 tem,
2353 430 2492 486 dum
2520 431 2738 508 virgini
2787 431 2933 488 nihil
2963 431 3123 488 aliud
3171 431 3290 487 nisi
3317 431 3554 504 plantas
3587 447 3846 488 exoscu-

405 520 588 577 reddo
618 519 926 574 Altissimo
955 523 1091 574 vota
1115 535 1242 575 mea
1270 519 1461 590 (Psal.
1496 537 1654 591 χιιι,
1690 519 1802 590 14).

476 609 562 662 18.
587 607 794 678 Neque
818 608 974 662 enim
997 608 1387 664 dubitaverim
1421 609 1594 664 vobis
1629 612 1829 680 patere
1865 609 2070 664 alteria

407 695 530 762 Dei,
567 711 816 767 quarum
859 699 1090 752 mentes
1137 696 1340 752 altaria
1383 698 1748 754 conﬁdenter
1794 698 2067 766 dixerim,

402 784 464 840 in
477 785 696 856 quibus
709 786 968 857 quotidie
983 802 1088 856 pro
1102 787 1501 858 redemptione
1516 785 1784 858 corporis
1796 785 2070 842 Christus

403 871 758 928 immolatur.
793 875 942 929 Nam
974 875 1026 929 si
1081 891 1298 946 corpus
1331 875 1584 948 virginis
1635 876 1739 931 Dei
1786 877 2068 947 templum

403 964 514 1032 est,
531 962 762 1016 animus
776 963 912 1034 quid
938 969 1049 1033 est,
1067 963 1164 1035 qui
1199 967 1474 1036 tanquam
1498 965 1897 1020 membrorum
1915 965 2071 1020 cine-

402 1051 572 1107 ribus
615 1052 928 1124 exagitatis
952 1053 1086 1123 (93),
1123 1054 1452 1109 sacerdotis
1483 1054 1687 1109 aeterni
1716 1054 2066 1126 redopertus

402 1155 599 1202 manu,
622 1157 903 1212 vaporem
939 1141 1122 1197 divini
1145 1142 1305 1215 ignis
1341 1143 1622 1199 exhalat?
1655 1145 1848 1200 Beata
1876 1143 2067 1216 virgi-

403 1244 532 1300 nes,
577 1246 710 1302 quaa
739 1233 854 1284 tam
897 1231 1210 1286 immortali
1253 1233 1492 1303 spiratis
1543 1233 1752 1305 gratia,
1789 1237 1850 1289 ut
1906 1233 2061 1288 horti

401 1317 671 1390 ﬂoribus,
693 1321 756 1374 ut
801 1321 1014 1392 templa
1043 1321 1354 1394 religione,
1379 1325 1441 1378 ut
1466 1322 1669 1378 altaria
1698 1323 2010 1379 sacerdote
2042 1321 2054 1380 Ι

1031 1445 1282 1500 CAPUT
1314 1447 1410 1502 III.

409 1565 484 1623 Ut
511 1566 708 1639 Maria
746 1567 882 1624 vitae
896 1568 1308 1639 informandus,
1329 1571 1418 1626 sic
1447 1571 1660 1628 Thecla
1687 1574 1898 1628 mortis
1923 1573 2066 1628 oba-

475 1637 642 1717 undaa
675 1639 978 1717 exemplar
1007 1641 1248 1697 dicitur.
1275 1637 1772 1717 _Hancga_l)estiis
1820 1644 1896 1699 ad
1925 1660 2070 1717 quas

473 1709 745 1786 damnata
777 1709 994 1786 fuerat,
1033 1728 1144 1768 non
1193 1713 1378 1786 solum
1413 1714 1571 1768 nihil
1589 1731 1847 1786 passam,
1895 1709 2006 1770 sed
2035 1731 2068 1771 θ

473 1782 776 1858 contrario
824 1782 1037 1858 cultam
1078 1789 1142 1858 et
1172 1785 1476 1840 adoratam
1509 1782 1663 1840 esse.
1705 1785 1788 1840 At
1819 1782 1893 1841 ne
1925 1803 2069 1858 quas
2097 1788 2145 1848 Β

471 1853 780 1932 superiora
795 1853 1061 1924 exempla
1081 1856 1454 1932 deterreant,
1465 1857 1698 1911 recenti
1703 1873 1770 1912 us
1783 1853 2067 1932 quoddam

472 1923 835 1978 narrandum
861 1923 1233 1998 proponitur.

472 2063 558 2120 19.
591 2065 751 2139 Ergo
809 2071 1011 2122 sancta
1059 2069 1240 2124 Maria
1285 2071 1661 2141 disciplinam
1710 2069 2068 2126 v1taeinfor-

399 2166 537 2234 met,
589 2163 807 2219 Thecla
853 2165 1060 2221 doceat
1093 2167 1417 2224 immolari:
1453 2185 1586 2240 quae
1621 2160 1763 2223 167
1796 2168 2066 2238 copulam

401 2249 640 2324 fugiens
663 2255 1002 2325 nuptialem,
1028 2259 1084 2311 et
1117 2257 1328 2326 sponsi
1347 2257 1544 2312 furore
1567 2257 1856 2325 damnata,
1895 2261 2066 2312 natu-

401 2355 526 2396 ram
567 2343 741 2397 etiam
779 2343 1106 2398 bestiarum
1137 2345 1494 2416 virginitatis
1527 2347 1904 2400 veneratione
1936 2363 2066 2401 mu-

397 2429 561 2484 tavit.
596 2431 862 2502 Namque
892 2435 1092 2502 parata
1125 2433 1196 2487 ad
1229 2433 1410 2504 feras,
1447 2450 1580 2488 cum
1611 2439 1890 2506 aspectus
1923 2451 2068 2506 quo-

399 2531 514 2588 que
547 2518 869 2576 declinaret
899 2521 1182 2588 virorum,
1215 2537 1284 2576 ac
1315 2523 1510 2577 vitalia
1539 2523 1666 2593 ipsa
1700 2539 1864 2578 saevo
1887 2522 2067 2578 otfer-

398 2610 490 2661 ret
517 2607 694 2678 leoni,
730 2609 869 2664 fecit
899 2612 960 2664 ut
990 2611 1090 2682 qui
1120 2611 1454 2682 impudicos
1474 2611 1804 2667 detulerant
1833 2613 2064 2683 oculos;

399 2695 650 2765 pudicos
681 2697 998 2753 referrent.

471 2782 560 2840 20.
591 2784 846 2842 Cernere
899 2790 1024 2842 erat
1051 2787 1332 2860 ligentem
1383 2789 1567 2860 pedes
1611 2790 1861 2844 bestiam
1895 2789 2066 2844 cubi-

399 2873 524 2928 tare
556 2873 738 2943 humi,
784 2879 944 2930 muto
995 2877 1409 2934 testiﬁcantem
1459 2895 1608 2934 sono
1641 2879 1798 2950 quod
1828 2895 2063 2934 sacrum

397 2963 654 3036 virginis
684 2979 902 3036 corpus
931 2965 1155 3020 violare
1188 2981 1305 3022 non
1335 2971 1565 3038 posset.
1603 2967 1762 3041 Ergo
1785 2967 2066 3023 adorabat

397 3052 659 3122 praedam
710 3069 879 3108 suam
925 3055 1150 3111 bestia:
1207 3060 1262 3111 et
1291 3058 1547 3128 propriae
1587 3057 1766 3111 oblita
1815 3060 2061 3128 naturae,

2179 519 2392 590 lantur,
2425 520 2717 576 demersis
2749 521 2808 575 in
2855 524 3071 576 terram
3103 521 3314 590 oculis,
3364 525 3642 594 tanquam
3670 537 3845 578 vere-

2181 609 2595 679 cundantibus,
2643 625 2720 675 ne
2759 625 2887 664 mas
2939 610 3152 682 aliquis
3185 609 3277 664 vel
3327 609 3521 666 bestia
3552 611 3848 684 virginem

2179 699 2397 754 nudam
2425 698 2671 753 videret.

2253 783 2340 842 21.
2369 785 2792 866 Dicetaliquis:
2832 786 2950 842 Cur
2971 787 3305 858 exemplum
3342 787 3591 842 attulisti
3621 788 3845 853 Mariae,

2179 877 2351 948 quasi
2410 874 2659 948 reperiri
2705 880 2880 948 queat
2922 879 3164 931 matrem
3214 877 3442 931 Domini
3489 893 3622 948 quae
3652 877 3850 948 possit

2181 965 2450 1021 imitari?
2478 966 2597 1020 Cur
2625 966 2796 1022 etiam
2827 966 3084 1034 Theclae,
3133 981 3306 1037 quam
3337 967 3602 1038 gentium
3639 965 3854 1021 doctor

2180 1055 2478 1111 instituit?
2507 1057 2589 1110 Da
2613 1055 3029 1128 hujuscemodi
3049 1055 3372 1121 doctorem,
3408 1055 3460 1109 si
3491 1053 3850 1126 discipulam

2179 1145 2458 1216 requiris.
2520 1145 2949 1216 Hujuscemodi
3008 1159 3220 1198 recens
3277 1143 3452 1197 vobis
3510 1143 3853 1214 exemplum

2180 1234 2439 1304 profero,
2475 1236 2536 1289 ut
2565 1235 2904 1307 intelligetis
2938 1233 3290 1306 Apostolum
3346 1248 3464 1288 non
3495 1232 3672 1287 unius
3705 1247 3852 1288 esse

2181 1321 2500 1394 doctorem,
2534 1324 2644 1380 sed
2675 1325 2972 1388 omnium.,

2817 1430 3068 1488 CAPUT
3101 1430 3198 1486 IV.

2177 1536 2551 1592 Antiochena
2591 1539 2775 1608 virgo.
2797 1554 2922 1592 cum
2941 1536 3288 1592 sacriﬁcare
3309 1535 3490 1592 idolis
3505 1541 3840 1603 recusaret,

2249 1609 2326 1664 ad
2341 1609 2590 1680 lupanar
2609 1609 2902 1678 damnata,
2930 1609 3072 1664 inde
3107 1609 3324 1663 militis
3352 1608 3692 1680 Christiani
3706 1623 3845 1680 popeo

2251 1697 2338 1752 ra,
2365 1678 2608 1735 mutatis
2646 1682 2810 1734 inter
2829 1697 2896 1734 se
2938 1680 3223 1752 vestibus,
3271 1680 3404 1734 sine
3452 1678 3567 1752 ullo
3595 1678 3848 1752 pudoris

2252 1751 2460 1823 damno
2483 1753 2686 1806 evadit
2704 1759 2783 1820 at,
2807 1769 2932 1805 cum
2965 1751 3066 1806 ille
3083 1755 3402 1823 propterea
3423 1750 3747 1805 duceretur
3769 1750 3848 1823 ad

2249 1822 2615 1894 supplicium,
2640 1823 2765 1876 hanc
2787 1838 2818 1877 e
2841 1821 3380 1894 vestigiorediens,
3407 1827 3750 1894 constanter
3770 1821 3846 1876 de

2241 1893 2583 1967 palmacum
2607 1895 2808 1949 eodem
2830 1893 3152 1962 contendit,
3197 1909 3304 1966 qua
3329 1893 3564 1948 tandem
3599 1899 3846 1967 uterque

2249 1965 2454 2020 donati
2474 1971 2632 2020 sunt.

2247 2069 2336 2125 22.
2361 2071 2690 2126 Antiochiae
2722 2087 2910 2142 nuper
2939 2071 3109 2144 virgo
3146 2071 3416 2142 quaedam
3441 2069 3548 2124 fuit
3579 2069 3844 2142 fugitans

2177 2160 2400 2231 publici
2420 2161 2589 2215 visus
2612 2159 2762 2230 (96):
2795 2161 2900 2215 sed
2933 2175 3049 2232 quo
3083 2160 3274 2232 magis
3303 2159 3564 2214 virorum
3589 2159 3850 2213 evitabat

2180 2249 2408 2318 oculos,
2443 2265 2512 2304 eo
2541 2249 2794 2320 amplius
2844 2249 3211 2304 incendebat.
3267 2247 3647 2303 Pulchritudo
3687 2248 3844 2303 enim

2177 2339 2371 2394 audita
2384 2355 2492 2393 nec
2507 2339 2632 2392 visa
2650 2339 2782 2409 plus
2797 2338 3186 2405 desideratur,
3204 2337 3438 2392 duobus
3458 2337 3715 2392 stimulis
3739 2353 3845 2391 cu-

2177 2429 2504 2499 piditatum,
2538 2429 2758 2482 amoris
2788 2429 2845 2482 et
2876 2427 3234 2500 cognitionis
3261 2442 3273 2481 :
3309 2427 3447 2481 dum
3478 2429 3535 2481 et
3562 2425 3706 2480 nihil
3737 2441 3845 2480 oc-

2179 2519 2362 2572 currit
2415 2518 2572 2590 quod
2602 2517 2797 2572 minus
2855 2516 3102 2587 placeat,
3136 2519 3192 2571 et
3245 2516 3382 2586 plus
3413 2518 3650 2586 putatur
3703 2530 3844 2570 esse

2179 2607 2335 2678 quod
2365 2607 2611 2678 placeat,
2645 2607 2802 2678 quod
2833 2621 2950 2660 non
2976 2605 3162 2676 judex
3187 2605 3398 2660 oculus
3428 2604 3714 2675 explorat,
3734 2604 3844 2660 sed

2177 2697 2411 2750 animus
2461 2699 2684 2751 amator
2731 2697 2985 2767 exoptat.
3039 2694 3238 2764 Itaque
3287 2698 3492 2748 sancta
3540 2693 3733 2764 virgo,
3767 2709 3844 2748 ne

2177 2785 2398 2840 diutius
2420 2785 2718 2840 alerentur
2737 2783 2995 2854 potiendi
3013 2798 3121 2854 spe
3145 2783 3495 2854 cupiditates
3525 2783 3662 2853 (97),
3687 2782 3847 2836 inte-

2177 2883 2448 2956 gritatem
2484 2876 2516 2937 1
2531 2875 2628 2938 68
2659 2883 2904 2954 pudoris
2925 2881 3220 2954 professa,
3238 2881 3327 2936 sic
3340 2881 3616 2936 restinxit
3633 2881 3822 2952 impro
3836 2909 3850 2918 ο

2175 2971 2386 3027 borum
2405 2971 2590 3042 faces,
2611 2975 2674 3027 ut
2693 2987 2810 3026 non
2829 2971 2951 3043 jam
2971 2975 3285 3040 amaretur,
3321 2970 3430 3025 sed
3469 2970 3840 3041 proderetur.

2247 3062 2335 3116 23.
2371 3061 2524 3116 Ecce
2554 3062 2915 3132 persecutio,
2941 3059 3142 3115 Puella
3173 3059 3382 3130 fugere
3415 3059 3639 3128 nescia,
3681 3062 3843 3115 certe

397 3141 942 3199 naturaminduerat
961 3161 1138 3216 quam
1159 3146 1432 3202 homines
1454 3146 1793 3202 amiserant.
1811 3146 2062 3202 Videres
2091 3149 2142 3212 C
2176 3151 2388 3222 pavida
2414 3167 2426 3206 :
2463 3167 2535 3206 ne
2557 3151 2843 3206 incideret
2873 3149 3253 3217 insidiatores
3283 3148 3553 3219 pudoris,
3582 3148 3844 3204 animum

397 3230 648 3302 quadam
707 3236 930 3289 naturas
987 3235 1394 3290 transfusione
1451 3235 1723 3291 homines
1773 3235 2062 3291 feritatem

397 3326 656 3398 indutos,
681 3329 970 3384 saevitiam
995 3330 1285 3401 imperare
1327 3331 1566 3386 bestiae:
1608 3331 1858 3386 bestiam
1879 3347 2063 3386 exos-

399 3415 689 3471 culantem
713 3418 896 3488 pedes
917 3419 1194 3490 virginis,
1221 3420 1436 3474 docere
1475 3419 1616 3490 quid
1654 3419 1924 3475 homines
1957 3421 2058 3475 da-

395 3503 622 3560 berant.
657 3505 904 3562 Tantum
945 3508 1120 3563 habet
1149 3509 1506 3580 virginitatis
1535 3508 1959 3580 admirationis,
2000 3513 2064 3565 ut

397 3607 526 3648 eam
575 3594 748 3650 etiam
797 3596 1004 3652 leones
1056 3597 1360 3652 mirentur.
1395 3597 1528 3652 Non
1577 3597 1862 3668 impastos
1891 3599 2062 3654 cibus

397 3681 578 3754 ﬂexit,
612 3699 732 3739 non
781 3685 991 3743 citatos
1021 3685 1278 3757 impetus
1321 3687 1534 3757 rapuit,
1569 3702 1688 3741 non
1729 3686 2062 3742 stimulatos

395 3770 482 3826 ira
495 3775 893 3846 exasperavit,
919 3790 1038 3832 non
1061 3792 1210 3832 usus
1232 3775 1464 3848 decepit
1482 3778 1761 3832 assuetos
1784 3775 1918 3846 (94),
1943 3791 2062 3830 non

395 3858 559 3917 feros
590 3865 796 3916 natura
829 3863 1120 3933 possedit.
1157 3863 1497 3920 Docuerunt
1543 3865 1892 3936 religionem
1922 3865 2064 3919 dum

394 3947 640 4006 adorant
685 3955 1000 4026 martyrem
1047 3953 1200 4024 (95):
1253 3953 1580 4010 docuerunt
1621 3954 1794 4009 etiam
1827 3956 2062 4008 castita-

465 4092 583 4175 (93)
613 4092 830 4150 Omnes
863 4095 999 4151 edit.
1031 4112 1099 4152 ac
1135 4095 1310 4168 pauci
1339 4112 1510 4166 mss.,
1561 4095 1870 4152 cineribus
1892 4096 2060 4151 exci-

397 4168 576 4309 ta???)
597 4237 880 4292 Nonnulli
912 4254 1083 4308 mss.,
1123 4254 1234 4293 non
1257 4255 1397 4294 usus
1427 4238 1658 4309 decepit
1691 4244 1984 4294 assuetus.

465 4307 578 4380 (95)
609 4309 926 4382 Martyrem
956 4313 1128 4364 vocat
1159 4310 1388 4382 beatam
1436 4307 1735 4379 Theclam,
1785 4309 1944 4382 quod
1991 4325 2060 4364 ea

389 4381 680 4452 tormenta
717 4397 824 4452 pro
849 4381 962 4436 fide
998 4381 1323 4450 pertulerit,
1357 4397 1490 4452 quae
1521 4385 1726 4436 natura
1759 4381 1868 4452 sua
1897 4396 2059 4438 mor-

389 4450 742 4524 temint‘erre
768 4451 1122 4524 debuerint;
1155 4450 1490 4524 quanquam
1531 4451 1916 4507 verisimilius
1947 4467 2059 4524 pu-

389 4523 555 4594 tetur
573 4538 701 4578 eam
749 4523 1032 4578 divinitus
1081 4511 1154 4578 ab
1174 4511 1352 4593 'ipsis‘
1387 4523 1691 4578 liberatam
1745 4511 2130 4594 tranqu'illeD

391 4593 756 4666 exspirasse.
793 4595 939 4666 Vide
973 4595 1184 4666 Baron.
1219 4595 1280 4649 in
1326 4595 1665 4666 Appendiee
1703 4595 1777 4648 ad
1809 4593 1948 4649 tom.
1981 4594 2054 4649 X.

461 4664 576 4734 (96)
597 4665 744 4749 Mss.
767 4665 1008 4749 aliquot,
1037 4665 1301 4749 fugitans
1308 4664 1541 4749 publici
1568 4682 1706 4749 usus
1734 4670 2052 4749 aspectum,

389 4736 504 4810 etc.
533 4735 686 4810 ;alii,
727 4740 784 4792 et
825 4735 886 4792 ut
909 4738 966 4791 in
988 4740 1170 4810 textu,
1205 4735 1327 4792 nisi
1343 4737 1502 4810 quod
1539 4737 1678 4792 edit.
1713 4735 2051 4810 praeferunt,

392 4805 660 4879 _e_vi_tabat
678 4814 994 4878 aspectum,
1020 4808 1120 4863 ubi
1143 4805 1309 4864 emes
1340 4805 1512 4879 mss.,
1535 4805 1801 4864 evitabat
1837 4805 2052 4862 oculos.

389 4874 556 4952 _M_ulti
586 4874 764 4952 porro
793 4879 853 4932 in
883 4895 949 4952 ea
982 4874 1148 4934 fuere
1179 4881 1454 4950 Opinione
1485 4874 1798 4952 virginem,
1845 4879 1918 4934 de
1939 4893 2054 4952 qua

390 4895 556 4930 mum
586 4895 764 4948 porro
793 4895 853 4932 1n
883 4895 949 4934 ea
983 4895 1148 4934 ruere
1179 4895 1454 4950 opinione
1485 4895 1798 4952 Virginem,
1845 4895 1918 4934 ue
1939 4895 2054 5002 qua

389 4945 488 5002 hic
509 4949 726 5018 agitur,
753 4950 1018 5006 eamdem
1035 4965 1174 5005 esse
1215 4967 1286 5005 ac
1307 4951 1676 5006 Theodoram
1719 4951 1877 5004 illam
1913 4952 1960 5004 A
1989 4965 2054 5004 e-

386 5018 756 5092 xandrinam,
791 5037 968 5092 quam
996 5037 1028 5076 a
1059 5022 1238 5076 simili
1270 5023 1564 5092 supplicio
1600 5021 1828 5092 Dydimi
1858 5020 2056 5075 Chris-

385 5089 530 5164 tiani
549 5091 752 5164 militis
770 5089 879 5161 ope
901 5093 1172 5164 libertam
1208 5089 1404 5148 fuisse
1439 5089 2056 5164 Martyrologium‘an-

387 5159 560 5235 tehac
579 5162 754 5235 Bedae
777 5159 1148 5218 Venerabilis
1163 5164 1399 5219 nomine
1417 5159 1829 5235 pervulgatum
1849 5162 2050 5235 refert.

390 5231 518 5288 Hoc
575 5233 635 5288 in
683 5250 948 5290 errorem
1003 5250 1122 5289 non
1151 5237 1372 5289 tantum
1420 5231 1739 5302 Molanum,
1790 5234 2049 5296 Surium.

386 5303 658 5376 aliosque
673 5307 1008 5375 complures
1037 5305 1368 5375 induxerat,
1403 5306 1510 5360 sed
1541 5307 1715 5360 etiam
1738 5307 2054 5374 ipsummet

385 5374 726 5460 Dariopum,
749 5374 851 5460 qui
868 5377 1114 5460 proinde
1131 5377 1288 5460 quod
1305 5377 1461 5460 apud
1485 5377 2055 5460 Ambrosium-even-

385 5448 484 5520 tus
514 5445 612 5520 ille
627 5445 999 5520 Antiochia
1025 5445 1367 5520 contigisse
1405 5447 1641 5520 legitur,
1694 5449 2054 5520 scriptorum

385 5515 698 5590 imperitiae
710 5518 1109 5590 tribuendum
1143 5515 1218 5572 in'
1239 5517 1410 5574 Notis
1460 5515 1534 5574 ad
1567 5515 1890 5590 Martyrflv
1921 5518 2048 5574 Kal.

2176 3240 2250 3295 ad
2279 3241 2552 3296 virtutem
2581 3241 2806 3312 paravit
2835 3243 2950 3293 tam
3002 3238 3304 3311 religiosa,
3357 3240 3418 3292 ut
3447 3240 3692 3292 mortem
3722 3253 3847 3293 non

2172 3331 2436 3386 timeret:
2471 3333 2587 3385 tam
2619 3330 2851 3400 pudica,
2885 3332 2948 3383 ut
2979 3329 3371 3399 exspectaret.
3408 3327 3580 3382 Venit
3603 3342 3846 3383 corona

2174 3421 2325 3477 dies.
2395 3421 2648 3474 Maxima
2709 3419 2968 3475 omnium
3034 3416 3420 3488 exspectatio.
3488 3415 3850 3472 Producitur

2173 3510 2390 3582 puella,
2421 3510 2640 3581 duplex
2669 3508 2944 3580 professa
2977 3510 3293 3575 certamen,
3338 3507 3396 3560 et
3442 3505 3752 3573 castitatis,
3787 3508 3851 3561 et

2175 3599 2506 3673 religionis.
2539 3599 2656 3654 Sed
2683 3598 2787 3659 ubi
2837 3597 3113 3652 viderunt
3159 3595 3551 3651 constantiam
3597 3593 3844 3665 proice-

2175 3689 2386 3758 sionis,
2462 3690 2680 3744 metum
2743 3687 3010 3758 pudoris,
3081 3688 3341 3756 paratam
3395 3684 3469 3738 ad
3517 3683 3844 3751 cruciatus,

2177 3779 2633 3834 erubescentem
2681 3777 2754 3832 ad
2792 3779 3094 3847 aSpectus,
3143 3773 3485 3846 excogitare
3535 3775 3851 3844 cmperunt

2173 3867 2666 3939 quemadmodum
2723 3865 2852 3935 (98).
2896 3865 3098 3936 specie
3155 3862 3442 3918 castitatis
3491 3861 3847 3934 religionem

2176 3957 2508 4026 tollerent;
2575 3959 2639 4012 ut
2703 3971 2838 4010 cum
2902 3953 2959 4008 id
3034 3952 3427 4009 abstulissent
3492 3951 3650 4022 quod
3715 3953 3848 4008 erat

2171 4115 2330 4156 mum
2351 4101 2700 4170 argumento
2721 4098 2955 4170 ductus,
2997 4095 3157 4170 quod
3177 4095 3235 4170 in
3269 4093 3461 4150 citatis
3483 4091 3842 4170 Martyrolo-

2171 4171 2290 4242 giis
2319 4164 2539 4242 passus
2572 4186 2706 4224 cum
2735 4164 3378 4242 TheoderauDidymus
3408 4180 3540 4242 non
3573 4164 3832 4236 legatur.

2172 4237 2300 4297 Alia
2322 4237 2438 4296 duo
2463 4243 2798 4311 proponunt
2821 4239 3082 4294 Bollandi
3121 4237 3585 4311 continuatores,
3619 4251 3838 4311 nempe

2171 4313 2328 4385 quod
2342 4307 2967 4385 hec—uirgoscribatur
2979 4327 3167 4385 nuper
3183 4310 3241 4385 in
3257 4308 3411 4385 vivis
3425 4307 3844 4385 fuisse,qu_od-

2171 4377 2284 4454 quc
2303 4383 2438 4454 ejus
2459 4377 2928 4438 cumvliberatore
2959 4377 3072 4436 suo
3091 4381 3366 4454 dialogus
3389 4378 3448 4433 in
3481 4377 3843 4454 quibusdam

2170 4450 2498 4511 Theodorae
2524 4457 2687 4508 Actis
2713 4469 2827 4508 non
2845 4453 3095 4524 legatur.
3119 4453 3235 4508 Sed
3259 4450 3637 4524 responderi
3631 4453 3845 4524 posset

2169 4527 2243 4582 ad
2290 4527 2564 4597 primum,
2623 4540 2751 4597 eam
2807 4520 3244 4597 comparatione
3279 4521 3542 4597 _'quidem
3595 4520 3864 4597 Thecla-

2170 4591 2310 4670 quaa-
2323 4597 2686 4668 temporibes
2709 4591 2963 4668 degebat
2982 4591 3341 4678 apostolicis
3353 4608 3540 4663 nuper
3561 4591 3794 4674 vixisse
3819 4608 3834 4648 :

2169 4670 2242 4724 ad
2264 4668 2592 4724 secundum
2614 4683 2778 4736 vero,
2817 4667 3175 4738 colloquium
3205 4665 3349 4719 illud
3379 4679 3495 4738 non
3527 4679 3646 4717 ιιιςι
3679 4663 3840 4738 bre-

2169 4709 2597 4794 vitatisucausa
2637 4709 2830 4792 fuisse
2876 4709 3368 4809 praetermissum.
3419 4736 3503 4809 At
3541 4735 3700 4806 quod
3748 4735 3838 4809 illi

2165 4813 2370 4894 putant
2397 4825 2556 4894 esse.
2583 4809 2805 4880 aliquid
2849 4805 2908 4862 in
2932 4807 3267 4894 ‘An‘ibrosii‘
3287 4805 3642 4894 narratione,
3667 4805 3843 4894 quod

2165 4879 2294 4952 ipse
2325 4897 2400 4936 ex
2429 4881 2595 4936 Actis
2627 4879 3178 4952 proconsularibus,
3212 4882 3274 4952 ut
3301 4881 3534 4952 vocant,
3562 4881 3838 4952 transtu-

2164 4947 2318 5020 lerit,
2353 4953 2554 5020 multo,
2584 4947 2761 5008 nobis
2792 4951 3178 5006 verisimilius
3208 4949 3406 5018 fuerit,
3437 4947 3584 5020 illud
3635 4949 3839 5019 ipsum

2163 5040 2241 5079 ex
2271 5017 2588 5080 Ambrosio
2619 5024 2681 5078 in
2699 5025 2843 5078 Acta
2874 5023 2971 5076 illa
2989 5021 3339 5076 translatum
3357 5034 3517 5074 esse.
3549 5017 3838 5084 Quaenam

2163 5094 2674 5168 igituriceﬁnsenda
2717 5099 2809 5149 est
2837 5093 3008 5165 virgo
3060 5093 3157 5168 illa
3192 5090 3635 5168 Ambrosiam?
3683 5091 3838 5146 Illud

2163 5161 2308 5222 v'ero
2339 5167 2583 5222 definire
2647 5181 2841 5237 neque
2889 5161 3227 5236 expeditum
3285 5161 3606 5233 credimus,
3640 5177 3837 5235 neque

2164 5237 2312 5292 adeo
2345 5239 2775 5293 necessarium.

2230 5307 2344 5381 (97)
2378 5309 2540 5381 Edit.
2563 5323 2790 5381 omnes,
2818 5305 3128 5381 alerentur
3150 5305 3451 5377 potiendae
3479 5319 3584 5377 spe
3615 5303 3839 5376 cupidi-

2163 5378 2308 5435 tatis
2327 5378 2484 5435 mss.
2520 5380 2642 5434 fere
2673 5379 2746 5433 ad
2779 5394 2960 5433 unum
2989 5382 3051 5434 ut
3081 5378 3140 5434 in
3171 5392 3442 5448 corpore.

2229 5451 2342 5522 (98)
2375 5451 2520 5506 Mss.
2548 5451 2906 5522 complures,
2930 5449 3189 5522 speciem
3206 5445 3510 5504 castitatis
3527 5445 3836 5522 tollerent)

2158 5518 2336 5600 unus,
2369 5522 2626 5600 speciem
2655 5518 3270 5600 c'astitatis'_tol_lerent
3289 5536 3304 5591 ;
3323 5591 3338 5600 _
3364 5535 3540 5600 unus,
3573 5518 3835 5600 speciem

387 5586 526 5640 Maii
583 5589 812 5666 scribit.
849 5589 1080 5666 _Verum
1137 5590 1293 5666 idem
1339 5586 2050 5666 cardinaliss'ententiam
2159 5586 2464 5666 castitatis
2480 5586 3620 5666 religionemquetollerent)oggantius
3636 5593 3836 5666 tamen

387 5672 562 5746 puam
595 5659 658 5715 in
678 5659 888 5717 Annal.
911 5661 986 5716 ad
1018 5676 1113 5717 an.
1155 5661 1265 5718 309
1308 5661 1630 5734 revocavit,
1665 5661 1779 5720 hoc
1795 5661 2048 5736 potissi-
2159 5664 2282 5737 alii,
2313 5667 2372 5722 et
2398 5664 2559 5738 edit.,
2593 5659 2796 5740 specie
2825 5659 3148 5736 castitatis,
3179 5659 3290 5719 etc.
3325 5659 3655 5737 sperabant
3674 5661 3836 5718 enim
