4060 6158
205 375 292 438 225
1372 365 1484 435 DE
1524 365 2021 439 VIRGINIBUS
2063 368 2223 437 LIB.
2271 367 2348 435 II.

3469 383 3590 454 226

204 577 429 647 amplius,
462 575 628 630 etiam
659 575 717 628 id
748 571 1044 644 eriperent
1082 575 1238 645 quod
1279 574 1656 644 reliquerant.
1700 557 1891 627 AutA
1922 576 2050 628 tura
2081 589 2210 628 sua.
2245 573 2516 629 Susanna
2545 575 2617 629 ad
2668 576 3021 646 supplicium
3061 593 3218 650 genu
3250 579 3396 648 fixit,
3430 586 3486 637 et
3514 583 3586 639 de

200 666 487 719 sacriﬁcare
536 663 855 735 virginem,
914 667 1013 717 aut
1067 663 1334 733 lupanari
1394 663 1666 732 prostitui
1706 661 1807 732 ju-

199 755 324 808 bent.
352 752 641 818 Quomodo
687 752 832 806 deos
873 768 1018 805 suos
1069 753 1288 820 colunt,
1337 752 1437 822 qui
1482 752 1570 804 sic
1613 751 1810 804 vindi-

195 849 328 896 cant:
367 847 458 895 aut
487 841 976 912 quemadmodum
1008 842 1121 911 ipsi
1153 842 1376 910 vivunt,
1410 840 1510 911 qui
1541 840 1614 893 ita
1643 838 1806 911 judi-

193 933 332 985 cant?

244 1020 317 1074 24.
342 1020 440 1074 Hic
477 1018 665 1089 puella
704 1034 819 1072 non
849 1019 1006 1089 quod
1039 1019 1109 1073 de
1134 1018 1419 1089 religione
1443 1017 1806 1088 ambigeret:

189 1109 273 1163 sed
300 1109 363 1162 de
390 1109 607 1178 pudore
651 1109 988 1177 trepidaret,
1039 1109 1168 1178 ipsa
1217 1123 1454 1161 secum:
1505 1106 1654 1171 Quid
1685 1107 1811 1178 agi-

189 1199 334 1252 mus?
361 1197 541 1252 Hodie
573 1199 673 1250 aut
717 1201 955 1268 martyr,
989 1200 1087 1250 aut
1133 1196 1337 1267 virgo:
1390 1195 1570 1250 altera
1602 1195 1660 1248 in
1698 1211 1807 1248 no-

186 1287 260 1341 bis
321 1286 604 1341 invidetur
651 1300 888 1340 corona.
953 1284 1070 1338 Sed
1118 1300 1228 1338 nec
1289 1284 1542 1355 virginis
1595 1299 1808 1337 nomen

189 1377 510 1447 agnoscitur,
558 1374 664 1428 ubi
704 1373 1061 1445 virginitatis
1111 1376 1317 1427 auctor
1355 1376 1624 1444 negatur.
1659 1372 1807 1425 Nam

187 1463 637 1536 quemadmodum
668 1463 859 1534 virgo,
896 1463 948 1516 si
980 1463 1348 1518 meretricem
1368 1462 1564 1516 colas:
1600 1477 1807 1532 quem-

183 1551 450 1606 admodum
479 1553 678 1624 virgo,
713 1551 766 1605 si
807 1551 1107 1605 adulteros
1149 1551 1386 1622 diligas,
1422 1550 1807 1622 quemadmo-

185 1642 289 1695 dum
316 1642 498 1712 virgo,
533 1642 590 1694 si
621 1655 880 1695 amorem
910 1642 1077 1710 petas
1097 1641 1126 1694 ?
1156 1640 1549 1694 Tolerabilius
1572 1643 1664 1694 est
1692 1639 1803 1708 (22,

190 1747 228 1802 q.
267 1731 311 1798 5,
356 1745 478 1800 cap.
534 1729 955 1799 Tolerabilius)
994 1731 1256 1792 mentem
1292 1728 1586 1799 virginem
1631 1743 1805 1798 quam

192 1835 376 1873 carnem
405 1818 649 1872 habere.
685 1818 1010 1889 Utrumque
1027 1817 1269 1887 bonum,
1305 1817 1358 1870 si
1389 1817 1561 1871 liceat
1593 1817 1668 1884 (si
1691 1832 1808 1871 non

1925 663 2208 718 adulteris
2234 664 2615 734 triumphavit
2653 665 2824 732 (Dan.
2863 683 2986 734 xm,
3023 668 3112 736 42,
3151 668 3237 736 61,
3280 670 3400 740 62):
3437 672 3590 726 aruit

1922 751 2162 806 dextera
2187 768 2320 822 quae
2354 753 2552 822 templi
2586 754 2670 807 tui
2701 753 2853 807 dona
2883 755 3122 809 violavit
3153 757 3263 824 (lll
3278 759 3423 830 Reg.
3458 778 3582 831 χιιι,

1921 841 2005 908 4):
2041 857 2195 894 nunc
2228 842 2504 912 templum
2538 843 2731 912 ipsum
2760 847 3100 898 attrectatur
3128 848 3324 916 tuum;
3375 865 3446 902 ne
3477 867 3584 919 pa-

1919 930 2117 983 triaris
2153 931 2444 984 incestum
2479 932 2800 1003 sacrilegii,
2836 933 2936 1004 qui
2964 949 3080 986 non
3109 950 3327 1003 passus
3359 952 3424 991 es
3457 938 3584 992 fur-

1917 1021 2060 1072 tum.
2090 1019 2480 1074 Benedieatur
2504 1024 2560 1075 et
2595 1038 2751 1075 nunc
2786 1038 3000 1077 nomen
3022 1026 3224 1078 tuum:
3257 1028 3318 1079 ut
3348 1041 3479 1096 quae
3511 1028 3586 1082 ad

1918 1107 2270 1162 adulterium
2301 1110 2457 1178 veni,
2490 1110 2662 1180 virgo
2691 1110 3012 1166 discedam.

1988 1214 2076 1268 28.
2111 1215 2222 1268 Vix
2255 1217 2651 1286 compleverat
2689 1233 2944 1287 precem,
2979 1223 3034 1274 et
3076 1235 3216 1274 ecce
3255 1221 3349 1274 vir
3377 1223 3582 1278 militis

1917 1303 2119 1371 specie
2166 1304 2450 1358 terribilis
2493 1305 2704 1375 irrupit
2747 1307 2844 1374 (2).
2903 1306 3401 1371 Quemadmodum
3448 1326 3583 1366 eum

1915 1392 2088 1462 virgo
2120 1393 2355 1446 tremuit
2383 1393 2480 1463 (3),
2515 1395 2608 1448 cui
2639 1395 2892 1464 populus
2924 1400 3184 1452 tremens
3209 1399 3434 1454 cessit?
3464 1400 3581 1455 Sed

1913 1495 2032 1534 non
2062 1480 2159 1534 illa
2190 1482 2498 1536 immemor
2529 1483 2833 1538 lectionis:
2869 1484 2940 1538 Et
2963 1485 3186 1554 Daniel,
3210 1488 3416 1559 inquit,
3441 1505 3581 1560 sup-

1912 1569 2155 1639 plicium
2185 1569 2474 1625 Susannae
2506 1575 2879 1641 spectaturus
2919 1574 3270 1631 advenerat:
3317 1580 3374 1631 et
3405 1595 3580 1649 quam

1913 1658 2167 1728 populus
2201 1658 2514 1728 damnavit,
2551 1677 2705 1714 unus
2737 1661 2992 1716 absolvit
3014 1663 3184 1730 (Dan.
3209 1682 3330 1730 xm,
3350 1666 3440 1736 45,
3464 1669 3576 1737 46).

1915 1748 2116 1801 Potest
2149 1751 2205 1802 et
2243 1748 2303 1801 in
2344 1748 2456 1803 hoc
2506 1749 2627 1820 lupi
2671 1750 2872 1805 habitu
2917 1752 3013 1805 ovi
3053 1753 3254 1808 latere.
3294 1755 3484 1810 Habet
3523 1761 3581 1814 et

1913 1835 2189 1890 Christus
2239 1837 2456 1891 milites
2495 1854 2663 1906 suos,
2714 1841 2814 1910 qui
2861 1841 3033 1894 etiam
3083 1842 3354 1914 legiones
3400 1845 3579 1902 habet

184 1906 575 2000 liceat,_saltem
610 1923 730 2000 non
773 1907 996 2000 heremi
1036 1910 1238 2000 ςᾶεΐεθη
1271 1906 1377 1960 8θά
1429 1905 1550 2000 Dfo
1593 1906 1803 2000 είῐηιξὲ·
1837 1934 1890 1997 Β
1912 1926 2122 1993 (Matli.
2157 1943 2320 1996 χχνι,
2354 1927 2465 1996 53).
2498 1928 2615 1982 Aut
2644 1905 2900 1984 fortasse
2947 1905 3270 2000 percussor
3317 1934 3572 1991 intravit.

183 1997 236 2050 Et
263 1997 443 2051 Rahab
489 1996 776 2051 meretrix
807 1995 933 2065 fuit,
968 1997 1075 2050 sed
1109 1999 1420 2066 postquam
1457 1995 1578 2049 Deo
1611 1994 1806 2049 credi-
1838 1994 1879 1997 —
1912 2015 2000 2070 Ne
2033 1994 2312 2078 vereare;
2340 1994 2551 2078 anima,
2586 2017 2719 2071 (alis
2760 2018 2912 2073 solet
2947 1994 3134 2078 hum),

184 2086 245 2139 dit
270 2087 499 2140 salutem
533 2085 778 2140 invenit.
823 2084 1042 2154 (Josue.
1084 2103 1142 2152 ιι,
1180 2085 1230 2155 1,
1265 2085 1342 2154 2.)
1375 2084 1444 2138 Et
1482 2083 1683 2138 Judith
1716 2098 1806 2153 se,

182 2179 227 2228 ut
250 2175 494 2230 adultero
525 2175 809 2245 placeret,
843 2174 1072 2228 ornavit
1100 2173 1328 2240 (Juditb
1359 2191 1416 2242 χ,
1450 2172 1526 2242 3),
1561 2189 1694 2244 quae
1723 2175 1806 2226 ta-

181 2279 284 2318 men
308 2266 432 2336 quia
464 2265 585 2319 hoc
617 2264 924 2335 religione,
959 2280 1076 2318 non
1107 2279 1304 2317 amore
1336 2262 1606 2331 faciebat,
1634 2277 1805 2316 nemo

184 2368 277 2408 eam
324 2353 644 2409 adulteram
687 2353 995 2424 judicavit.
1049 2353 1205 2406 Bene
1263 2352 1560 2406 successit
1601 2367 1806 2405 exem-

182 2443 322 2512 plum.
370 2444 514 2498 Nam
562 2445 616 2496 si
658 2443 756 2496 illa
803 2458 936 2513 quae
979 2456 1044 2495 se
1091 2441 1384 2496 commisit
1429 2441 1708 2513 religioni
1752 2443 1809 2495 et

183 2532 424 2601 pudorem
483 2533 754 2587 servavit
811 2534 866 2585 et
930 2530 1205 2600 patriam,
1268 2530 1545 2584 fortassis
1597 2533 1653 2585 et
1695 2547 1806 2586 nos

184 2623 428 2676 servando
476 2621 856 2692 religionem,
920 2620 1295 2674 servabimus
1343 2621 1515 2673 etiam
1565 2621 1804 2674 castita-

180 2713 282 2765 tem.
308 2711 462 2774 Quod
495 2710 556 2764 si
595 2709 796 2763 Judith
829 2708 1168 2780 pudicitiam
1199 2709 1469 2780 religioni
1503 2709 1805 2779 praeferre

182 2799 442 2871 voluisset,
476 2800 712 2871 perdita
745 2799 949 2870 patria,
1000 2799 1174 2854 etiam
1221 2799 1559 2869 pudicitiam
1605 2799 1805 2869 perdi-

181 2885 343 2944 disset.

231 2996 302 3051 25.
325 2997 518 3069 Itaque
555 2995 772 3050 talibus
804 2995 1112 3050 informata
1143 2995 1454 3066 exemplis,
1481 2994 1653 3049 simul
1675 2995 1804 3049 ani-

181 3099 251 3138 mo
285 3089 479 3141 tenens
524 3087 711 3140 verba
759 3085 1011 3154 Domini,
1058 3085 1275 3155 quibus
1307 3085 1420 3139 ait:
1471 3084 1806 3157 Quicunque

174 3174 468 3243 perdiderit
500 3176 761 3230 animam
783 3191 944 3227 suam
973 3181 1221 3245 propter
1253 3190 1362 3243 me,
1392 3174 1659 3228 inveniet
1679 3190 1805 3228 eam

180 3263 372 3326 (.llatlli.
406 3283 462 3334 x,
495 3262 615 3334 39),
650 3265 828 3333 ﬂevit,
862 3265 1059 3330 tacuit,
1085 3261 1157 3317 n'e
1188 3279 1313 3317 eam
1345 3263 1438 3316 vel
1470 3262 1804 3334 loquentem

178 3352 364 3408 adulter
398 3355 664 3408 audiret:
713 3369 821 3406 nec
863 3353 1108 3422 pudoris
1148 3352 1326 3423 elegit
1367 3352 1664 3423 injuriam,
1699 3353 1805 3407 sed

182 3438 354 3496 Christi
392 3442 716 3498 recusavit.
749 3441 1063 3496 z’Estimate
1095 3446 1287 3496 utrum
1331 3441 1661 3497 adulterare
1703 3459 1804 3513 po-

182 3532 319 3584 tuerit
344 3547 583 3602 corpus,
609 3547 741 3601 quae
774 3546 881 3584 nec
914 3546 1120 3584 vocem
1150 3531 1516 3584 adulteravit.

234 3637 306 3691 26.
338 3637 688 3693 Jamdudum
723 3637 1151 3692 verecundatur
1168 3638 1351 3693 oratio
1374 3653 1522 3707 mea,
1558 3641 1613 3692 et
1634 3639 1806 3710 quasi

183 3725 308 3782 adire
333 3733 636 3800 gestorum
661 3727 878 3782 seriem
901 3727 1278 3781 criminosam
1300 3731 1471 3798 atque
1490 3728 1806 3798 explanare

183 3813 430 3872 formidat.
462 3817 731 3872 Claudite
763 3831 984 3885 aurem,
1017 3817 1304 3888 virgines.
1342 3817 1583 3870 Ducitur
1613 3817 1806 3887 puella

189 3902 271 3957 Dei
297 3907 359 3960 ad
388 3907 656 3978 lupanar.
688 3905 802 3960 Sed
834 3906 1053 3975 aperite
1087 3921 1308 3975 aurem,
1328 3906 1618 3978 virgines.
1639 3907 1806 3960 Chri-

181 3992 394 4067 slivirgo
408 3995 683 4066 prostitui
708 3998 922 4064 potest,
943 3995 1258 4048 adulterari
1281 4011 1398 4049 non
1412 3998 1626 4066 potest.
1655 3995 1805 4050 Ubi-

185 4094 374 4153 cunque
403 4085 577 4156 virgo
621 4084 725 4139 Dei
767 4087 876 4153 est,
914 4075 1055 4137 169
1088 4084 1365 4154 templum
1397 4085 1501 4138 Dei
1532 4089 1654 4139 est:
1697 4100 1806 4139 nec

180 4163 437 4239 lupanaria
471 4173 758 4227 infamant
805 4173 1150 4242 castitatem,
1187 4174 1297 4228 sed
1346 4175 1588 4228 castitas
1635 4175 1807 4228 etiam

186 4255 275 4312 loci
300 4262 482 4317 abolet
514 4262 836 4316 infamiam.

239 4366 311 4420 27.
343 4368 427 4422 Fit
459 4370 674 4440 ingens
724 4368 1106 4439 petulantium
1140 4385 1472 4424 concursus
1503 4370 1574 4423 ad
1622 4369 1809 4424 forni-

185 4468 303 4508 cem.
335 4458 549 4512 Discite
583 4462 901 4529 martyrum
933 4459 1232 4526 miracula,
1266 4462 1487 4513 sanctae
1519 4459 1806 4530 virgines,

185 4541 431 4600 dediscite
480 4547 746 4601 locorum
797 4548 1102 4602 vocabula.
1159 4547 1462 4602 Clauditur
1513 4548 1669 4602 intus
1714 4563 1810 4602 co-

185 4628 368 4704 lumba,
402 4641 671 4707 strepunt
711 4637 1022 4706 accipitres
1060 4637 1244 4691 foris:
1295 4640 1518 4691 certant
1564 4637 1806 4709 singuli,
1840 4653 1894 4718 D

187 4723 294 4790 quis
323 4725 572 4793 praedam
605 4726 829 4795 primus
867 4726 1100 4779 invadat
1139 4726 1271 4795 (99).
1307 4726 1380 4779 At
1411 4727 1504 4779 illa
1537 4726 1808 4781 manibus

189 4810 242 4861 ad
255 4813 448 4867 ccelum
469 4815 878 4885 levatis,quasi
892 4815 960 4868 ad
977 4815 1212 4869 domum
1225 4815 1489 4869 venisset
1503 4816 1808 4885 orationis,

189 4913 282 4952 non
315 4903 380 4954 ad
419 4903 681 4957 libidinis
717 4903 1139 4958 diversorium:
1178 4903 1432 4973 Christe,
1468 4904 1674 4975 inquit,
1709 4904 1808 4975 qui

190 4986 430 5044 domuisti
463 4993 664 5047 Daniel
701 4993 915 5064 virgini
939 4993 1016 5062 (1)
1056 4993 1218 5047 feros
1255 4993 1458 5047 leones
1484 4993 1654 5061 (Dan.
1687 5011 1807 5063 xvi,

190 5074 278 5143 39),
307 5085 463 5148 potes
504 5084 673 5135 etiam
725 5083 960 5135 domare
1011 5082 1311 5136 hominum
1362 5082 1517 5136 feras
1559 5086 1807 5136 mentes.

192 5161 446 5223 Chaldaris
465 5171 853 5242 roravitignis
876 5171 1047 5242 (Dan.
1072 5188 1154 5239 ιιι,
1176 5173 1286 5240 50),
1322 5171 1548 5226 Judaeis
1570 5187 1636 5224 se
1660 5170 1813 5225 unda

195 5259 466 5325 suspendit
485 5260 699 5330 (Exod.
726 5277 850 5330 xxv,
871 5260 980 5327 21),
1009 5260 1418 5314 misericordia
1439 5263 1556 5330 tua,
1583 5275 1698 5314 non
1720 5275 1817 5313 na-

352 5401 730 5475 idolispotius
754 5402 1232 5471 sacrificaturam,
1260 5419 1432 5473 quam
1449 5405 1512 5457 ut
1539 5403 1610 5456 ad
1634 5419 1810 5474 pros-

196 5469 480 5544 titutionem
502 5469 811 5528 duceretur
832 5490 1142 5544 passuram
1161 5469 1317 5528 esse.

252 5540 346 5615 (99)
366 5544 492 5598 Non
527 5546 695 5615 pauci
719 5540 888 5613 mss.,
927 5545 1198 5600 Claudite
1229 5547 1391 5600 intus
1419 5545 1808 5601 columbam...

197 5612 634 5699 qnlﬁc‘olumb'am
650 5612 886 5699 primus
909 5617 1172 5699 invadat.

251 5681 317 5762 (ξ)
342 5684 472 5762 Non
497 5681 670 5762 pauci
695 5701 844 5762 mss.
880 5688 978 5762 qui
1024 5688 1306 5762 domuisti
1345 5689 1596 5762 virgini.
1647 5687 1822 5762 Haud

199 5752 319 5814 male
345 5752 590 5839 quidem,
622 5760 677 5823 si
720 5752 1012 5822 referatur
1060 5759 1136 5822 ad
1179 5752 1471 5822 Theclarn'
1501 5761 1820 5842 virginem,

2283 2056 2297 2086 ,
2340 2022 2551 2084 anima,
2586 2022 2719 2071 talis
2760 2022 2912 2073 solet
2950 2024 3236 2092 martyres
3274 2022 3490 2079 facere.
3532 2025 3579 2080 Ο

1910 2105 2102 2176 virgo,
2137 2105 2286 2159 fides
2316 2107 2412 2158 tua
2443 2108 2499 2159 te
2531 2105 2776 2174 salvam,
2801 2107 2971 2163 fecit!
3528 2112 3535 2118 “

1982 2211 2068 2265 29.
2103 2211 2208 2266 Cui
2232 2212 2441 2267 miles:
2478 2213 2586 2281 Ne,
2622 2230 2847 2284 quaeso,
2874 2232 3116 2286 paveas,
3156 2235 3348 2274 soror.
3373 2220 3580 2276 Frater

1912 2301 2026 2355 huc
2057 2301 2192 2355 veni
2225 2301 2457 2355 salvare
2487 2301 2760 2371 animam,
2794 2320 2911 2357 non
2941 2307 3211 2374 perdere.
3245 2307 3429 2363 Serva
3459 2325 3572 2380 me,

1909 2393 1972 2444 ut
2004 2391 2132 2460 ipsa
2163 2389 2447 2444 serveris.
2481 2389 2662 2454 Quasi
2712 2391 2940 2447 adulter
2991 2395 3329 2465 ingressus,
3366 2398 3418 2451 si
3458 2398 3573 2464 vis,

1911 2483 2133 2549 martyr
2153 2479 2444 2551 egrediar.
2468 2479 2828 2534 Vestimenta
2854 2485 3146 2537 mutemus
3171 2500 3184 2552 ς
3219 2487 3577 2541 conveniunt

1913 2568 2053 2622 mihi
2085 2572 2201 2637 tua,
2238 2571 2294 2622 et
2340 2584 2468 2622 mea
2500 2568 2645 2623 tibi:
2700 2570 2806 2624 sed
2853 2574 3099 2643 utraque
3150 2574 3408 2630 Christo.
3454 2576 3578 2630 Tua

1913 2657 2101 2711 vestis
2150 2672 2241 2710 me
2275 2672 2480 2711 verum
2510 2657 2751 2712 militem
2785 2659 2977 2728 faciet,
3013 2676 3139 2714 mea
3177 2665 3231 2716 te
3267 2663 3575 2734 virginem.

1915 2745 2075 2800 Bene
2105 2749 2166 2799 tu
2195 2745 2493 2814 vestieris,
2526 2761 2638 2817 ego
2670 2747 2884 2802 melius
2917 2764 3118 2821 exuar,
3156 2754 3217 2804 ut
3247 2767 3338 2805 me
3369 2768 3580 2822 perse-

1919 2839 2086 2889 cutor
2113 2838 2419 2906 agnoscat.
2470 2834 2646 2889 Sume
2693 2836 2976 2906 habitum,
3010 2839 3108 2909 qui
3149 2840 3472 2895 abscondat
3503 2842 3580 2912 (4)

1919 2922 2194 2977 feminam
2223 2939 2234 2978 :
2272 2923 2457 2992 trade,
2494 2924 2594 2994 qui
2625 2929 2935 2980 consecret
2967 2930 3298 2998 martyrem.
3334 2929 3582 2984 Induere

1920 3011 2270 3066 chlamidem
2289 3029 2422 3083 quae
2437 3013 2686 3067 occultet
2701 3015 2960 3068 membra
2976 3016 3248 3087 virginis,
3266 3023 3582 3090 servetque

1918 3101 2224 3172 pudorem.
2260 3100 2437 3155 Sume
2468 3102 2683 3170 pileum
2714 3103 2868 3172 quod
2901 3106 3059 3174 tegat
3081 3105 3296 3174 crines,
3331 3106 3584 3162 abscon-

1922 3191 2016 3244 dat
2047 3206 2168 3244 ora.
2203 3190 2406 3244 Solent
2437 3190 2794 3245 erubescere
2817 3192 2918 3262 qui
2941 3193 3188 3262 lupanar
3217 3195 3580 3251 intraverint.

1842 3297 1892 3359 ο
1919 3279 2072 3334 Sane
2105 3295 2237 3332 cum
2271 3294 2518 3350 egressa
2553 3279 2758 3348 fueris,
2793 3295 2865 3334 ne
2920 3283 3211 3351 respicias
3242 3287 3420 3352 retro,
3455 3300 3583 3338 me-

1921 3385 2050 3422 mor
2071 3368 2278 3422 uxoris
2314 3368 2421 3421 I.ot
2443 3383 2576 3438 quae
2598 3372 2862 3422 naturam
2881 3385 3072 3439 suam,
3093 3372 3228 3441 quia
3252 3372 3581 3442 impudicos

1919 3457 2056 3511 licet
2102 3457 2285 3510 castis
2333 3457 2522 3510 oculis
2557 3458 2835 3527 respexit,
2875 3459 3070 3512 amisit
3099 3460 3271 3528 (Gen.
3310 3477 3435 3531 χιχ,
3468 3463 3580 3531 26).

1920 3547 2044 3601 Nec
2076 3561 2318 3600 vereare
2351 3561 2423 3598 ne
2456 3546 2595 3616 quid
2625 3551 2823 3615 pereat
2855 3549 3169 3603 sacrificio.
3220 3549 3346 3621 Ego
3391 3567 3497 3621 pro
3528 3554 3584 3605 te

1921 3636 2175 3690 hostiam
2210 3635 2329 3689 Deo
2359 3635 2563 3704 reddo,
2597 3638 2658 3688 tu
2690 3652 2796 3704 pro
2819 3653 2910 3690 me
2932 3639 3446 3694 militemChristo.
3471 3639 3585 3694 Ha-

1918 3725 2028 3779 bes
2062 3725 2276 3778 bonam
2307 3724 2569 3777 militiam
2603 3725 2909 3794 castitatis,
2946 3742 3078 3797 quae
3128 3728 3439 3797 stipendiis
3471 3729 3584 3782 mi-

1919 3814 2043 3868 litat
2091 3813 2509 3882 sempiternis:
2561 3813 2804 3867 loricam
2846 3813 3114 3887 justitiae,
3155 3833 3288 3887 quae
3334 3815 3585 3888 spiritali

1921 3902 2240 3957 munimine
2265 3917 2482 3972 corpus
2512 3902 2805 3958 includat:
2851 3907 3083 3958 scutum
3115 3905 3269 3968 fidei,
3303 3922 3419 3977 quo
3448 3906 3584 3961 vul-

1921 4007 2035 4046 nus
2065 3991 2320 4061 repellas
2347 4007 2358 4044 :
2393 3990 2623 4062 galeam
2653 3991 2903 4061 salutis;
2944 3993 3024 4047 ibi
3059 3994 3214 4048 enim
3245 3999 3335 4048 est
3367 3995 3582 4065 praesi-

1921 4081 2081 4134 dium
2112 4083 2333 4134 nostris
2374 4080 2604 4147 salutis,
2639 4081 2740 4134 ubi
2784 4080 3094 4138 Christus:
3147 4083 3423 4155 quoniam
3452 4100 3577 4140 mu-

1920 4170 2086 4224 lieris
2111 4173 2282 4240 caput
2299 4168 2407 4238 vir,
2434 4169 2686 4240 virginis
2717 4170 3012 4225 Christus.

1991 4276 2079 4330 30.
2116 4275 2186 4329 Et
2217 4276 2368 4330 inter
2411 4275 2540 4329 haec
2588 4275 2768 4330 verba
2819 4276 3186 4347 chlamydem
3231 4279 3433 4332 texuit.
3478 4277 3588 4332 Su-

1923 4367 2165 4435 spectus
2213 4368 2405 4418 tamen
2455 4364 2646 4418 adhuc
2697 4365 2935 4420 habitus
2983 4370 3038 4420 et
3085 4367 3487 4436 persecutoris
3529 4369 3588 4421 et

1923 4454 2191 4508 adulteri.
2219 4454 2400 4525 Virgo
2424 4455 2737 4523 cervicem,
2766 4455 3131 4526 chlamydem
3156 4455 3326 4508 miles
3349 4453 3581 4509 offerre.

1924 4543 2066 4609 Quae
2107 4559 2318 4614 pompa
2359 4543 2475 4612 illa,
2511 4560 2642 4614 quae
2689 4545 2896 4615 gratia,
2930 4559 3061 4597 cum
3106 4542 3163 4596 in
3206 4543 3467 4613 lupanari
3512 4543 3585 4598 de

1923 4633 2202 4703 martyrio
2254 4631 2578 4686 certarent!
2627 4632 2932 4685 Addantur
2978 4647 3272 4701 personm,
3317 4631 3488 4686 miles
3531 4635 3590 4687 et

1925 4723 2116 4794 virgo,
2159 4723 2292 4792 hoc,
2343 4725 2452 4789 est,
2507 4721 2830 4775 dissimiles
2871 4721 3022 4774 inter
3062 4735 3128 4774 se
3175 4712 3316 4774 170
3357 4723 3584 4790 natura,

1927 4814 2033 4868 sed
2088 4811 2193 4865 Dei
2243 4809 2621 4864 miseratione
2670 4808 3054 4878 consimiles;
3097 4811 3159 4862 ut
3205 4809 3588 4881 compleatur,

1925 4900 2226 4956 oraculum
2253 4915 2265 4953 :
2311 4899 2464 4952 Tunc
2493 4897 2612 4969 lupi
2646 4903 2702 4952 et
2732 4898 2872 4969 agni
2901 4897 3078 4951 simul
3096 4903 3420 4967 pascentur
3449 4897 3590 4968 (lsa.

1925 5007 2061 5059 va,
2095 4989 2206 5058 25).
2243 4987 2398 5041 Ecce
2426 5002 2579 5057 agna
2609 4990 2664 5040 et
2691 4987 2865 5056 lupus
2895 5003 3014 5041 non
3043 4987 3236 5041 solum
3266 4989 3594 5057 pascuntur

1929 5077 2126 5146 simul,
2160 5077 2266 5131 sed
2298 5076 2470 5129 etiam
2501 5075 2894 5130 immolantur.
2927 5075 3075 5141 Quid
3107 5076 3273 5146 plura
3295 5077 3323 5130 ?
3373 5076 3590 5131 Mutato

1927 5167 2150 5236 habitu,
2186 5165 2376 5220 evolat
2405 5164 2599 5235 puella
2629 5165 2700 5219 de
2723 5165 2954 5236 laqueo,
2982 5165 3104 5236 jam
3136 5181 3253 5220 non
3274 5164 3402 5220 suis
3434 5165 3591 5235 aliis,

1929 5259 2127 5328 utpote
2159 5270 2291 5326 quae
2326 5255 2736 5326 spiritualibus
2767 5255 3093 5310 ferebatur:
3139 5258 3195 5309 et
3224 5253 3402 5325 (quod
3433 5253 3593 5309 nulla

1926 5400 1998 5454 de
2029 5415 2159 5474 qua
2183 5413 2383 5468 supra.
2770 5470 2778 5474 _
2902 5466 2939 5474 Α
3199 5469 3208 5474 _
3280 5471 3288 5474 _

1999 5460 2075 5540 (2')
2100 5460 2307 5524 Plures
2321 5485 2469 5524 mss.
2488 5474 2545 5523 et
2565 5484 2700 5524 ecce
2720 5470 2816 5524 vir
2831 5466 3019 5534 miles,
3045 5469 3242 5540 specie
3269 5460 3590 5522 terribilis.

2020 5543 2074 5610 3)
2111 5541 2284 5614 Edit.,
2321 5557 2448 5614 eum
2487 5541 2769 5614 Virgokut
2804 5541 2972 5609 vidit,
3010 5540 3269 5614 tremuit.
3407 5602 3422 5614 _
3509 5603 3518 5614 .

2020 5545 2074 5610 3)
2111 5545 2284 5610 Edit.,
2321 5557 2448 5595 eum
2487 5545 2672 5612 Virgo,
2711 5548 2769 5594 ut
2804 5545 2972 5609 vidit,
3010 5545 3269 5594 tremuit.

1982 5545 2073 5684 ’(4)
2107 5613 2252 5668 Mss.
2288 5612 2530 5684 aliquot,
2565 5612 2786 5667 Melius
2817 5627 3021 5684 egu‘ar,
3060 5617 3118 5666 ut
3139 5602 3592 5684 absconderis;

1927 5674 2116 5763 neme
2131 5674 2488 5763 persecutor
2513 5674 2816 5761 agnoscat.
2834 5683 2903 5743 Et
2923 5674 3097 5758 infra,
3124 5681 3302 5738 Sume
3324 5674 3594 5763 pallium,

1929 5755 2079 5842 quod
2117 5755 2300 5835 tegat,
2340 5758 2452 5818 etc.
