4060 6158
443 324 563 404 227

1903 308 1970 385 S.
2026 305 2473 386 AMBROSII.

3770 312 3923 383 '228

444 538 707 608 unquam
762 530 1041 586 viderunt
1098 525 1343 598 saecula)
1401 524 1705 599 egreditur
1751 522 1823 579 de
1857 519 2127 594 lupanari
2151 500 2212 564 Α
2242 520 2298 575 si
2328 534 2421 574 me
2443 519 2611 591 prius
2641 518 2884 590 patiaris
2912 518 3122 574 occidi.
3156 518 3230 608 In,
3246 520 3302 574 te
3334 533 3453 575 non
3473 517 3711 608 habent
3737 518 3911 608 aliam

443 626 637 696 virgo,
657 621 765 678 sed
781 619 1029 675 Christi.

512 730 602 785 31.
635 731 711 784 At
733 728 817 782 illi
840 726 943 799 qui
962 725 1243 781 videbant
1269 722 1482 792 oculis,
1506 724 1562 777 et
1584 736 1703 776 non
1722 718 2000 775 videbant
2020 718 2118 789 (5),

446 835 556 875 ceu
588 822 860 890 raptores
892 815 966 870 ad
995 829 1231 887 agnam,
1267 827 1378 868 ceu
1425 811 1548 882 lupi
1578 810 1830 865 fremere
1860 807 1933 861 ad
1961 823 2123 879 pra-

444 909 598 964 dam.
626 907 798 963 Unus
819 905 921 978 qui
952 907 1078 960 erat
1099 901 1527 969 immodestior,
1551 898 1832 954 introivit.
1874 895 1990 952 Sed
2019 895 2121 950 ubi

449 997 650 1052 hausit
698 995 894 1051 oculis
939 993 1026 1048 rei
1086 994 1347 1047 textum:
1385 988 1537 1055 Quid
1576 988 1711 1059 hoc,
1745 986 1951 1057 inquit,
1985 985 2124 1040 est?

451 1086 657 1143 Puella
674 1086 953 1157 ingressa
966 1085 1077 1152 est,
1098 1081 1190 1136 vir
1200 1080 1452 1135 videtur.
1466 1078 1621 1133 Ecce
1642 1092 1761 1133 non
1784 1075 2122 1131 fabulosum

446 1175 593 1231 illud
643 1189 819 1230 cerva
856 1187 965 1243 pro
1010 1170 1245 1242 virgine
1278 1169 1375 1239 (6),
1410 1167 1516 1224 sed
1563 1165 1721 1238 quod
1759 1180 1967 1220 verum
2006 1165 2118 1234 est,

446 1264 619 1319 miles
650 1279 725 1318 ex
760 1260 1017 1334 virgine.
1052 1260 1128 1313 At
1155 1259 1330 1314 etiam
1360 1256 1661 1312 audieram
1692 1258 1749 1310 et
1775 1270 1894 1310 non
1924 1251 2122 1308 credi-

447 1353 669 1423 deram,
706 1350 865 1423 quod
911 1363 1125 1421 aquam
1168 1346 1443 1402 Christus
1488 1346 1549 1400 in
1586 1344 1789 1399 vinum
1834 1342 2125 1399 convertit

446 1442 641 1512 (Joan.
675 1457 738 1511 ιι,
770 1439 827 1509 9)
856 1459 872 1494 .-
900 1437 1023 1510 jam
1055 1440 1281 1492 mutare
1311 1434 1488 1506 coepit
1524 1436 1581 1489 et
1609 1448 1815 1488 sexus.
1854 1430 2121 1487 Recede-

450 1547 585 1585 mus
617 1530 776 1598 hinc,
803 1528 941 1582 dum
960 1526 1153 1581 adhuc
1176 1526 1277 1597 qui
1300 1524 1541 1594 fuimus,
1566 1537 1795 1577 sumus.
1820 1519 2123 1591 Numquid

453 1621 511 1675 et
540 1620 671 1690 ipse
702 1620 959 1672 mutatus
992 1632 1146 1686 sum,
1181 1615 1279 1685 qui
1312 1613 1468 1667 aliud
1493 1627 1692 1681 cerno,
1712 1626 1886 1682 quam
1905 1609 2123 1664 credo?

449 1707 542 1763 Ad
572 1708 821 1779 lupanar
852 1705 1006 1775 veni,
1040 1720 1219 1759 cerno
1269 1702 1669 1757 vadimonium
1698 1700 1809 1770 (7):
1841 1702 1898 1754 et
1927 1702 2122 1752 tamen

446 1800 709 1852 mutatus
754 1794 1050 1868 egrediar,
1094 1792 1347 1864 pudicus
1396 1790 1595 1861 exibo,
1639 1789 1739 1861 qui
1769 1788 1999 1843 adulter
2026 1787 2121 1841 in-

446 1888 619 2030 ῑηέἒ..
647 1973 870 2029 Indicio
900 1972 1007 2043 rei,
1051 1970 1188 2044 quia
1224 1969 1549 2026 debebatur
1580 1970 1740 2023 tanto
1777 1982 1996 2023 corona
2024 1966 2118 2020 vi-

451 2065 620 2136 ctori,
654 2065 965 2119 damnatus
1013 2064 1105 2117 est
1146 2075 1253 2132 pro
1298 2058 1552 2131 virgine,
1588 2057 1691 2129 qui
1737 2072 1844 2127 pro
1882 2055 2119 2128 virgine

453 2152 925 2225 comprehensus
948 2153 1058 2206 est.
1086 2149 1168 2205 ita
1190 2150 1261 2204 de
1282 2147 1551 2219 lupanari
1571 2162 1688 2202 non
1713 2146 1906 2201 solum
1921 2146 2116 2217 virgo,

454 2244 562 2300 sed
593 2243 768 2299 etiam
796 2244 1089 2312 martyres
1133 2239 1423 2294 exierunt.
1456 2236 1669 2291 Fertur
1696 2235 1892 2307 puella
1923 2234 1998 2288 ad
2026 2232 2118 2289 lo-

434 2338 588 2390 'cum
605 2331 881 2403 supplicii
906 2328 1310 2393 concurrisse,
1339 2329 1604 2381 certasse
1625 2325 1833 2380 ambos
1855 2324 1927 2378 de
1949 2336 2115 2394 nece,

452 2440 587 2479 cum
618 2421 716 2476 ille
734 2420 989 2475 diceret:
1013 2418 1141 2491 Ego
1165 2433 1298 2472 sum
1314 2415 1530 2488 jussus
1549 2414 1761 2484 occidi,
1784 2417 1839 2469 te
1862 2412 2119 2468 absolvit

449 2510 762 2580 sententia,
798 2507 1034 2580 quando
1066 2522 1159 2562 me
1179 2505 1386 2562 tenuit.
1411 2505 1486 2559 At
1514 2504 1610 2558 illa
1634 2503 1886 2558 clamare
1910 2502 2111 2572 capit:

449 2602 583 2657 Non
604 2615 717 2671 ego
736 2602 793 2652 te
828 2596 1037 2651 mortis
1060 2596 1268 2650 vadem
1296 2594 1473 2666 elegi,
1498 2593 1604 2648 sed
1632 2592 1893 2663 praedem
1932 2590 2117 2661 pudo-

451 2690 535 2744 ris
569 2686 765 2758 optavi
793 2685 891 2756 (8).
922 2684 987 2739 Si
1014 2684 1206 2755 pudor
1236 2682 1541 2755 quaritur,
1574 2684 1771 2735 manet
1798 2695 1984 2735 sexus
2012 2695 2023 2734 :
2062 2679 2117 2733 si

450 2776 700 2849 sanguis
723 2774 1087 2845 exposcitur,
1107 2772 1528 2843 ﬁdejussorem
1550 2786 1668 2825 non
1694 2769 1990 2839 desidero,
2015 2768 2118 2823 ha-

447 2867 562 2923 beo
591 2864 746 2920 unde
777 2862 1123 2918 dissolvam.
1157 2862 1220 2915 In
1251 2875 1344 2915 me
1373 2858 1482 2914 lata
1516 2860 1630 2913 ista
1651 2858 1958 2929 sententia,
1983 2874 2117 2930 qua

449 2972 556 3029 pro
587 2970 680 3010 me
709 2953 825 3008 lata
856 2954 966 3006 est.
1000 2949 1170 3006 Certe
1203 2950 1257 3004 si
1294 2948 1561 3020 pecuniae
1602 2951 1657 3003 te
1696 2946 2119 3018 tidejussorem

448 3045 775 3114 dedissem,
810 3046 867 3097 et
893 3040 1138 3095 absente
1164 3054 1279 3108 me,
1299 3038 1488 3110 judex
1508 3040 1671 3093 tuum
1693 3052 1938 3092 censum
1956 3036 2118 3092 fene-

446 3134 628 3191 ratori
645 3131 1076 3204 adjudicasset,
1093 3128 1301 3183 eodem
1318 3143 1410 3182 me
1434 3126 1722 3182 sententia
1738 3126 2113 3199 convenires,
2156 3128 2206 3191 C

448 3239 578 3280 meo
599 3219 954 3294 patrimonio
973 3219 1270 3273 solverem
1282 3219 1419 3271 tuos
1436 3231 1649 3271 nexus.
1671 3214 1733 3270 Si
1750 3230 2111 3287 recusarem,

447 3313 584 3387 quis
616 3327 709 3366 me
741 3309 1047 3382 indignam
1077 3306 1321 3377 indigna
1344 3308 1529 3360 morte
1549 3307 1867 3360 censeret?
1887 3303 2113 3370 Quanto

446 3401 640 3473 major
669 3402 762 3454 est
811 3397 1021 3468 capitis
1054 3394 1238 3467 hujus
1269 3392 1486 3449 usura!
1534 3394 1753 3449 Moriar
1799 3394 2109 3466 innocens,

445 3506 520 3546 ne
551 3489 772 3544 moriar
800 3502 1047 3542 nocens.
1083 3483 1243 3539 Nihil
1275 3484 1373 3537 hic
1402 3482 1659 3537 medium
1677 3485 1768 3538 est
1789 3498 1802 3538 :
1823 3483 1998 3538 hodie
2014 3486 2115 3538 aut

444 3595 547 3635 rea
577 3594 678 3634 ero
707 3578 793 3632 tui
823 3575 1158 3647 sanguinis,
1194 3576 1294 3627 aut
1314 3576 1536 3643 martyr
1562 3571 1697 3627 mei.
1723 3571 1784 3626 Si
1803 3573 1917 3627 cito
1938 3573 2109 3641 redii,

445 3669 580 3741 quis
612 3684 703 3722 me
726 3666 899 3721 audet
930 3663 1294 3719 excludere?
1325 3661 1379 3717 si
1410 3676 1632 3716 moram
1665 3660 1799 3731 feci,
1835 3661 1970 3732 quis
2003 3677 2112 3716 au-

444 3757 542 3812 det
571 3755 885 3811 absolvere
904 3753 1093 3807 ?Plus
1122 3750 1359 3823 legibus
1393 3749 1602 3820 debeo,
1635 3764 1737 3804 rea
1766 3765 1886 3805 non
1917 3749 2111 3805 solum

444 3845 605 3918 fugae
624 3859 794 3912 meae,
819 3841 927 3896 sed
947 3840 1121 3895 etiam
1140 3840 1322 3894 caedis
1343 3838 1573 3894 alienae.
1596 3837 1910 3894 Sufficiunt
1930 3854 2109 3895 mem-

441 3933 550 3989 bra
598 3931 793 4001 morti,
826 3946 959 4002 quae
1008 3944 1127 3983 non
1176 3928 1553 3983 sufﬁciebant
1605 3926 1864 4000 injuria.
1897 3927 2004 3983 Est
2047 3928 2107 3983 in

440 4023 675 4095 virgine
707 4019 938 4075 vulneri
970 4019 1138 4073 locus
1157 4017 1258 4088 qui
1278 4032 1397 4071 non
1418 4018 1542 4071 erat
1563 4015 1951 4072 contumelia.
1979 4016 2107 4089 Ego

444 4111 831 4185 Opprobrium
861 4106 1174 4177 declinavi,
1209 4121 1327 4160 non
1370 4105 1736 4175 martyrium.
1767 4105 1900 4160 Tibi
1946 4107 2109 4161 cessi

441 4205 691 4270 vestem,
725 4214 842 4253 non
887 4196 1325 4269 professionem
1374 4195 1612 4249 mutavi.
1646 4193 1813 4259 Quod
1862 4195 1916 4249 si
1962 4194 2109 4251 mihi

440 4288 718 4362 praeripis
748 4290 1016 4356 mortem,
1051 4301 1168 4341 non
1197 4284 1627 4353 redemistime,
1660 4284 1767 4339 sed
1781 4285 2107 4340 circumve-

438 4379 599 4435 nisti.
633 4378 809 4445 Cave,
842 4391 1071 4448 quaso,
1105 4390 1179 4429 ne
1211 4373 1555 4440 contendas,
1590 4388 1731 4428 cave
1771 4389 1845 4428 ne
1876 4377 2106 4429 contra-

2242 623 2421 680 quam
2442 610 2779 678 exerceant,
2803 622 3068 679 poenam:
3097 608 3158 661 in
3178 607 3411 680 virgine
3435 606 3733 663 obnoxius
3767 599 3902 661 171

2242 697 2435 768 pudor
2472 700 2583 751 est.
2632 697 2833 768 Itaque
2886 696 3211 769 gloriosior
3256 696 3398 765 eris,
3439 696 3492 751 si
3538 695 3799 751 videaris
3838 696 3913 749 de

2242 786 2530 841 aldultera
2558 790 2876 857 martyrem
2904 786 3149 857 fecisse,
3173 801 3351 858 quam
3382 787 3454 842 de
3480 790 3738 858 martyre
3758 785 3919 840 adul-

2240 877 2426 929 teram
2457 875 2813 931 reddidisse.

2312 981 2401 1036 33.
2421 980 2570 1047 Quid
2589 982 2950 1053 exspectatis
2971 983 3000 1037 ?
3032 982 3159 1038 Duo
3182 982 3627 1052 contenderunt,
3652 984 3709 1037 et
3737 980 3915 1037 ambo

2241 1071 2540 1127 vicerunt:
2591 1086 2701 1126 nec
2749 1071 2941 1126 divisa
2984 1074 3076 1127 est
3125 1087 3363 1141 corona,
3407 1071 3513 1126 sed
3563 1070 3776 1125 addita.
3830 1070 3916 1124 Ita

2241 1159 2431 1214 sancti
2463 1162 2753 1231 martyres
2783 1160 3039 1216 invicem
3061 1160 3177 1216 sibi
3199 1160 3487 1216 beneficia
3511 1158 3913 1228 conferentes,

2240 1248 2422 1304 altera
2450 1248 2807 1321 principium
2830 1250 3111 1321 martyrio
3131 1250 3309 1321 dedit,
3334 1249 3482 1304 alter
3510 1248 3803 1305 effectum.

2858 1351 3144 1449 ’CAPUT
3182 1393 3250 1447 v.

2238 1533 2580 1608 Amicorum
2599 1534 2843 1608 duorum
2866 1540 2925 1589 et
2947 1541 3109 1590 secta
3127 1535 3511 1608 Pythagorea
3525 1535 3907 1590 memorabile

2310 1606 2530 1661 factum
2545 1622 2671 1660 cum
2692 1606 2867 1661 laude
2888 1606 3273 1672 recensetur;
3296 1606 3597 1672 superiori
3611 1612 3804 1660 tamen
3817 1622 3908 1661 os-

2318 1678 2587 1733 tenditur
2617 1692 2759 1749 esse
2783 1678 3279 1749 postponendam:
3313 1677 3413 1733 ubi
3444 1678 3620 1733 etiam
3650 1678 3727 1733 de
3760 1677 3909 1732 Dio-

2310 1749 2476 1821 nysii
2519 1750 2583 1803 in
2628 1748 2959 1821 spoiiandis
2996 1748 3176 1821 idolis
3205 1749 3517 1821 irrisione,
3553 1764 3662 1821 nec
3691 1763 3807 1803 non
3833 1749 3913 1803 de

2151 1810 2229 1877 B'
2311 1810 2553 1892 déorum
2575 1821 2637 1874 in
2656 1810 2993 1892 tolerandis
3012 1819 3178 1892 illius
3193 1810 3537 1892 sacrilegiis
3554 1819 3911 1892 infirmitate

2310 1891 2661 1963 disseritur,
2682 1891 2878 1963 posita
2901 1905 2980 1945 ex
2998 1891 3073 1945 ad
3082 1906 3256 1963 verso
3279 1890 3445 1963 quam
3459 1890 3621 1946 Deus
3632 1890 3766 1946 olim
3782 1906 3909 1946 ca-

2309 1962 2398 2035 pit
2425 1962 2499 2018 de
2530 1961 2863 2029 Jeroboam,
2901 1977 3116 2017 severa
3147 1961 3387 2017 ultione.

2307 2106 2398 2162 34.
2449 2107 2524 2161 At
2567 2106 2741 2161 etiam
2789 2104 3283 2177 philosophorum
3331 2104 3639 2178 gymnasia
3686 2105 3911 2161 Damo-

2239 2212 2375 2252 nem
2407 2195 2521 2266 (10)
2552 2198 2610 2250 et
2639 2195 2906 2267 Pythiam
2938 2194 3346 2267 Pythagoreos
3378 2195 3437 2249 in
3455 2194 3669 2250 coelum
3687 2193 3908 2266 ferunt,

2239 2300 2491 2358 quorum
2522 2300 2677 2340 unus
2710 2299 2843 2339 cum
2890 2287 3055 2339 esset
3096 2283 3269 2338 morti
3309 2282 3704 2356 adjudicatus,
3737 2300 3909 2339 com-

2237 2374 2703 2430 mendandorum
2734 2389 2981 2429 suorum
3012 2376 3244 2444 tempus
3274 2374 3579 2444 poposcit:
3617 2377 3911 2444 tyrannus

2236 2466 2428 2519 autem
2460 2463 2889 2532 astutissimus,
2923 2463 3081 2534 quod
3123 2462 3368 2533 reperiri
3411 2478 3528 2518 non
3560 2478 3740 2533 posse
3769 2462 3909 2518 exi-

2235 2554 2521 2623 stimaret,
2554 2551 2762 2623 petivit
2808 2555 2873 2606 ut
2920 2568 3274 2622 sponsorem
3320 2552 3502 2618 daret,
3547 2553 3650 2623 qui
3684 2568 3793 2623 pro
3835 2568 3909 2608 se

2236 2642 2531 2712 feriretur,
2564 2642 2617 2696 si
2662 2640 2792 2711 ipse
2832 2640 3055 2701 faceret
3084 2656 3327 2696 moram.
3367 2639 3517 2707 Quid
3548 2640 3621 2696 de
3664 2641 3906 2697 duobus

2232 2730 2603 2803 praeclarius,
2653 2730 2881 2786 nescio.
2934 2730 3261 2801 Utrumque
3317 2730 3691 2800 praclarum.
3736 2730 3909 2785 Alter

2232 2820 2441 2876 mortis
2473 2819 2683 2874 vadem
2711 2819 2953 2889 invenit,
2988 2819 3135 2873 alter
3164 2834 3231 2873 se
3272 2819 3496 2874 obtulit.
3532 2818 3732 2891 Itaque
3762 2820 3907 2874 dum

2233 2926 2374 2965 reus
2404 2924 2628 2965 moram
2658 2908 2949 2981 supplicio
2982 2907 3220 2979 faceret,
3256 2907 3580 2980 ﬁdejussor
3606 2907 3773 2964 vultu
3806 2923 3908 2963 se-

2232 3015 2377 3055 reno
2408 3002 2654 3054 mortem
2694 3015 2812 3055 non
2852 2998 3168 3053 recusavit.
3203 2997 3346 3053 Cum
3390 2997 3723 3067 duceretur,
3756 2998 3907 3052 ami-

2235 3106 2343 3145 cus
2375 3088 2709 3158 revertitur,
2743 3088 3037 3143 cervicem
3069 3086 3394 3157 substituit,
3436 3086 3585 3142 colla
3616 3084 3901 3157 subjecit.

2234 3179 2399 3233 Tunc
2444 3177 2765 3232 admiratus
2816 3180 3099 3247 tyrannus
3150 3176 3480 3231 chariorem
3521 3174 3903 3246 philosophis

2233 3268 2547 3322 amicitiam
2597 3283 2772 3338 quam
2815 3266 2996 3320 vitam
3036 3265 3268 3336 fuisse;
3319 3265 3523 3335 petivit
3561 3268 3624 3320 ut
3660 3264 3790 3336 ipse
3822 3264 3903 3321 ab

2231 3357 2327 3412 his
2378 3373 2530 3429 quos
2580 3357 2986 3424 damnaverat,
3040 3355 3101 3410 in
3150 3355 3465 3410 amicitiam
3510 3354 3899 3425 reciperetur.

2230 3446 2473 3501 Tantam
2502 3445 2739 3500 virtutis
2772 3460 2910 3500 esse
2941 3444 3190 3517 gratiam
3232 3443 3366 3515 (tl),
3410 3446 3471 3499 ut
3501 3446 3558 3499 et
3583 3447 3904 3516 tyrannum

2229 3536 2557 3591 inclinaret.

2297 3642 2386 3697 35.
2423 3642 2613 3715 Digna
2660 3642 2851 3712 laude,
2885 3639 2995 3696 sed
3034 3640 3261 3696 minora
3307 3640 3552 3695 nostris.
3593 3639 3743 3695 Nam
3775 3640 3901 3697 illic

2226 3731 2400 3787 ambo
2429 3732 2578 3802 viri;
2611 3731 2707 3785 hic
2738 3747 2853 3785 una
2883 3730 3076 3801 virgo,
3112 3745 3245 3801 quae
3276 3729 3465 3800 primo
3489 3728 3660 3784 etiam
3680 3746 3901 3786 sexum

2226 3821 2530 3890 vinceret;
2582 3820 2665 3874 illi
2716 3820 2908 3887 amici,
2957 3818 3093 3874 istis
3142 3817 3467 3889 incogniti:
3515 3818 3597 3872 illi
3642 3821 3898 3889 tyranno

2225 3910 2327 3965 uni
2350 3925 2417 3964 se
2446 3908 2803 3979 obtulerunt,
2834 3908 2931 3962 isti
2961 3908 3227 3979 tyrannis
3257 3907 3549 3978 pluribus,
3573 3906 3687 3963 hoc
3719 3910 3899 3964 etiam

2228 3998 2686 4068 crudelioribus,
2718 3996 2876 4068 quod
2907 3996 3005 4050 ille
3043 3996 3324 4067 pepercit,
3362 3997 3459 4050 isti
3507 3996 3895 4054 occiderunt:

2224 4088 2377 4143 inter
2408 4086 2543 4142 illos
2567 4087 2626 4141 in
2651 4102 2767 4141 uno
2798 4086 3056 4141 obnoxia
3086 4086 3441 4155 necessitas,
3464 4086 3522 4140 in
3556 4086 3651 4140 his
3682 4087 3897 4143 ambo-

2223 4194 2354 4232 rum
2384 4177 2659 4232 voluntas
2690 4176 2895 4230 libera.
2916 4174 3044 4229 Hoc
3066 4190 3301 4246 quoque
3326 4175 3424 4229 isti
3451 4174 3894 4248 prudentiores,

2221 4266 2381 4338 quod
2411 4266 2531 4321 illis
2562 4265 2741 4321 studii
2771 4264 2865 4319 sui
2898 4264 3034 4319 finis
3064 4264 3338 4319 amicitia
3366 4265 3576 4337 gratia,
3616 4264 3753 4321 istis
3787 4282 3896 4322 co-

2221 4371 2367 4411 rona
2397 4356 2681 4426 martyrii,
2705 4353 2791 4408 illi
2812 4353 2967 4409 enim
2998 4355 3372 4409 certaverunt
3394 4353 3757 4426 hominibus,
3792 4355 3896 4411 isti

437 4468 636 4524 dicere
673 4444 895 4521 audeas
945 4444 1211 4534 (9).Noli
1263 4462 1490 4533 eripere
1538 4461 1913 4533 beneficium,
1947 4463 2106 4535 quod
2134 4444 2189 4505 D
2222 4445 2366 4501 Πθο·

439 4556 677 4612 dedisti.
711 4556 862 4610 Dum
900 4553 1048 4607 mihi
1095 4551 1246 4606 hanc
1292 4549 1643 4606 sententiam
1689 4564 1899 4625 negas,
1945 4552 2104 4608 illam

435 4646 704 4703 restituis
737 4644 1127 4715 superiorem.
1161 4640 1460 4696 Sententia
1491 4640 1647 4696 enim
1676 4641 1965 4696 sententia
1996 4658 2104 4697 su-

436 4734 670 4805 periore
701 4735 976 4787 mutatur.
1011 4730 1076 4786 Si
1112 4729 1411 4802 posterior
1446 4745 1538 4784 me
1578 4744 1698 4785 non
1736 4732 1914 4799 tenet,
1946 4733 2106 4786 tenet

422 4822 731 4907 superior.
764 4821 1099 4877 Possumus
1129 4822 1376 4892 uterque
1400 4818 1749 4875 satisfacere
1770 4820 2099 4891 sententia,

507 4966 585 5037 (5)
616 4965 699 5020 lta
731 4979 879 5020 mss.
916 4979 1144 5035 omnes,
1179 4964 1296 5020 nisi
1326 4964 1483 5036 quod
1514 4964 1629 5020 duo
1662 4962 1961 5035 exhibent,
1984 4963 2105 5037 fre-

433 5052 640 5093 muere
662 5056 681 5091 :
728 5038 899 5093 Rom.
949 5051 1091 5091 vero
1113 5037 1273 5106 edit.,
1298 5040 1434 5106 post
1463 5052 1645 5091 voces
1691 5043 1750 5089 ct
1782 5052 1895 5092 non
1932 5036 2101 5091 vide-

435 5109 602 5174 bant,
637 5108 765 5180 sola
797 5078 1333 5180 subjungitcordet,
1351 5111 1409 5161 at
1430 5123 1561 5162 cum
1592 5107 1727 5162 aliis
1755 5108 2102 5179 particulam

434 5196 542 5236 ceu
572 5179 823 5235 detrahit
852 5178 986 5234 ante
1017 5178 1226 5234 vocem
1258 5178 1395 5249 lupi.

506 5251 582 5321 (6)
615 5252 864 5307 Cervam
907 5250 1149 5322 intelige
1198 5251 1259 5304 in
1299 5248 1595 5322 sacrificio
1638 5266 1744 5319 pro
1794 5250 2099 5322 Iphigenia

432 5320 667 5396 virigne
718 5320 1184 5395 Agamemnonis
1227 5321 1389 5393 regis
1429 5320 1548 5373 tilia
1578 5320 1978 5391 suppositam:
2026 5321 2098 5376 de

432 5410 549 5465 qua
580 5394 992 5465 Dictys.Cret.
1027 5392 1128 5465 lib.
1163 5410 1201 5461 ι,
1234 5390 1435 5462 Ειιῐιὶμ
1466 5391 1538 5465 in
1557 5391 1857 5465 Iphigenia
1887 5392 1951 5446 in
1977 5391 2099 5446 Au-

457 5435 1005 5535 5'32,"o§{iﬁf'1iﬁ.v£t
1012 5435 1343 5535 (51.22;:
1358 5435 1563 5517 ὲῖᾰιῖίξ

502 5533 582 5607 ('7)
633 5533 1322 5607 Vadimoniumiproprie
1354 5533 1806 5607 estpromissio
1846 5533 2100 5607 sistendi

433 5604 604 5663 seed
634 5607 1017 5663 constitutum
1047 5604 1422 5677 diem’coram
1447 5604 1775 5677 judicibus,
1800 5607 1857 5660 at
1887 5605 2100 5661 dicitur

429 5677 549 5747 hoc
589 5677 722 5739 loco
752 5677 1154 5738 vadimonium
1182 5675 1339 5761 quod
1387 5675 1661 5758 aequasi
1686 5675 1896 5739 vadem
1925 5676 2098 5741 miles

2291 4551 2381 4607 36.
2416 4549 2487 4606 Et
2528 4550 2804 4622 quoniam
2847 4549 2935 4604 rei
2990 4548 3165 4604 istius
3209 4548 3459 4606 fecimus
3505 4551 3889 4622 mentionem,

2219 4658 2328 4713 par
2358 4643 2451 4696 est
2480 4643 2796 4695 contexere
2828 4638 2971 4710 quid
3001 4639 3073 4694 de
3120 4638 3235 4694 diis
3284 4637 3414 4694 suis
3456 4641 3734 4711 senserit,
3769 4657 3891 4714 quo

2220 4730 2414 4803 magis
2428 4729 2696 4784 infirmos
2713 4727 3017 4800 judicetis,
3042 4744 3194 4800 quos
3216 4728 3461 4784 irrident
3480 4730 3596 4785 sui.
3617 4729 3889 4802 Namque

2218 4818 2272 4875 is
2307 4835 2441 4875 cum
2471 4818 2738 4874 venisset
2767 4818 2826 4873 in
2846 4818 3125 4890 templum
3139 4818 3326 4889 Jovis,
3351 4819 3890 4878 amictumaureum

2214 4977 2323 5034 pro
2354 4961 2586 5034 virgine
2618 4961 3006 5034 constituerit.

2288 5034 2363 5105 (8)
2415 5031 2563 5088 Mss.
2615 5033 2855 5104 aliquot.
2906 5033 3017 5087 sed
3036 5031 3311 5105 praedam
3344 5031 3883 5105 pudoris_expavi.

2216 5103 2427 5160 Plures
2458 5120 2599 5160 vero
2623 5103 2729 5159 ubi
2747 5119 2953 5158 omnes
2981 5103 3119 5158 edit.
3152 5119 3287 5158 eum
3325 5103 3533 5174 paucis
3566 5103 3699 5159 aliis
3730 5120 3885 5160 mss.

2214 5183 2421 5246 manet,
2446 5191 2654 5246 nexus,
2703 5175 3027 5245 praferunt
3057 5175 3388 5246 elegantius
3435 5180 3631 5229 manet
3675 5191 3881 5231 sexus.

2270 5248 2363 5316 ‘(9)
2393 5245 2638 5312 Quidam
2671 5261 2819 5301 mss.
2854 5262 2999 5301 cave
3028 5245 3443 5301 contradicere
3464 5245 3754 5300 audieris.

2286 5319 2400 5388 (10)
2430 5319 2513 5373 De
2545 5318 2659 5372 hoc
2688 5318 3171 5389 amicorumpari
3204 5318 3401 5389 agitur
3434 5317 3588 5388 apud
3616 5316 3740 5389 Cic.
3776 5316 3880 5371 lib.

2215 5387 2305 5459 m,
2338 5389 2531 5458 0f]ic.,
2566 5389 2696 5444 loco
2723 5387 2846 5459 jam
2878 5405 2910 5442 a
2942 5388 3118 5443 nobis
3170 5387 3343 5444 citato
3372 5387 3546 5459 atque
3577 5387 3737 5459 alibi,
3772 5403 3885 5444 nec

2215 5476 2332 5515 non
2364 5461 2517 5532 apud
2550 5460 2680 5515 Val.
2713 5459 2867 5532 Max.
2888 5460 3007 5532 lib.
3042 5476 3122 5529 1v,
3158 5475 3209 5532 c.
3240 5460 3377 5532 7,7et
3406 5459 3579 5514 alios.

2285 5529 2416 5603 (tt)
2432 5531 2651 5615 Omnes
2684 5530 2846 5615 edit.,
2881 5531 3351 5615 Tanta‘virtutis
3373 5535 3466 5615 est
3484 5530 3704 5615 gratia.
3739 5529 3880 5615 0m-

2214 5618 2324 5662 nes
2381 5601 2550 5671 mss.,
2581 5676 2589 5680 _
2615 5608 2837 5680 tantum
2894 5603 3149 5680 virtutis
3197 5608 3289 5665 est
3328 5601 3607 5680 gratiam,
3667 5601 3879 5678 supple

2215 5680 2465 5757 constat,
2497 5676 2595 5738 aut
2616 5673 2756 5756 quid
2772 5673 2987 5736 simile.
