4060 6158
207 341 288 409 729
1365 335 1479 403 DE
1519 336 2018 405 VIRGINIBUS
2063 338 2222 403 LIB.
2271 332 2353 400 II.

3485 325 3608 403 930

201 561 287 618 quo
314 540 674 612 operiebatur
705 539 1089 595 simulacrum
1113 538 1247 611 ejus
1268 539 1401 610 (η),
1436 539 1660 595 detrahi
1687 537 1902 611 jus-'A
1931 541 2225 609 praecepta
2256 536 2614 609 virginibus,
2658 537 2766 591 sed
2813 537 2884 591 de
2931 535 3265 608 virginibus
3314 537 3601 608 exempla.

197 635 268 702 sit,
298 631 499 702 imponi
540 630 794 698 laneum,
820 629 1028 684 dicens
1059 645 1265 684 aurum
1296 629 1489 683 hieme
1518 629 1822 717 frigidum,

1929 627 2161 682 Vestrae
2217 626 2455 681 virtutis
2515 625 2776 697 effigiem
2828 628 3031 679 nostra
3085 626 3347 696 depinxit
3395 627 3601 697 oratio,

196 724 361 776 aestate
394 735 706 774 onerosum
746 734 907 772 esse.
949 717 1049 772 Sic
1081 719 1256 772 deum
1302 719 1488 772 irrisit
1534 734 1728 787 suum,
1761 714 1826 772 ut
1925 719 2144 770 vestra:
2184 714 2492 786 gravitatis
2523 714 2841 785 imaginem
2873 715 3044 784 quasi
3083 714 3140 767 in
3182 714 3422 784 speculo
3458 731 3604 786 quo-

194 827 278 865 nec
306 825 442 864 onus
468 808 622 862 ferre
645 823 846 878 posse,
873 823 982 861 nec
1013 807 1206 879 frigus
1236 811 1484 874 putaret.
1511 807 1666 861 Idem
1688 823 1822 860 cum

193 897 484 967 [Esculapii
511 896 755 950 barbam
773 896 1024 950 vidisset
1045 912 1302 964 auream,
1331 896 1454 951 tolli
1492 897 1818 966 imperavit,

192 991 539 1057 incongruum
573 1001 712 1039 esse
742 984 1051 1054 appellans
1084 989 1144 1039 ut
1174 985 1329 1039 ﬁlius
1360 985 1604 1039 barbam
1636 985 1821 1039 habe-

193 1080 276 1144 ret,
293 1079 440 1146 patre
470 1090 587 1128 non
619 1074 870 1128 habente
891 1073 1026 1143 (13).
1061 1073 1219 1128 Idem
1243 1073 1580 1128 simulacris
1613 1077 1822 1128 tenen-

186 1164 314 1218 tibus
338 1178 539 1218 aureas
572 1165 809 1233 pateras
851 1161 1087 1231 ademit,
1137 1162 1406 1234 allegans
1451 1162 1720 1233 accipere
1752 1178 1821 1218 se

187 1253 387 1320 debere,
419 1251 574 1322 quod
609 1252 691 1305 dii
719 1251 926 1306 darent
959 1267 970 1306 :
1014 1250 1300 1316 Quoniam
1331 1251 1461 1307 haec
1493 1255 1633 1306 sunt
1659 1254 1815 1322 vota,

184 1342 367 1413 inquit,
401 1341 703 1395 hominum
730 1382 744 1409 ,
809 1340 952 1404 172
1008 1344 1072 1394 ut
1102 1357 1134 1395 a
1167 1339 1280 1395 diis
1310 1357 1443 1412 qua:
1474 1340 1629 1396 bona
1658 1343 1815 1410 sunt,

182 1430 536 1500 adipiscantur
564 1445 576 1484 :
614 1429 760 1483 nihil
779 1433 970 1483 autem
992 1445 1137 1484 auro
1160 1429 1372 1484 melius
1398 1445 1410 1484 :
1445 1431 1600 1501 quod
1624 1433 1818 1484 tamen

185 1519 225 1572 si
250 1518 439 1572 malum
469 1521 586 1587 est,
621 1517 842 1572 habere
889 1518 1036 1572 deos
1066 1533 1185 1573 non
1216 1518 1432 1573 debere
1468 1534 1480 1574 :
1515 1519 1568 1572 si
1597 1519 1817 1573 bonum

184 1610 276 1676 est,
316 1607 523 1662 habere
564 1607 764 1678 magis
808 1605 1079 1662 homines
1120 1607 1367 1678 debere,
1419 1608 1518 1678 qui
1568 1607 1651 1661 uti
1690 1607 1815 1662 sci-

190 1700 297 1750 rent.

234 1785 302 1839 3'1.
338 1785 412 1838 Ita
465 1784 727 1839 ludibrio
788 1784 968 1838 habiti
1014 1789 1186 1855 sunt,
1248 1787 1310 1840 ut
1346 1800 1538 1856 neque
1587 1784 1818 1855 Jupiter

184 1879 361 1928 restem
391 1890 559 1928 suam
589 1873 908 1928 defendere
940 1874 1213 1944 potuerit,
1248 1890 1356 1928 nec
1397 1874 1642 1928 barbam
1664 1873 1815 1928 zEs-

180 1963 419 2034 cnlapius,
443 1978 553 2016 nec
593 1962 803 2032 Apollo
833 1963 1164 2033 pubescere
1196 1963 1390 2018 adhuc
1412 1964 1674 2034 coeperit,
1705 1978 1812 2017 ne-

179 2067 266 2123 que
306 2067 500 2106 omnes
547 2052 655 2122 qui
704 2051 980 2106 dicuntur
1018 2052 1119 2122 dii,
1173 2051 1473 2107 retrahere
1520 2051 1816 2122 potuerint

178 2146 368 2212 pateras
398 2157 546 2212 quas
586 2140 892 2196 tenebant:
915 2157 1032 2195 non
1063 2145 1180 2194 tam
1209 2141 1348 2196 furti
1366 2145 1590 2196 reatum
1609 2142 1815 2195 timen-

179 2235 262 2299 tes,
290 2246 450 2301 quam
506 2245 763 2285 sensum
806 2246 923 2284 non
973 2230 1281 2286 habentes.
1314 2229 1458 2296 Quis
1490 2231 1672 2302 igitur
1708 2245 1814 2284 eos

181 2320 310 2385 colat,
337 2319 431 2391 qui
458 2335 577 2374 nec
612 2319 930 2374 defendere
963 2334 1030 2374 se
1061 2321 1234 2391 quasi
1265 2320 1369 2390 dii,
1409 2335 1520 2374 nec
1549 2319 1811 2375 abscon-

181 2409 283 2463 dere
311 2408 472 2480 quasi
507 2409 788 2463 homines
818 2411 1119 2479 possunt?

225 2497 296 2551 38.
334 2500 401 2552 At
427 2499 488 2552 in
519 2497 746 2568 templo
779 2497 886 2552 Dei
935 2498 1122 2552 nostri
1169 2514 1303 2552 cum
1335 2497 1671 2568 Jeroboam,
1705 2513 1812 2552 rex

179 2587 661 2656 sceleratissimus,
689 2587 839 2642 dona
871 2603 1003 2658 quae
1034 2590 1200 2657 pater
1221 2587 1355 2658 ejus
1386 2591 1685 2658 posuerat,
1709 2603 1810 2642 au-

179 2675 332 2745 ferret,
387 2694 452 2732 ac
509 2691 701 2747 super
768 2681 1038 2730 sanctum
1088 2677 1269 2731 altare
1327 2677 1538 2731 libaret
1593 2675 1805 2732 idolis:

179 2781 326 2820 nonne
356 2767 597 2821 dextera
633 2765 768 2837 ejus
798 2782 972 2837 quam
991 2766 1254 2834 tetendit,
1289 2767 1459 2835 aruit,
1493 2781 1601 2820 nec
1623 2782 1732 2819 sua
1755 2766 1809 2819 ei

180 2869 275 2925 quae
303 2855 630 2923 invocabat,
667 2855 822 2910 idola
861 2854 1249 2934 profuerunt?
1298 2855 1519 2918 Deinde
1556 2871 1809 2909 conver-

178 2959 254 2998 sus
280 2945 340 2997 ad
369 2945 706 3012 Dominum,
731 2944 961 3015 rogavit
981 2943 1231 3012 veniam,
1259 2944 1572 3014 statimque
1598 2959 1809 2998 manus

175 3030 276 3102 ejus
304 3050 423 3105 quae
455 3035 699 3088 aruerat
742 3032 1080 3104 sacrilegio,
1131 3035 1334 3086 sanata
1381 3036 1473 3087 est
1518 3033 1808 3105 religione

169 3120 260 3204 (ΙΙΙ
290 3123 420 3194 Reg.
455 3139 584 3190 xm,
613 3123 668 3189 2,
702 3121 776 3191 6).
811 3122 954 3175 'l'am
985 3124 1272 3175 maturum
1307 3121 1362 3175 in
1385 3137 1502 3176 uno
1535 3124 1590 3176 et
1624 3121 1808 3176 mise-

1925 804 2056 858 dam
2081 803 2378 858 sermonis
2402 803 2578 857 istius
2601 802 2845 856 cernitis
2866 800 3183 873 refulgere;
3209 802 3331 857 Vos
3354 804 3407 856 si
3427 820 3603 874 quam

1924 896 2130 948 nostro
2162 892 2411 964 gratiam
2459 891 2772 945 inhalastis
2803 890 3043 962 ingenio
3065 890 3196 960 (14),
3219 893 3482 945 vestrum
3512 895 3606 946 est

1925 981 2211 1052 quidquid
2240 982 2353 1035 iste
2376 980 2602 1036 redolet
2631 980 2801 1034 liber.
2836 979 2907 1033 Et
2937 979 3214 1051 quoniam
3247 983 3390 1049 quot
3410 979 3602 1033 homi-

1926 1085 2057 1138 nes,
2093 1074 2177 1124 tot
2207 1069 2517 1124 sententiae
2554 1084 2566 1123 :
2602 1070 2654 1123 si
2686 1069 2825 1139 quid
2867 1069 3215 1123 del'aecatum
3247 1071 3340 1122 est
3371 1068 3431 1121 in
3478 1083 3605 1122 ser-

1923 1173 2098 1212 mone
2155 1161 2382 1226 nostro,
2425 1172 2632 1211 omnes
2681 1156 2882 1228 legant
2921 1173 2932 1211 :
2985 1157 3038 1210 si
3085 1157 3226 1227 quid
3273 1156 3601 1226 decoctum,

1924 1245 2278 1301 maturiores
2302 1245 2588 1316 probent:
2615 1245 2669 1299 si
2706 1245 2846 1316 quid
2877 1245 3228 1314 modestum,
3261 1245 3602 1316 pectoribus

1921 1335 2228 1404 inhaereat,
2262 1350 2448 1406 genas
2480 1335 2684 1406 pingat
2717 1350 2728 1388 :
2765 1335 2817 1388 si
2849 1334 2989 1406 quid
3030 1333 3424 1405 florulentum,
3457 1337 3602 1390 setas

1920 1423 2230 1478 ﬂorulenta
2258 1439 2376 1477 non
2399 1422 2706 1492 improbet.

1987 1511 2077 1566 40.
2102 1512 2424 1566 Debuimus
2448 1526 2688 1581 sponsa
2711 1511 2968 1565 excitare
2989 1527 3249 1566 amorem
3274 1527 3288 1581 ;
3313 1511 3600 1582 scriptum

1919 1603 2011 1655 est
2040 1601 2197 1655 enim
2223 1615 2234 1655 :
2263 1600 2498 1671 Diliges
2528 1601 2836 1654 Dominum
2867 1599 3051 1654 Deum
3091 1605 3246 1654 tuum
3289 1600 3484 1670 (Deut.
3517 1617 3596 1670 v1,

1918 1690 1993 1759 5).
2049 1689 2374 1744 Debuimus
2440 1690 2500 1742 in
2551 1689 2772 1759 nuptiis
2834 1689 3187 1744 calamistris
3247 1689 3601 1760 quibusdam

1919 1779 2117 1833 crines
2163 1778 2373 1833 saltem
2423 1778 2710 1832 orationis
2754 1794 2965 1833 ornare
3017 1778 3158 1848 (15);
3193 1778 3479 1848 scriptum
3508 1780 3601 1833 est

1914 1868 2106 1922 enim:
2144 1866 2373 1921 Plaude
2402 1883 2595 1935 manu,
2631 1872 2689 1921 et
2713 1873 2964 1938 percute
2996 1867 3150 1938 pede
3181 1867 3425 1938 (Ezecb.
3467 1883 3590 1936 xxi,

1915 1956 2024 2026 14).
2059 1956 2384 2011 Debuimus
2421 1958 2740 2026 perpetuos
2772 1972 3058 2028 spargere
3089 1956 3378 2010 thalamos
3410 1956 3592 2011 rosis.

1893 2045 2102 2098 Etiam
2133 2046 2193 2099 in
2224 2045 2319 2099 his
2353 2043 2655 2116 conjugiis
2687 2045 3112 2114 temporalibus
3148 2044 3390 2099 nubenti
3425 2044 3591 2114 prius

1913 2133 2226 2204 plauditur,
2260 2149 2434 2205 quam
2465 2133 2815 2202 imperatur;
2848 2148 2920 2187 ne
2956 2136 3088 2188 ante
3118 2133 3262 2188 dura
3293 2132 3590 2188 offendant

1912 2223 2155 2293 imperia
2173 2262 2204 2292 ,.
2253 2223 2395 2286 173
2455 2236 2630 2292 quam
2688 2220 2990 2276 blanditiis
3049 2237 3214 2278 amor
3259 2221 3417 2278 fotus
3464 2221 3593 2277 ino-

1911 2303 2117 2358 lescat.

1980 2399 2068 2454 41.
2112 2400 2412 2472 Equorum
2453 2403 2548 2458 vis
2596 2403 2822 2476 plausae
2871 2404 3131 2460 sonitum
3171 2404 3347 2459 discit
3393 2421 3591 2468 amare

1913 2489 2196 2559 cervicis,
2250 2506 2324 2546 ne
2365 2496 2603 2548 recuset
2664 2492 2881 2566 jugum
2929 2492 3061 2564 (16).
3110 2494 3373 2566 Denique
3423 2495 3589 2565 prius

1917 2579 2288 2634 assuescitur
2333 2581 2518 2637 verbo
2567 2582 2851 2652 lasciviae,
2895 2598 3070 2654 quam
3117 2583 3364 2638 verbere
3413 2584 3592 2637 disci-

1919 2668 2115 2739 plinae.
2171 2670 2281 2723 Ast
2322 2670 2425 2725 ubi
2469 2670 2617 2725 colla
2666 2671 2995 2726 subdiderit
3036 2670 3222 2743 jugo;
3263 2675 3319 2727 et
3366 2672 3593 2728 habena

1920 2759 2293 2831 constringit,
2315 2763 2372 2814 et
2401 2761 2677 2815 stimulus
2700 2765 2892 2832 urget,
2918 2764 2975 2815 et
3005 2777 3313 2832 compares
3334 2762 3590 2829 trahunt,

1916 2850 1971 2900 et
1989 2847 2214 2919 jugalis
2240 2847 2442 2902 invitat
2465 2849 2600 2919 (17).
2633 2849 2731 2904 Sic
2763 2850 2936 2904 etiam
2967 2849 3139 2920 virgo
3158 2855 3360 2904 nostra
3392 2850 3594 2906 debuit

1913 2936 2080 3006 prius
2103 2952 2302 2991 amore
2332 2937 2428 3008 pio
2458 2937 2681 3008 ludere,
2716 2954 2895 2993 aurea
2929 2939 3084 2994 thori
3106 2939 3367 2994 caelestis
3402 2940 3591 2995 fulcra

1912 3025 2111 3078 mirari
2144 3026 2203 3079 in
2235 3025 2364 3096 ipso
2402 3027 2698 3082 vestibulo
2739 3028 3093 3098 nuptiarum,
3119 3032 3175 3083 et
3197 3032 3400 3099 postes
3426 3029 3591 3084 fron-

1913 3115 2073 3168 dium
2105 3115 2284 3168 sertis
2333 3130 2578 3170 cernere
2626 3120 2940 3171 coronatos
2973 3118 3105 3187 (18),
3147 3121 3203 3171 et
3237 3118 3401 3172 chori
3434 3121 3590 3173 stre-

176 3210 402 3266 ricordia":
434 3213 658 3266 divinae
681 3213 736 3265 et
759 3211 1184 3282 indignationis
1207 3209 1539 3281 exemplum
1562 3211 1805 3281 exstitit,
1865 3203 2107 3284 mpentis
2137 3204 2387 3258 interius
2419 3203 2656 3259 haurire
2688 3205 2963 3275 delicias;
2997 3221 3069 3260 ne
3092 3221 3157 3260 se
3197 3207 3362 3276 prius
3396 3207 3591 3261 Domi-

174 3303 217 3350 nt
241 3301 574 3355 sacrificanti
603 3300 804 3354 subito
829 3279 1065 3354 dextera
1098 3279 1478 3371 adimeretur,
1509 3279 1798 3370 poenitent
1847 3279 2047 3348 Caico
2072 3292 2223 3365 jugo
2255 3293 2550 3348 timefacta
2583 3293 2943 3349 subduceret
2972 3310 3147 3365 quam
3181 3298 3387 3349 vocata
3416 3295 3590 3350 incli-

174 3391 303 3443 veuia
331 3391 582 3445 daretur.

771 3476 1024 3532 CAPUT
1064 3475 1162 3532 VI.

174 3565 308 3620 Libri
326 3568 569 3623 secundi
591 3566 905 3629 conclusio,
942 3582 1048 3638 qua
1076 3572 1332 3621 testatur
1352 3567 1581 3621 Auctor
1600 3565 1802 3621 mode-

225 3641 517 3708 stissimus,
552 3640 612 3693 si
643 3639 782 3710 quid
800 3638 1086 3710 hactenus
1105 3638 1247 3710 boni
1262 3638 1684 3709 scripserit,id
1715 3644 1802 3692 to-

227 3715 320 3782 tum
346 3713 404 3765 in
441 3709 743 3782 virginum
776 3709 992 3763 merita
1028 3709 1414 3764 referendum
1441 3724 1453 3764 :
1479 3711 1577 3763 sui
1609 3715 1803 3763 autem

223 3780 378 3836 officii
403 3780 600 3838 fuisse
623 3785 957 3848 asseverat,
984 3787 1292 3852 antequam
1325 3797 1391 3835 se
1405 3782 1641 3835 veriora
1675 3787 1802 3834 tra-

232 3852 378 3907 deret
421 3859 750 3924 praecepta,
788 3868 990 3924 earum
1040 3854 1268 3924 animos
1313 3852 1603 3906 orationis
1631 3859 1806 3922 atque

221 3923 595 3996 exemplorum
622 3923 921 3996 suavitate
951 3923 1243 3987 mulcere;
1275 3924 1513 3996 quodet
1551 3924 1802 3978 bumano

224 3994 382 4063 usu,et
399 3997 461 4050 di
471 3998 742 4050 vinorum
761 3995 1021 4049 codicum
1037 3995 1391 4048 auctoritate
1408 3994 1801 4050 demonstrat.

225 4099 296 4154 89.
335 4103 470 4159 Haec
516 4119 636 4174 ego
685 4102 881 4172 vobis,
934 4103 1156 4156 sanctae
1205 4101 1493 4173 virgines,
1543 4102 1802 4156 nondum

173 4188 428 4246 triennalis
476 4191 767 4247 sacerdos
827 4191 1178 4245 munuscula
1235 4190 1456 4260 paravi,
1506 4190 1642 4245 licet
1687 4207 1804 4246 usu

177 4274 420 4350 indoctus,
465 4282 576 4336 sed
633 4281 854 4334 vestris
909 4279 1155 4335 edoctus
1204 4280 1490 4335 moribus.
1538 4278 1803 4345 Quantus

174 4368 346 4423 etenim
391 4371 737 4426 adolescere
786 4385 935 4423 usus
967 4370 1153 4439 potuit
1183 4372 1298 4423 tam
1330 4385 1508 4439 parva
1563 4369 1802 4424 initiatae

175 4456 434 4527 religionis
483 4461 695 4514 aetate?
740 4457 802 4512 Si
847 4473 998 4528 quos
1048 4458 1143 4511 hic
1186 4459 1365 4512 ﬂores
1423 4457 1686 4528 cernitis,
1729 4459 1802 4512 de

175 4549 348 4601 vestra:
387 4549 519 4603 vitae
568 4547 851 4603 collectos
897 4547 1074 4618 legite
1125 4547 1280 4602 sinu.
1325 4545 1459 4602 Non
1489 4550 1628 4602 sunt
1673 4546 1803 4602 haec

1912 3385 2100 3436 naret.

1982 3469 2070 3524 42.
2127 3469 2274 3525 Veni
2304 3470 2486 3543 igitur
2513 3472 2626 3527 buc
2649 3489 2680 3526 a
2703 3472 2950 3542 Libano,
2985 3471 3235 3544 Sponsa,
3267 3473 3404 3528 veni
3424 3474 3535 3528 bne
3555 3487 3589 3530 a

1915 3559 2160 3626 Libano,
2215 3561 2513 3615 transibis
2549 3567 2608 3614 et
2651 3562 3068 3633 pertransibis
3115 3561 3313 3630 (Cant.
3366 3580 3454 3633 xv,
3504 3563 3584 3633 8).

1911 3648 2146 3718 Saepius
2171 3649 2326 3703 enim
2350 3649 2524 3704 nobis
2557 3650 2668 3705 iste
2692 3651 3029 3705 versiculus
3052 3651 3443 3706 recantandus
3473 3655 3588 3723 est;

1910 3740 1974 3792 ut
2001 3738 2092 3792 vel
2127 3736 2451 3792 Dominicis
2497 3743 2704 3794 vocata
2743 3739 2968 3810 verbis,
3014 3743 3315 3811 sequatur,
3370 3741 3422 3795 si
3471 3758 3588 3812 qua

1911 3842 2027 3880 non
2079 3827 2263 3881 credit
2319 3827 2614 3883 humanis.
2678 3829 2806 3883 Hoc
2858 3845 2968 3884 nos
3014 3829 3421 3902 magisterium
3468 3846 3588 3886 non

1911 3915 2282 3985 invenimus,
2335 3916 2442 3970 sed
2490 3917 2871 3988 accepimus;
2918 3919 3007 3972 sic
3056 3919 3308 3973 instituit
3350 3920 3586 3990 mystici

1915 4004 2197 4058 carminis
2217 4004 2483 4059 doctrina
2509 4006 2773 4060 caelestis
2801 4023 2813 4062 :
2845 4006 3260 4063 Oseuleturme
3274 4008 3348 4062 ab
3369 4008 3589 4064 osculis

1917 4094 2043 4147 oris
2065 4093 2179 4162 sui,
2206 4094 2338 4164 quia
2355 4093 2539 4167 ubera
2555 4101 2649 4148 tua
2667 4111 2850 4167 super
2867 4095 3082 4167 vinum,
3104 4102 3161 4151 et
3175 4097 3319 4152 odor
3337 4113 3589 4170 unguen-

1914 4188 2106 4237 torum
2141 4187 2373 4236 tuorum
2408 4198 2594 4254 super
2631 4185 2821 4239 omnia
2872 4190 3154 4240 aromata.
3211 4185 3586 4257 Unguentum

1913 4271 2284 4324 exinanitum
2352 4278 2444 4326 est
2516 4288 2724 4328 nomen
2800 4279 2960 4327 tuum
3011 4273 3221 4342 (Cant.
3263 4292 3318 4344 ι,
3370 4273 3435 4343 1,
3485 4275 3580 4343 2).

1908 4356 2092 4414 Totus
2125 4359 2236 4414 iste
2272 4360 2616 4415 deliciarum
2647 4361 2816 4416 locus
2847 4362 3048 4416 ludum
3079 4365 3270 4431 sonat,
3310 4362 3584 4432 plausum

1909 4449 2143 4518 excitat,
2177 4464 2436 4504 amorem
2466 4454 2768 4520 provocat.
2803 4450 2961 4520 Ideo,
2995 4451 3200 4521 inquit,
3235 4451 3581 4506 adolescen-

1914 4537 2047 4592 tulae
2080 4537 2448 4608 dilexerunt,
2491 4545 2550 4593 et
2590 4545 2976 4594 attraxerant
3011 4547 3108 4593 te:
3140 4545 3312 4593 retro
3341 4539 3580 4594 odorem

228 4685 322 4756 (12)
358 4690 434 4744 De
482 4689 651 4744 hisce
707 4687 974 4758 Dionysii
1019 4689 1080 4743 in
1142 4689 1287 4744 deos
1334 4705 1481 4744 suos
1525 4689 1800 4745 ludibriis
1841 4644 2166 4758 Dtllalami
2207 4679 2634 4758 temporalibus
2675 4680 2746 4734 de
2791 4679 3008 4758 quibus
3044 4695 3256 4758 verqu
3283 4683 3577 4758 sequenti.

177 4759 377 4878 ipnsule
432 4761 770 4830 Diodorum,
821 4760 1139 4831 Plutarch.,
1190 4761 1314 4816 Val.
1377 4761 1696 4815 Maximum
1745 4764 1804 4816 et

219 4843 308 4878 [08.

177 4839 308 4883 81108.

231 4898 323 4975 (13)
356 4901 568 4958 Omnes
612 4903 772 4973 edit,,
820 4902 960 4958 Cum
995 4902 1204 4974 Apollo
1228 4909 1404 4974 pater
1449 4903 1578 4975 ejus
1612 4902 1801 4958 adhuc

180 4982 266 5087 pou
303 4974 560 5044 haberet,
596 4991 728 5046 quae
771 4977 954 5031 verba
995 4975 1054 5029 in
1094 4975 1273 5030 nullis
1305 4991 1452 5030 mss.
1476 4974 1802 5045 reperiun-

200 5054 267 5087 ur.

200 5054 267 5092 ur.

191 5176 198 5186 ν
234 5111 325 5190 ςΗ)
358 5115 497 5190 Mss.
544 5117 782 5189 aliquot,
824 5134 924 5173 vos
955 5118 1012 5173 si
1060 5134 1167 5190 qua
1199 5122 1290 5172 est
1328 5118 1544 5188 gratia,
1598 5122 1804 5172 nostra

183 5181 448 5260 iubantastis
478 5181 735 5260 ingenio.

235 5253 326 5331 (l5)
364 5253 717 5314 Romfedit.
742 5303 756 5330 ,
804 5259 1131 5314 Debuimus
1167 5261 1228 5313 in
1283 5260 1508 5330 nuptiis
1573 5275 1803 5331 Sponsae

186 5331 728 5403 crinescalamistris
767 5332 1114 5403 quibusdam
1144 5331 1362 5403 saltem
1389 5331 1680 5403 orationis
1708 5347 1802 5385 or-

185 5406 313 5469 nare.
344 5398 441 5473 γει
469 5417 500 5454 a
541 5417 683 5455 mss.
719 5398 836 5457 non
887 5403 1218 5471 discedunt,
1252 5402 1368 5455 nisi
1413 5402 1567 5473 quod
1601 5402 1658 5454 hi
1692 5417 1799 5470 pro

185 5476 231 5542 1!}
258 5471 468 5545 nuptiis,
500 5473 714 5545 habent
745 5475 927 5528 ferme
950 5474 1022 5527 ad
1053 5491 1254 5545 unum,
1286 5471 1576 5545 innuptis,
1596 5473 1653 5526 id
1682 5477 1794 5545 est,

184 5538 485 5616 Virginibus.
523 5543 705 5616 _Haud
763 5545 910 5600 male
970 5538 1252 5616 quidem,
1292 5538 1446 5616 edit.-
1480 5538 1696 5616 tamen,
1725 5538 1800 5597 ob

187 5613 441 5688 aequantia
456 5614 748 5688 videntur
803 5613 1237 5688 praeponendae.
1301 5615 1536 5671 Rursus
1588 5615 1799 5688 eadem

191 5671 322 5762 ﬁeri).
360 5684 489 5742 edit.
539 5687 681 5759 sola,
725 5671 1409 5762 perpet‘uisispargere,
1435 5690 1547 5742 etc.
1586 5685 1798 5762 Melius

189 5744 305 5830 ωδ,
344 5766 407 5818 ao
451 5762 593 5818 mss.
616 5744 970 5841 perpetuos;
1009 5761 1075 5822 ut
1107 5744 1491 5837 'oPp'onantur
1531 5755 1800 5837 perpetui

1912 4750 2030 4824 Ubi
2050 4750 2242 4824 obiter
2269 4750 2508 4824 adverte
2539 4751 2986 4824 solaperpetum
3009 4751 3295 4806 castitatis
3318 4750 3450 4808 vota
3470 4770 3578 4824 pro

1907 4821 2190 4892 legitimis
2223 4821 2431 4875 haberi
2449 4821 2522 4875 ab
2554 4821 2894 4878 AmbroSio.

1975 4891 2090 4967 (16)
2129 4892 2410 4967 Nonnulli
2441 4907 2612 4962 mss.,
2646 4893 2867 4967 Bucula
2887 4893 3144 4967 plausus
3179 4895 3502 4967 cujusdam.

1906 4964 2162 5040 sonitum
2193 4963 2374 5040 discit
2404 4979 2624 5040 amare,
2644 4963 3030 5040 _c_ervicis_ne
3066 4963 3305 5022 recuset
3341 4968 3576 5040 jugum.

1907 5035 2188 5112 A_g_n_osce
2209 5037 2470 5104 apertam
2491 5035 2721 5106 Virgilii
2743 5036 3146 5109 imitationem,
3179 5055 3253 5093 ex
3273 5056 3334 5092 ιιι
3345 5035 3574 5112 ’ϐἑοινφ

1906 5105 2005 5160 ubi
2038 5105 2293 5178 legimus
2325 5121 2339 5160 :
2591 5143 2595 5147 -

2029 5195 2175 5263 '_I‘um_
2186 5195 2357 5263 magis
2388 5200 2542 5263 atque
2565 5197 2734 5258 magis
2755 5195 2969 5263 biandis
2991 5197 3215 5263 gaudere
3245 5199 3483 5263 magistri

2031 5257 2323 5316 Laudibus,
2349 5264 2399 5306 et
2424 5260 2626 5320 plausae
2649 5257 2880 5309 Sonitum
2908 5257 3132 5309 cervicis
3153 5257 3344 5311 amare.

1977 5338 2090 5414 (ᾖ)
2111 5337 2188 5414 _I_d
2206 5342 2323 5414 est,
2343 5337 2643 5414 jugarius,
2678 5340 2807 5414 sive
2838 5341 3063 5414 auriga.

1975 5409 2088 5484 (18)
2111 5409 2381 5484 Veterem
2420 5409 2606 5484 tangit
2636 5409 3242 5484 nuptiarum'morem,
3275 5428 3390 5484 quo
3421 5412 3578 5484 sole-

1903 5480 2044 5535 bant
2074 5483 2133 5534 in
2181 5481 2475 5553 ejusmodi
2518 5480 2738 5548 laetitia,
2788 5483 3028 5538 corollis
3076 5500 3144 5538 ac
3193 5480 3369 5538 sertis
3409 5483 3573 5538 fores

1904 5564 2136 5615 ornare.
2155 5568 2222 5606 ac
2254 5554 2615 5625 musicorum
2655 5554 3078 5625 tibicinamque
3107 5555 3322 5609 choros
3345 5554 3573 5608 condu-

1905 5637 2040 5678 cere
2074 5639 2086 5679 :
2121 5640 2236 5696 qua
2283 5624 2354 5680 de
2401 5641 2465 5680 re
2505 5625 2714 5681 scribit
2742 5624 3041 5680 Lucianus
3089 5625 3317 5678 vidisse
3367 5626 3573 5682 nescio

1902 5708 2080 5839 alicam
2124 5703 2294 5760 πάντα
2323 5703 2714 5785 κατεστιμμὲνα,
2738 5706 2829 5764 καὶ
2869 5699 3197 5783 αὑγητρίδας,
3232 5703 3320 5760 καὶ
3339 5700 3570 5787 οὸρνϐσν,
