3932 6152
452 367 567 432 231

1897 365 1966 428 Β.
2011 359 2472 432 ΑΜΒΒΟΒΙῙᾙ

3745 372 3845 446 232

455 553 882 621 unguentorum
928 553 1157 604 tuorum
1204 561 1514 603 curramus
1553 547 1666 619 (19)
1693 563 1706 604 :
1741 544 1985 604 Induxit
2029 564 2122 606 me
2151 545 2213 613 Α
2243 549 2442 605 culum
2471 549 2702 606 venerit
2729 551 3099 622 unguentum
3127 551 3384 606 mutatur
3407 567 3440 606 a
3467 555 3704 612 castellis
3731 559 3840 632 (21).

450 637 584 692 Rex
623 637 686 691 in
719 636 1175 692 tabernaculum
1205 653 1374 692 suum
1406 636 1608 706 (Ibid.,
1642 637 1718 707 3).
1759 637 1851 694 Ab
1897 637 2126 694 osculis

452 725 650 796 coepit,
685 728 748 781 ut
777 725 849 780 ad
878 725 1325 782 tabernaculum
1353 727 1710 796 perveniret.

520 813 610 870 43.
646 816 723 870 At
749 814 848 869 illa
879 817 997 869 tam
1027 814 1258 886 patiens
1289 814 1422 870 duri
1451 814 1674 870 laboris
1704 815 1840 887 (20),
1892 815 2123 872 exerci-

449 905 704 975 tataeque
736 904 994 971 virtutis,
1014 907 1076 959 ut
1096 905 1320 974 aperiat
1343 919 1520 958 manu
1543 903 1820 973 claustra,
1840 904 1901 959 in
1917 921 2127 976 agrum

452 996 641 1063 exeat,
673 991 736 1048 in
767 992 1032 1048 castellis
1063 995 1324 1063 maneat;
1378 993 1438 1048 in
1479 993 1769 1065 principio
1818 996 2013 1049 tamen
2040 1009 2128 1050 re-

451 1083 544 1136 tro
575 1081 818 1138 odorem
841 1081 1024 1137 currit
1045 1081 1334 1155 unguenti
1365 1097 1379 1138 :
1415 1097 1554 1138 mox
1587 1097 1722 1138 cum
1749 1081 1810 1138 in
1845 1082 2125 1138 taberna-

521 1223 635 1295 (19)
663 1223 909 1290 Quidam
942 1241 1116 1296 mss.,
1151 1240 1486 1281 curremus.

502 1295 639 1378 ,(20)
669 1297 818 1353 Mss.
869 1295 1112 1369 aliquot,
1153 1297 1237 1352 At
1269 1297 1372 1352 illa
1419 1297 1739 1370 impatiens
1777 1297 1920 1353 duri
1953 1295 2120 1354 labo-

450 1381 636 1510 ῃῗ21)
668 1440 839 1496 Rom.
893 1438 1030 1496 edit.
1079 1437 1228 1512 sola,
1263 1445 1632 1513 unguentum
1677 1445 1980 1496 mutatura
2019 1455 2120 1496 ca-

2241 638 2508 710 Denique
2556 654 2673 710 quo
2721 638 2902 710 vadit,
2943 639 3080 694 vide
3114 655 3126 695 :
3163 639 3236 694 Si
3279 641 3480 707 muris,
3527 643 3712 716 inquit,
3750 656 3842 716 est,

2237 726 2604 783 aediﬁcamus
2652 743 2836 800 super
2885 743 3014 783 eum
3058 733 3268 784 turres
3311 738 3648 801 argeanteas
3679 735 3846 803 (Cant.

2239 832 2364 886 vni,
2392 815 2472 887 9).
2502 817 2645 882 Quae
2686 816 2927 872 ludebat
2955 817 3202 888 osculis,
3230 815 3356 888 jam
3386 821 3570 874 turres
3597 821 3776 896 erigit;
3802 830 3853 880 ut

2238 905 2521 976 pretiosis
2569 908 2912 961 sanctorum
2959 907 3168 961 turrita
3217 905 3493 978 fastigiis,
3541 923 3650 964 non
3694 913 3855 968 solum

2239 994 2491 1050 hostiles
2519 993 2840 1050 frustretur
2870 997 3170 1066 incursus,
3195 1010 3400 1050 verum
3421 997 3587 1052 etiam
3603 997 3854 1056 bonorum

2237 1083 2684 1156 prOpugnacula
2712 1087 2902 1140 struat
2934 1087 3056 1140 tuta
3084 1085 3446 1141 meritorum.

2239 1225 2468 1300 stellis;
2494 1242 2627 1282 cum
2645 1225 2800 1300 aliis,
2825 1227 3081 1299 denique
3099 1243 3211 1300 quo
3232 1227 3464 1300 evadet,
3495 1227 3680 1285 videte
3699 1249 3716 1284 :
3733 1247 3854 1287 mss.

2237 1297 2554 1371 utrobique
2585 1301 2649 1353 ut
2677 1299 2736 1353 in
2759 1297 3058 1370 contextu,
3092 1297 3209 1354 nisi
3239 1298 3398 1371 quod
3427 1315 3579 1371 unus
3600 1301 3683 1355 sic
3709 1302 3861 1358 inter-

2238 1369 2476 1446 pungit,’
2523 1375 3201 1446 unguentum__mutatur.
3249 1369 3586 1426 Acastellis
3627 1372 3858 1446 denique,

2240 1441 2385 1510 etc.,’
2411 1441 2569 1512 quod
2591 1457 2712 1496 non
2739 1441 3033 1512 displicet.

1744 1790 2076 1872 LIBER
2133 1791 2640 1872 TERTIUS.

1027 2107 1173 2172 174
1210 2115 1462 2172 CAPUT
1501 2116 1543 2172 Ι.

454 2223 693 2280 Liberii
733 2222 1150 2297 Mareellinam
1208 2224 1346 2279 dato
1404 2223 1778 2297 virginitatis
1832 2222 2120 2297 velamine

527 2297 941 2367 consecrantis
985 2295 1263 2350 refertur
1281 2366 1299 2367 η
1310 2295 1518 2350 οισθιίό
1531 2315 1548 2350 :
1597 2297 1774 2367 cujus,
1789 2365 1797 2367 _
1810 2295 2119 2351 exordium

528 2372 646 2421 tum
694 2382 726 2421 a
772 2365 1110 2438 frequentia
1149 2366 1564 2438 conﬂuentium
1609 2365 1684 2421 ad
1725 2365 1890 2422 illius
1919 2367 2124 2438 sponsi

526 2438 782 2510 nuptias,
817 2453 849 2491 a
882 2437 990 2510 auo
1018 2437 1182 2508 ipsos
1202 2437 1537 2510 pascendos
1565 2443 1794 2510 narrat,
1830 2437 2070 2493 deducit
2101 2457 2119 2492 :

528 2509 644 2581 tum
675 2525 707 2581 a
737 2509 1152 2581 convenientia
1185 2509 1309 2564 diei
1339 2523 1446 2580 quo
1478 2525 1556 2581 ex
1580 2509 1815 2581 virgine
1839 2515 2011 2581 natus
2029 2514 2123 2564 est

533 2580 832 2652 Christus,
877 2579 953 2652 ad
981 2578 1152 2652 cujus
1193 2578 1450 2652 amor—em
1494 2578 1758 2651 eleganti
1801 2579 2126 2652 perfectio-

529 2667 663 2706 num
693 2650 824 2722 ejus
855 2650 1261 2721 descriptione
1291 2650 1453 2704 illam
1484 2650 1827 2706 inﬂammat.

528 2739 580 2794 1.
611 2737 899 2804 Quoniam
935 2753 1068 2809 quae
1099 2737 1416 2794 habuimus
1447 2739 1860 2810 superioribus
1890 2739 2126 2795 duobus

455 2827 628 2884 libris
659 2826 1046 2898 digessimus,
1079 2829 1310 2898 tempus
1328 2829 1440 2897 est,
1474 2843 1650 2882 soror
1676 2831 1880 2883 sancta
1902 2844 1970 2884 ea
1991 2844 2126 2900 quas

455 2931 686 2972 mecum
709 2915 980 2971 conferre
1012 2916 1194 2986 soles,
1229 2917 1418 2971 beataa
1439 2917 1738 2973 memoriae,
1760 2917 1980 2974 Liberii
2011 2917 2125 2990 (22)

454 3008 749 3078 ρι’ωοθρια
780 3004 1118 3075 revolvere;
1149 3007 1212 3060 ut
1242 3021 1358 3076 quo
1389 3007 1482 3060 vir
1512 3007 1792 3077 sanctior,
1827 3023 1897 3062 eo
1927 3023 2124 3063 sermo

452 3094 698 3150 accedat
725 3094 966 3166 gratior.
1014 3093 1280 3166 Namque
1313 3095 1386 3164 is,
1421 3110 1555 3150 cum
1583 3095 1915 3152 Salvatoris
1945 3097 2122 3152 natali

451 3183 526 3238 ad
583 3183 916 3254 apostolum
972 3183 1208 3238 Petrum
1269 3183 1628 3256 virginitatis
1681 3185 2126 3255 professionem

449 3271 639 3326 vestis
669 3287 904 3344 quoque
935 3271 1253 3326 mutatione
1296 3272 1570 3344 signares
1614 3272 1746 3344 (23),
1795 3275 1934 3346 (quo
1967 3273 2124 3329 enim

449 3360 662 3416 melius
696 3361 810 3430 die,
845 3377 1020 3432 quam
1053 3376 1169 3432 quo
1200 3360 1372 3432 virgo
1401 3361 1804 3432 posteritatem
1851 3363 2118 3434 acquisi-

447 3450 593 3520 vit?)
624 3451 954 3505 astantibus
986 3450 1159 3505 etiam
1187 3450 1402 3520 puellis
1435 3451 1540 3506 Dei
1557 3451 1960 3521 compluribus
1981 3468 2115 3524 quae

450 3542 742 3594 certarent
769 3539 1022 3594 invicem
1054 3539 1126 3594 de
1153 3542 1252 3594 tua
1281 3539 1563 3594 societate
1595 3555 1608 3595 :
1645 3540 1867 3608 Bonus,
1901 3541 2110 3613 inquit,

447 3631 590 3700 filia,
615 3629 851 3700 nuptias
870 3628 1446 3684 desiderasti.-Vides
1475 3631 1729 3700 quantus
1761 3629 1833 3684 ad
1863 3631 2114 3686 natalem

447 3721 656 3795 sponsi
686 3717 772 3774 tui
803 3717 1060 3790 populus
1091 3719 1453 3789 convenerit,
1502 3721 1565 3773 ut
1611 3735 1783 3774 nemo
1822 3719 2114 3790 impastus

445 3811 708 3868 recedit?
750 3809 862 3863 Hic
911 3810 1004 3862 est
1040 3807 1141 3879 qui
1169 3811 1415 3880 rogatus
1445 3809 1517 3863 ad
1548 3809 1782 3880 nuptias
1813 3824 2025 3881 aquam
2055 3809 2117 3864 in

444 3901 581 3956 vina
611 3897 902 3954 convertit
949 3895 1121 3967 (Joan
1150 3914 1210 3951 ιι.
1244 3896 1321 3968 9).
1373 3897 1434 3951 ln
1462 3900 1518 3952 te
1549 3913 1784 3970 quoque
1816 3898 2116 3954 sincerum

445 3991 883 4046 sacramentum
918 3985 1184 4040 conferet
1223 3986 1581 4058 virginitatis
1613 4003 1746 4059 quae
1777 3988 1946 4058 prius
1978 4004 2114 4047 eras

445 4077 703 4136 obnoxia
731 4074 953 4130 vilibus
981 4077 1207 4129 naturae
1251 4073 1569 4130 materialis
1617 4075 1946 4132 elementis.
2001 4076 2112 4132 Hic

444 4169 538 4224 est
567 4165 670 4239 qui
699 4164 958 4236 quinque
995 4163 1250 4234 panibus
1295 4165 1352 4218 et
1397 4163 1630 4220 duobus
1662 4165 1932 4236 piscibus
1963 4182 2114 4237 qua-

441 4259 579 4312 tuor
609 4253 788 4309 millia
817 4253 1021 4324 populi
1047 4252 1106 4306 in
1136 4251 1372 4308 deserto
1402 4254 1562 4324 pavit
1607 4255 1774 4324 (Luc.
1821 4271 1901 4309 IX.
1956 4253 2023 4308 13
2055 4260 2114 4310 et

443 4346 617 4420 seq.).
653 4343 862 4398 Plures
891 4341 1097 4413 potuit,
1139 4341 1191 4396 si
1219 4341 1425 4414 plures
1449 4342 1575 4414 jam
1603 4347 1742 4398 tunc
1773 4343 1874 4416 qui
1903 4359 2114 4416 pasce-

511 4487 625 4559 (22)
657 4487 768 4542 Hic
798 4483 1072 4559 Liberius
1101 4483 1368 4559 pontifex
1388 4484 1681 4559 maximus
1703 4485 1858 4559 idem
1875 4487 2113 4559 quidem

441 4555 552 4630 est,
587 4555 698 4632 qui,
717 4575 812 4614 an.
846 4555 950 4632 85'?
983 4555 1292 4632 Sirmiensi
1326 4556 1686 4632 professioni
1708 4573 1742 4632 a_
1764 4555 2110 4632 Demophilo

443 4627 558 4686 sibi
604 4627 840 4699 oblatas,
892 4629 1020 4683 sive
1069 4627 1386 4700 posteriori
1435 4631 1498 4682 ut
1547 4628 1822 4700 Petavius
1872 4627 2006 4684 Not.
2049 4631 2111 4685 in

444 4701 838 4772 Epiphanium
867 4703 925 4755 et
957 4699 1300 4772 Blondellus
1333 4699 1711 4772 contendunt,
1744 4701 1873 4754 sive
1902 4702 2106 4770 priori,

442 4770 514 4826 ut
539 4770 790 4826 Baronio
821 4775 878 4825 et
909 4770 1342 4826 recentioribus
1370 4771 1727 4841 quibusdam
1756 4786 1910 4826 novo
1941 4773 2114 4827 ratio-

443 4857 586 4924 num
612 4843 893 4924 prtesidio
921 4843 1233 4924 instructis
1263 4841 1473 4911 placet,
1509 4841 1892 4924 subscripsit,
1935 4848 1998 4896 ut
2025 4857 2114 4898 re-

443 4913 627 4968 ditum
658 4913 730 4966 ab
763 4911 974 4967 exsﬂxo
1005 4915 1360 4982 impetraret.
1392 4913 1508 4967 Sed
1529 4929 1580 4967 is
1604 4913 1849 4983 pulchre
1879 4913 2111 4983 lapsum

441 4986 820 5054 reparaverat
850 4998 1046 5052 suum,
1097 4999 1229 5036 cum
1261 4983 1622 5038 Ariminensi
1655 4984 1906 5038 concilio
1940 5000 2109 5038 sum-

442 5071 536 5110 ma
568 5054 897 5126 constantia
927 5069 1246 5126 assensum
1277 5069 1453 5108 suum
1499 5071 1568 5108 ac
1613 5054 1962 5126 sulfragium
2009 5071 2112 5111 ne-

443 5126 626 5198 gavit.
660 5125 797 5198 Non
823 5125 1017 5194 itaque
1050 5125 1261 5198 mirum
1293 5129 1404 5198 est,
1439 5128 1492 5179 si
1523 5126 1596 5179 ab
1629 5125 1947 5198 Ambrosio
1981 5125 2114 5181 bea-

447 5196 521 5252 ta)
552 5197 850 5268 memoriae
878 5199 1052 5268 atque
1089 5196 1182 5268 vir
1211 5197 1478 5250 sanctior
1504 5196 1848 5266 appelletur,
1875 5198 2110 5268 quando

443 5283 562 5324 non
593 5267 898 5322 absimiles
930 5265 1176 5320 honoris
1205 5281 1274 5319 ac
1303 5265 1700 5321 venerationis
1748 5265 1950 5322 titulos
1991 5284 2111 5324 me-

441 5339 561 5412 ruit
587 5337 1119 5412 a__Basilio_Mag_no
1144 5337 1320 5412 epist:
1354 5337 1423 5391 ’74
1456 5352 1468 5392 :
1503 5337 1576 5392 ab
1608 5338 1956 5412 Epiphanio,
1991 5339 2112 5395 hae-

443 5411 568 5466 resi
596 5408 686 5480 '75,
722 5424 848 5479 cap.
883 5409 947 5480 '1;
978 5407 1254 5480 a’isiricio
1285 5407 1520 5480 demum
1549 5407 1739 5479 epist.’
1774 5411 1850 5465 ad
1875 5407 2106 5466 Himer.

452 5478 693 5540 Terrae.
727 5478 856 5534 can.
891 5479 942 5533 1.
975 5478 1128 5534 Obiit
1156 5482 1351 5534 autem
1382 5478 1678 5548 Liberius,
1705 5480 1943 5536 Baronii
1974 5497 2110 5536 sen-

440 5554 642 5622 tentia,
675 5568 711 5605 v
741 5551 1070 5624 ldus__Sept.
1096 5567 1196 5624 an.
1229 5550 1354 5624 36§,
1392 5551 1573 5624 cujus
1603 5567 1818 5624 nomen
1849 5553 1910 5606 in
1941 5553 2110 5607 addi-

440 5625 709 5696 tionibus
757 5621 830 5678 ad
879 5621 1237 5696 Usuardum.
1267 5621 1955 5696 __Bedm'Martyrologio,
1997 5640 2110 5680 nec

442 5709 565 5776 non
591 5695 766 5776 in_eo_
789 5693 959 5776 quod
1000 5709 1038 5776 ᾖ
1063 5693 1455 5776 vendelberto
1490 5693 1782 5776 versibus
1823 5693 2112 5776 scriptum

443 5767 590 5840 tom.
621 5765 672 5826 ν
717 5763 1038 5851 Spicilegii
1064 5765 1286 5827 editum
1323 5767 1436 5846 est,
1485 5765 1548 5826 in
1587 5763 2110 5832 sanctorum'albo

2153 2094 2208 2156 Β
2238 2113 2442 2166 rentur
2489 2109 2768 2167 fuissent.
2823 2109 3088 2184 Denique
3137 2109 3211 2166 ad
3254 2114 3391 2166 tuas
3441 2111 3670 2182 nuptias
3705 2111 3878 2182 plures

2236 2201 2471 2256 vocavit
2512 2214 2525 2256 :
2559 2200 2667 2256 sed
2690 2199 2814 2272 jam
2843 2215 2962 2256 non
2990 2201 3160 2272 panis
3192 2215 3268 2256 ex
3311 2200 3558 2272 hordeo,
3611 2200 3712 2255 sed
3763 2216 3878 2256 cor-

2235 2305 2348 2360 pus
2376 2289 2742 2344 ministratur
2770 2305 2802 2345 e
2836 2290 3002 2346 calo.

2309 2379 2362 2433 2.
2397 2377 2588 2434 Hodie
2619 2379 2856 2450 quidem
2874 2379 3204 2434 secundum
3223 2379 3528 2435 hominem
3546 2379 3714 2435 homo
3734 2381 3881 2434 natus

2238 2481 2313 2521 ex
2353 2467 2606 2540 virgine,
2657 2467 2766 2522 sed
2811 2471 2944 2522 ante
2995 2469 3190 2524 omnia
3221 2473 3552 2542 generatus
3583 2485 3656 2524 ex
3684 2468 3836 2523 Patre
3871 2483 3883 2522 :

2237 2556 2340 2627 qui
2371 2559 2615 2612 matrem
2647 2572 2916 2628 corpore,
2951 2557 3165 2613 virtute
3213 2557 3440 2614 referat
3487 2561 3724 2629 patrem.
3767 2556 3886 2611 Uni-

2237 2646 2476 2718 genitus
2509 2646 2568 2700 in
2595 2646 2793 2717 terris,
2826 2646 3170 2718 unigenitus
3201 2648 3261 2702 in
3285 2647 3466 2718 coelo,
3493 2648 3652 2702 Deus
3673 2662 3743 2701 ex
3761 2645 3884 2714 Deo,

2238 2737 2444 2806 partus
2476 2751 2552 2791 ex
2577 2736 2831 2808 virgine,
2861 2735 3092 2808 justitia
3122 2737 3194 2792 de
3225 2736 3428 2808 Patre,
3465 2737 3654 2790 virtus
3702 2735 3768 2790 de
3805 2750 3890 2805 po-

2236 2827 2416 2895 tente,
2449 2824 2646 2880 lumen
2678 2841 2753 2880 ex
2783 2824 3024 2896 lumine,
3049 2841 3167 2880 non
3197 2826 3394 2897 impar
3411 2826 3770 2900 generantis,
3790 2839 3890 2878 non

2238 2915 2526 2984 potestate
2557 2914 2917 2969 discreditus
2954 2931 2966 2970 :
3014 2931 3132 2970 non
3165 2915 3349 2970 Verbi
3401 2915 3767 2982 extensione,
3813 2914 3894 2965 aut

2238 3002 2564 3072 prolatione
2597 3002 2906 3073 confusus,
2937 3006 3001 3058 ut
3037 3019 3169 3058 cum
3190 3004 3368 3059 Patre
3402 3004 3623 3058 mistus
3653 3001 3780 3072 (24),
3803 2999 3895 3054 sed

2237 3095 2301 3146 ut
2340 3109 2373 3146 a
2420 3093 2592 3148 Patre
2639 3093 3042 3166 generationis
3084 3092 3221 3164 jure
3271 3093 3602 3148 distinctus
3651 3092 3745 3161 sit,
3787 3091 3897 3160 ipse

2239 3185 2331 3236 est
2361 3181 2658 3237 fraternus
2687 3185 2828 3238 tuus
2861 3181 3056 3252 (Cant.
3090 3199 3146 3252 v,
3181 3182 3252 3254 1),
3309 3182 3448 3237 sine
3495 3197 3614 3254 quo
3666 3195 3770 3235 nec
3799 3193 3900 3233 coa-

2239 3271 2431 3340 lestia,
2464 3287 2574 3326 nec
2607 3273 2850 3328 marina.
2886 3287 2997 3326 nec
3027 3271 3364 3342 terrestria,
3403 3273 3744 3326 consistunt
3779 3268 3900 3322 Ver-

2155 3363 2207 3428 C
2237 3359 2377 3414 bum
2408 3362 2599 3415 Patris
2629 3361 2870 3432 bonum,
2906 3361 3062 3432 quod
3093 3363 3236 3431 erat,
3270 3361 3494 3432 inquit,
3537 3361 3602 3414 in
3627 3356 3900 3432 principio

2235 3449 2426 3520 (Joan.
2458 3467 2496 3518 ι,
2531 3449 2606 3520 1);
2653 3449 2841 3504 habes
2889 3449 3022 3520 ejus
3067 3449 3488 3504 aeternitatem.
3545 3449 3631 3503 Et
3661 3454 3805 3516 erat,
3833 3447 3900 3498 in-

2235 3539 2378 3610 quit,
2413 3539 2565 3610 apud
2593 3537 2840 3594 Patrem
2871 3537 3066 3609 (ibid.)
3098 3537 3288 3592 habes
3332 3537 3725 3593 indiscretam
3754 3552 3786 3590 a
3813 3535 3900 3588 Pa-

2233 3631 2342 3697 tre,
2377 3627 2950 3700 inseparabilemque
2979 3628 3276 3682 virtutem.
3313 3627 3402 3682 Et
3433 3627 3603 3682 Deus
3620 3631 3748 3680 erat
3786 3622 3900 3678 Ver-

2236 3717 2371 3772 bum
2403 3716 2621 3787 (ibid.),
2655 3716 2841 3772 habes
2872 3717 3191 3789 ingenitam
3224 3716 3369 3788 ejus
3402 3715 3800 3784 divinitatem;
3845 3711 3900 3765 de

2239 3806 2586 3878 compendio
2619 3807 2774 3861 enim
2806 3807 2909 3861 tibi
2942 3807 3090 3861 ﬁdes
3121 3809 3214 3860 est
3245 3805 3614 3862 haurienda.

2307 3894 2360 3950 3.
2397 3895 2588 3965 Hunc,
2625 3895 2764 3966 filia,
2790 3895 2991 3968 dilige,
3015 3895 3150 3966 quia
3170 3895 3376 3950 bonus
3397 3898 3499 3950 est
3525 3911 3540 3950 :
3563 3894 3753 3950 Nemo
3771 3891 3900 3946 enim

2235 3984 2424 4041 bonus
2455 3985 2576 4039 nisi
2608 4001 2755 4039 unus
2780 3983 2942 4039 Deus
2971 3984 3132 4054 (Luc.
3165 4000 3338 4054 xvm,
3375 3983 3498 4056 19).
3531 3983 3599 4040 Si
3627 3982 3779 4038 enim
3807 3993 3900 4035 non

2233 4074 2534 4128 dubitatur
2561 4074 2698 4145 quia
2730 4073 2888 4128 Deus
2918 4073 3126 4143 Filius,
3161 4073 3328 4128 Deus
3351 4077 3560 4128 autem
3584 4073 3776 4128 bonus
3797 4072 3900 4124 est:

2233 4163 2434 4235 utique
2469 4164 2610 4227 175
2641 4178 2760 4217 non
2789 4161 3106 4232 dubitatur,
3140 4161 3278 4233 quia
3303 4162 3479 4217 Deus
3497 4162 3700 4218 bonus
3721 4158 3900 4216 Filius.

2233 4251 2426 4324 Hunc,
2460 4252 2720 4323 inquam,
2755 4250 2956 4324 dilige.
3008 4250 3140 4322 Ipse
3172 4253 3266 4305 est
3299 4267 3492 4322 quem
3523 4251 3702 4306 Pater
3730 4247 3900 4322 genuit

2231 4344 2364 4397 ante
2397 4341 2758 4411 Luciferum,
2792 4343 2856 4394 ut
2895 4341 3178 4396 internum
3212 4354 3224 4395 :
3261 4355 3346 4396 ex
3395 4343 3576 4396 utero
3627 4335 3900 4414 generaviI

2231 4484 2608 4540 describitur.

2301 4556 2416 4626 (23)
2443 4557 2716 4628 ίΑάνθῐυίθ
2747 4553 3148 4628 antiquitatem
3177 4557 3474 4628 votorum
3504 4555 3748 4628 publice
3775 4566 3900 4608 nun-

2231 4627 2653 4698 cupandorum,
2689 4626 2845 4699 quod
2877 4641 3032 4699 san_e_
3052 4641 3186 4699 non
3211 4627 3362 4699 sine
3415 4626 3786 4699 quibusdam
3805 4639 3900 4699 _ce-

2231 4695 2516 4782 remoniis
2546 4695 2961 4782 peragebatur.
2976 4697 3112 4782 ‘Hoc
3134 4696 3382 4782 videtur
3401 4695 3748 4782 agnoscere
3770 4695 3900 4782 Magi

2229 4767 2643 4850 deburgenses
2672 4767 2956 4850 pluribus:
2976 4767 3147 4836 locis,
3179 4772 3237 4850 at
3270 4767 3619 4850 praecipue.
3668 4769 3833 4850 gent.

2230 4856 2282 4895 c.
2316 4839 2370 4911 7,
2415 4839 2518 4895 ubi
2567 4839 2960 4910 consecrandi
3011 4839 3288 4911 monachi
3345 4839 3538 4896 ritum
3585 4859 3618 4897 e
3668 4839 3900 4911 Dionysi

2229 4907 2578 4966 Hierarchia
2607 4907 2892 4966 referunt.
2926 4910 3128 4964 Habes
3160 4910 3344 4966 etiam
3380 4913 3549 4982 apud
3597 4907 3900 4982 Mabillrgix

2228 4982 2932 5056 antiquissimo_Lectio_n.
2972 4982 3199 5056 veteris
3219 4979 3541 5056 Liturgiae
3569 4983 3807 5056 Gallic.,_
3824 4979 3896 5032 lib

2227 5070 2288 5128 ii,
2325 5051 2452 5128 cap.
2483 5053 2554 5128 Ἷβ
2587 5053 2918 5128 :_Legendu_
2960 5055 3024 5106 in
3067 5051 3378 5128 relatione
3415 5051 3760 5128 virginum,-
3793 5053 3900 5104 itcn

2226 5125 2288 5178 in
2317 5123 2552 5180 Missa].
2586 5123 2824 5189 Frena,
2860 5124 2962 5178 lib.
2996 5141 3079 5191 ιιι,
3117 5139 3243 5194 cap.
3286 5126 3362 5180 10
3398 5169 3412 5182 .
3465 5123 3706 5182 Bened.
3755 5137 3900 5194 supr:

2235 5196 2504 5267 virgines
2524 5215 2540 5255 .-
2589 5200 2646 5250 et
2695 5211 2822 5264 cap.
2871 5195 2930 5248 11
2971 5211 2982 5250 :
3017 5193 3567 5267 Beneduvestim.
3625 5197 3747 5253 vid.
3788 5193 3900 5247 Vidi

2227 5265 2462 5338 quoque
2492 5268 2670 5338 Greg.
2706 5267 2996 5338 Sacram,
3027 5281 3165 5338 pag.
3200 5265 3313 5322 1Ἳὸ
3347 5272 3410 5322 et
3442 5285 3581 5338 seq.

2298 5337 2412 5408 (24)
2443 5337 2540 5393 Sic
2573 5337 2779 5412 omnes
2810 5337 2947 5391 adit.
2983 5353 3116 5412 cum
3146 5353 3311 5412 mss.
3336 5337 3588 5412 aliquot
3621 5355 3634 5396 :
3668 5337 3768 5394 alii
3788 5349 3900 5391 vert

2225 5409 2448 5479 plures,
2487 5415 2546 5462 ut
2576 5425 2702 5464 cum
2731 5409 2922 5463 Patre
2949 5411 3232 5464 mistus...
3269 5409 3624 5466 distinctus
3666 5411 3748 5464 sit
3783 5423 3900 5480 per-

2226 5496 2389 5550 sana,
2427 5481 2651 5535 unitate
2681 5480 2960 5535 confusus
2987 5483 3186 5550 (unus,
3213 5497 3520 5550 personae
3554 5483 3784 5538 unitate
3805 5493 3900 5550 con

2225 5547 2416 5623 fusuS)
2447 5557 2509 5623 ut
2540 5550 2708 5606 ambo
2739 5568 2930 5623 unum,
2963 5547 3074 5623 non
3110 5547 3372 5623 uterque
3410 5571 3570 5610 unus
3598 5555 3714 5618 sit;
3744 5547 3900 5607 indit

2223 5621 2488 5680 ferentis
2515 5623 2793 5699 (quidam,
2826 5621 3282 5699 indifferenter)
3323 5626 3494 5699 enim
3528 5627 3788 5699 ipseest
3807 5623 3900 5699 Ira

2229 5691 2622 5777 ternus‘tuiis.
2657 5696 2732 5750 At
2761 5691 2974 5750 horum
3027 5691 3320 5777 pleraque
3371 5697 3502 5756 tam
3547 5691 3795 5777 sapiunt
3831 5691 3900 5752 ini

2224 5764 2690 5850 terpolationem,
2725 5780 2902 5846 quam
2929 5764 3088 5847 (παύει
3115 5764 3412 5830 ωαὲιὶωθ.
