4060 6158
327 378 431 443 233

1534 374 1649 441 DE
1687 371 2191 442 VIRGINIBUS
2236 372 2394 441 LIB.
2444 370 2555 440 III.

3542 394 3559 402 ‘
3621 378 3743 447 234

384 579 698 650 (Psa1.cxx,
721 578 795 650 3),
817 582 880 634 ut
900 578 1114 634 Filium
1140 594 1153 634 :
1177 594 1252 634 ex
1275 580 1451 635 corde
1469 580 1757 635 eructavit
1777 579 1965 648 (Psal.
1994 570 2057 635 Ἀ
2083 578 2254 635 silvis
2282 578 2718 648 adulteraverit,
2761 580 3120 635 venatricem
3148 596 3293 637 sane
3314 582 3594 654 optimam
3621 598 3742 640 non

325 687 464 740 xuv,
511 670 584 740 2),
617 672 682 723 ut
728 668 1010 724 Verbum.
1068 668 1202 738 Ipse
1245 669 1424 724 estin
1455 685 1572 740 quo
1620 669 1973 739 complacuit

326 759 480 813 Pater
509 758 745 827 (Matth.
795 775 938 828 xvu,
972 758 1029 828 5)
1062 773 1074 812 :
1109 757 1238 827 ipse
1278 760 1371 812 est
1412 758 1605 813 Patris
1637 758 1967 828 brachium,

327 848 447 918 quia
477 850 704 902 creator
742 850 835 902 est
864 846 1124 902 omnium
1159 862 1171 901 :
1208 846 1399 900 Patris
1432 847 1718 917 sapientia
1749 846 1804 916 (Ι
1832 847 1966 902 Cor.

326 955 378 1005 ιι,
417 937 520 1005 24),
570 936 708 1007 quia
755 952 831 991 ex
878 936 983 990 Dei
1014 951 1115 990 ore
1171 935 1469 1006 processit
1502 950 1514 989 :
1550 934 1739 989 Patris
1779 936 1969 990 virtus

325 1024 530 1095 (Ibid.),
584 1025 721 1096 quia
769 1024 1093 1079 divinitatis
1136 1024 1198 1078 in
1244 1039 1315 1079 eo
1339 1023 1725 1094 corporaliter
1752 1023 1974 1079 habitat

322 1113 605 1184 plenitudo
647 1113 897 1185 (Coloss.
946 1131 1008 1183 ιι,
1038 1112 1115 1182 9).
1148 1112 1333 1178 Quem
1365 1112 1538 1167 Pater
1565 1113 1643 1166 ita
1673 1112 1885 1185 diligit,
1910 1114 1974 1167 ut

320 1203 373 1256 in
401 1203 548 1257 simu
579 1204 790 1272 portet,
824 1202 897 1257 ad
938 1203 1243 1257 dexteram
1281 1201 1454 1272 locet,
1504 1204 1567 1256 ut
1621 1201 1972 1273 sapientiam

318 1291 520 1361 discas,
553 1292 830 1347 virtutem
861 1291 1125 1347 noveris.

381 1381 429 1435 4.
451 1380 511 1435 Si
524 1380 709 1453 igitur
727 1381 920 1435 virtus
950 1380 1055 1435 Dei
1077 1379 1375 1451 Christus,
1409 1380 1695 1452 numquid
1717 1379 1976 1452 aliquan-

320 1470 385 1524 do
422 1470 550 1524 sine
587 1471 798 1524 virtute
832 1469 1038 1525 Deus?
1067 1469 1365 1541 Numquid
1385 1469 1698 1541 aliquando
1730 1469 1860 1524 sine
1881 1469 1976 1524 Fi-

318 1560 388 1614 lio
430 1559 601 1614 Pater
627 1561 657 1614 ‘2
685 1559 749 1614 Si
781 1573 1019 1629 semper
1046 1558 1248 1630 utique
1279 1559 1471 1628 Pater,
1508 1559 1710 1630 utique
1740 1574 1977 1628 semper

319 1651 369 1701 et
395 1647 601 1702 Filius.
641 1647 897 1701 l'erfecti
928 1662 1074 1719 ergo
1106 1647 1298 1701 Patris
1330 1647 1631 1717 perfectus
1653 1648 1746 1702 est
1766 1647 1972 1702 Filius.

317 1736 455 1791 Nam
486 1737 593 1807 qui
610 1736 810 1790 virtuti
825 1736 1090 1807 derogat,
1115 1736 1169 1791 ei
1190 1736 1437 1808 derogat
1466 1735 1641 1807 cujus
1660 1737 1974 1791 estvirtus.

315 1825 769 1897 Inaequalitatem
786 1841 905 1880 non
932 1825 1140 1895 recipit
1159 1825 1420 1895 perfecta
1453 1824 1749 1879 divinitas.
1785 1824 1976 1896 Dilige

2085 668 2365 739 ferarum,
2398 667 2504 723 sed
2530 667 2861 738 libidinum,
2882 668 2988 723 sed
3013 669 3272 725 ferarum
3290 671 3483 743 etiam,
3502 674 3567 728 ut
3584 673 3743 728 nuda

2082 760 2419 812 venaretur.

2169 848 2203 909 1
2223 847 2307 910 76
2339 846 2393 900 Ἷ.
2426 845 2575 900 Dent
2604 846 2786 918 igitur
2807 846 3080 917 Neptuno
3111 847 3471 904 dominatum
3498 848 3742 922 furoris,

2082 939 2145 990 ut
2183 939 2450 990 astruant
2478 935 2701 991 crimen
2731 935 2942 991 incesti
2974 936 3217 991 amoris.
3242 937 3392 992 Dent
3413 938 3614 994 Dianae
3645 926 3766 995 re-l

2082 1040 2267 1096 gnum
2306 1026 2366 1079 in
2387 1025 2559 1079 silvis
2590 1040 2739 1096 quas
2769 1023 3084 1094 incolebat,
3111 1028 3173 1079 ut
3204 1026 3553 1082 confirment
3581 1028 3748 1083 adul-

2082 1114 2295 1168 terium
2314 1109 2493 1184 'quod
2525 1112 2790 1185 gerebat.
2839 1113 2989 1168 Dent
3017 1113 3369 1186 Aisculapio
3399 1116 3558 1187 quod
3585 1132 3748 1172 mor-

2082 1205 2247 1257 tuum
2276 1202 2706 1271 reformaverit,
2726 1202 3042 1258 dummodo
3062 1203 3448 1274 profiteantur
3461 1206 3620 1276 quod
3636 1204 3750 1261 ful-

2085 1290 2429 1346 fulminatus
2459 1290 2590 1361 ipse
2607 1306 2727 1346 non
2757 1292 3036 1347 evaserit.
3070 1292 3222 1347 Dent
3248 1294 3435 1348 etiam
3464 1293 3600 1349 Jovi
3628 1293 3751 1350 ful-

2084 1380 2244 1434 mina
2275 1395 2409 1451 quae
2439 1396 2557 1435 non
2602 1379 2825 1450 habuit,
2865 1384 2930 1436 ut
2960 1381 3353 1438 testificentur
3380 1398 3515 1454 qum
3546 1382 3754 1439 habuit

2084 1468 2422 1540 opprobria.
2447 1467 2564 1523 Sed
2594 1484 2627 1522 a
2640 1468 2857 1524 fabulis
2873 1470 2946 1524 ad
2964 1471 3333 1542 propositum
3361 1475 3750 1529 revertamur.

2159 1559 2213 1613 8.
2248 1558 2424 1613 Escis
2446 1573 2685 1629 quoque
2715 1559 2991 1614 omnibus
3021 1576 3156 1631 quae
3189 1560 3440 1634 gignant
3467 1561 3753 1617 membris

2088 1648 2366 1718 calorem,
2397 1662 2574 1717 parce
2607 1647 2885 1703 utendum
2929 1653 3106 1720 puto;
3150 1666 3364 1706 carnes
3391 1650 3550 1706 enim
3570 1652 3755 1707 etiam

2085 1736 2316 1808 aquilas
2348 1735 2617 1790 volantes
2672 1736 2991 1807 deponunt.
3026 1738 3089 1793 In
3140 1739 3315 1795 vobis
3360 1756 3598 1813 quoque
3627 1740 3753 1796 ales

2086 1825 2332 1881 interior
2361 1825 2491 1897 illa,
2539 1826 2611 1880 de
2653 1841 2769 1896 qua
2797 1825 3056 1899 legimus
3090 1842 3103 1883 :
3135 1828 3553 1884 Renovabitur
3596 1830 3756 1885 sicut

316 1913 504 1985 igitur,
539 1929 720 1985 quem
750 1916 924 1969 Pater
954 1914 1146 1986 diligit
1176 1929 1189 1969 :
1224 1913 1570 1983 honorifica,
1590 1929 1768 1985 quem
1791 1913 1977 1968 hono-
2008 1950 2066 2015 Β
2089 1914 2284 1988 aquila
2286 1914 2687 1987 juventustna
2708 1914 3025 1987 (26)(Psal.
3047 1918 3234 1988 cu,5),
3252 1918 3505 1974 sublime
3520 1921 3753 1992 tenens,

314 2003 493 2058 riﬁcat
516 2004 696 2058 Pater
720 2019 732 2058 :
762 2003 875 2069 Qui
894 2005 1050 2058 enim
1084 2019 1196 2058 non
1217 2002 1570 2058 honori/icat
1591 2002 1831 2072 Filium,
1865 2018 1977 2057 non
2008 2002 2064 2015 ⁷
2088 2004 2358 2075 virgineo
2380 2019 2615 2074 praepes
2645 2003 2843 2059 volatu
2873 2004 3007 2075 (27),
3031 2007 3352 2077 superflue
3384 2008 3582 2064 carnis
3604 2024 3752 2064 nes-

312 2092 659 2147 bonorilicat
680 2092 928 2148 Patrem
957 2093 1146 2163 (Joan.
1179 2110 1238 2162 v,
1269 2093 1382 2162 23).
1413 2093 1496 2147 Et
1527 2093 1626 2165 qui
1661 2098 1839 2165 negat
1868 2091 1978 2147 Fi-

315 2179 464 2250 lium,
508 2197 625 2236 nec
647 2181 894 2237 Patrem
916 2182 1096 2237 babet
1118 2181 1175 2253 (Ι
1197 2187 1363 2237 Joan.
1387 2199 1447 2254 ιι,
1477 2181 1590 2251 23).
1616 2182 1763 2237 Haec
1796 2196 1980 2254 quan-

313 2272 427 2325 tum
455 2271 530 2326 ad
556 2270 754 2326 fidem.

967 2377 1223 2433 CAPUT
1259 2377 1327 2432 II.

324 2499 597 2575 Virginis
616 2502 1053 2575 institutionem
1094 2502 1468 2575 aggreditur,
1513 2518 1638 2575 quae
1676 2505 1738 2556 in
1764 2506 1905 2575 potu
1922 2505 1982 2556 et

377 2574 715 2646 cibou'atio
748 2574 1071 2643 servanda,
1107 2581 1299 2646 etquo
1336 2574 1749 2646 pacto'motus
1770 2574 1982 2646 animae

379 2645 705 2717 collibendi
752 2646 894 2717 sint,
938 2642 1302 2717 principiens
1336 2642 1357 2699 Ξ
1391 2660 1498 2717 qua
1535 2645 1843 2717 occasione
1884 2642 1983 2699 ubi

376 2715 715 2772 fabulosam
736 2715 1047 2787 Hippolyti
1081 2731 1285 2770 necem
1316 2731 1384 2770 ac
1401 2715 1862 2787 'suscitationcm
1884 2730 1983 2769 re-

377 2787 509 2840 tulit
543 2786 806 2859 suggilla
822 2786 1035 2858 vitque,
1055 2793 1359 2858 postremo
1379 2786 1703 2842 calidiores
1733 2801 1904 2841 escas
1925 2792 1983 2841 et

376 2874 482 2913 con
494 2860 559 2913 vi
574 2861 662 2913 via
701 2859 938 2913 vitanda
968 2863 1185 2913 monet.

376 2967 426 3021 5.
452 2965 581 3021 Sed
605 2965 898 3020 interdum
920 2965 1095 3019 etiam
1137 2981 1269 3020 cum
1301 2966 1450 3020 fides
1483 2967 1606 3020 tuta
1636 2964 1732 3034 sit,
1762 2963 1982 3036 juven-
2036 2970 2045 2984 ‘

308 3056 398 3108 tus
432 3056 725 3124 suspecta
773 3056 886 3108 est.
918 3053 1151 3108 Modico
1184 3055 1379 3125 itaque
1410 3054 1548 3109 vino
1568 3056 1752 3123 utere,
1784 3068 1857 3108 ne
1895 3052 1984 3107 in-

311 3144 649 3197 ﬁrmitatem
684 3143 953 3212 corporis
985 3158 1229 3215 augeas,
1261 3159 1379 3197 non
1411 3147 1474 3197 ut
1493 3143 1851 3213 voluptatem
1882 3157 1986 3196 ex-

313 3232 456 3286 cites
481 3248 496 3301 ;
522 3231 852 3285 incendunt
872 3231 1028 3285 enim
1045 3232 1264 3301 pariter
1285 3231 1422 3301 duo,
1444 3232 1649 3286 vinum
1678 3234 1734 3286 et
1753 3230 1985 3285 adoles-

2089 2093 2202 2147 ciat
2231 2093 2643 2163 appetentiam.
2676 2091 3097 2150 Conviviorum
3137 2096 3466 2153 devitanda
3498 2097 3755 2154 celebri-

2087 2185 2260 2254 tates,
2293 2181 2595 2254 fugiendae
2616 2181 3023 2238 salutationes.

2727 2323 2980 2380 CAPUT
3009 2324 3103 2380 ΙΙΙ.

2085 2449 2380 2506 Hortatur
2399 2448 2475 2505 ad
2493 2448 2812 2521 fugiendas
2857 2450 3253 2522 visitationes,
3278 2450 3356 2508 ad
3391 2452 3755 2510 servandum

2156 2522 2466 2594 pudorem,
2500 2536 2611 2595 nec
2638 2536 2753 2577 non
2783 2522 2859 2595 ad
2886 2521 3191 2595 silentium
3239 2523 3508 2595 exemplo
3542 2525 3759 2581 Mariae

2156 2592 2273 2665 per
2292 2592 2717 2666 mysteriorum
2747 2592 3209 2666 celebrationem
3238 2592 3626 2666 praebendum
3646 2616 3663 2651 :
3687 2612 3755 2653 ea

2162 2662 2367 2739 gratia
2377 2663 2603 2718 ethnici
2624 2662 3024 2739 adolescentis
3040 2663 3217 2739 facto,
3238 2662 3303 2720 et
3316 2664 3562 2739 profani
3567 2674 3759 2739 poetae

2166 2735 2707 2809 dictomemoratis,
2739 2735 2935 2790 sancti
2963 2736 3266 2809 cujusdam
3296 2735 3633 2794 sacerdotis
3651 2739 3762 2793 mi-

2165 2806 2427 2861 raculum
2447 2805 2740 2879 adjungit.

2164 2948 2218 3003 9.
2242 2949 2412 3019 Ipsas
2443 2948 2814 3005 visitationes
2846 2949 2906 3004 in
2930 2948 3273 3022 junioribus
3295 2966 3434 3008 esse
3453 2950 3759 3023 parciores

2095 3037 2254 3108 volo,
2287 3037 2341 3091 si
2380 3036 2530 3092 forte
2561 3037 2945 3093 deferendum
2968 3038 3047 3093 sit
3074 3039 3419 3110 parentibus
3440 3044 3540 3096 aut
3570 3057 3763 3113 aequa-

2096 3127 2276 3181 libus.
2311 3126 2545 3180 Teritur
2574 3126 2731 3181 enim
2762 3125 2978 3181 ofﬁciis
3007 3128 3217 3199 pudor,
3251 3128 3495 3183 audacia
3526 3129 3756 3197 emicat,

2096 3217 2260 3270 risus
2306 3215 2590 3286 subrepit,
2636 3215 2925 3270 modestia
2973 3216 3243 3286 solvitur,
3288 3217 3428 3271 dum
3456 3216 3763 3273 atfectatur

312 3321 521 3375 centia.
568 3319 867 3375 Infrenent
905 3319 1079 3374 etiam
1106 3323 1369 3374 teneram
1391 3322 1620 3374 aetatem
1644 3306 1902 3392 jejunia,
1929 3321 1987 3374 et
2007 3304 2074 3375 ’ϐ
2101 3305 2402 3360 urbanitas
2438 3320 2449 3360 ε
2483 3304 2869 3377 interroganti
2898 3320 3017 3359 non
3045 3305 3431 3377 respondere:
3464 3304 3707 3360 infantia
3742 3322 3755 3361 ³

308 3409 678 3479 parcimonia
724 3409 841 3463 cibi
880 3409 1223 3463 retinaculis
1272 3408 1629 3480 quibusdam
1664 3408 1982 3463 indomitas

309 3498 591 3553 cohibeat
622 3498 993 3567 cupiditates.
1031 3498 1200 3552 Ratio
1248 3500 1507 3566 revocet,
1560 3497 1789 3568 mitiget
1818 3512 1981 3567 spes,

312 3588 639 3660 restringat
663 3590 874 3641 metus.
906 3586 1054 3640 Nam
1086 3586 1186 3657 qui
1216 3586 1511 3641 moderari
1539 3587 1731 3640 nescit
1761 3585 1985 3655 cupidi-

314 3677 554 3747 tatibus,
602 3678 657 3730 is
689 3677 850 3730 sicut
878 3674 1050 3746 equis
1081 3677 1344 3745 raptatus
1365 3674 1983 3745 indomitis,volvitur,

317 3765 630 3835 obteritur,
656 3765 927 3834 laniatur,
953 3763 1256 3835 afﬂigitur.

382 3853 435 3909 6.
472 3852 651 3919 Quod
682 3852 999 3923 aliquando
1027 3852 1233 3923 juveni
1267 3851 1372 3921 (25)
1405 3852 1480 3907 ob
1502 3867 1764 3908 amorem
1786 3852 1987 3907 Diana:

317 3944 655 4015 contigisse
677 3942 962 4012 proditur.
994 3940 1107 3996 Sed
1127 3942 1377 4011 poeticis
1407 3941 1732 3996 mendaciis
1756 3941 1987 3996 colora-

314 4034 403 4086 tur
434 4031 662 4101 fabula,
694 4032 758 4084 ut
789 4030 1118 4099 Neptunus,
1165 4030 1387 4100 praelati
1422 4029 1628 4084 rivalis
1658 4030 1861 4085 dolore
1894 4031 1988 4084 in-

316 4122 552 4187 citatus,
588 4120 762 4190 equis
793 4118 1021 4173 dicatur
1048 4118 1668 4189 furoremimmisisse,
1703 4134 1820 4190 quo
1851 4117 1987 4189 ejus

316 4225 529 4282 magna
548 4209 809 4279 potentia
831 4208 1210 4278 praedicetur,
1226 4208 1382 4279 quod
1401 4208 1683 4279 juvenem
1714 4224 1833 4262 non
1862 4208 1986 4262 vir-

314 4302 432 4354 tute
467 4298 638 4367 vicit,
680 4297 787 4352 sed
818 4297 1025 4351 fraude
1063 4297 1314 4367 decepit.
1360 4297 1527 4352 Unde
1560 4297 1732 4352 etiam
1765 4296 1992 4351 sacrifi-

321 4388 474 4442 cium
508 4385 831 4459 quotannis
861 4387 1192 4440 instaurant
1216 4386 1435 4455 Dianae,
1470 4390 1533 4441 ut
1553 4402 1743 4457 equus
1765 4386 1837 4440 ad
1857 4385 1991 4457 ejus

319 4476 663 4532 immolatur
692 4492 849 4530 aras.
897 4474 1083 4540 Quam
1121 4475 1417 4547 virginem
1466 4475 1686 4544 dicunt,
1734 4492 1866 4546 quea
1915 4474 1991 4534 (id

321 4566 481 4636 quod
531 4565 710 4621 etiam
756 4565 1102 4620 meretrices
1134 4555 1491 4619 erubescei'e
1540 4563 1752 4623 solent)
1794 4579 1990 4618 amare

2097 3394 2480 3465 respondere,
2531 3392 2728 3447 fabula
2774 3396 2884 3448 est.
2928 3393 3154 3448 Deesse
3192 3394 3377 3466 igitur
3422 3410 3760 3450 sermonem

2096 3484 2337 3555 virgini,
2388 3498 2564 3554 quam
2604 3497 2926 3553 superesse
2958 3482 3176 3537 malim.
3210 3482 3361 3537 Nam
3391 3483 3447 3538 si
3481 3483 3760 3540 mulieres

2098 3573 2272 3627 etiam
2301 3572 2373 3626 de
2404 3571 2585 3626 rebus
2616 3571 2832 3625 divinis
2857 3571 2915 3625 in
2939 3571 3208 3626 Ecclesia
3227 3571 3512 3644 jubentur
3538 3576 3756 3645 tacere,

2098 3662 2255 3717 domi
2277 3662 2439 3715 viros
2461 3676 2605 3715 suos
2624 3661 2991 3732 interrogare
3014 3660 3070 3731 (Ι
3087 3659 3222 3717 Cor.
3256 3678 3377 3732 xxv,
3400 3660 3488 3727 34,
3524 3661 3616 3733 35)
3640 3678 3652 3718 :
3687 3661 3761 3718 de

2096 3750 2434 3823 virginibus
2466 3750 2606 3821 quid
2637 3753 2870 3804 cautum
2897 3752 3191 3821 putamus,
3235 3750 3296 3804 in
3325 3749 3544 3823 quibus
3572 3751 3765 3823 pudor

2099 3844 2268 3897 ornat
2297 3843 2547 3910 aetatem,
2606 3838 2975 3893 taciturnitas
3014 3839 3383 3894 commendat
3427 3839 3764 3911 pudorem?

2169 3928 2258 3986 10.
2309 3929 2400 3982 An
2442 3944 2585 3983 vero
2625 3927 2920 3982 mediocre
2963 3927 3209 3998 pudoris
3254 3928 3589 3999 exemplum
3647 3932 3759 3999 est,

2099 4019 2257 4092 quod
2277 4017 2549 4073 Rebecca
2580 4032 2714 4071 cum
2743 4016 2972 4071 veniret
2992 4017 3065 4071 ad
3096 4018 3353 4089 nuptias,
3385 4020 3442 4073 et
3471 4033 3763 4089 sponsum

2098 4109 2371 4177 vidisset,
2406 4106 2672 4161 velamen
2700 4104 3110 4176 accepit(Gen.
3136 4123 3298 4177 xxxv,
3328 4106 3459 4179 65);
3492 4122 3567 4162 ne
3594 4107 3762 4179 prius

2099 4198 2419 4267 videretur,
2445 4211 2620 4267 quam
2647 4195 3043 4267 jungeretur?
3064 4194 3135 4249 Et
3155 4196 3356 4267 utique
3376 4195 3623 4267 pulchra
3645 4195 3762 4251 vir-

2100 4303 2178 4359 go
2211 4302 2328 4341 non
2379 4285 2579 4340 decori
2618 4284 2828 4355 timuit,
2873 4284 2982 4339 sed
3009 4285 3241 4355 pudori.
3291 4283 3441 4350 Quid
3500 4283 3763 4354 Rachel;

2103 4374 2596 4447 quemadmodum
2615 4377 2845 4429 extorto
2865 4373 3070 4428 osculo
3100 4372 3234 4443 (9.8),
3258 4373 3418 4427 flevit
3434 4374 3490 4427 et
3520 4370 3765 4445 gemuit;

2101 4480 2211 4519 nec
2260 4465 2401 4518 flere
2458 4462 2753 4533 desisset,
2815 4462 2933 4517 nisi
2991 4462 3325 4532 proximum
3382 4459 3770 4532 cognovisset

2101 4553 2276 4625 (Gen.
2310 4569 2474 4623 xxxx,
2509 4550 2597 4621 11,
2633 4551 2722 4620 12)
2750 4552 2779 4605 ?
2835 4550 2916 4604 Ita
2966 4554 3023 4605 et
3061 4549 3307 4620 pudoris
3347 4549 3608 4605 servavit
3637 4548 3769 4604 offi-

318 4656 509 4724 potuit
540 4670 662 4708 non
692 4657 1000 4707 amantem.
1051 4653 1167 4708 Sed
1198 4653 1452 4707 habeant
1478 4669 1586 4724 per
1611 4669 1705 4708 me
1735 4653 1873 4707 licet
1902 4643 2279 4735 fa-;D9lut11,
2312 4645 2369 4696 οἱ
2392 4642 2631 4735 ﬂuuiis
2654 4655 2774 4695 ῐιοι1
2812 4636 3331 4735 οωίείξιεπθοῑωῐι·
3363 4636 3533 4735 Ωιιοᾷ
3563 4637 3619 4693 Si
3637 4638 3768 4695 Viro

322 4743 480 4797 bula;
505 4759 638 4798 suae
651 4742 1057 4797 auctoritatem
1080 4757 1094 4812 ;
1114 4743 1250 4814 quia
1271 4741 1408 4797 licet
1435 4742 1757 4797 scelestum
1783 4745 1997 4796 utrum-

322 4848 458 4903 que,
494 4833 696 4886 minus
730 4835 923 4886 tamen
953 4831 1033 4885 sit
1058 4830 1341 4901 juvenem
1371 4847 1570 4886 amore
1602 4831 1883 4885 adulterae
1904 4831 1994 4885 sic

320 4921 620 4993 flagrasse
670 4924 732 4975 ut
773 4921 1016 4991 periret,
1065 4936 1241 4992 quam
1285 4920 1459 4991 duos,
1501 4923 1563 4975 ut
1622 4920 1736 4991 ipsi
1768 4920 1990 4986 dicunt,

322 5010 470 5065 deos
522 5010 597 5064 de
646 5010 936 5065 adulterio
980 5015 1245 5064 certasse
1276 5029 1293 5063 :
1332 5009 1539 5064 Jovem
1587 5012 1781 5063 autem
1829 5008 1997 5063 dolo-

323 5115 450 5153 rem
483 5100 808 5154 scortantis
832 5098 968 5153 filia:
1011 5099 1069 5152 in
1113 5099 1406 5153 medicum
1450 5098 1790 5152 vindicasse
1829 5096 1999 5151 adul-

322 5189 454 5259 teri,
518 5189 679 5259 qnod
730 5187 865 5260 ejus
912 5187 1132 5243 curarit
1178 5188 1459 5259 vulnera,
1502 5188 1601 5259 qui
1648 5187 1892 5241 Dianam
1939 5186 2000 5241 in

397 5330 509 5401 (25)
545 5329 824 5385 Fabulam
845 5331 997 5385 hanc
1028 5331 1100 5385 de
1134 5330 1446 5402 Hippolyto
1479 5330 1552 5384 ab
1584 5330 1755 5401 equis
1786 5327 1998 5402 effera-

325 5403 401 5455 tis
432 5402 739 5471 discerpto
783 5403 952 5455 aliter
987 5407 1184 5456 narrat
1230 5401 1391 5471 Virg.
1452 5402 1554 5456 lib.
1591 5419 1671 5455 vu
1710 5401 1996 5470 xEneid.,

329 5475 573 5555 servius
716 5474 987 5555 eumdem
1031 5474 1267 5555 librum,
1314 5472 1481 5528 Ovid.
1539 5473 1641 5528 lib.
1687 5489 1767 5527 xv
1802 5472 2000 5526 Meta-

325 5546 583 5621 morpli.,
616 5545 890 5615 Hyginus
936 5549 992 5598 et
1023 5545 1141 5598 alii.
1441 5616 1451 5627 _

376 5616 507 5697 1'26)
540 5615 618 5696 lta
648 5632 796 5697 mss.
829 5615 904 5697 ad
935 5631 1156 5697 unum;
1189 5615 1456 5697 nonnulli
1486 5618 1684 5671 tamen
1706 5615 1763 5670 et
1794 5627 2001 5670 omnes

329 5684 492 5760 edit"
516 5687 684 5760 sicut
708 5686 1002 5760 aquilaeju
1016 5694 1240 5760 ventus
1259 5694 1377 5760 tua.
1584 5712 1597 5760 ς

2104 4732 2318 4786 dicitur
2343 4746 2354 4784 :
2392 4729 2696 4801 Virginem
2723 4743 2797 4784 ne
2828 4727 3195 4796 consideres,
3228 4742 3303 4782 ne
3333 4727 3562 4800 quando
3590 4742 3770 4783 scan-

2105 4820 2326 4876 dalizet
2358 4823 2414 4873 te
2432 4816 2645 4886 (Eccli.
2669 4834 2749 4887 ιχ,
2774 4817 2862 4887 5);
2894 4815 3034 4887 quid
3060 4815 3374 4872 dicendum
3396 4819 3489 4872 est
3519 4819 3768 4872 sacratae

2105 4910 2343 4981 virgini,
2368 4923 2501 4979 quae
2532 4906 2587 4961 si
2626 4909 2799 4977 amet,
2830 4906 3025 4961 animo
3055 4909 3300 4977 peccat;
3349 4907 3404 4963 si
3433 4909 3679 4979 amatur,
3713 4907 3772 4963 et

2106 4998 2259 5053 facto
2290 4999 2319 5052 ξ)
2506 5003 2513 5009 ’

2180 5087 2268 5141 11.
2301 5086 2555 5140 Maxima
2577 5087 2669 5140 est
2697 5085 2888 5140 virtus
2916 5084 3170 5155 tacendi,
3200 5084 3536 5156 praesertim
3562 5084 3624 5140 in
3652 5083 3770 5139 Ec-

2108 5176 2312 5232 clesia.
2337 5175 2514 5231 Nulla
2561 5177 2617 5230 te
2647 5175 2979 5230 divinarum
3018 5174 3309 5230 sententia
3344 5173 3534 5247 fugiet
3559 5173 3770 5229 lectio-

2177 5320 2294 5391 ('28)
2327 5318 2539 5374 Versio
2557 5318 2739 5397 Vulg._
2759 5318 2957 5397 etaliae
2979 5333 3111 5373 cum
3123 5319 3294 5397 textu
3305 5316 3583 5397 Hebraeo,
3608 5329 3772 5397 oscus

2108 5387 2387 5447 latus’est
2419 5407 2545 5445 eam
2564 5405 2578 5459 ;
2599 5397 2657 5445 et
2680 5387 2912 5444 elevata
2941 5405 3078 5443 voce
3108 5388 3299 5457 flevit,
3315 5388 3585 5459 etindica
3599 5387 3746 5459 vitai

2109 5467 2221 5518 etc.
2238 5479 2269 5517 e
2287 5462 2506 5533 quibus
2526 5454 2731 5516 verbis
2762 5461 2920 5531 quod
2942 5460 3038 5514 hic
3052 5459 3123 5513 de
3140 5454 3293 5533 ﬂetu
3319 5457 3595 5533 pudicum
3624 5454 3730 5508 illu

2111 5524 2383 5589 osculum
2415 5536 2739 5587 consecuto
2775 5524 3066 5599 narratur,
3105 5524 3409 5599 eleganter
3447 5526 3686 5596 quidem
3715 5524 3775 5579 et

2110 5605 2376 5677 apposite
2406 5603 2480 5658 ad
2510 5602 2814 5685 materiam
2832 5597 3109 5725 tribuiltgur
3133 5597 3407 5723 Richeii;
3427 5610 3561 5721 eunti
3578 5599 3776 5721 tqmen

2110 5678 2183 5795 ξεί
2216 5673 3359 5795 arguas;amatam.
3385 5679 3554 5795 ira
3576 5681 3774 5795 ea“:

3696 5736 3772 5805 Χ.

392 5736 1241 5835 ᾗ]ιιῖἑὲ.’ἇι²ιξιῖὁιζ”ειῶὶὶῖιὶί
1259 5736 1491 5831 nitens,
1532 5758 1826 5835 virgineo,
1843 5770 2005 5833 prae-
2060 5744 2065 5747 ’
2110 5748 2193 5835 in,
2219 5745 2691 5835 911§8_§§i0l1{5fi§
2713 5736 3108 5835 ἀωιῖὶεηίεεεε
3158 5739 3359 5835 ερῇνξθ
3395 5736 3554 5835 εἶξαά
3587 5736 3636 5796 Ῑέ

329 5842 457 5916 pes,
474 5831 593 5889 etc.

617 5956 877 6025 Ρηιιοι..
914 5955 1071 6026 XVI.

2110 5818 2316 5902 legere
2349 5819 2461 5895 est,
2491 5825 2580 5885 καὶ
2598 5818 2792 5913 βοήσας
2811 5825 2877 5917 τῇ
2895 5810 3027 5913 ᾖωνῇ
3046 5813 3228 5892 αὐτοῦ,
3251 5810 3485 5879 Mm.

3452 5920 3501 6035 θ
