3932 6152
242 422 332 489 237

246 626 430 693 aratris,
457 625 580 695 ipse
606 622 841 679 validus
869 623 1132 696 agricola
1167 622 1353 695 digito
1393 622 1587 677 solum
1616 621 1844 693 scalpit,
1866 602 1928 680 Α

240 720 287 771 ut
304 716 478 769 ﬂorum
508 713 759 783 deponat
787 712 1022 767 radices
1041 712 1155 783 (3'7)
1182 728 1196 782 ;
1229 716 1285 766 et
1312 711 1543 782 asperis
1574 711 1848 765 manibus

242 803 413 875 quibus
432 802 717 856 luctantes
736 801 890 856 inter
906 802 1104 856 vineta
1124 800 1305 855 ﬂectit
1320 798 1636 872 juvencos,
1661 799 1849 853 molli-

239 898 308 947 ter
323 892 489 946 ovium
508 893 744 961 pressat
762 890 966 945 ubera.
994 889 1079 944 Eo
1103 890 1319 961 quippe
1342 889 1551 944 melior
1570 904 1715 960 ager
1734 891 1845 957 est,

238 996 327 1052 quo
349 980 704 1035 numerosior
742 978 993 1034 fructus.
1027 978 1187 1051 Ergo
1221 982 1279 1033 et
1307 982 1370 1034 tu
1398 978 1538 1033 boni
1569 976 1848 1050 agricolas

237 1067 517 1140 exemplum
535 1071 760 1138 secuta,
780 1084 899 1122 non
920 1067 1283 1139 perennibus
1301 1066 1551 1139 jejuniis
1571 1067 1851 1137 tanquam

234 1158 489 1230 depressis
511 1158 857 1213 vomeribus
868 1156 1111 1211 humum
1133 1160 1291 1212 tuam
1309 1156 1520 1211 ﬁndas.
1544 1154 1850 1210 Floreatin

230 1247 379 1302 hortis
404 1248 515 1302 tuis
546 1262 687 1303 rosa
716 1247 985 1317 pudoris,
1010 1246 1196 1301 lilium
1224 1246 1460 1315 mentis,
1488 1244 1850 1315 etirriguum

228 1337 353 1391 sacri
377 1336 682 1408 sanguinis
712 1334 956 1390 violaria
988 1334 1192 1389 bibant
1230 1335 1470 1389 fontem.
1508 1333 1702 1403 Vulgo
1734 1332 1848 1386 hoc

225 1424 415 1479 ferunt:
460 1424 631 1490 Quod
676 1424 830 1478 velis
867 1423 1096 1495 prolixe
1151 1423 1368 1493 facere,
1410 1421 1726 1494 aliquando
1774 1436 1848 1475 ne

225 1513 422 1569 feceris.
454 1513 644 1569 Debet
690 1527 829 1568 esse
877 1512 1119 1584 aliquid,
1164 1512 1322 1584 quod
1364 1509 1848 1582 Quadragesimre

222 1602 396 1658 diebus
422 1602 671 1658 addatur
705 1601 856 1672 (38):
900 1602 1007 1656 sed
1038 1601 1135 1672 ita,
1167 1604 1231 1657 ut
1259 1601 1405 1656 nihil
1437 1598 1850 1657 ostentationis

222 1707 371 1746 causa
400 1691 512 1762 fiat,
548 1691 658 1746 sed
697 1690 1031 1763 religionis.

274 1780 346 1834 18.
384 1780 577 1835 Oratio
626 1795 863 1852 quoque
894 1795 1007 1835 nos
1038 1779 1160 1834 Deo
1204 1779 1413 1834 crebra
1458 1777 1847 1834 commendet.

217 1867 267 1924 Si
292 1868 433 1924 enim
461 1869 759 1940 Propheta
781 1868 921 1923 dicit
944 1884 956 1922 ε
989 1868 1233 1939 Septies
1261 1869 1324 1922 in
1346 1867 1445 1923 die
1465 1866 1697 1922 laudem
1721 1867 1853 1921 dixi

1384 420 1498 484 DE
1537 414 2041 485 VIRGINIBUS
2082 419 2244 484 LIB.
2290 418 2402 482 ΙΙΙ.

2030 628 2159 675 stus
2181 636 2392 691 corpus
2413 618 2639 691 doloris
2651 618 3002 691 susceperit,
3023 625 3390 691 stratumque
3409 612 3620 691 versa-

2040 694 2195 748 verit
2234 689 2296 745 in
2327 689 2696 744 infirmitate.
2726 689 2928 742 Omnia
2971 690 3030 742 in
3069 689 3348 745 honorem
3387 689 3622 745 Christi

2032 763 2375 842 referenda,
2411 768 2469 814 ct
2504 759 2777 841 spiritali
2806 760 3014 842 notitia
3043 761 3472 842 e.\:sulta_ndzini,
3489 776 3621 842 μου

2033 841 2224 890 autem
2238 833 2358 899 illa,
2382 848 2506 904 quae
2527 832 2588 885 in
2604 832 2900 904 conviviis
2918 832 3228 885 insaniens
3244 832 3456 886 Joanni
3476 832 3624 903 Bap

2033 908 2191 961 tistm
2222 901 2470 958 mortem
2503 901 2723 958 intulit.

2030 1012 2119 1068 21.
2154 1012 2284 1066 Jam
2313 1010 2456 1064 illud
2488 1010 2623 1081 quis
2653 1025 2773 1064 non
2802 1008 2875 1064 ad
2904 1011 3166 1064 nostram
3196 1008 3623 1065 institutionem

1961 1103 2181 1157 dictum
2195 1100 2500 1172 intelligat,
2516 1098 2671 1170 quod
2685 1100 2763 1153 ait
2785 1101 3026 1153 sanctus
3043 1098 3361 1170 Propheta:
3386 1099 3468 1154 La
3479 1098 3624 1155 vabo

1955 1207 2068 1263 per
2080 1189 2348 1262 singulas
2360 1194 2564 1244 noctes
2575 1188 2786 1243 lectum
2801 1204 3008 1257 meum,
3021 1187 3304 1260 lacrymis
3313 1189 3466 1243 meis
3476 1194 3627 1242 stra-

1962 1285 2082 1334 tum
2120 1296 2311 1335 meum
2346 1277 2558 1349 rigabo
2590 1275 2781 1343 (Psal.
2814 1294 2891 1348 vx,
2923 1276 3028 1346 ’7)?
3069 1277 3216 1331 Nam
3250 1276 3379 1331 sive
3406 1276 3623 1332 lectum

1954 1369 2123 1441 juxta
2157 1368 2406 1423 litteram
2428 1366 2746 1438 intelligas,
2769 1369 2988 1426 tantam
3021 1365 3345 1421 ubertatem
3368 1364 3625 1421 ostendit

1957 1458 2236 1530 profundi
2285 1458 2556 1527 Oportcrc
2598 1454 3009 1526 lacrymarum,
3041 1457 3105 1509 ut
3151 1454 3381 1510 lavetur
3408 1453 3623 1525 lectus,

1960 1550 2208 1601 stratum
2263 1545 2495 1616 rigetur
2542 1543 2779 1598 fletibus
2823 1541 2937 1614 (4i)
2984 1544 3399 1614 obsecrantis;
3450 1544 3626 1599 ﬂetus

1960 1637 2115 1690 enim
2138 1634 2544 1705 praesentium,
2577 1648 2808 1687 merces
2831 1635 2922 1687 est
2951 1631 3313 1703 futurorum;
3346 1633 3625 1706 quoniam

1958 1724 2115 1779 beati
2146 1723 2245 1795 qui
2292 1722 2467 1790 ﬂetis,
2502 1721 2617 1792 ipsi
2665 1721 2823 1775 enim
2870 1721 3140 1776 ridebitis
3169 1722 3337 1791 (Lac.
3368 1738 3448 1789 vr,
3492 1721 3623 1793 21):

1960 1813 2089 1868 sive
2126 1828 2234 1883 pro
2266 1826 2515 1882 corpore
2543 1809 2904 1881 accipiamus
2942 1810 3352 1881 propheticum
3380 1811 3622 1880 dictum,

1962 1902 2172 1956 delicta
2231 1900 2499 1971 corporis
2552 1900 2917 1971 poenitentiae
2964 1899 3242 1971 lacrymis
3291 1899 3624 1956 abluamus.

216 1958 311 2012 tibi
327 1957 733 2061 (Pfal'cxvnfz
759 1957 902 2027 164)’
918 1958 1027 2061 ξίυί
1053 1955 1224 2028 regni
1245 1959 1369 2061 cf“?
1390 1956 1850 2061 Πθθῗῗδίιξήὼυδ
1879 1982 1938 2052 Β
1963 1955 2124 2046 Fecit
2157 1990 2310 2046 enim
2335 1955 2462 2044 sibi
2492 1955 2708 2043 lectum
2750 1987 3028 2044 Salomon
3059 1955 3135 2044 ex
3181 1988 3363 2061 lignis
3395 1955 3626 2045 Libani.

216 2050 500 2117 occupatus
528 2063 544 2116 ;
598 2046 739 2118 quid
770 2062 882 2101 nos
912 2044 1110 2100 facere
1143 2048 1391 2116 oportet,
1428 2044 1528 2116 qui
1559 2044 1850 2116 legimus:

222 2134 442 2206 Vigilatc
463 2142 523 2191 et
537 2142 729 2203 orate,
746 2151 819 2189 ne
845 2135 1094 2189 intretis
1118 2134 1180 2188 in
1210 2135 1596 2188 tentationem
1611 2133 1850 2203 (Matth.

214 2240 352 2293 xxvi,
376 2224 434 2278 4t
446 2235 462 2291 )
482 2226 513 2279 ε’
536 2222 710 2279 Certe
735 2223 1036 2279 solemnes
1059 2222 1358 2278 orationes
1379 2238 1511 2277 cum
1532 2221 1855 2294 gratiarum

211 2313 410 2368 actione
447 2316 594 2368 sunt
634 2312 994 2383 deferenda,
1034 2328 1167 2367 cum
1198 2327 1229 2366 e
1262 2327 1492 2367 sommo
1523 2311 1851 2384 surgimus,

211 2417 323 2456 cum
349 2403 678 2473 prodimus,
720 2418 855 2457 cum
898 2401 1095 2456 cibum
1125 2417 1402 2472 paramus
1432 2415 1687 2471 sumere,
1721 2416 1855 2455 cum

207 2492 644 2561 sumpserimus,
683 2483 825 2546 179
857 2493 912 2545 et
943 2491 1088 2545 hora
1118 2490 1347 2546 incensi
1373 2489 1508 2560 (39),
1534 2505 1667 2544 cum
1698 2488 1858 2544 deni-

209 2594 303 2650 que
333 2580 595 2636 cubitum
629 2579 958 2652 pergimus.

263 2667 338 2724 19.
369 2669 483 2725 Sed
517 2669 700 2724 etiam
731 2669 792 2722 in
835 2668 965 2739 ipso
997 2667 1179 2723 cubili
1226 2667 1364 2723 volo
1411 2667 1678 2738 psalmos
1719 2682 1853 2721 cum

208 2755 455 2814 Oratione
515 2756 827 2812 Dominica
874 2746 1169 2829 frequenti
1225 2759 1510 2831 contean
1559 2756 1710 2825 vice,
1760 2755 1855 2810 vel

205 2860 316 2901 cum
338 2846 753 2920 evigilaveris,
784 2846 879 2900 vel
910 2849 1225 2917 antequam
1257 2861 1475 2916 corpus
1506 2860 1688 2916 sopor
1710 2844 1855 2898 irri-

205 2941 314 3006 get;
348 2941 406 2991 ut
426 2941 481 2991 te
506 2938 574 2990 in
596 2936 729 3006 ipso
760 2936 978 3006 quietis
997 2936 1243 2990 exordio
1262 2951 1459 2990 rerum
1481 2933 1856 2989 saecularium

204 3039 323 3079 cura
352 3026 632 3095 liberam,
668 3024 866 3079 divina
897 3024 1275 3079 meditantem
1305 3039 1555 3079 somnus
1579 3024 1854 3078 inveniat.

203 3112 441 3186 Denique
455 3113 638 3170 etiam
662 3114 765 3185 qui
781 3113 1007 3183 primus
1020 3113 1416 3185 philosOphim
1429 3113 1622 3184 ipsius
1644 3127 1860 3167 nomen

200 3201 400 3257 invenit
430 3204 577 3274 (40),
608 3202 870 3274 quotidie
902 3202 1248 3274 priusquam
1270 3203 1532 3257 cubitum
1560 3203 1690 3271 iret,
1723 3201 1856 3255 tibi-

199 3293 368 3347 cinem
394 3292 655 3365 jubebat
688 3290 953 3347 molliora
983 3307 1216 3360 canere,
1250 3294 1314 3346 ut
1340 3292 1514 3346 anxia
1545 3292 1707 3346 curis
1739 3306 1859 3345 sae-

202 3381 485 3437 cularibus
522 3381 705 3436 corda
735 3380 1041 3435 mulceret.
1074 3380 1191 3435 Sed
1221 3381 1338 3451 ille,
1373 3381 1529 3436 sicut
1556 3380 1610 3434 is
1640 3379 1742 3451 qui
1771 3379 1859 3433 la-

198 3472 564 3540 teremlavat,
590 3470 903 3525 sacularia
927 3470 1321 3524 saecularibus
1344 3469 1566 3524 frustra
1590 3468 1863 3539 cupiebat

199 3559 417 3616 abolere
444 3576 459 3631 ;
514 3560 716 3632 magis
748 3558 904 3613 enim
938 3574 1005 3613 se
1037 3558 1322 3613 oblinibat
1352 3558 1494 3629 luto,
1541 3559 1641 3629 qui
1674 3574 1861 3613 reme-

198 3647 344 3703 dium
374 3667 407 3704 a
439 3649 749 3719 voluptate
767 3647 1102 3719 quaerebat:
1136 3663 1246 3703 nos
1277 3652 1472 3702 autem
1492 3650 1861 3702 terrenarum

200 3738 463 3793 vitiorum
485 3737 831 3794 colluvione
860 3737 1114 3805 detersa,
1147 3736 1220 3791 ab
1245 3736 1402 3791 omni
1420 3736 1860 3808 inquinamento

196 3828 377 3882 carnis
409 3826 708 3883 mentium
737 3825 967 3880 interna
997 3826 1371 3880 mundemus.
1824 3876 1831 3883 .

258 3915 342 3971 20.
373 3915 734 3988 Symbolum
764 3929 1000 3986 quoque
1030 3914 1369 3985 specialiter
1411 3914 1699 3970 debemus
1731 3917 1862 3970 tan-

197 4018 359 4076 quam
390 4004 595 4062 nostri
633 4003 1010 4076 signaculum
1057 4002 1256 4059 cordis
1299 4003 1665 4058 antelucanis
1696 4003 1862 4059 horis

197 4095 443 4163 quotidie
473 4108 837 4149 recensere:
873 4107 989 4162 quo
1020 4092 1194 4146 etiam
1234 4108 1367 4147 cum
1398 4092 1710 4148 horremus
1752 4092 1863 4146 ali-

199 4183 345 4253 quid,
377 4184 587 4239 animo
619 4180 1046 4236 recurrendum
1094 4183 1204 4236 cst.
1238 4179 1482 4246 Quando
1527 4183 1683 4236 enim
1732 4182 1862 4236 sine

197 4271 404 4327 militias
456 4273 860 4341 sacramento,
905 4270 1077 4324 miles
1117 4269 1178 4324 in
1216 4271 1490 4342 tentorio,
1522 4270 1772 4326 bellator
1802 4270 1862 4325 in

194 4361 384 4430 prelio
395 4362 426 4416 ?

842 4447 1095 4502 CAPUT
1138 4444 1207 4503 V.

194 4537 281 4592 Ad
295 4538 605 4613 lacrymas
621 4537 959 4613 fundendas
979 4536 1349 4613 liortatusDa
1362 4537 1518 4593 vidis
1544 4537 1857 4613 versiculo,

260 4608 457 4665 vocem
477 4611 702 4665 lectum
733 4609 904 4663 docet
935 4609 1032 4662 hic
1065 4608 1425 4679 simpliciter
1455 4610 1646 4680 accipi
1659 4626 1858 4680 posse,

262 4683 354 4736 vel
380 4682 667 4753 ﬁgurate,
705 4686 764 4734 ut
795 4695 1009 4753 corpus
1040 4686 1304 4753 nostrum
1325 4680 1661 4753 signiticet:
1695 4697 1861 4752 quam

257 4750 663 4825 accep'tionem
678 4750 898 4823 probat
932 4757 991 4804 et
1023 4750 1350 4806 conlinunt.
1374 4750 1664 4816 Quomodo
1696 4750 1865 4806 Clu-i-

257 4892 365 4963 (37)
394 4893 689 4950 Nonnulli
721 4909 893 4961 mss.,
930 4898 988 4946 ut
1020 4891 1226 4948 ﬂorem
1260 4892 1510 4966 deponat
1541 4895 1788 4951 radicis.

256 4965 366 5035 (38)
398 4966 557 5021 Mss.
578 4982 698 5020 non
719 4966 913 5036 pauci,
937 4972 1241 5037 augeatur,
1268 4972 1326 5020 et
1344 4967 1427 5019 ita
1453 4971 1511 5020 ut
1541 4966 1704 5033 nihil,
1746 4970 1858 5022 etc.

193 5033 437 5093 Si’vero
494 5038 609 5092 hoc
654 5033 1030 5108 prieccptum'
1057 5036 1333 5091 conferas
1367 5052 1501 5108 cum
1545 5052 1613 5091 ea
1661 5037 1864 5108 hymni

194 5121 581 5179 vesperarum
614 5108 1217 5179 quadragesimalium
1249 5107 1514 5177 strophe,
1549 5124 1664 5178 qua
1689 5107 1864 5179 jube-

196 5194 316 5250 mur
343 5180 487 5235 cibo
526 5184 580 5234 et
609 5184 748 5249 potu
777 5182 860 5233 uti
892 5181 1132 5250 parcius
1157 5194 1171 5246 ;
1204 5179 1359 5233 haud
1390 5180 1606 5250 injuria
1629 5180 1866 5235 conﬁte-

196 5248 372 5322 beris,
405 5267 535 5322 quo
565 5248 777 5321 spiritu
809 5251 1036 5321 regitur
1065 5249 1355 5321 Ecclesia,
1378 5248 1587 5305 eodem
1603 5251 1864 5306 afﬂatum

198 5319 379 5375 fuisse
421 5319 831 5376 Ambrosium.

259 5393 370 5459 (39)
403 5393 590 5447 Hora)
638 5392 869 5447 incensi
895 5392 1162 5464 meminit
1200 5394 1442 5447 sanctus
1492 5392 1685 5447 Lucas
1734 5409 1863 5464 cap.

196 5477 242 5545 ξ..
261 5479 421 5518 vers.
435 5535 447 5545 .
462 5464 571 5545 10,_
588 5464 874 5545 in_quem__
891 5463 1088 5545 locum
1118 5464 1508 5545 Maldonatus,
1541 5463 1864 5545 Jansenius

201 5531 491 5606 )‘prensis
524 5538 578 5588 et
604 5531 712 5588 alii
734 5535 1007 5589 scribunt
1046 5534 1105 5588 in
1134 5551 1298 5589 more
1341 5531 1530 5591 fuisse
1569 5536 1725 5606 apud
1757 5537 1866 5592 Ju-

196 5604 376 5678 deos,
405 5611 473 5660 ut
493 5606 753 5677 quotidie
776 5619 946 5678 mane
975 5621 1044 5678 ac
1073 5622 1324 5678 vespere
1344 5607 1484 5662 thus
1505 5604 1860 5663 adoleretur.

198 5672 441 5751 Videtur
494 5672 1099 5751 autem__Ambrosius
1155 5672 1228 5734 de
1273 5678 1613 5751 vespertina
1668 5678 1864 5736 thuris

196 5746 499 5826 oblatione
522 5748 984 5826 intelligendus,
1016 5765 1152 5811 cum
1179 5746 1406 5811 mentiti
1444 5750 1681 5810 cubitus
1726 5765 1867 5810 mox

199 5820 622 5902 subsequatur.

1962 2080 2252 2135 columnae
2283 2077 2417 2150 ejus
2449 2080 2615 2132 erant
2661 2081 2981 2150 argenteae,
3015 2077 3459 2133 acclinatorium
3489 2078 3624 2151 ejus

1959 2184 2224 2238 aureum,
2244 2168 2489 2223 dorsum
2505 2166 2639 2238 ejus
2663 2172 3019 2239 gemmatum
3055 2170 3302 2222 stratum
3322 2168 3518 2237 (Cant.
3542 2182 3627 2239 ιιι,

1959 2258 2013 2328 9,
2050 2258 2158 2326 10).
2184 2256 2329 2322 Quis
2360 2258 2452 2312 est
2472 2256 2585 2310 iste
2606 2255 2819 2326 lectus,
2843 2256 2959 2311 nisi
2981 2256 3169 2311 nostri
3192 2255 3462 2327 corporis
3485 2270 3626 2327 spe-

1964 2347 2088 2401 cies
2107 2348 2134 2401 ε)
2164 2346 2434 2417 Namque
2455 2345 2514 2398 in
2536 2344 2789 2417 gemmis
2811 2345 2953 2400 aerii
2971 2344 3208 2416 species
3237 2344 3492 2418 fulgoris
3513 2345 3628 2417 (42)

1962 2434 2312 2505 ostenditur,
2350 2434 2411 2489 in
2448 2448 2593 2489 auro
2634 2433 2814 2506 ignis,
2856 2449 3008 2506 aqua
3052 2433 3113 2489 in
3153 2438 3423 2506 argento,
3471 2438 3630 2490 terra

1960 2540 2068 2596 per
2094 2524 2357 2597 lignum:
2408 2539 2483 2578 ex
2511 2522 2731 2595 quibus
2772 2538 2990 2594 corpus
3030 2523 3351 2578 humanum
3380 2527 3634 2596 quatuor

1965 2616 2196 2669 constat
2225 2612 2554 2681 elementis,
2588 2612 2647 2666 in
2696 2627 2813 2683 quo
2860 2616 3066 2667 nostra
3103 2611 3350 2667 recubat
3394 2613 3628 2683 anima;

1966 2703 2020 2757 si
2049 2717 2166 2757 non
2192 2717 2407 2772 aspero
2428 2700 2732 2771 montium,
2756 2716 2875 2756 non
2902 2700 3067 2755 humi
3092 2700 3257 2756 arido
3276 2700 3391 2772 (43)
3412 2716 3631 2773 expers

1966 2791 2183 2864 quietis
2215 2792 2485 2861 exsistat,
2521 2791 2630 2845 sed
2677 2789 2954 2845 sublimis
3001 2806 3034 2844 a
3063 2789 3245 2862 vitiis,
3276 2789 3442 2864 ligno
3489 2790 3635 2845 fulta

1964 2880 2526 2952 requiescatxUndc
2556 2878 2731 2934 etiam
2763 2879 2947 2933 David
2971 2879 3111 2934 dicit
3134 2895 3146 2936 :
3167 2878 3452 2935 Dominus
3471 2895 3635 2951 opem

1966 2970 2125 3024 ferat
2179 2969 2273 3023 illi
2301 2986 2483 3041 super
2518 2968 2734 3023 lectum
2777 2969 3003 3024 doloris
3047 2968 3174 3041 ejus
3202 2968 3394 3039 (Psal.
3426 2986 3522 3040 χι,
3554 2969 3633 3039 4).

1970 3049 2113 3113 180
2145 3057 2295 3111 Nam
2335 3058 2524 3112 lectus
2558 3057 2783 3111 doloris
2821 3071 2960 3112 esse
2991 3057 3090 3129 qui
3118 3060 3331 3127 potest,
3363 3073 3498 3112 cum
3526 3057 3635 3112 do-

1968 3148 2090 3202 lere
2120 3162 2238 3201 non
2274 3147 2485 3216 possit,
2522 3146 2625 3217 qui
2672 3161 2791 3201 non
2834 3145 3047 3200 habeat
3076 3148 3363 3201 sensum?
3402 3144 3635 3216 Corpus

1969 3240 2164 3291 autem
2190 3235 2416 3290 doloris
2448 3235 2603 3290 sicut
2649 3250 2869 3305 corpus
2900 3238 2993 3289 est
3029 3234 3238 3289 mortis
3265 3233 3434 3306 ejus:
3469 3234 3635 3290 infe-

1892 3342 1953 3411 ο
1974 3326 2058 3380 lix
2088 3342 2196 3397 ego
2226 3325 2413 3393 homo,
2449 3324 2580 3397 quis
2608 3340 2701 3379 me
2731 3323 3020 3379 liberabit
3048 3323 3122 3379 de
3146 3339 3393 3395 corpore
3422 3327 3638 3379 mortis

1969 3414 2144 3486 huius
2171 3414 2358 3479 (Rom.
2392 3431 2492 3483 vn,
2526 3414 2659 3483 24)?
3588 3457 3596 3460 Α

2040 3504 2128 3558 22.
2166 3503 2238 3557 Et
2286 3504 2565 3575 quoniam
2612 3502 2975 3557 versiculum
3020 3502 3384 3573 induximus,
3417 3502 3477 3557 in
3519 3518 3638 3574 quo

1972 3592 2264 3648 Dominici
2315 3592 2583 3663 corporis
2634 3592 2885 3649 fecimus
2917 3593 3308 3662 mentionem;
3355 3608 3429 3648 ne
3459 3608 3637 3664 quem

1970 3681 2122 3737 forte
2141 3681 2444 3752 perturbet
2464 3681 2755 3753 legentem
2774 3681 2933 3753 quod
2955 3682 3242 3736 Dominus
3260 3695 3479 3752 corpus
3501 3697 3637 3736 sus-

1971 3770 2125 3841 cepit
2170 3769 2415 3840 doloris,
2456 3770 2803 3825 recordetur
2848 3770 2995 3842 quia'
3035 3770 3241 3825 Lazari
3288 3772 3539 3825 mortem
3580 3773 3639 3825 et

1971 3859 2156 3915 doluit
2196 3861 2253 3914 et
2282 3859 2442 3914 ﬂevit
2484 3858 2675 3929 (Joan.
2727 3876 2809 3927 χι,
2859 3859 2972 3930 35),
3019 3862 3078 3914 et
3121 3860 3182 3914 in
3224 3859 3508 3931 passione
3546 3862 3640 3915 est

1969 3948 2337 4018 vulneratus,
2357 3951 2531 4018 atque
2558 3963 2635 4003 ex
2655 3948 2897 4004 vulnere
2915 3949 3165 4021 sanguis
3199 3952 3255 4005 et
3274 3965 3426 4021 aqua
3456 3948 3640 4004 exivit

1971 4038 2163 4108 (Joan.
2209 4054 2333 4107 xix,
2381 4036 2507 4106 34),
2556 4037 2946 4109 spiritumque
2992 4038 3309 4093 exhalavit.
3358 4040 3528 4111 Aqua
3564 4037 3639 4092 ad

1971 4127 2292 4196 lavacrum,
2327 4126 2579 4198 sanguis
2607 4126 2681 4181 ad
2709 4129 2931 4197 potum,
2965 4128 3214 4199 spiritus
3244 4127 3318 4183 ad
3360 4142 3638 4182 resurre-o

1974 4216 2246 4271 ctionem.
2282 4215 2450 4270 Unus
2469 4216 2627 4270 enim
2656 4214 2930 4270 Christus
2962 4221 3054 4271 est
3074 4217 3248 4272 nobis
3275 4232 3438 4288 spes,
3462 4216 3632 4285 ﬁdes,

1975 4304 2271 4360 charitas:
2323 4319 2465 4375 spes
2502 4304 2565 4359 in
2603 4305 3062 4376 resurrectione,
3094 4307 3243 4361 ﬁdes
3283 4306 3345 4360 in
3372 4305 3635 4371 lavacro,

1973 4394 2232 4449 charitas
2261 4393 2321 4447 in
2353 4397 2745 4449 sacramento.

2041 4483 2130 4538 23.
2164 4483 2385 4537 Tamen
2414 4486 2477 4538 ut
2514 4499 2733 4554 corpus
2765 4485 3031 4555 suscepit
3060 4482 3304 4552 doloris,
3337 4483 3417 4537 ita
3459 4482 3636 4538 etiam

1971 4576 2218 4627 stratum
2250 4573 2309 4626 in
2338 4572 2672 4627 inﬁrmitate
2711 4575 2973 4627 versavit
3001 4571 3189 4641 (Psal.
3224 4589 3320 4642 ιιι,
3354 4572 3448 4643 4);
3497 4572 3636 4644 quia

1974 4663 2263 4717 convertit
2291 4661 2353 4715 in
2384 4661 2757 4716 commodum
2787 4662 2899 4731 (44)
2928 4662 3125 4716 carnis
3157 4661 3449 4717 humanm.
3482 4661 3636 4717 Nam

1971 4752 2252 4823 passione
2283 4750 2593 4805 infirmitas
2625 4754 2717 4804 est
2744 4750 2958 4821 soluta,
2992 4766 3155 4806 mors
3174 4751 3633 4810 resurrectione.

2042 4895 2155 4976 (49)
2187 4893 2582 4976 Pythagoram
2614 4892 2882 4976 ejusque
2907 4897 3234 4976 sectatores
3249 4895 3491 4976 _musica
3522 4897 3636 4976 ima

1971 4964 2185 5060 pendio
2216 4965 2539 5060 delectatos
2587 4964 2751 5060 m'ultt‘i
2801 4965 3043 5060 litteris.
3060 4967 3412 5060 prodidere;
3455 4972 3631 5060 puta:

1969 5034 2201 5104 Cicero,
2228 5036 2330 5091 lib.
2355 5053 2414 5089 1v
2435 5036 2675 5091 Tuscul.
2700 5034 2957 5107 Quaest.;
2988 5034 3328 5094 Macrobius
3366 5034 3427 5094 in
3456 5034 3635 5095 Som~

1969 5110 2133 5181 nium
2156 5107 2454 5181 Scipionis
2479 5123 2507 5181 ςᾼ
2526 5108 2772 5181 Gellius,
2798 5108 2898 5181 lib.
2931 5126 2970 5178 ι,
3004 5125 3130 5180 cap.
3164 5110 3272 5180 l4;
3304 5112 3361 5165 et
3391 5110 3632 5181 Fabius,

1970 5179 2188 5254 1ib._ix,
2223 5179 2325 5233 ubi
2355 5179 2659 5254 quodhoc
2687 5179 2820 5234 loco
2862 5180 3035 5235 docet
3063 5179 3422 5237 Ambrosius
3459 5179 3635 5254 aperi-

1970 5250 2204 5306 tissime
2233 5251 2635 5306 confirmatur.

2043 5321 2154 5396 (κῃ)
2185 5321 2333 5396 Mss.
2365 5321 2703 5396 nonpauci,
2736 5328 2965 5377 stratus
2996 5324 3232 5396 rigetur
3262 5323 3526 5380 ﬂetibus.

2044 5394 2154 5462 (42)
2184 5393 2403 5466 Omnes
2427 5394 2581 5466 edit.
2626 5409 2759 5466 cum
2797 5410 2945 5450 mss.
2988 5393 3244 5465 duobus,
3287 5396 3349 5449 in
3384 5395 3636 5466 geminis

1973 5482 2080 5521 aer
2118 5466 2316 5536 specie
2345 5463 2638 5536 fulgoris;
2681 5465 3031 5536 reliqui,.....
3076 5462 3238 5521 aerii
3266 5462 3635 5536 speéiesl‘ul-

1972 5534 2729 5610 goris’,'_unus_,_fulguris.A
2816 5534 2828 5536 ἡ
2900 5534 2905 5536 ⁷
2987 5608 2996 5610 4
3263 5534 3309 5610 __

2045 5596 2163 5679 (45),
2191 5607 2272 5661 lta
2303 5596 2441 5662 edit.
2477 5596 2535 5661 et
2562 5607 2732 5678 pauci
2765 5622 2878 5663 ms.
2903 5623 2918 5676 ;
2949 5608 3049 5663 alii
3090 5621 3239 5679 vero,
3263 5605 3415 5679 bene
3445 5596 3631 5662 multi.

1971 5680 2030 5743 si
2059 5676 2173 5734 non
2205 5693 2478 5749 asperum
2517 5676 2817 5744 montium,
2853 5680 2910 5734 si
2936 5695 3050 5736 non
3079 5676 3240 5733 humi
3267 5676 3641 5748 aridum,mi-

1971 5765 2088 5812 nus
2118 5752 2313 5821 tamen
2345 5764 2630 5821 congrue.

2046 5820 2160 5901 (44)
2189 5819 2338 5883 Mss.
2372 5818 2732 5897 complures,
2765 5818 3065 5882 convertit
3104 5818 3489 5906 incommoda,
3521 5820 3639 5897 etc,
