3932 6152
293 405 418 476 239

1766 407 1828 472 Β.
1869 400 2313 474 ΑΜΒΕΟΒῙῘ.

3604 415 3709 483 240

293 608 367 665 Et
393 610 589 664 tamen
621 621 872 663 maerere
900 622 1010 679 pro
1041 607 1290 678 saeculo,
1329 607 1593 680 gaudere
1641 607 1872 662 debetis
1904 591 2042 662 inA
2078 607 2380 679 explorato
2418 608 2654 680 quando
2695 609 2886 682 major
2929 611 3112 668 solito
3160 613 3334 668 turba
3377 618 3706 684 convenerit,

293 696 584 752 Domino:
618 696 824 751 tristes
859 696 934 751 ad
979 695 1402 768 paenitentiam,
1434 697 1664 752 alacres
1713 697 1784 751 ad
1823 713 1965 768 gra-

291 785 469 855 tiam;
501 784 642 840 licet
669 789 727 840 et
768 787 910 840 ﬂere
940 801 1074 840 cum
1106 785 1406 855 flentibus,
1439 789 1495 840 et
1540 785 1800 858 gaudere
1832 801 1965 840 cum

293 873 696 945 gaudentibus
721 877 994 944 Oportere
1024 874 1286 946 gentium
1309 875 1529 930 Doctor
1549 874 1789 930 salutari
1813 891 1965 945 prae-

294 963 566 1036 ceptione
597 963 1038 1034 prxscripserit
1067 964 1253 1035 (Rom.
1287 981 1390 1035 xu,
1426 963 1536 1036 15).

367 1069 457 1126 '24.
494 1069 711 1125 Verum
741 1070 844 1143 qui
873 1070 1112 1141 penitus
1160 1071 1417 1126 enodare
1467 1069 1804 1126 cicatricem
1835 1085 1965 1126 om-

292 1173 429 1215 nem
457 1159 757 1214 desiderat
797 1159 1148 1231 qumstionis
1181 1159 1315 1230 (45),
1348 1159 1422 1214 ad
1453 1159 1724 1214 eumdem
1754 1158 1966 1214 confu-

292 1248 418 1322 giat
445 1248 832 1318 Apostolum:
873 1247 1077 1320 Omne,
1111 1249 1320 1320 inquit,
1355 1248 1732 1321 quodcunque
1761 1246 1968 1302 facitis

293 1337 357 1392 in
385 1337 570 1392 verba
588 1343 686 1392 aut
717 1338 779 1391 in
810 1337 986 1406 facta,
1005 1338 1066 1392 in
1093 1338 1328 1392 nomine
1348 1337 1588 1392 Domini
1609 1336 1805 1390 nostri
1824 1336 1968 1392 Jesu

297 1424 553 1496 Christi,
557 1427 791 1500 gratias
803 1433 1052 1500 agentes
1062 1426 1188 1482 Deo
1197 1426 1378 1481 Patri
1381 1441 1497 1498 per
1507 1427 1696 1498 ipsum
1710 1423 1963 1495 (Coloss.

295 1530 378 1586 ιιι,
414 1513 525 1585 17).
557 1513 766 1570 Omnia
804 1531 949 1588 ergo
977 1516 1132 1570 dicta
1163 1519 1368 1570 nostra
1420 1515 1689 1586 factaque
1737 1513 1966 1569 refera-

294 1618 431 1658 mus
461 1603 536 1658 ad
565 1602 886 1674 Christum,
919 1603 1022 1676 qui
1053 1605 1233 1659 vitam
1264 1603 1403 1660 fecit
1433 1619 1510 1659 ex
1548 1606 1755 1673 morte,
1788 1605 1844 1658 et
1871 1601 1966 1656 lu-

295 1707 427 1748 cem
456 1693 678 1748 creavit
705 1709 781 1748 ex
814 1693 1096 1749 tenebris.
1132 1693 1399 1766 Namque
1429 1696 1492 1747 ut
1519 1707 1738 1763 corpus
1768 1707 1967 1763 aegro-

295 1785 420 1837 tum
451 1797 610 1838 nunc
640 1781 1040 1838 calidiorebus
1073 1781 1326 1852 fovetur,
1359 1797 1517 1836 nunc
1555 1779 1967 1854 frigidioribus

293 1871 693 1942 temperatur;
723 1865 1239 1944 remediorumque
1261 1870 1522 1940 mutatio,
1547 1870 1600 1924 si
1625 1869 1794 1940 juxta
1823 1885 1970 1941 prm-

2079 697 2303 769 reginae
2335 697 2452 752 filia
2479 697 2702 752 intimis
2734 701 3005 755 mandata
3053 703 3310 757 secretis
3341 703 3469 775 (4‘7),
3499 705 3556 760 in
3584 721 3712 760 con-

2079 789 2288 856 spectu
2312 786 2576 842 virorum
2605 787 2884 843 saltatura
2912 789 3260 860 producitur
3287 792 3491 861 (Marc.
3513 810 3587 860 v1,
3613 794 3710 864 21).

2079 873 2226 939 Quid
2259 875 2412 929 enim
2434 875 2620 945 potuit
2641 876 2712 930 de
2742 876 3006 932 adultera
3041 878 3296 948 discere,
3328 880 3438 934 nisi
3470 881 3720 940 damnum

2081 963 2370 1034 pudoris?
2414 969 2504 1018 An
2539 964 2858 1035 quidquam
2891 970 2984 1021 est
3025 969 3143 1021 tam
3173 983 3424 1038 pronum
3454 969 3522 1023 ad
3553 967 3728 1025 libidi-

2080 1067 2210 1122 nes,
2242 1067 2418 1122 quam
2458 1051 2777 1109 inconditis
2819 1054 3081 1110 motibus
3111 1071 3180 1110 ea
3211 1071 3345 1127 quae
3396 1058 3488 1112 vel
3533 1062 3721 1113 natura

2079 1141 2412 1211 abscondit,
2429 1141 2850 1212 veldisciplina
2871 1143 3108 1214 velavit,
3129 1144 3522 1200 membrorum
3539 1146 3722 1216 operta

2079 1229 2324 1300 nudare,
2337 1229 2544 1285 ludere
2557 1231 2772 1302 oculis,
2791 1235 2988 1288 rotare
3001 1234 3320 1302 cervicem,
3337 1249 3559 1289 comam
3574 1250 3724 1304 spar-

2079 1333 2221 1390 gere
2239 1319 2269 1373 ?
2298 1318 2505 1374 Merito
2535 1319 2670 1374 inde
2710 1319 2772 1374 in
2801 1319 3084 1392 injuriam
3105 1322 3440 1377 Divinitatis
3468 1322 3727 1393 procedi-

2077 1410 2192 1462 tur.
2223 1406 2333 1472 Qui
2363 1407 2518 1463 enim
2549 1407 2632 1462 ibi
2659 1410 3036 1466 verecundiae
3065 1414 3263 1482 potest
3302 1426 3462 1482 esse,
3497 1411 3595 1466 ubi
3618 1409 3728 1466 sal-

2078 1499 2252 1567 tatur,
2277 1497 2579 1568 strepitur,
2605 1501 3036 1568 concrepatur?

2148 1603 2236 1658 28.
2280 1602 2437 1657 Tunc
2467 1619 2600 1672 rex,
2634 1605 2842 1676 inquit,
2877 1605 3228 1676 delet-tatus,
3264 1606 3424 1661 dixit
3443 1605 3649 1678 puellae
3678 1612 3733 1660 ut

2071 1697 2311 1764 peteret
2342 1708 2374 1746 a
2404 1707 2552 1764 rege
2583 1693 2733 1764 quod
2755 1693 2953 1748 vellet.
2975 1694 3454 1766 Deindejuravit
3487 1694 3632 1767 quod
3654 1693 3742 1750 vel

2078 1780 2386 1834 dimidium
2399 1781 2596 1852 regni,
2611 1782 2668 1835 si
2679 1782 2956 1853 petisset,
2973 1783 3328 1839 concederet
3341 1783 3518 1854 (Ibid.
3534 1783 3619 1852 22,
3633 1782 3734 1852 23).

2078 1869 2226 1924 Vide
2257 1870 2752 1940 quemadmodum
2779 1871 3104 1928 steculares
3129 1871 3244 1942 ipsi
3267 1873 3342 1928 de
3365 1871 3744 1928 saecularibus

303 1963 538 2044 ceptum
569 1959 670 2015 fiat
712 1959 945 2030 medici,
979 1959 1256 2014 salutaris
1297 1961 1424 2014 est:
1473 1953 1526 2014 si
1575 1962 1777 2014 contra
1807 1973 1968 2012 man-
1989 1969 2044 2040 Β
2079 1957 2211 2013 suis
2238 1957 2510 2028 judicent
2538 1959 2958 2029 potestatibus,
2991 1963 3053 2015 ut
3091 1978 3200 2032 pro
3241 1962 3554 2018 saltatione
3583 1961 3745 2016 etiam

297 2049 498 2104 datum
545 2053 894 2122 usurpatur,
940 2047 1249 2121 languoris
1299 2050 1680 2121 augmentum
1721 2050 1848 2118 est;
1890 2046 1968 2101 ita
2081 2062 2268 2119 regna
2311 2047 2624 2102 donentur.
2666 2047 2869 2102 Puella
2922 2051 3117 2104 autem
3164 2051 3463 2106 admonita
3501 2067 3535 2104 a
3571 2052 3745 2104 matre

294 2138 528 2194 medico
593 2142 800 2194 nostro
866 2137 1152 2210 quidquid
1213 2137 1491 2208 penditur
1555 2136 1814 2207 Christo,
1868 2151 1969 2190 re-

293 2227 555 2282 medium
629 2230 761 2282 est:
839 2225 1127 2298 quidquid
1199 2229 1554 2298 usurpatur,
1640 2224 1968 2280 incommo-

295 2315 456 2372 dum.

366 2421 460 2479 25.
492 2421 680 2478 Debet
707 2422 892 2496 igitur
918 2423 1072 2478 bene
1104 2422 1364 2478 conscia
1403 2422 1618 2477 mentis
1653 2436 1793 2476 esse
1821 2419 1969 2476 laeti-

296 2513 441 2582 titia,
467 2527 586 2568 non
605 2512 924 2568 inconditis
947 2511 1510 2581 comessationibus,
1545 2527 1664 2566 non
1695 2509 1968 2584 nuptiali-

293 2599 412 2656 bus
443 2601 699 2657 excitata
728 2599 1138 2672 symphoniis;
1169 2600 1248 2656 ibi
1283 2600 1441 2655 enim
1468 2599 1652 2654 intuta
1681 2613 1968 2654 verecun-

305 2689 425 2759 dia,
455 2689 735 2744 illecebra
767 2692 1046 2759 suspecta
1093 2693 1206 2757 est,
1238 2688 1338 2744 ubi
1371 2703 1572 2744 comes
1623 2687 1968 2742 deliciarum

303 2781 400 2834 est
427 2780 690 2834 extrema
733 2776 991 2834 saltatio.
1023 2777 1114 2832 Ab
1164 2777 1276 2832 hac
1311 2777 1580 2848 virgines
1611 2776 1719 2830 Dei
1760 2775 1969 2846 procul

297 2882 439 2924 esse
470 2865 768 2924 desidero.
801 2866 989 2921 Nemo
1021 2866 1196 2936 enim,
1217 2869 1282 2920 ut
1296 2865 1443 2920 dixit
1463 2865 1698 2936 quidam
1727 2864 1972 2920 saecula-

297 2955 454 3022 rium
491 2955 701 3011 doctor
722 2955 857 3025 (46),
877 2954 1052 3009 saltat
1085 2955 1350 3024 sobrius,
1382 2953 1501 3008 nisi
1538 2954 1776 3008 insanit.
1800 2952 1968 3019 Quod

299 3045 352 3102 si
377 3044 550 3117 juxta
587 3044 934 3116 sapientiam
967 3043 1314 3098 saecularem
1335 3084 1351 3113 ,
1397 3043 1728 3098 saltationis
1757 3046 1854 3098 aut
1883 3046 1968 3098 te-

297 3134 582 3191 mulentia
611 3137 819 3189 auctor
848 3137 959 3203 est,
993 3137 1093 3188 aut
1129 3131 1420 3202 amentia;
1461 3131 1602 3203 quid
1632 3131 1966 3186 divinarum

295 3223 732 3296 Scripturarum
764 3225 999 3278 cautum
1029 3225 1303 3292 putamus
1325 3221 1615 3292 exemplis
1635 3237 1766 3275 cum
1787 3221 1962 3275 Joan-

297 3327 410 3370 nes
438 3313 810 3384 praanuntius
837 3311 1080 3381 Christi,
1113 3310 1430 3366 saltatricis
1461 3310 1695 3381 optione
1721 3308 1962 3382 jugula-
1987 3328 2053 3398 με

298 3401 697 3472 tus,exemplo
721 3402 799 3456 sit
818 3401 953 3472 plus
966 3402 1249 3457 nocuisse
1263 3401 1592 3456 saltationis
1607 3399 1964 3472 illecebram,

298 3505 476 3564 quam
497 3489 775 3562 sacrilegi
799 3489 1020 3545 furoris
1043 3491 1375 3546 amentiam.

849 3597 986 3661 181
1034 3605 1286 3660 CAPUT
1326 3605 1420 3660 Vl.

298 3711 608 3769 Mentione
624 3712 820 3768 sancti
833 3711 1247 3766 Praecursoris
1262 3711 1554 3775 inductus,
1577 3712 1768 3765 omnia
1785 3711 1970 3766 caedis

373 3785 805 3857 ejusadjuncta
848 3799 1014 3857 quam
1055 3781 1539 3857 eloquentissime
1581 3783 1878 3857 describit
1905 3789 1969 3857 et

373 3853 710 3926 emplilicat,
737 3860 796 3908 ut
825 3853 1204 3909 aisaltatione
1229 3853 1652 3926 impiorumque
1672 3854 1971 3908 conviviis

372 3925 706 3982 deterreat.

371 4031 462 4088 26.
496 4031 569 4087 Et
599 4031 878 4103 quoniam
921 4031 1056 4088 talis
1103 4030 1217 4085 viri
1265 4046 1384 4086 non
1427 4031 1677 4086 strictim
1719 4033 1970 4102 praeter-

302 4119 495 4178 cunda
523 4123 618 4176 est
645 4119 996 4189 recordatio,
1027 4120 1274 4174 interest
1302 4122 1365 4174 ut
1395 4120 1551 4191 quis,
1576 4123 1633 4174 et
1662 4136 1696 4174 a
1726 4120 1966 4191 quibus,

303 4213 362 4266 et
390 4223 568 4282 quam
597 4208 672 4266 ob
704 4223 967 4278 causam,
997 4207 1314 4280 quomodo,
1347 4211 1407 4263 et
1443 4224 1560 4280 quo
1591 4211 1853 4280 tempore
1893 4208 1971 4262 sit

307 4299 571 4369 occisus,
605 4298 914 4352 advertere
943 4297 1286 4352 debeamus.
1321 4296 1410 4352 Ab
1456 4297 1738 4352 adulteris
1766 4297 1968 4369 justus

303 4387 612 4458 occiditur,
647 4389 704 4442 et
751 4401 784 4439 a
833 4385 954 4439 reis
1003 4385 1062 4438 in
1105 4383 1365 4456 jucicem
1405 4385 1672 4456 capitalis
1723 4385 1970 4440 sceleris

301 4493 480 4550 pcena
501 4475 882 4534 convertitur.
901 4473 1125 4530 Deinde
1145 4475 1451 4546 praemium
1471 4473 1790 4530 saltatricis
1808 4490 1969 4530 mors

305 4571 400 4622 est
429 4566 751 4639 prophetae.
787 4565 1098 4620 Postremo
1145 4563 1326 4634 (quod
1373 4563 1548 4618 etiam
1595 4563 1802 4620 omTiés
1831 4564 1974 4619 bar-

309 4655 443 4710 bari
470 4655 713 4721 horrere
743 4655 1204 4722 consueverunt)
1235 4653 1387 4706 inter
1405 4653 1609 4722 epulas
1638 4657 1812 4725 atque
1833 4669 1974 4708 con-

1511 4550 1771 4568 Ἦ

307 4743 470 4799 vivia
487 4745 966 4800 consummandm
987 4741 1350 4797 crudelitatis
1371 4741 1666 4812 profertur
1685 4742 1968 4798 edictum:

311 4836 370 4888 et
399 4847 432 4886 a
479 4833 752 4886 convivio
783 4833 855 4885 ad
905 4847 1228 4900 carcerem,
1259 4831 1331 4885 de
1382 4845 1619 4885 carcere
1650 4831 1723 4884 ad
1767 4831 1973 4885 convi-

307 4920 477 4974 ‘vium
553 4918 757 4972 feralis
816 4919 1024 4990 flagitii
1089 4919 1540 4975 circumferetur
1600 4919 1970 4991 obsequium.

313 5006 540 5074 Quanta
569 5007 630 5060 in
661 5021 777 5060 uno
808 5006 1069 5062 facinore
1101 5013 1239 5062 sunt
1267 5009 1511 5064 crimina
1536 5006 1549 5064 Ι

383 5113 453 5168 2‘7
483 5111 822 5168 Exstruitur
852 5113 1095 5184 regifico
1125 5113 1270 5168 luxu
1312 5115 1490 5170 terale
1529 5115 1885 5186 convivium,
1919 5117 1978 5171 et

386 5253 874 5330 (45)_Cicatricern
891 5255 1439 5330 vocatdifficultatis
1457 5259 1780 5330 residuum,
1803 5259 1976 5314 ducta

312 5325 658 5398 metaphora
678 5343 709 5398 a
740 5325 1110 5395 vulneribus,
1135 5328 1351 5398 quibus
1373 5331 1597 5385 sanatis
1615 5325 1819 5386 eorum
1839 5335 1971 5386 nota

311 5398 376 5456 in
405 5397 583 5454 carne
611 5397 804 5453 adhuc
833 5397 1194 5468 perseverat.

385 5471 488 5536 (46)
519 5469 863 5545 Ciceronem
887 5470 1182 5545 designat,
1201 5472 1353 5542 apud
1373 5488 1548 5545 quem
1575 5471 1780 5527 eadem
1795 5488 1970 5544 repe-

310 5543 548 5601 riuntur
573 5540 730 5597 Orat.

383 5613 497 5739 (4'2
521 5613 692 5668 Rom.
715 5613 879 5678 edit.,
903 5613 1270 5668 amandanda
1291 5615 1567 5684 secretis,
1592 5613 1726 5669 aliae
1746 5629 1814 5668 ac
1834 5630 1973 5685 ms.,

383 5699 448 5739 an
493 5689 631 5739 ante
650 5685 926 5739 secretis.
951 5683 1068 5739 duo
1083 5699 1258 5739 mss..
1275 5686 1672 5739 commendata
1695 5687 1973 5739 secretis.

313 5683 631 5756 mandante
650 5685 926 5756 secretis,
951 5683 1069 5756 duo
1083 5699 1258 5756 mss.,
1275 5683 1672 5742 commendata
1695 5683 1974 5744 secretis.

314 5751 475 5810 Infra
502 5768 645 5811 vero
675 5755 777 5827 ubi
805 5751 968 5827 edit.,
1001 5755 1126 5813 lilia
1166 5751 1252 5814 de
1279 5757 1546 5814 adultera
1576 5758 1818 5814 discere
1843 5773 1974 5814 ma-

317 5828 446 5924 tre,
495 5837 679 5918 voces
724 5825 850 5913 litin
895 5825 961 5900 et
993 5832 1190 5896 matre
1235 5827 1299 5891 in
1338 5843 1485 5892 mu.
1545 5827 1824 5895 omnibus
1863 5829 1974 5892 de-

777 5556 885 5612 pro
918 5541 984 5596 L.
1019 5541 1300 5598 Muraena.

2079 2151 2214 2206 sua,
2250 2135 2529 2206 poposcit
2567 2134 2766 2191 afferri
2806 2137 2923 2192 sibi
2953 2137 3012 2192 in
3061 2138 3229 2194 disco
3275 2143 3455 2211 caput
3491 2138 3747 2194 Joannis.

2075 2223 2243 2289 Quod
2274 2223 2452 2278 dicit:
2495 2223 2630 2278 Rex
2669 2226 3063 2281 contristatae
3091 2227 3204 2298 (48)
3255 2235 3350 2283 est
3401 2227 3580 2298 (Ibid.
3628 2226 3748 2297 26);

2077 2329 2195 2368 non
2226 2313 2581 2384 poenitentia
2611 2314 2796 2386 regis,
2823 2315 2930 2370 sed
2955 2315 3260 2372 confessio
3286 2316 3618 2390 iniquitatis
3633 2320 3743 2370 est:

2077 2418 2254 2474 quam
2294 2401 2512 2456 divina
2553 2401 2732 2458 habet
2771 2404 3138 2460 consuetudo
3181 2406 3519 2477 sententiae,
3559 2407 3620 2460 ut
3652 2403 3748 2476 qui

2076 2493 2400 2562 gesserunt
2423 2490 2622 2562 impia,
2659 2491 2774 2562 ipsi
2807 2493 3044 2564 propria
3077 2494 3466 2550 confessione
3498 2510 3566 2550 se
3597 2494 3754 2550 dam-

2075 2582 2235 2634 nent.
2262 2578 2386 2634 Sed
2398 2585 2649 2651 pmpter
2670 2579 3134 2653 discumbentes,
3157 2583 3348 2654 inquit
3379 2583 3586 2654 (Ibid.)
3607 2581 3752 2648 Quid

2078 2668 2384 2740 indignius
2411 2683 2587 2739 quam
2611 2673 2671 2722 ut
2689 2668 3071 2725 homicidium
3094 2671 3222 2726 fieri
3249 2671 3518 2744 juberet,
3540 2687 3613 2727 ne
3643 2671 3758 2726 dis-

2078 2757 2496 2812 cumbentibus
2547 2757 2938 2828 displiceret?
2984 2759 3067 2814 Et
3099 2768 3353 2832 prapter
3383 2762 3515 2834 jus,
3547 2761 3751 2832 inquit,

2060 2847 2386 2918 jurandum
2419 2845 2640 2917 (Ibid.).
2675 2845 2722 2901 Ο
2762 2847 3113 2920 religionem
3147 2849 3399 2906 novam!
3455 2849 3758 2906 Tolerabi-

2075 2935 2192 2991 lius
2229 2935 2585 3008 pejerassct.
2629 2935 2796 2990 Unde
2843 2953 2962 2991 non
3014 2937 3306 2994 immerito
3359 2939 3658 2994 Dominus
3697 2938 3758 2993 in

2077 3024 2403 3098 Evangelio
2428 3024 2600 3096 jubet
2627 3040 2746 3080 non
2777 3040 2917 3081 esse
2949 3026 3268 3097 jurandum
3289 3029 3542 3096 (Matth.
3562 3045 3623 3099 v,
3647 3027 3756 3096 84),

2076 3130 2150 3169 nc
2174 3113 2250 3168 sit
2268 3129 2448 3168 causa
2479 3113 2764 3186 perjurii;
2797 3129 2871 3168 ne
2893 3115 2971 3170 sit
2993 3118 3328 3172 necessitas
3351 3117 3761 3189 delinquendi.

2075 3201 2272 3274 Itaque
2293 3217 2366 3256 ne
2401 3201 2832 3274 jusjurandum
2853 3203 3197 3275 violaretur,
3238 3209 3581 3278 percutitur
3602 3208 3768 3261 inno-

2077 3307 2240 3346 cens.
2274 3291 2441 3356 Quod
2472 3293 2644 3362 prius
2677 3292 3023 3348 horrescam
3064 3295 3291 3350 nescio.
3326 3295 3766 3352 Tolerabiliora

2075 3380 2356 3454 perjuria,
2392 3397 2567 3452 quam
2599 3385 2966 3437 sacramenta
2999 3387 3138 3438 sunt
3166 3387 3588 3455 tyrannorum.

2159 3479 2304 3544 182
2335 3487 2422 3542 29.
2455 3485 2602 3552 Quis
2645 3503 2762 3542 non
2793 3504 2924 3543 cum
2955 3504 2988 3542 e
3017 3489 3292 3546 convivio
3329 3491 3408 3546 ad
3455 3506 3766 3547 carcerem

2077 3593 2318 3635 cursare
2336 3577 2582 3648 videret,
2601 3581 2829 3647 putaret
2849 3579 3195 3648 prophetam
3231 3579 3484 3651 jussum
3503 3597 3649 3636 esse
3679 3581 3770 3635 di-

2075 3669 2271 3722 mitti?
2316 3665 2484 3736 Quis,
2531 3667 2792 3737 inquam,
2845 3682 2980 3721 cum
3019 3668 3286 3724 audisset
3325 3671 3596 3740 natalem
3627 3685 3768 3726 esse

2079 3755 2357 3825 Herodis,
2382 3755 2649 3810 solemne
2686 3755 3044 3826 convivium,
3077 3757 3292 3826 puellae
3315 3761 3633 3830 optionem
3663 3758 3773 3814 eli-

2078 3845 2254 3918 gendi
2287 3843 2444 3916 quod
2483 3843 2661 3898 vellet
2701 3843 2912 3914 datam,
2945 3845 3198 3900 missum
3227 3847 3300 3900 ad
3348 3847 3618 3904 Joannis
3661 3848 3765 3902 ah-

2079 3933 2434 3990 solutionem
2465 3929 2578 4001 (49)
2609 3947 2728 3986 non
2757 3933 3188 3989 arbitraretur?
3231 3934 3383 4000 Quid
3422 3935 3775 3992 crudelitati

2081 4039 2214 4080 cum
2245 4021 2526 4077 deliciis?
2554 4021 2697 4092 quid
2739 4037 2870 4076 cum
2912 4021 3226 4078 funeribus
3264 4024 3620 4096 voluptati?
3653 4026 3777 4082 Ra-

2080 4113 2238 4183 pitur
2264 4111 2336 4164 ad
2365 4125 2598 4180 poenam
2629 4109 2915 4180 prOpheta
2959 4111 3256 4166 convivali
3298 4115 3586 4185 tempore
3636 4114 3775 4183 (50),

2083 4198 2372 4256 convivali
2403 4203 2722 4269 praecepto,
2755 4215 2871 4270 quo
2903 4215 3022 4254 non
3067 4204 3306 4271 cuperet
3337 4203 3440 4256 vel
3485 4200 3737 4258 absolvi
3765 4217 3777 4258 :

2078 4289 2386 4362 perimitur
2406 4287 2624 4360 gladio,
2646 4293 2819 4357 caput
2839 4287 2972 4360 ejus
2993 4287 3236 4344 affertur
3263 4289 3324 4344 in
3343 4290 3528 4346 disco
3550 4291 3776 4360 (Marc.

2080 4397 2160 4450 vi,
2193 4379 2304 4448 Ἦ).
2345 4377 2474 4432 Hoc
2521 4375 2848 4431 crudelitati
2895 4377 3186 4432 ferculum
3235 4379 3606 4452 debebatur,
3657 4394 3782 4454 quo

2081 4468 2352 4524 insatiata
2375 4465 2567 4537 epulis
2597 4465 2801 4520 feritas
2849 4469 3212 4522 vesceretur.

2155 4576 2244 4631 30.
2277 4574 2529 4642 Intuere,
2548 4587 2656 4626 rex
2672 4571 3078 4644 acerbissime,
3105 4576 3204 4628 tuo
3226 4571 3588 4643 spectacula
3603 4574 3793 4650 digna

2084 4663 2379 4720 convivio.
2414 4661 2662 4732 Porrigo
2692 4661 3013 4731 dexteram,
3055 4677 3129 4716 ne
3167 4662 3308 4733 quid
3346 4665 3622 4722 saevitiae
3659 4669 3782 4720 tua:

2085 4754 2270 4822 desit;
2327 4755 2390 4806 ut
2447 4753 2601 4804 inter
2655 4749 2875 4822 digitos
2913 4753 3049 4805 tuos
3102 4751 3212 4805 iivi
3257 4751 3532 4808 defluant
3584 4752 3792 4810 sancti

2087 4843 2340 4898 cruoris.
2375 4839 2444 4894 Et
2473 4839 2750 4910 quoniam
2781 4855 2900 4893 non
2940 4839 3273 4895 exsaturari
3305 4841 3512 4912 epulis
3559 4843 3789 4911 fames,

2086 4949 2204 4987 non
2233 4929 2528 5002 restingui
2573 4928 2806 4999 poculis
2838 4929 3028 4998 potuit
3071 4929 3349 4984 inauditae
3379 4931 3662 4988 saevitia
3697 4932 3790 4987 si-

2083 5022 2202 5089 tis;
2249 5019 2386 5074 bibe
2427 5018 2781 5090 sanguinem
2828 5019 3289 5074 scaturientibus
3336 5019 3550 5076 adhuc
3602 5021 3792 5078 venis

2085 5109 2312 5164 exsecti
2342 5107 2551 5178 capitis
2593 5107 3001 5178 profluentem.
3033 5105 3222 5162 Cerne
3267 5107 3482 5164 oculos
3534 5111 3605 5166 in
3649 5111 3793 5183 ipsa

2087 5257 2268 5398 su(Td)
2297 5321 2541 5389 Quidam
2588 5335 2762 5393 mss.,
2819 5319 2940 5388 Quo
2987 5321 3164 5392 dicto,
3199 5337 3316 5376 rex
3359 5323 3797 5381 contristatae

2080 5405 2198 5456 est.

2157 5470 2269 5538 (49)
2307 5467 2526 5524 Omnes
2570 5466 2740 5536 cdit.,
2790 5465 2877 5538 ad,
2911 5465 3207 5538 Joannem
3241 5463 3318 5538 ob
3359 5462 3798 5538 solutionem;

2080 5535 2452 5612 mss.autem
2479 5538 2710 5612 partim,
2728 5535 2812 5612 ad
2837 5537 3120 5612 Joannem
3136 5535 3620 5612 ⁸ειὺξοιιιείοηθλιη⁹
3649 5555 3804 5612 parg

2083 5617 2208 5686 tim,
2242 5611 2318 5686 ad
2347 5607 2593 5666 Joannis
2621 5607 3068 5686 absolutionem.
3102 5607 3292 5680 Magis
3315 5622 3631 5686 congrue,
3655 5607 3806 5669 'nisi

2081 5679 2492 5760 promissum,
2519 5681 2674 5760 quod
2705 5679 3018 5760 antecedit,
3050 5679 3306 5760 reponas
3335 5679 3632 5760 missam,-
3667 5686 3800 5760 etc,

2155 5757 2268 5840 (e0)
2301 5748 2936 5840 Convivali‘tempore,
3051 5748 3282 5811 cunctis
3313 5749 3450 5810 edit.
3475 5748 3802 5840 habetur,

2085 5823 2290 5894 contra
2321 5827 2384 5887 in
2410 5839 2559 5890 mss.
2603 5823 3034 5889 desiderantur;
