  <div class='ocr_page' id='page_1' title='image "/cluster/home/n/w/nwhite01/storage/ocr_20150623/16/hvd.32044096580444/126.png"; bbox 0 0 4060 6158; ppageno 0'>
   <div class='ocr_carea' id='block_1_1' title="bbox 328 190 3773 273">
    <p class='ocr_par' dir='ltr' id='par_1_1' title="bbox 328 190 3773 273">
     <span class='ocr_line' id='line_1_1' title="bbox 328 190 3773 273; baseline 0 -2"><span class='ocrx_word' id='word_1_1' title='bbox 328 190 434 271; x_wconf 72' lang='lat'><strong>241</strong></span> <span class='ocrx_word' id='word_1_2' title='bbox 1527 205 1641 270; x_wconf 88' lang='lat' dir='ltr'><strong>DE</strong></span> <span class='ocrx_word' id='word_1_3' title='bbox 1687 200 2195 273; x_wconf 75' lang='lat' dir='ltr'><strong>VIRGINIBUS</strong></span> <span class='ocrx_word' id='word_1_4' title='bbox 2233 203 2394 271; x_wconf 78' lang='lat' dir='ltr'><strong>Lis.</strong></span> <span class='ocrx_word' id='word_1_5' title='bbox 2442 204 2553 271; x_wconf 87' lang='lat' dir='ltr'><strong>III.</strong></span> <span class='ocrx_word' id='word_1_6' title='bbox 3642 202 3773 272; x_wconf 70' lang='lat'><strong>242</strong></span> 
     </span>
    </p>
   </div>
   <div class='ocr_carea' id='block_1_2' title="bbox 319 392 3755 484">
    <p class='ocr_par' dir='ltr' id='par_1_2' title="bbox 319 392 3755 484">
     <span class='ocr_line' id='line_1_2' title="bbox 319 392 3755 484; baseline -0.002 -12"><span class='ocrx_word' id='word_1_7' title='bbox 319 418 492 473; x_wconf 86' lang='lat' dir='ltr'><strong>morte</strong></span> <span class='ocrx_word' id='word_1_8' title='bbox 522 415 768 473; x_wconf 80' lang='lat' dir='ltr'><strong>sceleris</strong></span> <span class='ocrx_word' id='word_1_9' title='bbox 797 412 883 472; x_wconf 87' lang='lat' dir='ltr'><strong>tui</strong></span> <span class='ocrx_word' id='word_1_10' title='bbox 913 416 1120 484; x_wconf 87' lang='lat' dir='ltr'><strong>testes,</strong></span> <span class='ocrx_word' id='word_1_11' title='bbox 1152 412 1544 470; x_wconf 78' lang='lat' dir='ltr'><strong>adversantes</strong></span> <span class='ocrx_word' id='word_1_12' title='bbox 1585 412 1969 482; x_wconf 89' lang='lat' dir='ltr'><strong>conspectum</strong></span> <span class='ocrx_word' id='word_1_13' title='bbox 1998 392 2051 453; x_wconf 83' lang='grc' dir='ltr'><strong>Α</strong></span> <span class='ocrx_word' id='word_1_14' title='bbox 2081 410 2258 481; x_wconf 89' lang='lat' dir='ltr'><strong>pitur,</strong></span> <span class='ocrx_word' id='word_1_15' title='bbox 2295 410 2404 467; x_wconf 91' lang='lat' dir='ltr'><strong>sed</strong></span> <span class='ocrx_word' id='word_1_16' title='bbox 2431 408 2807 465; x_wconf 79' lang='lat' dir='ltr'><strong>adsciscitur.</strong></span> <span class='ocrx_word' id='word_1_17' title='bbox 2833 399 3155 465; x_wconf 79' lang='lat' dir='ltr'><strong>Moriamur</strong></span> <span class='ocrx_word' id='word_1_18' title='bbox 3174 410 3227 465; x_wconf 92' lang='lat' dir='ltr'><strong>si</strong></span> <span class='ocrx_word' id='word_1_19' title='bbox 3258 409 3414 479; x_wconf 90' lang='lat' dir='ltr'><strong>licet,</strong></span> <span class='ocrx_word' id='word_1_20' title='bbox 3447 406 3545 466; x_wconf 89' lang='lat' dir='ltr'><strong>vel</strong></span> <span class='ocrx_word' id='word_1_21' title='bbox 3567 408 3621 466; x_wconf 88' lang='lat' dir='ltr'><strong>si</strong></span> <span class='ocrx_word' id='word_1_22' title='bbox 3652 424 3755 469; x_wconf 84' lang='lat' dir='ltr'><strong>no-</strong></span> 
     </span>
    </p>
   </div>
   <div class='ocr_carea' id='block_1_3' title="bbox 323 498 3748 569">
    <p class='ocr_par' dir='ltr' id='par_1_3' title="bbox 323 498 3748 569">
     <span class='ocr_line' id='line_1_3' title="bbox 323 498 3748 569; baseline -0.002 -9"><span class='ocrx_word' id='word_1_23' title='bbox 323 503 668 561; x_wconf 87' lang='lat' dir='ltr'><strong>deliciarum.</strong></span> <span class='ocrx_word' id='word_1_24' title='bbox 701 505 1066 560; x_wconf 89' lang='lat' dir='ltr'><strong>Clauduntur</strong></span> <span class='ocrx_word' id='word_1_25' title='bbox 1088 505 1309 559; x_wconf 90' lang='lat' dir='ltr'><strong>lumina</strong></span> <span class='ocrx_word' id='word_1_26' title='bbox 1333 520 1450 559; x_wconf 91' lang='lat' dir='ltr'><strong>non</strong></span> <span class='ocrx_word' id='word_1_27' title='bbox 1480 506 1597 557; x_wconf 90' lang='lat' dir='ltr'><strong>tam</strong></span> <span class='ocrx_word' id='word_1_28' title='bbox 1629 502 1837 557; x_wconf 89' lang='lat' dir='ltr'><strong>mortis</strong></span> <span class='ocrx_word' id='word_1_29' title='bbox 1869 516 1970 555; x_wconf 91' lang='lat' dir='ltr'><strong>ne-</strong></span> <span class='ocrx_word' id='word_1_30' title='bbox 2081 499 2207 554; x_wconf 89' lang='lat' dir='ltr'><strong>lunt</strong></span> <span class='ocrx_word' id='word_1_31' title='bbox 2235 499 2435 569; x_wconf 79' lang='lat' dir='ltr'><strong>licere,</strong></span> <span class='ocrx_word' id='word_1_32' title='bbox 2485 499 2822 554; x_wconf 79' lang='lat' dir='ltr'><strong>moriamur.</strong></span> <span class='ocrx_word' id='word_1_33' title='bbox 2858 499 3019 554; x_wconf 90' lang='lat' dir='ltr'><strong>Deus</strong></span> <span class='ocrx_word' id='word_1_34' title='bbox 3050 499 3312 555; x_wconf 91' lang='lat' dir='ltr'><strong>remedio</strong></span> <span class='ocrx_word' id='word_1_35' title='bbox 3344 515 3462 554; x_wconf 92' lang='lat' dir='ltr'><strong>non</strong></span> <span class='ocrx_word' id='word_1_36' title='bbox 3493 498 3748 555; x_wconf 77' lang='lat' dir='ltr'><strong>offendi-</strong></span> 
     </span>
    </p>
   </div>
   <div class='ocr_carea' id='block_1_4' title="bbox 322 576 3753 666">
    <p class='ocr_par' dir='ltr' id='par_1_4' title="bbox 322 576 3753 666">
     <span class='ocr_line' id='line_1_4' title="bbox 322 576 3753 666; baseline -0.002 -17"><span class='ocrx_word' id='word_1_37' title='bbox 322 596 608 665; x_wconf 80' lang='lat' dir='ltr'><strong>cessitate,</strong></span> <span class='ocrx_word' id='word_1_38' title='bbox 642 604 813 666; x_wconf 87' lang='lat' dir='ltr'><strong>quam</strong></span> <span class='ocrx_word' id='word_1_39' title='bbox 846 590 1093 649; x_wconf 84' lang='lat' dir='ltr'><strong>horrore</strong></span> <span class='ocrx_word' id='word_1_40' title='bbox 1122 594 1395 648; x_wconf 79' lang='lat' dir='ltr'><strong>luxuriae.</strong></span> <span class='ocrx_word' id='word_1_41' title='bbox 1426 595 1508 647; x_wconf 90' lang='lat' dir='ltr'><strong>Os</strong></span> <span class='ocrx_word' id='word_1_42' title='bbox 1551 606 1795 646; x_wconf 91' lang='lat' dir='ltr'><strong>aureum</strong></span> <span class='ocrx_word' id='word_1_43' title='bbox 1824 590 1971 644; x_wconf 89' lang='lat' dir='ltr'><strong>illud</strong></span> <span class='ocrx_word' id='word_1_44' title='bbox 2082 594 2195 657; x_wconf 89' lang='lat' dir='ltr'><strong>tur,</strong></span> <span class='ocrx_word' id='word_1_45' title='bbox 2229 592 2286 644; x_wconf 89' lang='lat' dir='ltr'><strong>et</strong></span> <span class='ocrx_word' id='word_1_46' title='bbox 2330 589 2561 643; x_wconf 80' lang='lat' dir='ltr'><strong>facinus</strong></span> <span class='ocrx_word' id='word_1_47' title='bbox 2592 576 2766 642; x_wconf 81' lang='lat' dir='ltr'><strong>fidem</strong></span> <span class='ocrx_word' id='word_1_48' title='bbox 2796 588 3045 642; x_wconf 89' lang='lat' dir='ltr'><strong>ablevat.</strong></span> <span class='ocrx_word' id='word_1_49' title='bbox 3079 588 3251 643; x_wconf 86' lang='lat' dir='ltr'><strong>Certe</strong></span> <span class='ocrx_word' id='word_1_50' title='bbox 3299 589 3351 643; x_wconf 93' lang='lat' dir='ltr'><strong>si</strong></span> <span class='ocrx_word' id='word_1_51' title='bbox 3384 589 3505 643; x_wconf 88' lang='lat' dir='ltr'><strong>vim</strong></span> <span class='ocrx_word' id='word_1_52' title='bbox 3556 589 3753 660; x_wconf 89' lang='lat' dir='ltr'><strong>ipsam</strong></span> 
     </span>
    </p>
   </div>
   <div class='ocr_carea' id='block_1_5' title="bbox 316 677 3751 755">
    <p class='ocr_par' dir='ltr' id='par_1_5' title="bbox 316 677 3751 755">
     <span class='ocr_line' id='line_1_5' title="bbox 316 677 3751 755; baseline -0.001 -18"><span class='ocrx_word' id='word_1_53' title='bbox 316 700 628 754; x_wconf 78' lang='lat' dir='ltr'><strong>exsangue,</strong></span> <span class='ocrx_word' id='word_1_54' title='bbox 654 680 830 755; x_wconf 81' lang='lat' dir='ltr'><strong>cujus</strong></span> <span class='ocrx_word' id='word_1_55' title='bbox 850 683 1203 737; x_wconf 84' lang='lat' dir='ltr'><strong>sententiam</strong></span> <span class='ocrx_word' id='word_1_56' title='bbox 1222 681 1378 736; x_wconf 82' lang='lat' dir='ltr'><strong>ferre</strong></span> <span class='ocrx_word' id='word_1_57' title='bbox 1409 696 1524 735; x_wconf 91' lang='lat' dir='ltr'><strong>non</strong></span> <span class='ocrx_word' id='word_1_58' title='bbox 1547 684 1805 751; x_wconf 90' lang='lat' dir='ltr'><strong>poteras,</strong></span> <span class='ocrx_word' id='word_1_59' title='bbox 1832 695 1971 733; x_wconf 89' lang='lat' dir='ltr'><strong>con-</strong></span> <span class='ocrx_word' id='word_1_60' title='bbox 2080 678 2337 733; x_wconf 87' lang='lat' dir='ltr'><strong>nominis</strong></span> <span class='ocrx_word' id='word_1_61' title='bbox 2370 678 2722 749; x_wconf 83' lang='lat' dir='ltr'><strong>cogitemus,</strong></span> <span class='ocrx_word' id='word_1_62' title='bbox 2757 692 2891 747; x_wconf 67' lang='lat' dir='ltr'><strong>quae</strong></span> <span class='ocrx_word' id='word_1_63' title='bbox 2914 678 3005 730; x_wconf 87' lang='lat' dir='ltr'><strong>vis</strong></span> <span class='ocrx_word' id='word_1_64' title='bbox 3028 677 3397 732; x_wconf 83' lang='lat' dir='ltr'><strong>voluntaria?</strong></span> <span class='ocrx_word' id='word_1_65' title='bbox 3426 677 3526 732; x_wconf 87' lang='lat' dir='ltr'><strong>Illa</strong></span> <span class='ocrx_word' id='word_1_66' title='bbox 3556 678 3751 750; x_wconf 85' lang='lat' dir='ltr'><strong>magis</strong></span> 
     </span>
    </p>
   </div>
   <div class='ocr_carea' id='block_1_6' title="bbox 314 765 3752 842">
    <p class='ocr_par' dir='ltr' id='par_1_6' title="bbox 314 765 3752 842">
     <span class='ocr_line' id='line_1_6' title="bbox 314 765 3752 842; baseline -0.002 -15"><span class='ocrx_word' id='word_1_67' title='bbox 314 774 551 841; x_wconf 88' lang='lat' dir='ltr'><strong>ticescit,</strong></span> <span class='ocrx_word' id='word_1_68' title='bbox 603 776 658 827; x_wconf 89' lang='lat' dir='ltr'><strong>et</strong></span> <span class='ocrx_word' id='word_1_69' title='bbox 686 772 877 826; x_wconf 89' lang='lat' dir='ltr'><strong>adhuc</strong></span> <span class='ocrx_word' id='word_1_70' title='bbox 907 772 1080 826; x_wconf 87' lang='lat' dir='ltr'><strong>times</strong></span> <span class='ocrx_word' id='word_1_71' title='bbox 1126 769 1261 840; x_wconf 81' lang='grc'><strong>(51).</strong></span> <span class='ocrx_word' id='word_1_72' title='bbox 1298 768 1528 842; x_wconf 78' lang='lat' dir='ltr'><strong>Lingua</strong></span> <span class='ocrx_word' id='word_1_73' title='bbox 1576 772 1789 838; x_wconf 88' lang='lat' dir='ltr'><strong>tamen,</strong></span> <span class='ocrx_word' id='word_1_74' title='bbox 1838 784 1970 839; x_wconf 75' lang='lat' dir='ltr'><strong>quaa</strong></span> <span class='ocrx_word' id='word_1_75' title='bbox 2081 770 2173 821; x_wconf 89' lang='lat' dir='ltr'><strong>est</strong></span> <span class='ocrx_word' id='word_1_76' title='bbox 2202 768 2316 835; x_wconf 87' lang='lat' dir='ltr'><strong>vis,</strong></span> <span class='ocrx_word' id='word_1_77' title='bbox 2353 768 2499 821; x_wconf 92' lang='lat' dir='ltr'><strong>mori</strong></span> <span class='ocrx_word' id='word_1_78' title='bbox 2530 766 2703 834; x_wconf 90' lang='lat' dir='ltr'><strong>velle,</strong></span> <span class='ocrx_word' id='word_1_79' title='bbox 2737 781 2847 820; x_wconf 91' lang='lat' dir='ltr'><strong>nec</strong></span> <span class='ocrx_word' id='word_1_80' title='bbox 2878 780 3062 836; x_wconf 81' lang='lat' dir='ltr'><strong>posse</strong></span> <span class='ocrx_word' id='word_1_81' title='bbox 3106 766 3242 834; x_wconf 82' lang='lat'><strong>(55).</strong></span> <span class='ocrx_word' id='word_1_82' title='bbox 3278 766 3401 820; x_wconf 86' lang='lat' dir='ltr'><strong>Nec</strong></span> <span class='ocrx_word' id='word_1_83' title='bbox 3430 765 3752 821; x_wconf 71' lang='lat' dir='ltr'><strong>difficulta-</strong></span> 
     </span>
    </p>
   </div>
   <div class='ocr_carea' id='block_1_7' title="bbox 312 854 3744 931">
    <p class='ocr_par' dir='ltr' id='par_1_7' title="bbox 312 854 3744 931">
     <span class='ocr_line' id='line_1_7' title="bbox 312 854 3744 931; baseline -0.001 -16"><span class='ocrx_word' id='word_1_84' title='bbox 312 861 452 915; x_wconf 88' lang='lat' dir='ltr'><strong>solet</strong></span> <span class='ocrx_word' id='word_1_85' title='bbox 478 862 650 915; x_wconf 88' lang='lat' dir='ltr'><strong>etiam</strong></span> <span class='ocrx_word' id='word_1_86' title='bbox 675 864 810 931; x_wconf 92' lang='lat' dir='ltr'><strong>post</strong></span> <span class='ocrx_word' id='word_1_87' title='bbox 841 864 1085 914; x_wconf 90' lang='lat' dir='ltr'><strong>mortem</strong></span> <span class='ocrx_word' id='word_1_88' title='bbox 1108 860 1369 914; x_wconf 78' lang='lat' dir='ltr'><strong>ofﬁcium</strong></span> <span class='ocrx_word' id='word_1_89' title='bbox 1402 874 1645 914; x_wconf 87' lang='lat' dir='ltr'><strong>servare</strong></span> <span class='ocrx_word' id='word_1_90' title='bbox 1677 857 1932 912; x_wconf 78' lang='lat' dir='ltr'><strong>viventis</strong></span> <span class='ocrx_word' id='word_1_91' title='bbox 1953 897 1967 924; x_wconf 94' lang='lat'><strong>,</strong></span> <span class='ocrx_word' id='word_1_92' title='bbox 2079 860 2197 911; x_wconf 89' lang='lat' dir='ltr'><strong>tem</strong></span> <span class='ocrx_word' id='word_1_93' title='bbox 2229 871 2519 910; x_wconf 84' lang='lat' dir='ltr'><strong>veremur.</strong></span> <span class='ocrx_word' id='word_1_94' title='bbox 2553 854 2700 919; x_wconf 88' lang='lat' dir='ltr'><strong>Quis</strong></span> <span class='ocrx_word' id='word_1_95' title='bbox 2732 856 2890 909; x_wconf 91' lang='lat' dir='ltr'><strong>enim</strong></span> <span class='ocrx_word' id='word_1_96' title='bbox 2921 858 3013 909; x_wconf 90' lang='lat' dir='ltr'><strong>est</strong></span> <span class='ocrx_word' id='word_1_97' title='bbox 3044 855 3143 925; x_wconf 86' lang='lat' dir='ltr'><strong>qui</strong></span> <span class='ocrx_word' id='word_1_98' title='bbox 3176 855 3300 909; x_wconf 92' lang='lat' dir='ltr'><strong>vult</strong></span> <span class='ocrx_word' id='word_1_99' title='bbox 3330 856 3506 921; x_wconf 90' lang='lat' dir='ltr'><strong>mori,</strong></span> <span class='ocrx_word' id='word_1_100' title='bbox 3541 858 3598 910; x_wconf 87' lang='lat' dir='ltr'><strong>et</strong></span> <span class='ocrx_word' id='word_1_101' title='bbox 3625 871 3744 910; x_wconf 86' lang='lat' dir='ltr'><strong>non</strong></span> 
     </span>
    </p>
   </div>
   <div class='ocr_carea' id='block_1_8' title="bbox 311 943 3754 1020">
    <p class='ocr_par' dir='ltr' id='par_1_8' title="bbox 311 943 3754 1020">
     <span class='ocr_line' id='line_1_8' title="bbox 311 943 3754 1020; baseline -0.001 -18"><span class='ocrx_word' id='word_1_102' title='bbox 311 950 614 1020; x_wconf 86' lang='lat' dir='ltr'><strong>palpitante</strong></span> <span class='ocrx_word' id='word_1_103' title='bbox 646 950 782 1004; x_wconf 88' lang='lat' dir='ltr'><strong>licet</strong></span> <span class='ocrx_word' id='word_1_104' title='bbox 811 954 1007 1017; x_wconf 92' lang='lat' dir='ltr'><strong>motu,</strong></span> <span class='ocrx_word' id='word_1_105' title='bbox 1043 949 1354 1003; x_wconf 81' lang='lat' dir='ltr'><strong>damnabat</strong></span> <span class='ocrx_word' id='word_1_106' title='bbox 1404 949 1713 1002; x_wconf 89' lang='lat' dir='ltr'><strong>incestum.</strong></span> <span class='ocrx_word' id='word_1_107' title='bbox 1762 947 1970 1001; x_wconf 87' lang='lat' dir='ltr'><strong>Porta-</strong></span> <span class='ocrx_word' id='word_1_108' title='bbox 2088 945 2319 1015; x_wconf 82' lang='lat' dir='ltr'><strong>possit?</strong></span> <span class='ocrx_word' id='word_1_109' title='bbox 2352 961 2483 999; x_wconf 91' lang='lat' dir='ltr'><strong>cum</strong></span> <span class='ocrx_word' id='word_1_110' title='bbox 2515 945 2634 998; x_wconf 91' lang='lat' dir='ltr'><strong>sint</strong></span> <span class='ocrx_word' id='word_1_111' title='bbox 2682 944 2755 998; x_wconf 91' lang='lat' dir='ltr'><strong>ad</strong></span> <span class='ocrx_word' id='word_1_112' title='bbox 2803 947 3049 998; x_wconf 92' lang='lat' dir='ltr'><strong>mortem</strong></span> <span class='ocrx_word' id='word_1_113' title='bbox 3095 946 3213 997; x_wconf 90' lang='lat' dir='ltr'><strong>tam</strong></span> <span class='ocrx_word' id='word_1_114' title='bbox 3257 943 3558 1013; x_wconf 82' lang='lat' dir='ltr'><strong>proclives</strong></span> <span class='ocrx_word' id='word_1_115' title='bbox 3595 943 3754 998; x_wconf 71' lang='lat' dir='ltr'><strong>vim?</strong></span> 
     </span>
    </p>
   </div>
   <div class='ocr_carea' id='block_1_9' title="bbox 309 1031 3746 1109">
    <p class='ocr_par' dir='ltr' id='par_1_9' title="bbox 309 1031 3746 1109">
     <span class='ocr_line' id='line_1_9' title="bbox 309 1031 3746 1109; baseline -0.002 -16"><span class='ocrx_word' id='word_1_116' title='bbox 309 1039 399 1092; x_wconf 86' lang='lat' dir='ltr'><strong>tur</strong></span> <span class='ocrx_word' id='word_1_117' title='bbox 426 1036 537 1093; x_wconf 88' lang='lat' dir='ltr'><strong>hoc</strong></span> <span class='ocrx_word' id='word_1_118' title='bbox 585 1042 760 1109; x_wconf 88' lang='lat' dir='ltr'><strong>caput</strong></span> <span class='ocrx_word' id='word_1_119' title='bbox 787 1039 859 1092; x_wconf 90' lang='lat' dir='ltr'><strong>ad</strong></span> <span class='ocrx_word' id='word_1_120' title='bbox 906 1038 1301 1092; x_wconf 81' lang='lat' dir='ltr'><strong>Herodiadem</strong></span> <span class='ocrx_word' id='word_1_121' title='bbox 1337 1053 1348 1091; x_wconf 95' lang='lat'>:</span> <span class='ocrx_word' id='word_1_122' title='bbox 1382 1037 1648 1105; x_wconf 64' lang='lat' dir='ltr'><strong>Iactatur,</strong></span> <span class='ocrx_word' id='word_1_123' title='bbox 1684 1035 1963 1105; x_wconf 86' lang='lat' dir='ltr'><strong>exsultat,</strong></span> <span class='ocrx_word' id='word_1_124' title='bbox 2079 1034 2207 1088; x_wconf 81' lang='lat' dir='ltr'><strong>Jam</strong></span> <span class='ocrx_word' id='word_1_125' title='bbox 2239 1033 2394 1088; x_wconf 90' lang='lat' dir='ltr'><strong>enim</strong></span> <span class='ocrx_word' id='word_1_126' title='bbox 2426 1033 2756 1104; x_wconf 86' lang='lat' dir='ltr'><strong>sacrilegas</strong></span> <span class='ocrx_word' id='word_1_127' title='bbox 2787 1048 2923 1086; x_wconf 89' lang='lat' dir='ltr'><strong>aras</strong></span> <span class='ocrx_word' id='word_1_128' title='bbox 2971 1032 3334 1103; x_wconf 75' lang='lat' dir='ltr'><strong>praecipitata</strong></span> <span class='ocrx_word' id='word_1_129' title='bbox 3383 1031 3746 1101; x_wconf 86' lang='lat' dir='ltr'><strong>subvertam,</strong></span> 
     </span>
    </p>
   </div>
   <div class='ocr_carea' id='block_1_10' title="bbox 313 1119 3750 1197">
    <p class='ocr_par' dir='ltr' id='par_1_10' title="bbox 313 1119 3750 1197">
     <span class='ocr_line' id='line_1_10' title="bbox 313 1119 3750 1197; baseline -0.001 -19"><span class='ocrx_word' id='word_1_130' title='bbox 313 1127 471 1197; x_wconf 88' lang='lat' dir='ltr'><strong>quasi</strong></span> <span class='ocrx_word' id='word_1_131' title='bbox 505 1127 731 1181; x_wconf 77' lang='lat' dir='ltr'><strong>crimen</strong></span> <span class='ocrx_word' id='word_1_132' title='bbox 761 1127 1047 1196; x_wconf 85' lang='lat' dir='ltr'><strong>evaserit;</strong></span> <span class='ocrx_word' id='word_1_133' title='bbox 1080 1126 1216 1197; x_wconf 88' lang='lat' dir='ltr'><strong>quia</strong></span> <span class='ocrx_word' id='word_1_134' title='bbox 1242 1125 1506 1197; x_wconf 83' lang='lat' dir='ltr'><strong>judicem</strong></span> <span class='ocrx_word' id='word_1_135' title='bbox 1537 1125 1867 1180; x_wconf 79' lang='lat' dir='ltr'><strong>trucidavit.</strong></span> <span class='ocrx_word' id='word_1_136' title='bbox 2079 1125 2136 1177; x_wconf 92' lang='lat' dir='ltr'><strong>et</strong></span> <span class='ocrx_word' id='word_1_137' title='bbox 2174 1137 2466 1176; x_wconf 89' lang='lat' dir='ltr'><strong>accensos</strong></span> <span class='ocrx_word' id='word_1_138' title='bbox 2511 1122 2681 1176; x_wconf 91' lang='lat' dir='ltr'><strong>focos</strong></span> <span class='ocrx_word' id='word_1_139' title='bbox 2725 1136 2937 1175; x_wconf 87' lang='lat' dir='ltr'><strong>cruore</strong></span> <span class='ocrx_word' id='word_1_140' title='bbox 2968 1121 3357 1193; x_wconf 80' lang='lat' dir='ltr'><strong>restinguam.</strong></span> <span class='ocrx_word' id='word_1_141' title='bbox 3392 1119 3526 1175; x_wconf 88' lang='lat' dir='ltr'><strong>Non</strong></span> <span class='ocrx_word' id='word_1_142' title='bbox 3571 1121 3750 1175; x_wconf 88' lang='lat' dir='ltr'><strong>timeo</strong></span> 
     </span>
    </p>
   </div>
   <div class='ocr_carea' id='block_1_11' title="bbox 375 1210 3750 1284">
    <p class='ocr_par' dir='ltr' id='par_1_11' title="bbox 375 1210 3750 1284">
     <span class='ocr_line' id='line_1_11' title="bbox 375 1210 3750 1284; baseline -0.002 -14"><span class='ocrx_word' id='word_1_143' title='bbox 375 1216 462 1270; x_wconf 84' lang='lat' dir='ltr'><strong>3t.</strong></span> <span class='ocrx_word' id='word_1_144' title='bbox 510 1215 663 1279; x_wconf 89' lang='lat' dir='ltr'><strong>Quid</strong></span> <span class='ocrx_word' id='word_1_145' title='bbox 721 1216 920 1270; x_wconf 87' lang='lat' dir='ltr'><strong>dicitis</strong></span> <span class='ocrx_word' id='word_1_146' title='bbox 970 1231 1102 1284; x_wconf 89' lang='lat' dir='ltr'><strong>vos,</strong></span> <span class='ocrx_word' id='word_1_147' title='bbox 1156 1218 1379 1269; x_wconf 78' lang='lat' dir='ltr'><strong>sanctae</strong></span> <span class='ocrx_word' id='word_1_148' title='bbox 1425 1214 1700 1269; x_wconf 78' lang='lat' dir='ltr'><strong>feminae?</strong></span> <span class='ocrx_word' id='word_1_149' title='bbox 1742 1214 1969 1268; x_wconf 88' lang='lat' dir='ltr'><strong>Videtis</strong></span> <span class='ocrx_word' id='word_1_150' title='bbox 2080 1227 2154 1266; x_wconf 92' lang='lat' dir='ltr'><strong>ne</strong></span> <span class='ocrx_word' id='word_1_151' title='bbox 2185 1212 2426 1265; x_wconf 89' lang='lat' dir='ltr'><strong>dextera</strong></span> <span class='ocrx_word' id='word_1_152' title='bbox 2458 1210 2743 1265; x_wconf 80' lang='lat' dir='ltr'><strong>deficiens</strong></span> <span class='ocrx_word' id='word_1_153' title='bbox 2774 1225 2892 1264; x_wconf 90' lang='lat' dir='ltr'><strong>non</strong></span> <span class='ocrx_word' id='word_1_154' title='bbox 2920 1214 3164 1281; x_wconf 80' lang='lat' dir='ltr'><strong>peragat</strong></span> <span class='ocrx_word' id='word_1_155' title='bbox 3195 1210 3405 1279; x_wconf 86' lang='lat' dir='ltr'><strong>ictum,</strong></span> <span class='ocrx_word' id='word_1_156' title='bbox 3437 1224 3511 1264; x_wconf 91' lang='lat' dir='ltr'><strong>ne</strong></span> <span class='ocrx_word' id='word_1_157' title='bbox 3541 1210 3750 1279; x_wconf 89' lang='lat' dir='ltr'><strong>pectus</strong></span> 
     </span>
    </p>
   </div>
   <div class='ocr_carea' id='block_1_12' title="bbox 306 1296 3752 1375">
    <p class='ocr_par' dir='ltr' id='par_1_12' title="bbox 306 1296 3752 1375">
     <span class='ocr_line' id='line_1_12' title="bbox 306 1296 3752 1375; baseline -0.002 -17"><span class='ocrx_word' id='word_1_158' title='bbox 306 1304 434 1375; x_wconf 90' lang='lat' dir='ltr'><strong>quid</strong></span> <span class='ocrx_word' id='word_1_159' title='bbox 466 1304 685 1359; x_wconf 87' lang='lat' dir='ltr'><strong>docere</strong></span> <span class='ocrx_word' id='word_1_160' title='bbox 717 1304 849 1373; x_wconf 72' lang='lat'><strong>(5&#39;2),</strong></span> <span class='ocrx_word' id='word_1_161' title='bbox 883 1303 1023 1375; x_wconf 91' lang='lat' dir='ltr'><strong>quid</strong></span> <span class='ocrx_word' id='word_1_162' title='bbox 1054 1304 1228 1358; x_wconf 88' lang='lat' dir='ltr'><strong>etiam</strong></span> <span class='ocrx_word' id='word_1_163' title='bbox 1258 1303 1550 1358; x_wconf 89' lang='lat' dir='ltr'><strong>dedocere</strong></span> <span class='ocrx_word' id='word_1_164' title='bbox 1573 1303 1725 1358; x_wconf 78' lang='lat' dir='ltr'><strong>tilias</strong></span> <span class='ocrx_word' id='word_1_165' title='bbox 1758 1302 1968 1358; x_wconf 89' lang='lat' dir='ltr'><strong>debea-</strong></span> <span class='ocrx_word' id='word_1_166' title='bbox 2078 1316 2145 1354; x_wconf 91' lang='lat' dir='ltr'><strong>se</strong></span> <span class='ocrx_word' id='word_1_167' title='bbox 2177 1300 2381 1354; x_wconf 90' lang='lat' dir='ltr'><strong>dolore</strong></span> <span class='ocrx_word' id='word_1_168' title='bbox 2412 1299 2724 1353; x_wconf 88' lang='lat' dir='ltr'><strong>subducat.</strong></span> <span class='ocrx_word' id='word_1_169' title='bbox 2759 1298 2998 1353; x_wconf 89' lang='lat' dir='ltr'><strong>Nullum</strong></span> <span class='ocrx_word' id='word_1_170' title='bbox 3028 1301 3337 1369; x_wconf 88' lang='lat' dir='ltr'><strong>peccatum</strong></span> <span class='ocrx_word' id='word_1_171' title='bbox 3369 1298 3534 1352; x_wconf 82' lang='lat' dir='ltr'><strong>carni</strong></span> <span class='ocrx_word' id='word_1_172' title='bbox 3563 1296 3752 1353; x_wconf 77' lang='lat' dir='ltr'><strong>relin-</strong></span> 
     </span>
    </p>
   </div>
   <div class='ocr_carea' id='block_1_13' title="bbox 302 1386 3752 1462">
    <p class='ocr_par' dir='ltr' id='par_1_13' title="bbox 302 1386 3752 1462">
     <span class='ocr_line' id='line_1_13' title="bbox 302 1386 3752 1462; baseline -0.001 -15"><span class='ocrx_word' id='word_1_173' title='bbox 302 1393 412 1447; x_wconf 70' lang='lat' dir='ltr'><strong>tis‘?</strong></span> <span class='ocrx_word' id='word_1_174' title='bbox 458 1393 663 1462; x_wconf 86' lang='lat' dir='ltr'><strong>Saltat,</strong></span> <span class='ocrx_word' id='word_1_175' title='bbox 697 1392 803 1447; x_wconf 89' lang='lat' dir='ltr'><strong>sed</strong></span> <span class='ocrx_word' id='word_1_176' title='bbox 848 1393 1128 1446; x_wconf 66' lang='lat' dir='ltr'><strong>adulterae</strong></span> <span class='ocrx_word' id='word_1_177' title='bbox 1159 1392 1296 1446; x_wconf 81' lang='lat' dir='ltr'><strong>tilia.</strong></span> <span class='ocrx_word' id='word_1_178' title='bbox 1349 1391 1490 1456; x_wconf 81' lang='lat' dir='ltr'><strong>Quae</strong></span> <span class='ocrx_word' id='word_1_179' title='bbox 1536 1408 1680 1447; x_wconf 90' lang='lat' dir='ltr'><strong>vero</strong></span> <span class='ocrx_word' id='word_1_180' title='bbox 1723 1392 1965 1461; x_wconf 89' lang='lat' dir='ltr'><strong>pudica,</strong></span> <span class='ocrx_word' id='word_1_181' title='bbox 2079 1406 2252 1461; x_wconf 89' lang='lat' dir='ltr'><strong>quam</strong></span> <span class='ocrx_word' id='word_1_182' title='bbox 2285 1389 2419 1458; x_wconf 82' lang='lat'><strong>(56).</strong></span> <span class='ocrx_word' id='word_1_183' title='bbox 2456 1389 2587 1443; x_wconf 84' lang='lat' dir='ltr'><strong>Non</strong></span> <span class='ocrx_word' id='word_1_184' title='bbox 2618 1388 2874 1442; x_wconf 87' lang='lat' dir='ltr'><strong>verebor</strong></span> <span class='ocrx_word' id='word_1_185' title='bbox 2903 1403 2976 1442; x_wconf 92' lang='lat' dir='ltr'><strong>ne</strong></span> <span class='ocrx_word' id='word_1_186' title='bbox 3024 1387 3180 1441; x_wconf 82' lang='lat' dir='ltr'><strong>desit</strong></span> <span class='ocrx_word' id='word_1_187' title='bbox 3228 1386 3485 1459; x_wconf 82' lang='lat' dir='ltr'><strong>gladius.</strong></span> <span class='ocrx_word' id='word_1_188' title='bbox 3518 1386 3752 1442; x_wconf 82' lang='lat' dir='ltr'><strong>Possu-</strong></span> 
     </span>
    </p>
   </div>
   <div class='ocr_carea' id='block_1_14' title="bbox 303 1474 3747 1553">
    <p class='ocr_par' dir='ltr' id='par_1_14' title="bbox 303 1474 3747 1553">
     <span class='ocr_line' id='line_1_14' title="bbox 303 1474 3747 1553; baseline -0.001 -17"><span class='ocrx_word' id='word_1_189' title='bbox 303 1498 426 1552; x_wconf 76' lang='lat' dir='ltr'><strong>quze</strong></span> <span class='ocrx_word' id='word_1_190' title='bbox 455 1485 622 1535; x_wconf 89' lang='lat' dir='ltr'><strong>casta</strong></span> <span class='ocrx_word' id='word_1_191' title='bbox 658 1485 768 1549; x_wconf 87' lang='lat' dir='ltr'><strong>est,</strong></span> <span class='ocrx_word' id='word_1_192' title='bbox 817 1480 970 1535; x_wconf 84' lang='lat' dir='ltr'><strong>tilias</strong></span> <span class='ocrx_word' id='word_1_193' title='bbox 1003 1496 1147 1535; x_wconf 89' lang='lat' dir='ltr'><strong>suas</strong></span> <span class='ocrx_word' id='word_1_194' title='bbox 1176 1481 1531 1553; x_wconf 80' lang='lat' dir='ltr'><strong>religionem</strong></span> <span class='ocrx_word' id='word_1_195' title='bbox 1576 1481 1804 1551; x_wconf 86' lang='lat' dir='ltr'><strong>doceat,</strong></span> <span class='ocrx_word' id='word_1_196' title='bbox 1848 1497 1968 1535; x_wconf 91' lang='lat' dir='ltr'><strong>non</strong></span> <span class='ocrx_word' id='word_1_197' title='bbox 2077 1494 2209 1533; x_wconf 91' lang='lat' dir='ltr'><strong>mus</strong></span> <span class='ocrx_word' id='word_1_198' title='bbox 2241 1478 2385 1532; x_wconf 90' lang='lat' dir='ltr'><strong>mori</strong></span> <span class='ocrx_word' id='word_1_199' title='bbox 2418 1477 2641 1532; x_wconf 77' lang='lat' dir='ltr'><strong>nostris</strong></span> <span class='ocrx_word' id='word_1_200' title='bbox 2673 1477 2877 1543; x_wconf 88' lang='lat' dir='ltr'><strong>armis,</strong></span> <span class='ocrx_word' id='word_1_201' title='bbox 2910 1492 3238 1549; x_wconf 91' lang='lat' dir='ltr'><strong>possumus</strong></span> <span class='ocrx_word' id='word_1_202' title='bbox 3272 1476 3421 1531; x_wconf 90' lang='lat' dir='ltr'><strong>mori</strong></span> <span class='ocrx_word' id='word_1_203' title='bbox 3454 1474 3586 1531; x_wconf 83' lang='lat' dir='ltr'><strong>sine</strong></span> <span class='ocrx_word' id='word_1_204' title='bbox 3617 1491 3747 1531; x_wconf 85' lang='lat' dir='ltr'><strong>car-</strong></span> 
     </span>
    </p>
   </div>
   <div class='ocr_carea' id='block_1_15' title="bbox 302 1565 3369 1642">
    <p class='ocr_par' dir='ltr' id='par_1_15' title="bbox 302 1565 3369 1642">
     <span class='ocr_line' id='line_1_15' title="bbox 302 1565 3369 1642; baseline -0.001 -19"><span class='ocrx_word' id='word_1_205' title='bbox 302 1571 689 1625; x_wconf 85' lang='lat' dir='ltr'><strong>saltationem.</strong></span> <span class='ocrx_word' id='word_1_206' title='bbox 723 1570 846 1624; x_wconf 85' lang='lat' dir='ltr'><strong>Vos</strong></span> <span class='ocrx_word' id='word_1_207' title='bbox 877 1573 1092 1636; x_wconf 90' lang='lat' dir='ltr'><strong>autem,</strong></span> <span class='ocrx_word' id='word_1_208' title='bbox 1143 1586 1362 1642; x_wconf 78' lang='lat' dir='ltr'><strong>graves</strong></span> <span class='ocrx_word' id='word_1_209' title='bbox 1392 1573 1449 1624; x_wconf 88' lang='lat' dir='ltr'><strong>et</strong></span> <span class='ocrx_word' id='word_1_210' title='bbox 1495 1570 1822 1640; x_wconf 85' lang='lat' dir='ltr'><strong>prudentes</strong></span> <span class='ocrx_word' id='word_1_211' title='bbox 1853 1569 1966 1623; x_wconf 89' lang='lat' dir='ltr'><strong>viri</strong></span> <span class='ocrx_word' id='word_1_212' title='bbox 2077 1567 2272 1622; x_wconf 83' lang='lat' dir='ltr'><strong>niilcis</strong></span> <span class='ocrx_word' id='word_1_213' title='bbox 2302 1566 2593 1622; x_wconf 81' lang='lat' dir='ltr'><strong>beneflcio</strong></span> <span class='ocrx_word' id='word_1_214' title='bbox 2625 1567 2759 1636; x_wconf 81' lang='lat'><strong>(57),</strong></span> <span class='ocrx_word' id='word_1_215' title='bbox 2792 1566 2998 1621; x_wconf 83' lang='lat' dir='ltr'><strong>matris</strong></span> <span class='ocrx_word' id='word_1_216' title='bbox 3028 1565 3088 1619; x_wconf 92' lang='lat' dir='ltr'><strong>in</strong></span> <span class='ocrx_word' id='word_1_217' title='bbox 3119 1565 3369 1637; x_wconf 90' lang='lat' dir='ltr'><strong>gremio.</strong></span> 
     </span>
    </p>
   </div>
   <div class='ocr_carea' id='block_1_16' title="bbox 299 1653 3754 1729">
    <p class='ocr_par' dir='ltr' id='par_1_16' title="bbox 299 1653 3754 1729">
     <span class='ocr_line' id='line_1_16' title="bbox 299 1653 3754 1729; baseline -0.001 -16"><span class='ocrx_word' id='word_1_218' title='bbox 299 1659 425 1728; x_wconf 81' lang='lat'><strong>(53),</strong></span> <span class='ocrx_word' id='word_1_219' title='bbox 459 1659 676 1714; x_wconf 89' lang='lat' dir='ltr'><strong>discite</strong></span> <span class='ocrx_word' id='word_1_220' title='bbox 708 1659 1143 1714; x_wconf 89' lang='lat' dir='ltr'><strong>detestabilium</strong></span> <span class='ocrx_word' id='word_1_221' title='bbox 1175 1659 1477 1713; x_wconf 86' lang='lat' dir='ltr'><strong>hominum</strong></span> <span class='ocrx_word' id='word_1_222' title='bbox 1506 1658 1713 1729; x_wconf 87' lang='lat' dir='ltr'><strong>epulas</strong></span> <span class='ocrx_word' id='word_1_223' title='bbox 1755 1658 1959 1713; x_wconf 84' lang='lat' dir='ltr'><strong>vitare.</strong></span> <span class='ocrx_word' id='word_1_224' title='bbox 2147 1656 2235 1711; x_wconf 81' lang='grc'><strong>31.</strong></span> <span class='ocrx_word' id='word_1_225' title='bbox 2271 1656 2479 1710; x_wconf 81' lang='lat' dir='ltr'><strong>Fertur</strong></span> <span class='ocrx_word' id='word_1_226' title='bbox 2507 1670 2757 1710; x_wconf 88' lang='lat' dir='ltr'><strong>ornasse</strong></span> <span class='ocrx_word' id='word_1_227' title='bbox 2807 1654 3326 1725; x_wconf 88' lang='lat' dir='ltr'><strong>caput,nuptialem</strong></span> <span class='ocrx_word' id='word_1_228' title='bbox 3357 1653 3626 1709; x_wconf 88' lang='lat' dir='ltr'><strong>induisse</strong></span> <span class='ocrx_word' id='word_1_229' title='bbox 3659 1668 3754 1709; x_wconf 88' lang='lat' dir='ltr'><strong>ve-</strong></span> 
     </span>
    </p>
   </div>
   <div class='ocr_carea' id='block_1_17' title="bbox 300 1742 3752 1859">
    <p class='ocr_par' dir='ltr' id='par_1_17' title="bbox 300 1742 3752 1859">
     <span class='ocr_line' id='line_1_17' title="bbox 300 1742 3752 1859; baseline -0.002 -56"><span class='ocrx_word' id='word_1_230' title='bbox 300 1746 356 1803; x_wconf 87' lang='lat' dir='ltr'><strong>Si</strong></span> <span class='ocrx_word' id='word_1_231' title='bbox 382 1747 515 1802; x_wconf 87' lang='lat' dir='ltr'><strong>talia</strong></span> <span class='ocrx_word' id='word_1_232' title='bbox 546 1750 689 1803; x_wconf 90' lang='lat' dir='ltr'><strong>sunt</strong></span> <span class='ocrx_word' id='word_1_233' title='bbox 721 1747 1012 1816; x_wconf 91' lang='lat' dir='ltr'><strong>convivia,</strong></span> <span class='ocrx_word' id='word_1_234' title='bbox 1069 1748 1265 1819; x_wconf 89' lang='lat' dir='ltr'><strong>qualia</strong></span> <span class='ocrx_word' id='word_1_235' title='bbox 1308 1747 1533 1819; x_wconf 80' lang='lat' dir='ltr'><strong>judicia</strong></span> <span class='ocrx_word' id='word_1_236' title='bbox 1565 1746 1964 1818; x_wconf 71' lang='lat' dir='ltr'><strong>perfidorum?</strong></span> <span class='ocrx_word' id='word_1_237' title='bbox 1997 1799 2049 1859; x_wconf 71' lang='grc' dir='ltr'><strong>(Ι</strong></span> <span class='ocrx_word' id='word_1_238' title='bbox 2079 1747 2260 1814; x_wconf 90' lang='lat' dir='ltr'><strong>stem;</strong></span> <span class='ocrx_word' id='word_1_239' title='bbox 2292 1748 2354 1798; x_wconf 90' lang='lat' dir='ltr'><strong>ut</strong></span> <span class='ocrx_word' id='word_1_240' title='bbox 2384 1759 2500 1798; x_wconf 92' lang='lat' dir='ltr'><strong>non</strong></span> <span class='ocrx_word' id='word_1_241' title='bbox 2531 1744 2604 1797; x_wconf 88' lang='lat' dir='ltr'><strong>ad</strong></span> <span class='ocrx_word' id='word_1_242' title='bbox 2635 1746 2884 1797; x_wconf 90' lang='lat' dir='ltr'><strong>mortem</strong></span> <span class='ocrx_word' id='word_1_243' title='bbox 2918 1744 3005 1796; x_wconf 90' lang='lat' dir='ltr'><strong>ire</strong></span> <span class='ocrx_word' id='word_1_244' title='bbox 3035 1743 3291 1811; x_wconf 90' lang='lat' dir='ltr'><strong>diceres,</strong></span> <span class='ocrx_word' id='word_1_245' title='bbox 3326 1742 3436 1796; x_wconf 87' lang='lat' dir='ltr'><strong>sed</strong></span> <span class='ocrx_word' id='word_1_246' title='bbox 3466 1743 3539 1797; x_wconf 89' lang='lat' dir='ltr'><strong>ad</strong></span> <span class='ocrx_word' id='word_1_247' title='bbox 3571 1758 3752 1814; x_wconf 83' lang='lat' dir='ltr'><strong>spon-</strong></span> 
     </span>
     <span class='ocr_line' id='line_1_18' title="bbox 2080 1831 3747 1859; baseline 0 0"><span class='ocrx_word' id='word_1_248' title='bbox 2080 1849 2209 1859; x_wconf 57' lang='lat' dir='ltr'><strong>nu...</strong></span> <span class='ocrx_word' id='word_1_249' title='bbox 2278 1834 2373 1859; x_wconf 71' lang='grc' dir='ltr'><strong>Αηι</strong></span> <span class='ocrx_word' id='word_1_250' title='bbox 2407 1833 2502 1859; x_wconf 81' lang='grc' dir='ltr'><strong>..ι.;</strong></span> <span class='ocrx_word' id='word_1_251' title='bbox 2540 1831 2864 1859; x_wconf 63' lang='grc' dir='ltr'><strong>,ιιιιιιηιη-..ιζ</strong></span> <span class='ocrx_word' id='word_1_252' title='bbox 2892 1834 3311 1859; x_wconf 45' lang='lat' dir='ltr'><strong>“Ruﬁna-‘4‘..-“</strong></span> <span class='ocrx_word' id='word_1_253' title='bbox 3344 1834 3598 1859; x_wconf 60' lang='lat' dir='ltr'><strong>Ann-\‘nm</strong></span> <span class='ocrx_word' id='word_1_254' title='bbox 3632 1831 3747 1859; x_wconf 62' lang='grc' dir='ltr'><strong>..ζιέ</strong></span> 
     </span>
    </p>
   </div>
   <div class='ocr_carea' id='block_1_18' title="bbox 924 1831 3750 1992">
    <p class='ocr_par' dir='ltr' id='par_1_18' title="bbox 924 1831 3750 1992">
     <span class='ocr_line' id='line_1_19' title="bbox 924 1831 3750 1928; baseline -0.007 -21"><span class='ocrx_word' id='word_1_255' title='bbox 924 1871 1178 1928; x_wconf 61' lang='lat' dir='ltr'><strong>CAPUT</strong></span> <span class='ocrx_word' id='word_1_256' title='bbox 1218 1872 1340 1927; x_wconf 48' lang='grc' dir='ltr'><strong>γη.</strong></span> <span class='ocrx_word' id='word_1_257' title='bbox 1997 1831 2049 1859; x_wconf 65' lang='grc' dir='ltr'>υ</span> <span class='ocrx_word' id='word_1_258' title='bbox 2079 1849 2233 1887; x_wconf 92' lang='lat' dir='ltr'><strong>sum.</strong></span> <span class='ocrx_word' id='word_1_259' title='bbox 2267 1834 2375 1887; x_wconf 86' lang='lat' dir='ltr'><strong>Ast</strong></span> <span class='ocrx_word' id='word_1_260' title='bbox 2407 1833 2505 1886; x_wconf 88' lang='lat' dir='ltr'><strong>ubi</strong></span> <span class='ocrx_word' id='word_1_261' title='bbox 2538 1831 2870 1887; x_wconf 88' lang='lat' dir='ltr'><strong>detestandi</strong></span> <span class='ocrx_word' id='word_1_262' title='bbox 2892 1834 3313 1902; x_wconf 88' lang='lat' dir='ltr'><strong>persecutores</strong></span> <span class='ocrx_word' id='word_1_263' title='bbox 3343 1834 3603 1901; x_wconf 84' lang='lat' dir='ltr'><strong>ereptam</strong></span> <span class='ocrx_word' id='word_1_264' title='bbox 3631 1831 3750 1888; x_wconf 84' lang='lat' dir='ltr'><strong>sibi</strong></span> 
     </span>
     <span class='ocr_line' id='line_1_20' title="bbox 2077 1921 3750 1992; baseline -0.001 -16"><span class='ocrx_word' id='word_1_265' title='bbox 2077 1922 2352 1976; x_wconf 90' lang='lat' dir='ltr'><strong>viderunt</strong></span> <span class='ocrx_word' id='word_1_266' title='bbox 2379 1922 2638 1992; x_wconf 64' lang='lat' dir='ltr'><strong>praedam</strong></span> <span class='ocrx_word' id='word_1_267' title='bbox 2667 1921 2932 1991; x_wconf 88' lang='lat' dir='ltr'><strong>pudoris,</strong></span> <span class='ocrx_word' id='word_1_268' title='bbox 2985 1924 3230 1974; x_wconf 90' lang='lat' dir='ltr'><strong>matrem</strong></span> <span class='ocrx_word' id='word_1_269' title='bbox 3263 1924 3319 1975; x_wconf 90' lang='lat' dir='ltr'><strong>et</strong></span> <span class='ocrx_word' id='word_1_270' title='bbox 3349 1936 3593 1976; x_wconf 86' lang='lat' dir='ltr'><strong>sorores</strong></span> <span class='ocrx_word' id='word_1_271' title='bbox 3625 1937 3750 1976; x_wconf 75' lang='lat' dir='ltr'><strong>cm-</strong></span> 
     </span>
    </p>
   </div>
   <div class='ocr_carea' id='block_1_19' title="bbox 638 1995 3752 2083">
    <p class='ocr_par' dir='ltr' id='par_1_19' title="bbox 638 1995 3752 2083">
     <span class='ocr_line' id='line_1_21' title="bbox 638 1995 3752 2083; baseline -0.002 -12"><span class='ocrx_word' id='word_1_272' title='bbox 638 1997 988 2083; x_wconf 62' lang='grc' dir='ltr'><strong>Μθιτθιξιιεε</strong></span> <span class='ocrx_word' id='word_1_273' title='bbox 1021 1996 1162 2070; x_wconf 75' lang='lat' dir='ltr'><strong>quid</strong></span> <span class='ocrx_word' id='word_1_274' title='bbox 1190 1996 1566 2083; x_wconf 68' lang='grc' dir='ltr'><strong>εοηεζθηάιιζη</strong></span> <span class='ocrx_word' id='word_1_275' title='bbox 1597 1995 1672 2083; x_wconf 56' lang='lat' dir='ltr'><strong>de</strong></span> <span class='ocrx_word' id='word_1_276' title='bbox 1709 1995 1836 2083; x_wconf 61' lang='grc' dir='ltr'><strong>ίζζίβ</strong></span> <span class='ocrx_word' id='word_1_277' title='bbox 1867 1997 1966 2077; x_wconf 62' lang='lat' dir='ltr'><strong>qui</strong></span> <span class='ocrx_word' id='word_1_278' title='bbox 2076 2014 2289 2083; x_wconf 87' lang='lat' dir='ltr'><strong>perunt</strong></span> <span class='ocrx_word' id='word_1_279' title='bbox 2340 2026 2628 2082; x_wconf 71' lang='lat' dir='ltr'><strong>qumrere.</strong></span> <span class='ocrx_word' id='word_1_280' title='bbox 2682 2010 2901 2064; x_wconf 84' lang='lat' dir='ltr'><strong>Verum</strong></span> <span class='ocrx_word' id='word_1_281' title='bbox 2948 2009 3067 2063; x_wconf 73' lang='lat' dir='ltr'><strong>inae</strong></span> <span class='ocrx_word' id='word_1_282' title='bbox 3112 2009 3363 2079; x_wconf 87' lang='lat' dir='ltr'><strong>spiritali</strong></span> <span class='ocrx_word' id='word_1_283' title='bbox 3392 2010 3591 2065; x_wconf 88' lang='lat' dir='ltr'><strong>volatu</strong></span> <span class='ocrx_word' id='word_1_284' title='bbox 3625 2008 3752 2081; x_wconf 87' lang='lat' dir='ltr'><strong>jam</strong></span> 
     </span>
    </p>
   </div>
   <div class='ocr_carea' id='block_1_20' title="bbox 602 2068 3752 2170">
    <p class='ocr_par' dir='ltr' id='par_1_20' title="bbox 602 2068 3752 2170">
     <span class='ocr_line' id='line_1_22' title="bbox 602 2068 3752 2170; baseline 0.01 -48"><span class='ocrx_word' id='word_1_285' title='bbox 602 2068 1962 2170; x_wconf 44' lang='lat' dir='ltr'><strong>persecutognnni’a’nnuidg‘ﬁfiﬁﬂ‘i</strong></span> <span class='ocrx_word' id='word_1_286' title='bbox 2079 2115 2348 2170; x_wconf 84' lang='lat' dir='ltr'><strong>campum</strong></span> <span class='ocrx_word' id='word_1_287' title='bbox 2382 2099 2668 2153; x_wconf 84' lang='lat' dir='ltr'><strong>castitatis</strong></span> <span class='ocrx_word' id='word_1_288' title='bbox 2701 2098 3011 2165; x_wconf 85' lang='lat' dir='ltr'><strong>tenebant,</strong></span> <span class='ocrx_word' id='word_1_289' title='bbox 3046 2114 3180 2152; x_wconf 92' lang='lat' dir='ltr'><strong>cum</strong></span> <span class='ocrx_word' id='word_1_290' title='bbox 3212 2098 3409 2153; x_wconf 89' lang='lat' dir='ltr'><strong>subito</strong></span> <span class='ocrx_word' id='word_1_291' title='bbox 3443 2098 3581 2153; x_wconf 90' lang='lat' dir='ltr'><strong>hinc</strong></span> <span class='ocrx_word' id='word_1_292' title='bbox 3624 2114 3752 2169; x_wconf 89' lang='lat' dir='ltr'><strong>per-</strong></span> 
     </span>
    </p>
   </div>
   <div class='ocr_carea' id='block_1_21' title="bbox 360 2138 3585 2212">
    <p class='ocr_par' dir='ltr' id='par_1_21' title="bbox 360 2138 3585 2212">
     <span class='ocr_line' id='line_1_23' title="bbox 360 2138 3585 2212; baseline -0 1"><span class='ocrx_word' id='word_1_293' title='bbox 360 2138 663 2207; x_wconf 72' lang='grc' dir='ltr'><strong>ίητρνιιιίε.</strong></span> <span class='ocrx_word' id='word_1_294' title='bbox 717 2140 1070 2212; x_wconf 68' lang='lat' dir='ltr'><strong>respondet.-</strong></span> <span class='ocrx_word' id='word_1_295' title='bbox 1121 2154 1299 2212; x_wconf 78' lang='lat' dir='ltr'><strong>coque</strong></span> <span class='ocrx_word' id='word_1_296' title='bbox 1348 2138 1615 2210; x_wconf 55' lang='lat' dir='ltr'><strong>Pelagia-</strong></span> <span class='ocrx_word' id='word_1_297' title='bbox 1669 2138 1958 2212; x_wconf 60' lang='lat' dir='ltr'><strong>w&#39;raizzis.</strong></span> <span class='ocrx_word' id='word_1_298' title='bbox 2080 2138 3414 2212; x_wconf 61' lang='lat' dir='ltr'><strong>:tt:_*::&#39;:;.:‘:’;:&quot;.:::.::i:32&quot;::;:&quot;:-:::&#39;;:‘:</strong></span> <span class='ocrx_word' id='word_1_299' title='bbox 3444 2138 3585 2212; x_wconf 68' lang='lat'><strong>:11&quot;.</strong></span> 
     </span>
    </p>
   </div>
   <div class='ocr_carea' id='block_1_22' title="bbox 363 2186 3755 2284">
    <p class='ocr_par' dir='ltr' id='par_1_22' title="bbox 363 2186 3755 2284">
     <span class='ocr_line' id='line_1_24' title="bbox 363 2186 3755 2284; baseline -0.004 -19"><span class='ocrx_word' id='word_1_300' title='bbox 363 2186 619 2266; x_wconf 59' lang='lat' dir='ltr'><strong>necnon</strong></span> <span class='ocrx_word' id='word_1_301' title='bbox 649 2186 916 2284; x_wconf 55' lang='lat' dir='ltr'><strong>&#39;qjusd’em</strong></span> <span class='ocrx_word' id='word_1_302' title='bbox 964 2186 1180 2284; x_wconf 64' lang='lat' dir='ltr'><strong>matris</strong></span> <span class='ocrx_word' id='word_1_303' title='bbox 1193 2186 1285 2284; x_wconf 42' lang='lat' dir='ltr'><strong>jac</strong></span> <span class='ocrx_word' id='word_1_304' title='bbox 1316 2186 1585 2284; x_wconf 48' lang='lat' dir='ltr'><strong>sorori‘lm</strong></span> <span class='ocrx_word' id='word_1_305' title='bbox 1635 2186 1961 2284; x_wconf 56' lang='lat' dir='ltr'><strong>exemp/nn;</strong></span> <span class='ocrx_word' id='word_1_306' title='bbox 2081 2187 2460 2284; x_wconf 53' lang='grc' dir='ltr'><strong>εέθυῑονηξιιὲ</strong></span> <span class='ocrx_word' id='word_1_307' title='bbox 2492 2187 2962 2284; x_wconf 54' lang='grc' dir='ltr'><strong>ίηξῐηξηθηίίὶιιξε,</strong></span> <span class='ocrx_word' id='word_1_308' title='bbox 2997 2186 3133 2241; x_wconf 69' lang='lat' dir='ltr'><strong>inde</strong></span> <span class='ocrx_word' id='word_1_309' title='bbox 3158 2190 3417 2284; x_wconf 50' lang='grc' dir='ltr'><strong>ιονιξηξεξ</strong></span> <span class='ocrx_word' id='word_1_310' title='bbox 3448 2187 3626 2242; x_wconf 74' lang='grc' dir='ltr'><strong>Πυνίο</strong></span> <span class='ocrx_word' id='word_1_311' title='bbox 3657 2203 3755 2242; x_wconf 72' lang='grc' dir='ltr'><strong>εκ·</strong></span> 
     </span>
    </p>
   </div>
   <div class='ocr_carea' id='block_1_23' title="bbox 360 2273 3748 2354">
    <p class='ocr_par' dir='ltr' id='par_1_23' title="bbox 360 2273 3748 2354">
     <span class='ocr_line' id='line_1_25' title="bbox 360 2273 3748 2354; baseline -0.002 -18"><span class='ocrx_word' id='word_1_312' title='bbox 360 2284 543 2337; x_wconf 80' lang='lat' dir='ltr'><strong>ecnlis</strong></span> <span class='ocrx_word' id='word_1_313' title='bbox 574 2273 842 2354; x_wconf 40' lang='lat' dir='ltr'><strong>subiicit,</strong></span> <span class='ocrx_word' id='word_1_314' title='bbox 863 2281 1171 2354; x_wconf 9' lang='lat' dir='ltr'><strong>rsingulari</strong></span> <span class='ocrx_word' id='word_1_315' title='bbox 1210 2281 1505 2353; x_wconf 78' lang='lat' dir='ltr'><strong>elegantia</strong></span> <span class='ocrx_word' id='word_1_316' title='bbox 1546 2273 1909 2354; x_wconf 71' lang='lat' dir='ltr'><strong>descriptum</strong></span> <span class='ocrx_word' id='word_1_317' title='bbox 1939 2300 1961 2354; x_wconf 84' lang='lat'><strong><em>_:</em></strong></span> <span class='ocrx_word' id='word_1_318' title='bbox 2082 2279 2265 2332; x_wconf 62' lang='lat' dir='ltr'><strong>clusa;</strong></span> <span class='ocrx_word' id='word_1_319' title='bbox 2296 2294 2328 2330; x_wconf 89' lang='lat' dir='ltr'><strong>a</strong></span> <span class='ocrx_word' id='word_1_320' title='bbox 2359 2274 2521 2348; x_wconf 74' lang='lat' dir='ltr'><strong>fu‘ga,</strong></span> <span class='ocrx_word' id='word_1_321' title='bbox 2545 2276 2794 2331; x_wconf 79' lang='lat' dir='ltr'><strong>inclusae</strong></span> <span class='ocrx_word' id='word_1_322' title='bbox 2825 2273 2903 2330; x_wconf 84' lang='lat' dir='ltr'><strong>ad</strong></span> <span class='ocrx_word' id='word_1_323' title='bbox 2934 2290 3247 2330; x_wconf 86' lang='lat' dir='ltr'><strong>coronam:</strong></span> <span class='ocrx_word' id='word_1_324' title='bbox 3273 2273 3421 2338; x_wconf 89' lang='lat' dir='ltr'><strong>Quid</strong></span> <span class='ocrx_word' id='word_1_325' title='bbox 3452 2291 3748 2346; x_wconf 89' lang='lat' dir='ltr'><strong>veremur,</strong></span> 
     </span>
    </p>
   </div>
   <div class='ocr_carea' id='block_1_24' title="bbox 398 2351 2001 2439">
    <p class='ocr_par' dir='ltr' id='par_1_24' title="bbox 398 2351 1966 2439">
     <span class='ocr_line' id='line_1_26' title="bbox 398 2351 1966 2439; baseline -0.001 -32"><span class='ocrx_word' id='word_1_326' title='bbox 398 2355 577 2439; x_wconf 67' lang='lat' dir='ltr'><strong>nibus</strong></span> <span class='ocrx_word' id='word_1_327' title='bbox 608 2351 813 2439; x_wconf 65' lang='lat' dir='ltr'><strong>beatae</strong></span> <span class='ocrx_word' id='word_1_328' title='bbox 835 2351 1117 2435; x_wconf 75' lang='lat' dir='ltr'><strong>Set/ieris</strong></span> <span class='ocrx_word' id='word_1_329' title='bbox 1144 2368 1223 2406; x_wconf 81' lang='lat' dir='ltr'><strong>ex</strong></span> <span class='ocrx_word' id='word_1_330' title='bbox 1261 2351 1368 2439; x_wconf 68' lang='lat' dir='ltr'><strong>qua</strong></span> <span class='ocrx_word' id='word_1_331' title='bbox 1397 2354 1527 2434; x_wconf 64' lang='lat' dir='ltr'><strong>ipse</strong></span> <span class='ocrx_word' id='word_1_332' title='bbox 1557 2351 1966 2439; x_wconf 38' lang='lat' dir='ltr'><strong>eumgerere!-</strong></span> 
     </span>
    </p>
   </div>
   <div class='ocr_carea' id='block_1_25' title="bbox 2148 2351 3751 2439">
    <p class='ocr_par' dir='ltr' id='par_1_25' title="bbox 2148 2363 3751 2439">
     <span class='ocr_line' id='line_1_27' title="bbox 2148 2363 3751 2439; baseline -0.001 -19"><span class='ocrx_word' id='word_1_333' title='bbox 2148 2367 2389 2439; x_wconf 82' lang='lat' dir='ltr'><strong>quiunt‘?</strong></span> <span class='ocrx_word' id='word_1_334' title='bbox 2423 2366 2575 2420; x_wconf 79' lang='lat' dir='ltr'><strong>Ecce</strong></span> <span class='ocrx_word' id='word_1_335' title='bbox 2622 2380 2795 2436; x_wconf 88' lang='lat' dir='ltr'><strong>aqua,</strong></span> <span class='ocrx_word' id='word_1_336' title='bbox 2846 2365 2982 2434; x_wconf 89' lang='lat' dir='ltr'><strong>quis</strong></span> <span class='ocrx_word' id='word_1_337' title='bbox 3014 2380 3127 2418; x_wconf 90' lang='lat' dir='ltr'><strong>nos</strong></span> <span class='ocrx_word' id='word_1_338' title='bbox 3165 2363 3447 2434; x_wconf 84' lang='lat' dir='ltr'><strong>baptizari</strong></span> <span class='ocrx_word' id='word_1_339' title='bbox 3478 2363 3751 2434; x_wconf 81' lang='lat' dir='ltr'><strong>prohibet</strong></span> 
     </span>
    </p>
   </div>
   <div class='ocr_carea' id='block_1_26' title="bbox 386 2423 3749 2525">
    <p class='ocr_par' dir='ltr' id='par_1_26' title="bbox 386 2423 3749 2525">
     <span class='ocr_line' id='line_1_28' title="bbox 386 2423 3749 2525; baseline -0.002 -47"><span class='ocrx_word' id='word_1_340' title='bbox 386 2426 481 2479; x_wconf 83' lang='lat' dir='ltr'><strong>ina</strong></span> <span class='ocrx_word' id='word_1_341' title='bbox 514 2424 814 2479; x_wconf 81' lang='lat' dir='ltr'><strong>ducebant</strong></span> <span class='ocrx_word' id='word_1_342' title='bbox 845 2424 1157 2496; x_wconf 81' lang='lat' dir='ltr'><strong>originem,</strong></span> <span class='ocrx_word' id='word_1_343' title='bbox 1192 2423 1547 2496; x_wconf 74' lang='lat' dir='ltr'><strong>martyrium</strong></span> <span class='ocrx_word' id='word_1_344' title='bbox 1578 2423 1803 2495; x_wconf 66' lang='lat' dir='ltr'><strong>adjicit.</strong></span> <span class='ocrx_word' id='word_1_345' title='bbox 2080 2423 2262 2525; x_wconf 48' lang='grc' dir='ltr'><strong>(Λὲιη</strong></span> <span class='ocrx_word' id='word_1_346' title='bbox 2297 2439 2588 2524; x_wconf 38' lang='lat' dir='ltr'><strong>“M36”</strong></span> <span class='ocrx_word' id='word_1_347' title='bbox 2732 2423 2844 2507; x_wconf 51' lang='grc' dir='ltr'><strong>ᾖδε</strong></span> <span class='ocrx_word' id='word_1_348' title='bbox 2866 2423 3166 2523; x_wconf 44' lang='lat' dir='ltr'><strong>baptisma</strong></span> <span class='ocrx_word' id='word_1_349' title='bbox 3199 2423 3312 2520; x_wconf 46' lang='grc' dir='ltr'><strong>θέτ’</strong></span> <span class='ocrx_word' id='word_1_350' title='bbox 3359 2423 3749 2523; x_wconf 56' lang='lat' dir='ltr'><strong>quo‘peccam</strong></span> 
     </span>
    </p>
   </div>
   <div class='ocr_carea' id='block_1_27' title="bbox 358 2540 3749 2619">
    <p class='ocr_par' dir='ltr' id='par_1_27' title="bbox 358 2540 3749 2619">
     <span class='ocr_line' id='line_1_29' title="bbox 358 2540 3749 2619; baseline -0.003 -16"><span class='ocrx_word' id='word_1_351' title='bbox 358 2550 447 2604; x_wconf 76' lang='lat'><strong>32.</strong></span> <span class='ocrx_word' id='word_1_352' title='bbox 491 2550 633 2604; x_wconf 82' lang='lat' dir='ltr'><strong>Jam</strong></span> <span class='ocrx_word' id='word_1_353' title='bbox 679 2549 753 2603; x_wconf 90' lang='lat' dir='ltr'><strong>ad</strong></span> <span class='ocrx_word' id='word_1_354' title='bbox 782 2549 961 2604; x_wconf 84' lang='lat' dir='ltr'><strong>tinem</strong></span> <span class='ocrx_word' id='word_1_355' title='bbox 1011 2548 1294 2604; x_wconf 89' lang='lat' dir='ltr'><strong>orationis</strong></span> <span class='ocrx_word' id='word_1_356' title='bbox 1325 2548 1455 2603; x_wconf 91' lang='lat' dir='ltr'><strong>vela</strong></span> <span class='ocrx_word' id='word_1_357' title='bbox 1504 2546 1783 2619; x_wconf 80' lang='lat' dir='ltr'><strong>pendenti</strong></span> <span class='ocrx_word' id='word_1_358' title='bbox 1810 2548 1963 2603; x_wconf 88' lang='lat' dir='ltr'><strong>bene</strong></span> <span class='ocrx_word' id='word_1_359' title='bbox 2081 2546 2392 2613; x_wconf 88' lang='lat' dir='ltr'><strong>donantur,</strong></span> <span class='ocrx_word' id='word_1_360' title='bbox 2424 2560 2609 2615; x_wconf 88' lang='lat' dir='ltr'><strong>regna</strong></span> <span class='ocrx_word' id='word_1_361' title='bbox 2641 2546 3006 2614; x_wconf 82' lang='lat' dir='ltr'><strong>quaeruntur.</strong></span> <span class='ocrx_word' id='word_1_362' title='bbox 3053 2540 3123 2595; x_wconf 87' lang='lat' dir='ltr'><strong>Et</strong></span> <span class='ocrx_word' id='word_1_363' title='bbox 3152 2541 3265 2596; x_wconf 90' lang='lat' dir='ltr'><strong>hoc</strong></span> <span class='ocrx_word' id='word_1_364' title='bbox 3294 2541 3587 2610; x_wconf 88' lang='lat' dir='ltr'><strong>baptisma</strong></span> <span class='ocrx_word' id='word_1_365' title='bbox 3634 2543 3749 2610; x_wconf 90' lang='lat' dir='ltr'><strong>est,</strong></span> 
     </span>
    </p>
   </div>
   <div class='ocr_carea' id='block_1_28' title="bbox 297 2630 3750 2710">
    <p class='ocr_par' dir='ltr' id='par_1_28' title="bbox 297 2630 3750 2710">
     <span class='ocr_line' id='line_1_30' title="bbox 297 2630 3750 2710; baseline -0.002 -19"><span class='ocrx_word' id='word_1_366' title='bbox 297 2639 602 2710; x_wconf 82' lang='lat' dir='ltr'><strong>suggeris,</strong></span> <span class='ocrx_word' id='word_1_367' title='bbox 637 2653 812 2693; x_wconf 91' lang='lat' dir='ltr'><strong>soror</strong></span> <span class='ocrx_word' id='word_1_368' title='bbox 841 2640 1067 2704; x_wconf 87' lang='lat' dir='ltr'><strong>sancta,</strong></span> <span class='ocrx_word' id='word_1_369' title='bbox 1100 2638 1241 2708; x_wconf 87' lang='lat' dir='ltr'><strong>quid</strong></span> <span class='ocrx_word' id='word_1_370' title='bbox 1264 2638 1335 2692; x_wconf 89' lang='lat' dir='ltr'><strong>de</strong></span> <span class='ocrx_word' id='word_1_371' title='bbox 1367 2646 1579 2692; x_wconf 86' lang='lat' dir='ltr'><strong>earum&#39;</strong></span> <span class='ocrx_word' id='word_1_372' title='bbox 1600 2637 1826 2693; x_wconf 90' lang='lat' dir='ltr'><strong>meritis</strong></span> <span class='ocrx_word' id='word_1_373' title='bbox 1848 2637 1965 2692; x_wconf 80' lang='lat' dir='ltr'><strong>exi-</strong></span> <span class='ocrx_word' id='word_1_374' title='bbox 2080 2637 2216 2704; x_wconf 89' lang='lat' dir='ltr'><strong>post</strong></span> <span class='ocrx_word' id='word_1_375' title='bbox 2244 2633 2403 2704; x_wconf 90' lang='lat' dir='ltr'><strong>quod</strong></span> <span class='ocrx_word' id='word_1_376' title='bbox 2437 2648 2607 2688; x_wconf 90' lang='lat' dir='ltr'><strong>nemo</strong></span> <span class='ocrx_word' id='word_1_377' title='bbox 2638 2632 2943 2703; x_wconf 87' lang='lat' dir='ltr'><strong>delinquit.</strong></span> <span class='ocrx_word' id='word_1_378' title='bbox 2978 2630 3248 2700; x_wconf 77' lang='lat' dir='ltr'><strong>Excipiet</strong></span> <span class='ocrx_word' id='word_1_379' title='bbox 3270 2645 3381 2685; x_wconf 91' lang='lat' dir='ltr'><strong>nos</strong></span> <span class='ocrx_word' id='word_1_380' title='bbox 3409 2646 3584 2701; x_wconf 81' lang='lat' dir='ltr'><strong>aqua,</strong></span> <span class='ocrx_word' id='word_1_381' title='bbox 3615 2645 3750 2701; x_wconf 63' lang='lat' dir='ltr'><strong>quae</strong></span> 
     </span>
    </p>
   </div>
   <div class='ocr_carea' id='block_1_29' title="bbox 296 2718 3753 2797">
    <p class='ocr_par' dir='ltr' id='par_1_29' title="bbox 296 2718 3753 2797">
     <span class='ocr_line' id='line_1_31' title="bbox 296 2718 3753 2797; baseline -0.001 -18"><span class='ocrx_word' id='word_1_382' title='bbox 296 2728 653 2781; x_wconf 88' lang='lat' dir='ltr'><strong>stimandum</strong></span> <span class='ocrx_word' id='word_1_383' title='bbox 685 2727 781 2796; x_wconf 90' lang='lat' dir='ltr'><strong>sit,</strong></span> <span class='ocrx_word' id='word_1_384' title='bbox 834 2743 967 2797; x_wconf 72' lang='lat' dir='ltr'><strong>quin</strong></span> <span class='ocrx_word' id='word_1_385' title='bbox 1002 2742 1068 2780; x_wconf 91' lang='lat' dir='ltr'><strong>se</strong></span> <span class='ocrx_word' id='word_1_386' title='bbox 1099 2726 1545 2797; x_wconf 64' lang='lat' dir='ltr'><strong>praecipitavere</strong></span> <span class='ocrx_word' id='word_1_387' title='bbox 1588 2742 1663 2780; x_wconf 83' lang='lat' dir='ltr'><strong>ex</strong></span> <span class='ocrx_word' id='word_1_388' title='bbox 1693 2726 1830 2795; x_wconf 90' lang='lat' dir='ltr'><strong>alto,</strong></span> <span class='ocrx_word' id='word_1_389' title='bbox 1870 2725 1965 2779; x_wconf 86' lang='lat' dir='ltr'><strong>vel</strong></span> <span class='ocrx_word' id='word_1_390' title='bbox 2082 2737 2439 2795; x_wconf 86' lang='lat' dir='ltr'><strong>regenerare</strong></span> <span class='ocrx_word' id='word_1_391' title='bbox 2473 2722 2801 2776; x_wconf 90' lang='lat' dir='ltr'><strong>consuevit.</strong></span> <span class='ocrx_word' id='word_1_392' title='bbox 2835 2720 3103 2791; x_wconf 84' lang='lat' dir='ltr'><strong>Excipiet</strong></span> <span class='ocrx_word' id='word_1_393' title='bbox 3132 2735 3244 2774; x_wconf 91' lang='lat' dir='ltr'><strong>nos</strong></span> <span class='ocrx_word' id='word_1_394' title='bbox 3275 2734 3446 2790; x_wconf 85' lang='lat' dir='ltr'><strong>aqua,</strong></span> <span class='ocrx_word' id='word_1_395' title='bbox 3480 2735 3614 2790; x_wconf 61' lang='lat' dir='ltr'><strong>qua</strong></span> <span class='ocrx_word' id='word_1_396' title='bbox 3633 2718 3753 2774; x_wconf 81' lang='lat' dir='ltr'><strong>vir-</strong></span> 
     </span>
    </p>
   </div>
   <div class='ocr_carea' id='block_1_30' title="bbox 294 2807 3749 2884">
    <p class='ocr_par' dir='ltr' id='par_1_30' title="bbox 294 2807 3749 2884">
     <span class='ocr_line' id='line_1_32' title="bbox 294 2807 3749 2884; baseline -0.002 -16"><span class='ocrx_word' id='word_1_397' title='bbox 294 2815 348 2869; x_wconf 93' lang='lat' dir='ltr'><strong>in</strong></span> <span class='ocrx_word' id='word_1_398' title='bbox 375 2816 627 2871; x_wconf 78' lang='lat' dir='ltr'><strong>[luvium</strong></span> <span class='ocrx_word' id='word_1_399' title='bbox 659 2815 1089 2883; x_wconf 84' lang='lat' dir='ltr'><strong>demerserunt,</strong></span> <span class='ocrx_word' id='word_1_400' title='bbox 1143 2831 1215 2870; x_wconf 89' lang='lat' dir='ltr'><strong>ne</strong></span> <span class='ocrx_word' id='word_1_401' title='bbox 1244 2818 1695 2884; x_wconf 89' lang='lat' dir='ltr'><strong>persecutorum</strong></span> <span class='ocrx_word' id='word_1_402' title='bbox 1735 2815 1963 2869; x_wconf 89' lang='lat' dir='ltr'><strong>incide-</strong></span> <span class='ocrx_word' id='word_1_403' title='bbox 2081 2812 2256 2883; x_wconf 86' lang='lat' dir='ltr'><strong>gines</strong></span> <span class='ocrx_word' id='word_1_404' title='bbox 2289 2811 2447 2866; x_wconf 90' lang='lat' dir='ltr'><strong>facit.</strong></span> <span class='ocrx_word' id='word_1_405' title='bbox 2482 2810 2753 2881; x_wconf 81' lang='lat' dir='ltr'><strong>Excipiet</strong></span> <span class='ocrx_word' id='word_1_406' title='bbox 2782 2826 2893 2865; x_wconf 93' lang='lat' dir='ltr'><strong>nos</strong></span> <span class='ocrx_word' id='word_1_407' title='bbox 2924 2824 3096 2881; x_wconf 88' lang='lat' dir='ltr'><strong>aqua,</strong></span> <span class='ocrx_word' id='word_1_408' title='bbox 3131 2824 3264 2880; x_wconf 68' lang='lat' dir='ltr'><strong>quae</strong></span> <span class='ocrx_word' id='word_1_409' title='bbox 3297 2808 3512 2863; x_wconf 66' lang='lat' dir='ltr'><strong>caelum</strong></span> <span class='ocrx_word' id='word_1_410' title='bbox 3542 2807 3749 2878; x_wconf 86' lang='lat' dir='ltr'><strong>aperit,</strong></span> 
     </span>
    </p>
   </div>
   <div class='ocr_carea' id='block_1_31' title="bbox 295 2897 3751 2974">
    <p class='ocr_par' dir='ltr' id='par_1_31' title="bbox 295 2897 3751 2974">
     <span class='ocr_line' id='line_1_33' title="bbox 295 2897 3751 2974; baseline -0.002 -14"><span class='ocrx_word' id='word_1_411' title='bbox 295 2908 415 2960; x_wconf 87' lang='lat' dir='ltr'><strong>rent</strong></span> <span class='ocrx_word' id='word_1_412' title='bbox 437 2920 839 2974; x_wconf 87' lang='lat' dir='ltr'><strong>manus;cum</strong></span> <span class='ocrx_word' id='word_1_413' title='bbox 862 2903 1165 2974; x_wconf 86' lang='lat' dir='ltr'><strong>Scriptura</strong></span> <span class='ocrx_word' id='word_1_414' title='bbox 1188 2903 1384 2958; x_wconf 89' lang='lat' dir='ltr'><strong>divina</strong></span> <span class='ocrx_word' id='word_1_415' title='bbox 1403 2904 1520 2958; x_wconf 90' lang='lat' dir='ltr'><strong>vim</strong></span> <span class='ocrx_word' id='word_1_416' title='bbox 1545 2904 1661 2959; x_wconf 85' lang='lat' dir='ltr'><strong>sibi</strong></span> <span class='ocrx_word' id='word_1_417' title='bbox 1687 2902 1966 2958; x_wconf 86' lang='lat' dir='ltr'><strong>Christia-</strong></span> <span class='ocrx_word' id='word_1_418' title='bbox 2082 2900 2350 2955; x_wconf 78' lang='lat' dir='ltr'><strong>infirmos</strong></span> <span class='ocrx_word' id='word_1_419' title='bbox 2398 2899 2545 2972; x_wconf 86' lang='lat' dir='ltr'><strong>tegit</strong></span> <span class='ocrx_word' id='word_1_420' title='bbox 2590 2900 2735 2971; x_wconf 86' lang='lat'>(58),</span> <span class='ocrx_word' id='word_1_421' title='bbox 2778 2902 3026 2954; x_wconf 89' lang='lat' dir='ltr'><strong>mortem</strong></span> <span class='ocrx_word' id='word_1_422' title='bbox 3074 2897 3408 2965; x_wconf 88' lang='lat' dir='ltr'><strong>abscondit,</strong></span> <span class='ocrx_word' id='word_1_423' title='bbox 3460 2899 3751 2970; x_wconf 69' lang='lat' dir='ltr'><strong>martyres</strong></span> 
     </span>
    </p>
   </div>
   <div class='ocr_carea' id='block_1_32' title="bbox 295 2987 3750 3064">
    <p class='ocr_par' dir='ltr' id='par_1_32' title="bbox 295 2987 3750 3064">
     <span class='ocr_line' id='line_1_34' title="bbox 295 2987 3750 3064; baseline -0.002 -18"><span class='ocrx_word' id='word_1_424' title='bbox 295 3009 417 3048; x_wconf 89' lang='lat' dir='ltr'><strong>nam</strong></span> <span class='ocrx_word' id='word_1_425' title='bbox 450 2994 771 3064; x_wconf 90' lang='lat' dir='ltr'><strong>prohibeat</strong></span> <span class='ocrx_word' id='word_1_426' title='bbox 802 2992 1040 3048; x_wconf 78' lang='lat' dir='ltr'><strong>inferre.</strong></span> <span class='ocrx_word' id='word_1_427' title='bbox 1067 2992 1137 3046; x_wconf 87' lang='lat' dir='ltr'><strong>Et</strong></span> <span class='ocrx_word' id='word_1_428' title='bbox 1169 2992 1406 3063; x_wconf 88' lang='lat' dir='ltr'><strong>quidem</strong></span> <span class='ocrx_word' id='word_1_429' title='bbox 1440 2994 1584 3057; x_wconf 81' lang='lat'><strong>183</strong></span> <span class='ocrx_word' id='word_1_430' title='bbox 1620 2993 1692 3048; x_wconf 90' lang='lat' dir='ltr'><strong>de</strong></span> <span class='ocrx_word' id='word_1_431' title='bbox 1713 2992 1965 3064; x_wconf 85' lang='lat' dir='ltr'><strong>virgini-</strong></span> <span class='ocrx_word' id='word_1_432' title='bbox 2081 2990 2293 3045; x_wconf 92' lang='lat' dir='ltr'><strong>reddit.</strong></span> <span class='ocrx_word' id='word_1_433' title='bbox 2328 2989 2430 3059; x_wconf 85' lang='lat' dir='ltr'><strong>Te,</strong></span> <span class='ocrx_word' id='word_1_434' title='bbox 2484 3005 2681 3044; x_wconf 90' lang='lat' dir='ltr'><strong>rerum</strong></span> <span class='ocrx_word' id='word_1_435' title='bbox 2727 2989 3016 3054; x_wconf 90' lang='lat' dir='ltr'><strong>conditor,</strong></span> <span class='ocrx_word' id='word_1_436' title='bbox 3067 3002 3399 3058; x_wconf 87' lang='lat' dir='ltr'><strong>precamur,</strong></span> <span class='ocrx_word' id='word_1_437' title='bbox 3449 2987 3641 3056; x_wconf 88' lang='lat' dir='ltr'><strong>Deus,</strong></span> <span class='ocrx_word' id='word_1_438' title='bbox 3675 3001 3750 3041; x_wconf 90' lang='lat' dir='ltr'><strong>ne</strong></span> 
     </span>
    </p>
   </div>
   <div class='ocr_carea' id='block_1_33' title="bbox 294 3076 3749 3149">
    <p class='ocr_par' dir='ltr' id='par_1_33' title="bbox 294 3076 3749 3149">
     <span class='ocr_line' id='line_1_35' title="bbox 294 3076 3749 3149; baseline -0.002 -12"><span class='ocrx_word' id='word_1_439' title='bbox 294 3082 400 3138; x_wconf 88' lang='lat' dir='ltr'><strong>bus</strong></span> <span class='ocrx_word' id='word_1_440' title='bbox 420 3083 479 3139; x_wconf 90' lang='lat' dir='ltr'><strong>in</strong></span> <span class='ocrx_word' id='word_1_441' title='bbox 500 3082 866 3139; x_wconf 89' lang='lat' dir='ltr'><strong>necessitate</strong></span> <span class='ocrx_word' id='word_1_442' title='bbox 902 3082 1188 3137; x_wconf 66' lang='lat' dir='ltr'><strong>custodito</strong></span> <span class='ocrx_word' id='word_1_443' title='bbox 1226 3081 1562 3137; x_wconf 88' lang='lat' dir='ltr'><strong>constitutis</strong></span> <span class='ocrx_word' id='word_1_444' title='bbox 1580 3081 1831 3137; x_wconf 90' lang='lat' dir='ltr'><strong>enodem</strong></span> <span class='ocrx_word' id='word_1_445' title='bbox 1853 3081 1963 3135; x_wconf 89' lang='lat' dir='ltr'><strong>ha-</strong></span> <span class='ocrx_word' id='word_1_446' title='bbox 2022 3148 2025 3149; x_wconf 17' lang='grc' dir='ltr'><em>ν</em></span> <span class='ocrx_word' id='word_1_447' title='bbox 2082 3078 2410 3134; x_wconf 87' lang='lat' dir='ltr'><strong>exanimata</strong></span> <span class='ocrx_word' id='word_1_448' title='bbox 2441 3079 2653 3149; x_wconf 89' lang='lat' dir='ltr'><strong>spiritu</strong></span> <span class='ocrx_word' id='word_1_449' title='bbox 2684 3093 2934 3149; x_wconf 90' lang='lat' dir='ltr'><strong>corpora</strong></span> <span class='ocrx_word' id='word_1_450' title='bbox 2982 3076 3077 3132; x_wconf 88' lang='lat' dir='ltr'><strong>vel</strong></span> <span class='ocrx_word' id='word_1_451' title='bbox 3108 3077 3263 3131; x_wconf 87' lang='lat' dir='ltr'><strong>unda</strong></span> <span class='ocrx_word' id='word_1_452' title='bbox 3301 3076 3641 3148; x_wconf 87' lang='lat' dir='ltr'><strong>dispergat;</strong></span> <span class='ocrx_word' id='word_1_453' title='bbox 3674 3090 3749 3129; x_wconf 89' lang='lat' dir='ltr'><strong>ne</strong></span> 
     </span>
    </p>
   </div>
   <div class='ocr_carea' id='block_1_34' title="bbox 294 3148 3750 3243">
    <p class='ocr_par' dir='ltr' id='par_1_34' title="bbox 294 3148 3750 3243">
     <span class='ocr_line' id='line_1_36' title="bbox 294 3148 3750 3243; baseline -0.003 -16"><span class='ocrx_word' id='word_1_454' title='bbox 294 3171 497 3229; x_wconf 91' lang='lat' dir='ltr'><strong>bemus</strong></span> <span class='ocrx_word' id='word_1_455' title='bbox 520 3173 943 3241; x_wconf 88' lang='lat' dir='ltr'><strong>assertionem,</strong></span> <span class='ocrx_word' id='word_1_456' title='bbox 964 3187 1095 3226; x_wconf 92' lang='lat' dir='ltr'><strong>cum</strong></span> <span class='ocrx_word' id='word_1_457' title='bbox 1112 3170 1584 3243; x_wconf 76' lang='lat' dir='ltr'><strong>martyriiexstet</strong></span> <span class='ocrx_word' id='word_1_458' title='bbox 1604 3170 1959 3241; x_wconf 86' lang='lat' dir='ltr'><strong>exemplum.</strong></span> <span class='ocrx_word' id='word_1_459' title='bbox 2000 3148 2051 3210; x_wconf 72' lang='grc' dir='ltr'>Ο</span> <span class='ocrx_word' id='word_1_460' title='bbox 2083 3183 2244 3222; x_wconf 88' lang='lat' dir='ltr'><strong>mors</strong></span> <span class='ocrx_word' id='word_1_461' title='bbox 2277 3148 2511 3238; x_wconf 85' lang='lat' dir='ltr'><strong>separet</strong></span> <span class='ocrx_word' id='word_1_462' title='bbox 2542 3166 2768 3235; x_wconf 84' lang='lat' dir='ltr'><strong>funera,</strong></span> <span class='ocrx_word' id='word_1_463' title='bbox 2800 3148 3050 3237; x_wconf 86' lang='lat' dir='ltr'><strong>quarum</strong></span> <span class='ocrx_word' id='word_1_464' title='bbox 3077 3164 3258 3219; x_wconf 86' lang='lat' dir='ltr'><strong>vitam</strong></span> <span class='ocrx_word' id='word_1_465' title='bbox 3295 3179 3414 3218; x_wconf 89' lang='lat' dir='ltr'><strong>non</strong></span> <span class='ocrx_word' id='word_1_466' title='bbox 3445 3163 3750 3235; x_wconf 86' lang='lat' dir='ltr'><strong>separavit</strong></span> 
     </span>
    </p>
   </div>
   <div class='ocr_carea' id='block_1_35' title="bbox 358 3255 3749 3333">
    <p class='ocr_par' dir='ltr' id='par_1_35' title="bbox 358 3255 3749 3333">
     <span class='ocr_line' id='line_1_37' title="bbox 358 3255 3749 3333; baseline -0.003 -16"><span class='ocrx_word' id='word_1_467' title='bbox 358 3262 446 3317; x_wconf 84' lang='lat'><strong>83.</strong></span> <span class='ocrx_word' id='word_1_468' title='bbox 492 3262 714 3317; x_wconf 85' lang='lat' dir='ltr'><strong>Sancta</strong></span> <span class='ocrx_word' id='word_1_469' title='bbox 765 3261 1002 3333; x_wconf 87' lang='lat' dir='ltr'><strong>Pelagia</strong></span> <span class='ocrx_word' id='word_1_470' title='bbox 1045 3260 1199 3331; x_wconf 89' lang='lat' dir='ltr'><strong>apud</strong></span> <span class='ocrx_word' id='word_1_471' title='bbox 1245 3259 1618 3315; x_wconf 84' lang='lat' dir='ltr'><strong>Antiochiam</strong></span> <span class='ocrx_word' id='word_1_472' title='bbox 1667 3259 1962 3331; x_wconf 89' lang='lat' dir='ltr'><strong>quondam</strong></span> <span class='ocrx_word' id='word_1_473' title='bbox 2079 3256 2325 3312; x_wconf 81' lang='lat' dir='ltr'><strong>affectus</strong></span> <span class='ocrx_word' id='word_1_474' title='bbox 2360 3272 2372 3310; x_wconf 89' lang='lat'>:</span> <span class='ocrx_word' id='word_1_475' title='bbox 2408 3255 2514 3311; x_wconf 91' lang='lat' dir='ltr'><strong>sed</strong></span> <span class='ocrx_word' id='word_1_476' title='bbox 2546 3255 2624 3310; x_wconf 90' lang='lat' dir='ltr'><strong>sit</strong></span> <span class='ocrx_word' id='word_1_477' title='bbox 2672 3270 2787 3310; x_wconf 90' lang='lat' dir='ltr'><strong>una</strong></span> <span class='ocrx_word' id='word_1_478' title='bbox 2820 3255 3183 3323; x_wconf 89' lang='lat' dir='ltr'><strong>constantia,</strong></span> <span class='ocrx_word' id='word_1_479' title='bbox 3232 3268 3348 3308; x_wconf 89' lang='lat' dir='ltr'><strong>una</strong></span> <span class='ocrx_word' id='word_1_480' title='bbox 3395 3268 3579 3322; x_wconf 92' lang='lat' dir='ltr'><strong>mors,</strong></span> <span class='ocrx_word' id='word_1_481' title='bbox 3630 3267 3749 3308; x_wconf 86' lang='lat' dir='ltr'><strong>una</strong></span> 
     </span>
    </p>
   </div>
   <div class='ocr_carea' id='block_1_36' title="bbox 295 3334 3632 3422">
    <p class='ocr_par' dir='ltr' id='par_1_36' title="bbox 295 3334 3632 3422">
     <span class='ocr_line' id='line_1_38' title="bbox 295 3334 3632 3422; baseline -0.003 -18"><span class='ocrx_word' id='word_1_482' title='bbox 295 3350 414 3420; x_wconf 75' lang='lat' dir='ltr'><strong>fuit,</strong></span> <span class='ocrx_word' id='word_1_483' title='bbox 447 3367 745 3406; x_wconf 89' lang='lat' dir='ltr'><strong>annorum</strong></span> <span class='ocrx_word' id='word_1_484' title='bbox 778 3349 900 3404; x_wconf 79' lang='lat' dir='ltr'><strong>fere</strong></span> <span class='ocrx_word' id='word_1_485' title='bbox 933 3349 1300 3422; x_wconf 89' lang='lat' dir='ltr'><strong>quindecim,</strong></span> <span class='ocrx_word' id='word_1_486' title='bbox 1334 3364 1510 3404; x_wconf 90' lang='lat' dir='ltr'><strong>soror</strong></span> <span class='ocrx_word' id='word_1_487' title='bbox 1538 3348 1857 3420; x_wconf 87' lang='lat' dir='ltr'><strong>virginum,</strong></span> <span class='ocrx_word' id='word_1_488' title='bbox 1906 3351 1964 3402; x_wconf 90' lang='lat' dir='ltr'><strong>et</strong></span> <span class='ocrx_word' id='word_1_489' title='bbox 2080 3347 2253 3401; x_wconf 90' lang='lat' dir='ltr'><strong>etiam</strong></span> <span class='ocrx_word' id='word_1_490' title='bbox 2287 3345 2611 3416; x_wconf 90' lang='lat' dir='ltr'><strong>sepultura.</strong></span> <span class='ocrx_word' id='word_1_491' title='bbox 3611 3334 3632 3356; x_wconf 90' lang='grc'>⁶</span> 
     </span>
    </p>
   </div>
   <div class='ocr_carea' id='block_1_37' title="bbox 293 3430 3748 3511">
    <p class='ocr_par' dir='ltr' id='par_1_37' title="bbox 293 3430 3748 3511">
     <span class='ocr_line' id='line_1_39' title="bbox 293 3430 3748 3511; baseline -0.003 -17"><span class='ocrx_word' id='word_1_492' title='bbox 293 3438 412 3510; x_wconf 88' lang='lat' dir='ltr'><strong>ipsa</strong></span> <span class='ocrx_word' id='word_1_493' title='bbox 441 3440 643 3511; x_wconf 88' lang='lat' dir='ltr'><strong>virgo.</strong></span> <span class='ocrx_word' id='word_1_494' title='bbox 673 3439 813 3493; x_wconf 83' lang='lat' dir='ltr'><strong>Haec</strong></span> <span class='ocrx_word' id='word_1_495' title='bbox 844 3439 1033 3509; x_wconf 89' lang='lat' dir='ltr'><strong>primo</strong></span> <span class='ocrx_word' id='word_1_496' title='bbox 1064 3438 1223 3493; x_wconf 87' lang='lat' dir='ltr'><strong>domi</strong></span> <span class='ocrx_word' id='word_1_497' title='bbox 1244 3438 1501 3493; x_wconf 88' lang='lat' dir='ltr'><strong>classico</strong></span> <span class='ocrx_word' id='word_1_498' title='bbox 1525 3437 1961 3509; x_wconf 90' lang='lat' dir='ltr'><strong>persecutionis</strong></span> <span class='ocrx_word' id='word_1_499' title='bbox 2162 3435 2307 3500; x_wconf 84' lang='lat'><strong>184</strong></span> <span class='ocrx_word' id='word_1_500' title='bbox 2335 3434 2425 3489; x_wconf 82' lang='lat'><strong>35.</strong></span> <span class='ocrx_word' id='word_1_501' title='bbox 2462 3434 2605 3488; x_wconf 82' lang='lat' dir='ltr'><strong>llaec</strong></span> <span class='ocrx_word' id='word_1_502' title='bbox 2635 3431 2844 3501; x_wconf 67' lang='lat' dir='ltr'><strong>effetae,</strong></span> <span class='ocrx_word' id='word_1_503' title='bbox 2879 3435 2937 3487; x_wconf 93' lang='lat' dir='ltr'><strong>et</strong></span> <span class='ocrx_word' id='word_1_504' title='bbox 2976 3447 3274 3504; x_wconf 87' lang='lat' dir='ltr'><strong>suspenso</strong></span> <span class='ocrx_word' id='word_1_505' title='bbox 3319 3430 3623 3502; x_wconf 88' lang='lat' dir='ltr'><strong>paululum</strong></span> <span class='ocrx_word' id='word_1_506' title='bbox 3650 3430 3748 3484; x_wconf 89' lang='lat' dir='ltr'><strong>in-</strong></span> 
     </span>
    </p>
   </div>
   <div class='ocr_carea' id='block_1_38' title="bbox 295 3520 3752 3598">
    <p class='ocr_par' dir='ltr' id='par_1_38' title="bbox 295 3520 3752 3598">
     <span class='ocr_line' id='line_1_40' title="bbox 295 3520 3752 3598; baseline -0.003 -17"><span class='ocrx_word' id='word_1_507' title='bbox 295 3528 539 3598; x_wconf 88' lang='lat' dir='ltr'><strong>inclusa,</strong></span> <span class='ocrx_word' id='word_1_508' title='bbox 581 3544 715 3584; x_wconf 91' lang='lat' dir='ltr'><strong>cum</strong></span> <span class='ocrx_word' id='word_1_509' title='bbox 744 3543 809 3582; x_wconf 90' lang='lat' dir='ltr'><strong>se</strong></span> <span class='ocrx_word' id='word_1_510' title='bbox 838 3544 871 3581; x_wconf 89' lang='lat' dir='ltr'><strong>a</strong></span> <span class='ocrx_word' id='word_1_511' title='bbox 903 3527 1285 3598; x_wconf 80' lang='lat' dir='ltr'><strong>praedonibus</strong></span> <span class='ocrx_word' id='word_1_512' title='bbox 1305 3526 1438 3581; x_wconf 80' lang='lat' dir='ltr'><strong>fidei</strong></span> <span class='ocrx_word' id='word_1_513' title='bbox 1458 3526 1552 3581; x_wconf 90' lang='lat' dir='ltr'><strong>vel</strong></span> <span class='ocrx_word' id='word_1_514' title='bbox 1574 3526 1819 3596; x_wconf 89' lang='lat' dir='ltr'><strong>pudoris</strong></span> <span class='ocrx_word' id='word_1_515' title='bbox 1842 3526 1961 3580; x_wconf 87' lang='lat' dir='ltr'><strong>eir-</strong></span> <span class='ocrx_word' id='word_1_516' title='bbox 2079 3524 2336 3579; x_wconf 92' lang='lat' dir='ltr'><strong>cinctum</strong></span> <span class='ocrx_word' id='word_1_517' title='bbox 2368 3524 2507 3577; x_wconf 89' lang='lat' dir='ltr'><strong>sinu</strong></span> <span class='ocrx_word' id='word_1_518' title='bbox 2528 3522 2663 3593; x_wconf 85' lang='lat'><strong>(59),</strong></span> <span class='ocrx_word' id='word_1_519' title='bbox 2688 3537 2805 3593; x_wconf 91' lang='lat' dir='ltr'><strong>quo</strong></span> <span class='ocrx_word' id='word_1_520' title='bbox 2824 3520 3109 3592; x_wconf 92' lang='lat' dir='ltr'><strong>pudorem</strong></span> <span class='ocrx_word' id='word_1_521' title='bbox 3129 3523 3417 3593; x_wconf 88' lang='lat' dir='ltr'><strong>tegerent,</strong></span> <span class='ocrx_word' id='word_1_522' title='bbox 3442 3535 3553 3575; x_wconf 91' lang='lat' dir='ltr'><strong>nec</strong></span> <span class='ocrx_word' id='word_1_523' title='bbox 3583 3533 3752 3591; x_wconf 81' lang='lat' dir='ltr'><strong>gres~</strong></span> 
     </span>
    </p>
   </div>
   <div class='ocr_carea' id='block_1_39' title="bbox 297 3607 3749 3686">
    <p class='ocr_par' dir='ltr' id='par_1_39' title="bbox 297 3607 3749 3686">
     <span class='ocr_line' id='line_1_41' title="bbox 297 3607 3749 3686; baseline -0.003 -15"><span class='ocrx_word' id='word_1_524' title='bbox 297 3616 615 3672; x_wconf 89' lang='lat' dir='ltr'><strong>cumsideri</strong></span> <span class='ocrx_word' id='word_1_525' title='bbox 643 3617 892 3686; x_wconf 89' lang='lat' dir='ltr'><strong>videret,</strong></span> <span class='ocrx_word' id='word_1_526' title='bbox 915 3616 1161 3671; x_wconf 90' lang='lat' dir='ltr'><strong>absente</strong></span> <span class='ocrx_word' id='word_1_527' title='bbox 1187 3618 1371 3670; x_wconf 88' lang='lat' dir='ltr'><strong>matre</strong></span> <span class='ocrx_word' id='word_1_528' title='bbox 1409 3617 1467 3670; x_wconf 91' lang='lat' dir='ltr'><strong>et</strong></span> <span class='ocrx_word' id='word_1_529' title='bbox 1487 3614 1822 3685; x_wconf 89' lang='lat' dir='ltr'><strong>sororibus,</strong></span> <span class='ocrx_word' id='word_1_530' title='bbox 1855 3630 1960 3668; x_wconf 88' lang='lat' dir='ltr'><strong>va-</strong></span> <span class='ocrx_word' id='word_1_531' title='bbox 2076 3629 2211 3667; x_wconf 92' lang='lat' dir='ltr'><strong>sum</strong></span> <span class='ocrx_word' id='word_1_532' title='bbox 2260 3612 2632 3682; x_wconf 88' lang='lat' dir='ltr'><strong>impedirent,</strong></span> <span class='ocrx_word' id='word_1_533' title='bbox 2666 3610 2963 3665; x_wconf 90' lang='lat' dir='ltr'><strong>consertis</strong></span> <span class='ocrx_word' id='word_1_534' title='bbox 2994 3609 3267 3664; x_wconf 91' lang='lat' dir='ltr'><strong>manibus</strong></span> <span class='ocrx_word' id='word_1_535' title='bbox 3297 3613 3577 3680; x_wconf 89' lang='lat' dir='ltr'><strong>tanquam</strong></span> <span class='ocrx_word' id='word_1_536' title='bbox 3606 3607 3749 3663; x_wconf 88' lang='lat' dir='ltr'><strong>cho-</strong></span> 
     </span>
    </p>
   </div>
   <div class='ocr_carea' id='block_1_40' title="bbox 296 3698 3743 3777">
    <p class='ocr_par' dir='ltr' id='par_1_40' title="bbox 296 3698 3743 3777">
     <span class='ocr_line' id='line_1_42' title="bbox 296 3698 3743 3777; baseline -0.002 -18"><span class='ocrx_word' id='word_1_537' title='bbox 296 3721 394 3760; x_wconf 90' lang='lat' dir='ltr'><strong>cua</strong></span> <span class='ocrx_word' id='word_1_538' title='bbox 426 3704 736 3777; x_wconf 64' lang='lat' dir='ltr'><strong>prmsidio,</strong></span> <span class='ocrx_word' id='word_1_539' title='bbox 769 3706 877 3759; x_wconf 90' lang='lat' dir='ltr'><strong>sed</strong></span> <span class='ocrx_word' id='word_1_540' title='bbox 926 3706 1047 3761; x_wconf 92' lang='lat' dir='ltr'><strong>Deo</strong></span> <span class='ocrx_word' id='word_1_541' title='bbox 1079 3705 1311 3775; x_wconf 90' lang='lat' dir='ltr'><strong>plenior</strong></span> <span class='ocrx_word' id='word_1_542' title='bbox 1342 3722 1353 3758; x_wconf 90' lang='lat'>:</span> <span class='ocrx_word' id='word_1_543' title='bbox 1389 3703 1539 3771; x_wconf 91' lang='lat' dir='ltr'><strong>Quid</strong></span> <span class='ocrx_word' id='word_1_544' title='bbox 1577 3704 1832 3776; x_wconf 88' lang='lat' dir='ltr'><strong>agimus,</strong></span> <span class='ocrx_word' id='word_1_545' title='bbox 1867 3704 1957 3759; x_wconf 84' lang='lat' dir='ltr'><strong>in-</strong></span> <span class='ocrx_word' id='word_1_546' title='bbox 2074 3718 2179 3757; x_wconf 88' lang='lat' dir='ltr'><strong>ros</strong></span> <span class='ocrx_word' id='word_1_547' title='bbox 2223 3701 2527 3769; x_wconf 87' lang='lat' dir='ltr'><strong>ducerent,</strong></span> <span class='ocrx_word' id='word_1_548' title='bbox 2578 3701 2639 3755; x_wconf 92' lang='lat' dir='ltr'><strong>in</strong></span> <span class='ocrx_word' id='word_1_549' title='bbox 2683 3699 2940 3755; x_wconf 86' lang='lat' dir='ltr'><strong>medium</strong></span> <span class='ocrx_word' id='word_1_550' title='bbox 2970 3698 3433 3771; x_wconf 88' lang='lat' dir='ltr'><strong>progrediuntur</strong></span> <span class='ocrx_word' id='word_1_551' title='bbox 3461 3698 3696 3753; x_wconf 90' lang='lat' dir='ltr'><strong>alveum</strong></span> <span class='ocrx_word' id='word_1_552' title='bbox 3728 3712 3743 3751; x_wconf 93' lang='lat'><strong>:</strong></span> 
     </span>
    </p>
   </div>
   <div class='ocr_carea' id='block_1_41' title="bbox 294 3786 3746 3866">
    <p class='ocr_par' dir='ltr' id='par_1_41' title="bbox 294 3786 3746 3866">
     <span class='ocr_line' id='line_1_43' title="bbox 294 3786 3746 3866; baseline -0.003 -16"><span class='ocrx_word' id='word_1_553' title='bbox 294 3796 429 3866; x_wconf 86' lang='lat' dir='ltr'><strong>quit,</strong></span> <span class='ocrx_word' id='word_1_554' title='bbox 463 3795 589 3850; x_wconf 89' lang='lat' dir='ltr'><strong>nisi</strong></span> <span class='ocrx_word' id='word_1_555' title='bbox 629 3793 996 3864; x_wconf 89' lang='lat' dir='ltr'><strong>prospicias,</strong></span> <span class='ocrx_word' id='word_1_556' title='bbox 1036 3793 1265 3864; x_wconf 87' lang='lat' dir='ltr'><strong>captiva</strong></span> <span class='ocrx_word' id='word_1_557' title='bbox 1306 3793 1665 3865; x_wconf 86' lang='lat' dir='ltr'><strong>virginitatis</strong></span> <span class='ocrx_word' id='word_1_558' title='bbox 1699 3792 1851 3863; x_wconf 76' lang='lat'><strong>(54)?</strong></span> <span class='ocrx_word' id='word_1_559' title='bbox 1891 3792 1961 3847; x_wconf 89' lang='lat' dir='ltr'><strong>Et</strong></span> <span class='ocrx_word' id='word_1_560' title='bbox 2078 3791 2179 3846; x_wconf 86' lang='lat' dir='ltr'><strong>ubi</strong></span> <span class='ocrx_word' id='word_1_561' title='bbox 2209 3791 2362 3845; x_wconf 89' lang='lat' dir='ltr'><strong>unda</strong></span> <span class='ocrx_word' id='word_1_562' title='bbox 2395 3789 2732 3859; x_wconf 90' lang='lat' dir='ltr'><strong>torrentior,</strong></span> <span class='ocrx_word' id='word_1_563' title='bbox 2765 3789 2869 3844; x_wconf 88' lang='lat' dir='ltr'><strong>ubi</strong></span> <span class='ocrx_word' id='word_1_564' title='bbox 2896 3788 3257 3859; x_wconf 88' lang='lat' dir='ltr'><strong>profundum</strong></span> <span class='ocrx_word' id='word_1_565' title='bbox 3287 3787 3619 3857; x_wconf 89' lang='lat' dir='ltr'><strong>abruptius,</strong></span> <span class='ocrx_word' id='word_1_566' title='bbox 3645 3786 3746 3841; x_wconf 93' lang='lat' dir='ltr'><strong>illo</strong></span> 
     </span>
    </p>
   </div>
   <div class='ocr_carea' id='block_1_42' title="bbox 297 3875 3748 3971">
    <p class='ocr_par' dir='ltr' id='par_1_42' title="bbox 297 3875 3748 3971">
     <span class='ocr_line' id='line_1_44' title="bbox 297 3875 3748 3971; baseline -0.002 -33"><span class='ocrx_word' id='word_1_567' title='bbox 297 3888 486 3939; x_wconf 89' lang='lat' dir='ltr'><strong>votum</strong></span> <span class='ocrx_word' id='word_1_568' title='bbox 519 3887 637 3953; x_wconf 91' lang='lat' dir='ltr'><strong>est,</strong></span> <span class='ocrx_word' id='word_1_569' title='bbox 672 3886 729 3938; x_wconf 91' lang='lat' dir='ltr'><strong>et</strong></span> <span class='ocrx_word' id='word_1_570' title='bbox 759 3887 950 3938; x_wconf 92' lang='lat' dir='ltr'><strong>metus</strong></span> <span class='ocrx_word' id='word_1_571' title='bbox 966 3886 1073 3971; x_wconf 47' lang='lat' dir='ltr'><strong>\est</strong></span> <span class='ocrx_word' id='word_1_572' title='bbox 1103 3882 1284 3953; x_wconf 88' lang='lat' dir='ltr'><strong>mori;</strong></span> <span class='ocrx_word' id='word_1_573' title='bbox 1314 3882 1450 3954; x_wconf 87' lang='lat' dir='ltr'><strong>quia</strong></span> <span class='ocrx_word' id='word_1_574' title='bbox 1474 3897 1636 3937; x_wconf 90' lang='lat' dir='ltr'><strong>mors</strong></span> <span class='ocrx_word' id='word_1_575' title='bbox 1654 3897 1772 3937; x_wconf 92' lang='lat' dir='ltr'><strong>non</strong></span> <span class='ocrx_word' id='word_1_576' title='bbox 1795 3880 1959 3936; x_wconf 88' lang='lat' dir='ltr'><strong>exci-</strong></span> <span class='ocrx_word' id='word_1_577' title='bbox 2073 3880 2395 3953; x_wconf 88' lang='lat' dir='ltr'><strong>vestigium</strong></span> <span class='ocrx_word' id='word_1_578' title='bbox 2442 3879 2790 3952; x_wconf 86' lang='lat' dir='ltr'><strong>dirigentes.</strong></span> <span class='ocrx_word' id='word_1_579' title='bbox 2842 3878 3020 3933; x_wconf 86' lang='lat' dir='ltr'><strong>Nulla</strong></span> <span class='ocrx_word' id='word_1_580' title='bbox 3067 3876 3280 3949; x_wconf 91' lang='lat' dir='ltr'><strong>pedem</strong></span> <span class='ocrx_word' id='word_1_581' title='bbox 3324 3876 3543 3946; x_wconf 88' lang='lat' dir='ltr'><strong>retulit,</strong></span> <span class='ocrx_word' id='word_1_582' title='bbox 3586 3875 3748 3931; x_wconf 91' lang='lat' dir='ltr'><strong>nulla</strong></span> 
     </span>
    </p>
   </div>
   <div class='ocr_carea' id='block_1_43' title="bbox 357 4018 3743 4095">
    <p class='ocr_par' dir='ltr' id='par_1_43' title="bbox 357 4018 3743 4095">
     <span class='ocr_line' id='line_1_45' title="bbox 357 4018 3743 4095; baseline -0.002 -14"><span class='ocrx_word' id='word_1_583' title='bbox 357 4027 466 4095; x_wconf 81' lang='lat'><strong>(5|)</strong></span> <span class='ocrx_word' id='word_1_584' title='bbox 497 4025 657 4081; x_wconf 84' lang='lat' dir='ltr'><strong>Edit.</strong></span> <span class='ocrx_word' id='word_1_585' title='bbox 692 4040 930 4091; x_wconf 91' lang='lat' dir='ltr'><strong>omnes,</strong></span> <span class='ocrx_word' id='word_1_586' title='bbox 966 4030 1024 4080; x_wconf 86' lang='lat' dir='ltr'><strong>et</strong></span> <span class='ocrx_word' id='word_1_587' title='bbox 1056 4025 1244 4079; x_wconf 84' lang='lat' dir='ltr'><strong>adhuc</strong></span> <span class='ocrx_word' id='word_1_588' title='bbox 1298 4026 1569 4095; x_wconf 80' lang='lat' dir='ltr'><strong>timetur;</strong></span> <span class='ocrx_word' id='word_1_589' title='bbox 1616 4039 1763 4079; x_wconf 90' lang='lat' dir='ltr'><strong>mss.</strong></span> <span class='ocrx_word' id='word_1_590' title='bbox 1817 4040 1957 4080; x_wconf 89' lang='lat' dir='ltr'><strong>vero</strong></span> <span class='ocrx_word' id='word_1_591' title='bbox 2073 4022 2265 4095; x_wconf 81' lang='lat' dir='ltr'><strong>cipuis</strong></span> <span class='ocrx_word' id='word_1_592' title='bbox 2315 4021 2775 4095; x_wconf 82' lang='lat' dir='ltr'><strong>circumstantiis</strong></span> <span class='ocrx_word' id='word_1_593' title='bbox 2821 4037 3043 4095; x_wconf 79' lang='lat' dir='ltr'><strong>eorum</strong></span> <span class='ocrx_word' id='word_1_594' title='bbox 3075 4019 3342 4095; x_wconf 78' lang='lat' dir='ltr'><strong>historiae</strong></span> <span class='ocrx_word' id='word_1_595' title='bbox 3376 4018 3743 4095; x_wconf 85' lang='lat' dir='ltr'><strong>_dissid_eant_.</strong></span> 
     </span>
    </p>
   </div>
   <div class='ocr_carea' id='block_1_44' title="bbox 294 4089 3741 4165">
    <p class='ocr_par' dir='ltr' id='par_1_44' title="bbox 294 4089 3741 4165">
     <span class='ocr_line' id='line_1_46' title="bbox 294 4089 3741 4165; baseline -0.002 -15"><span class='ocrx_word' id='word_1_596' title='bbox 294 4089 412 4152; x_wconf 78' lang='lat' dir='ltr'><strong>fere</strong></span> <span class='ocrx_word' id='word_1_597' title='bbox 443 4089 517 4153; x_wconf 80' lang='lat' dir='ltr'><strong>ad</strong></span> <span class='ocrx_word' id='word_1_598' title='bbox 552 4113 755 4165; x_wconf 91' lang='lat' dir='ltr'><strong>unum,</strong></span> <span class='ocrx_word' id='word_1_599' title='bbox 791 4103 850 4150; x_wconf 86' lang='lat' dir='ltr'><strong>et</strong></span> <span class='ocrx_word' id='word_1_600' title='bbox 882 4089 1072 4151; x_wconf 83' lang='lat' dir='ltr'><strong>adhuc</strong></span> <span class='ocrx_word' id='word_1_601' title='bbox 1106 4098 1300 4151; x_wconf 82' lang='lat' dir='ltr'><strong>times.</strong></span> <span class='ocrx_word' id='word_1_602' title='bbox 1558 4089 1566 4095; x_wconf 80' lang='grc'><em>’</em></span> <span class='ocrx_word' id='word_1_603' title='bbox 2070 4089 2188 4148; x_wconf 63' lang='lat' dir='ltr'><strong>sed</strong></span> <span class='ocrx_word' id='word_1_604' title='bbox 2236 4094 2308 4148; x_wconf 91' lang='lat' dir='ltr'><strong>de</strong></span> <span class='ocrx_word' id='word_1_605' title='bbox 2336 4094 2453 4165; x_wconf 90' lang='lat' dir='ltr'><strong>his</strong></span> <span class='ocrx_word' id='word_1_606' title='bbox 2499 4093 2744 4147; x_wconf 87' lang='lat' dir='ltr'><strong>consule</strong></span> <span class='ocrx_word' id='word_1_607' title='bbox 2796 4093 2973 4165; x_wconf 47' lang='lat' dir='ltr'><strong>card.</strong></span> <span class='ocrx_word' id='word_1_608' title='bbox 3006 4092 3326 4165; x_wconf 74' lang='lat' dir='ltr'><strong>Beronium</strong></span> <span class='ocrx_word' id='word_1_609' title='bbox 3373 4091 3447 4165; x_wconf 89' lang='lat' dir='ltr'><strong>in_</strong></span> <span class='ocrx_word' id='word_1_610' title='bbox 3476 4090 3634 4165; x_wconf 82' lang='lat' dir='ltr'><strong>notis</strong></span> <span class='ocrx_word' id='word_1_611' title='bbox 3664 4089 3741 4165; x_wconf 77' lang='lat' dir='ltr'><strong>ad</strong></span> 
     </span>
    </p>
   </div>
   <div class='ocr_carea' id='block_1_45' title="bbox 360 4159 3742 4239">
    <p class='ocr_par' dir='ltr' id='par_1_45' title="bbox 360 4159 3742 4239">
     <span class='ocr_line' id='line_1_47' title="bbox 360 4159 3742 4239; baseline -0.002 -17"><span class='ocrx_word' id='word_1_612' title='bbox 360 4170 470 4238; x_wconf 68' lang='lat'><strong>(52)</strong></span> <span class='ocrx_word' id='word_1_613' title='bbox 503 4169 621 4223; x_wconf 78' lang='lat' dir='ltr'><strong>Ms.</strong></span> <span class='ocrx_word' id='word_1_614' title='bbox 654 4159 895 4239; x_wconf 79' lang='lat' dir='ltr'><strong>aliquot.</strong></span> <span class='ocrx_word' id='word_1_615' title='bbox 943 4167 1147 4223; x_wconf 84' lang='lat' dir='ltr'><strong>Videte</strong></span> <span class='ocrx_word' id='word_1_616' title='bbox 1180 4167 1320 4239; x_wconf 84' lang='lat' dir='ltr'><strong>quid</strong></span> <span class='ocrx_word' id='word_1_617' title='bbox 1352 4166 1587 4222; x_wconf 85' lang='lat' dir='ltr'><strong>docere.</strong></span> <span class='ocrx_word' id='word_1_618' title='bbox 1802 4237 1843 4239; x_wconf 26' lang='lat' dir='ltr'>ﬂ</span> <span class='ocrx_word' id='word_1_619' title='bbox 1890 4237 1901 4239; x_wconf 26' lang='grc' dir='ltr'><strong>Δ</strong></span> <span class='ocrx_word' id='word_1_620' title='bbox 2072 4164 2556 4239; x_wconf 58' lang='lat' dir='ltr'><strong>Martyrologium</strong></span> <span class='ocrx_word' id='word_1_621' title='bbox 2590 4166 2768 4239; x_wconf 64' lang='lat' dir='ltr'><strong>Herm</strong></span> <span class='ocrx_word' id='word_1_622' title='bbox 2790 4164 2863 4218; x_wconf 90' lang='lat' dir='ltr'><strong>ad</strong></span> <span class='ocrx_word' id='word_1_623' title='bbox 2894 4180 2943 4239; x_wconf 89' lang='lat' dir='ltr'><strong>v_</strong></span> <span class='ocrx_word' id='word_1_624' title='bbox 2959 4164 3100 4239; x_wconf 83' lang='lat' dir='ltr'><strong>ldus</strong></span> <span class='ocrx_word' id='word_1_625' title='bbox 3132 4162 3313 4239; x_wconf 81' lang='lat' dir='ltr'><strong>Junii,</strong></span> <span class='ocrx_word' id='word_1_626' title='bbox 3348 4166 3433 4239; x_wconf 75' lang='lat' dir='ltr'><strong>et_</strong></span> <span class='ocrx_word' id='word_1_627' title='bbox 3435 4162 3494 4216; x_wconf 92' lang='lat' dir='ltr'><strong>in</strong></span> <span class='ocrx_word' id='word_1_628' title='bbox 3524 4159 3742 4239; x_wconf 64' lang='lat' dir='ltr'><strong>Annal.</strong></span> 
     </span>
    </p>
   </div>
   <div class='ocr_carea' id='block_1_46' title="bbox 359 4232 3747 4308">
    <p class='ocr_par' dir='ltr' id='par_1_46' title="bbox 359 4232 3747 4308">
     <span class='ocr_line' id='line_1_48' title="bbox 359 4232 3747 4308; baseline -0.003 -13"><span class='ocrx_word' id='word_1_629' title='bbox 359 4232 470 4308; x_wconf 67' lang='lat'><strong>(53)</strong></span> <span class='ocrx_word' id='word_1_630' title='bbox 500 4240 724 4295; x_wconf 89' lang='lat' dir='ltr'><strong>Omnes</strong></span> <span class='ocrx_word' id='word_1_631' title='bbox 754 4232 911 4294; x_wconf 60' lang='lat' dir='ltr'><strong>&#39;edit.</strong></span> <span class='ocrx_word' id='word_1_632' title='bbox 963 4242 1019 4293; x_wconf 90' lang='lat' dir='ltr'><strong>et</strong></span> <span class='ocrx_word' id='word_1_633' title='bbox 1064 4232 1236 4308; x_wconf 79' lang='lat' dir='ltr'><strong>pauci</strong></span> <span class='ocrx_word' id='word_1_634' title='bbox 1284 4254 1465 4305; x_wconf 91' lang='lat' dir='ltr'><strong>mss.,</strong></span> <span class='ocrx_word' id='word_1_635' title='bbox 1500 4238 1755 4293; x_wconf 83' lang='lat' dir='ltr'><strong>evitare.</strong></span> <span class='ocrx_word' id='word_1_636' title='bbox 1798 4237 1956 4293; x_wconf 83' lang='lat' dir='ltr'><strong>Talia</strong></span> <span class='ocrx_word' id='word_1_637' title='bbox 2069 4232 2243 4308; x_wconf 66' lang='lat' dir='ltr'><strong>Eccl.</strong></span> <span class='ocrx_word' id='word_1_638' title='bbox 2272 4236 2345 4290; x_wconf 91' lang='lat' dir='ltr'><strong>ad</strong></span> <span class='ocrx_word' id='word_1_639' title='bbox 2376 4232 2595 4308; x_wconf 59' lang='lat' dir='ltr'><strong>a&#39;nnum</strong></span> <span class='ocrx_word' id='word_1_640' title='bbox 2615 4236 2719 4290; x_wconf 88' lang='lat'><strong>309</strong></span> <span class='ocrx_word' id='word_1_641' title='bbox 2745 4234 2870 4306; x_wconf 85' lang='lat' dir='ltr'><strong>jam</strong></span> <span class='ocrx_word' id='word_1_642' title='bbox 2894 4235 3134 4308; x_wconf 82' lang='lat' dir='ltr'><strong>citatum</strong></span> <span class='ocrx_word' id='word_1_643' title='bbox 3169 4235 3372 4308; x_wconf 75' lang='lat' dir='ltr'><strong>;_item_</strong></span> <span class='ocrx_word' id='word_1_644' title='bbox 3389 4232 3747 4308; x_wconf 49' lang='lat' dir='ltr'><strong>Frontonem</strong></span> 
     </span>
    </p>
   </div>
   <div class='ocr_carea' id='block_1_47' title="bbox 296 4302 3746 4383">
    <p class='ocr_par' dir='ltr' id='par_1_47' title="bbox 296 4302 3746 4383">
     <span class='ocr_line' id='line_1_49' title="bbox 296 4302 3746 4383; baseline -0.003 -19"><span class='ocrx_word' id='word_1_645' title='bbox 296 4302 490 4365; x_wconf 71' lang='lat' dir='ltr'><strong>sunt...</strong></span> <span class='ocrx_word' id='word_1_646' title='bbox 521 4309 913 4383; x_wconf 84' lang='lat' dir='ltr'><strong>perﬁdorum.</strong></span> <span class='ocrx_word' id='word_1_647' title='bbox 948 4309 1019 4383; x_wconf 86' lang='lat' dir='ltr'><strong>Et</strong></span> <span class='ocrx_word' id='word_1_648' title='bbox 1034 4302 1220 4383; x_wconf 71' lang='lat' dir='ltr'><strong>infra,</strong></span> <span class='ocrx_word' id='word_1_649' title='bbox 1256 4310 1399 4383; x_wconf 78' lang='lat' dir='ltr'><strong>quid</strong></span> <span class='ocrx_word' id='word_1_650' title='bbox 1426 4302 1823 4383; x_wconf 49' lang='lat' dir='ltr'><strong>“percarum</strong></span> <span class='ocrx_word' id='word_1_651' title='bbox 1845 4326 1960 4363; x_wconf 87' lang='lat' dir='ltr'><strong>me-</strong></span> <span class='ocrx_word' id='word_1_652' title='bbox 2073 4307 2369 4383; x_wconf 63' lang='lat' dir='ltr'><strong>Dacicum</strong></span> <span class='ocrx_word' id='word_1_653' title='bbox 2397 4308 2465 4383; x_wconf 88' lang='lat' dir='ltr'><strong>in_</strong></span> <span class='ocrx_word' id='word_1_654' title='bbox 2502 4302 2911 4378; x_wconf 77' lang='lat' dir='ltr'><strong>Chrysostomi</strong></span> <span class='ocrx_word' id='word_1_655' title='bbox 2946 4305 3104 4360; x_wconf 88' lang='lat' dir='ltr'><strong>hom.</strong></span> <span class='ocrx_word' id='word_1_656' title='bbox 3152 4302 3218 4359; x_wconf 73' lang='grc'><strong>41</strong></span> <span class='ocrx_word' id='word_1_657' title='bbox 3253 4308 3310 4359; x_wconf 89' lang='lat' dir='ltr'><strong>et</strong></span> <span class='ocrx_word' id='word_1_658' title='bbox 3343 4304 3407 4358; x_wconf 85' lang='grc'><strong>51</strong></span> <span class='ocrx_word' id='word_1_659' title='bbox 3445 4304 3522 4358; x_wconf 82' lang='lat' dir='ltr'><strong>ad</strong></span> <span class='ocrx_word' id='word_1_660' title='bbox 3559 4317 3746 4375; x_wconf 82' lang='lat' dir='ltr'><strong>popu-</strong></span> 
     </span>
    </p>
   </div>
   <div class='ocr_carea' id='block_1_48' title="bbox 297 4378 2675 4454">
    <p class='ocr_par' dir='ltr' id='par_1_48' title="bbox 297 4378 2675 4454">
     <span class='ocr_line' id='line_1_50' title="bbox 297 4378 2675 4454; baseline -0.002 -19"><span class='ocrx_word' id='word_1_661' title='bbox 297 4383 496 4454; x_wconf 80' lang='lat' dir='ltr'><strong>ritis...</strong></span> <span class='ocrx_word' id='word_1_662' title='bbox 521 4378 640 4454; x_wconf 53' lang='lat' dir='ltr'><strong>&quot;qui</strong></span> <span class='ocrx_word' id='word_1_663' title='bbox 666 4396 752 4448; x_wconf 81' lang='lat' dir='ltr'><strong>se,</strong></span> <span class='ocrx_word' id='word_1_664' title='bbox 787 4384 899 4435; x_wconf 88' lang='lat' dir='ltr'><strong>etc.</strong></span> <span class='ocrx_word' id='word_1_665' title='bbox 926 4397 939 4449; x_wconf 92' lang='lat'><strong>;</strong></span> <span class='ocrx_word' id='word_1_666' title='bbox 971 4381 1067 4454; x_wconf 84' lang='lat' dir='ltr'><strong>alii</strong></span> <span class='ocrx_word' id='word_1_667' title='bbox 1102 4378 1466 4435; x_wconf 52' lang='lat' dir='ltr'><strong>mssfmulto</strong></span> <span class='ocrx_word' id='word_1_668' title='bbox 1494 4378 1722 4454; x_wconf 78' lang='lat' dir='ltr'><strong>plures,</strong></span> <span class='ocrx_word' id='word_1_669' title='bbox 1754 4384 1816 4434; x_wconf 91' lang='lat' dir='ltr'><strong>ut</strong></span> <span class='ocrx_word' id='word_1_670' title='bbox 1844 4396 1956 4435; x_wconf 90' lang='lat' dir='ltr'><strong>nos</strong></span> <span class='ocrx_word' id='word_1_671' title='bbox 2071 4379 2187 4454; x_wconf 82' lang='lat' dir='ltr'><strong>lum</strong></span> <span class='ocrx_word' id='word_1_672' title='bbox 2214 4378 2675 4454; x_wconf 55' lang='lat' dir='ltr'><strong>Antiocbenun}.</strong></span> 
     </span>
    </p>
   </div>
   <div class='ocr_carea' id='block_1_49' title="bbox 298 4443 3742 4534">
    <p class='ocr_par' dir='ltr' id='par_1_49' title="bbox 298 4443 3742 4534">
     <span class='ocr_line' id='line_1_51' title="bbox 298 4443 3742 4534; baseline -0.003 -28"><span class='ocrx_word' id='word_1_673' title='bbox 298 4453 351 4506; x_wconf 92' lang='lat' dir='ltr'><strong>in</strong></span> <span class='ocrx_word' id='word_1_674' title='bbox 373 4443 567 4534; x_wconf 52' lang='lat' dir='ltr'><strong>textu;</strong></span> <span class='ocrx_word' id='word_1_675' title='bbox 610 4443 792 4534; x_wconf 74' lang='lat' dir='ltr'><strong>Porro</strong></span> <span class='ocrx_word' id='word_1_676' title='bbox 815 4443 1273 4534; x_wconf 51' lang='lat' dir='ltr'><strong>non&#39;obscurum</strong></span> <span class='ocrx_word' id='word_1_677' title='bbox 1294 4454 1387 4534; x_wconf 71' lang='lat' dir='ltr'><strong>est</strong></span> <span class='ocrx_word' id='word_1_678' title='bbox 1422 4443 1687 4533; x_wconf 42' lang='lat' dir='ltr'><strong>a_s&#39;oror.e</strong></span> <span class='ocrx_word' id='word_1_679' title='bbox 1706 4443 1958 4534; x_wconf 63' lang='lat' dir='ltr'><strong>interro-</strong></span> <span class='ocrx_word' id='word_1_680' title='bbox 1989 4472 2039 4534; x_wconf 65' lang='grc' dir='ltr'>Η</span> <span class='ocrx_word' id='word_1_681' title='bbox 2126 4451 2253 4533; x_wconf 41' lang='grc'><strong>,(51)</strong></span> <span class='ocrx_word' id='word_1_682' title='bbox 2293 4449 2710 4534; x_wconf 41' lang='lat' dir='ltr'><strong>.Omnesnedit.</strong></span> <span class='ocrx_word' id='word_1_683' title='bbox 2759 4464 2892 4502; x_wconf 91' lang='lat' dir='ltr'><strong>cum</strong></span> <span class='ocrx_word' id='word_1_684' title='bbox 2924 4463 3071 4501; x_wconf 89' lang='lat' dir='ltr'><strong>mss.</strong></span> <span class='ocrx_word' id='word_1_685' title='bbox 3129 4444 3453 4534; x_wconf 73' lang='lat' dir='ltr'><strong>nonnullis,</strong></span> <span class='ocrx_word' id='word_1_686' title='bbox 3508 4443 3742 4525; x_wconf 70' lang='lat' dir='ltr'><strong>captiva</strong></span> 
     </span>
    </p>
   </div>
   <div class='ocr_carea' id='block_1_50' title="bbox 299 4514 3746 4604">
    <p class='ocr_par' dir='ltr' id='par_1_50' title="bbox 299 4514 3746 4604">
     <span class='ocr_line' id='line_1_52' title="bbox 299 4514 3746 4604; baseline -0.003 -25"><span class='ocrx_word' id='word_1_687' title='bbox 299 4524 826 4604; x_wconf 36' lang='lat' dir='ltr'><strong>gntumﬂdocto-rem</strong></span> <span class='ocrx_word' id='word_1_688' title='bbox 847 4522 1415 4604; x_wconf 37' lang='lat' dir='ltr'><strong>sanctumuquid‘de</strong></span> <span class='ocrx_word' id='word_1_689' title='bbox 1463 4523 1540 4604; x_wconf 74' lang='lat' dir='ltr'><strong>iis</strong></span> <span class='ocrx_word' id='word_1_690' title='bbox 1570 4522 1671 4604; x_wconf 82' lang='lat' dir='ltr'><strong>qu_i</strong></span> <span class='ocrx_word' id='word_1_691' title='bbox 1701 4522 1815 4576; x_wconf 88' lang='lat' dir='ltr'><strong>sibi</strong></span> <span class='ocrx_word' id='word_1_692' title='bbox 1847 4538 1961 4575; x_wconf 87' lang='lat' dir='ltr'><strong>ma-</strong></span> <span class='ocrx_word' id='word_1_693' title='bbox 1992 4514 2039 4534; x_wconf 77' lang='grc'><strong><em>“</em></strong></span> <span class='ocrx_word' id='word_1_694' title='bbox 2077 4514 2428 4604; x_wconf 64' lang='lat' dir='ltr'><strong>virginitas,-</strong></span> <span class='ocrx_word' id='word_1_695' title='bbox 2460 4519 2578 4602; x_wconf 75' lang='lat' dir='ltr'><strong>alii,</strong></span> <span class='ocrx_word' id='word_1_696' title='bbox 2631 4534 2847 4590; x_wconf 89' lang='lat' dir='ltr'><strong>magno</strong></span> <span class='ocrx_word' id='word_1_697' title='bbox 2898 4532 3163 4604; x_wconf 62' lang='lat' dir='ltr'><strong>numero,</strong></span> <span class='ocrx_word' id='word_1_698' title='bbox 3200 4516 3435 4604; x_wconf 56' lang='lat' dir='ltr'><strong>captiva</strong></span> <span class='ocrx_word' id='word_1_699' title='bbox 3487 4514 3746 4604; x_wconf 60' lang='lat' dir='ltr'><strong>Virgini:</strong></span> 
     </span>
    </p>
   </div>
   <div class='ocr_carea' id='block_1_51' title="bbox 299 4587 3749 4715">
    <p class='ocr_par' dir='ltr' id='par_1_51' title="bbox 299 4587 3749 4715">
     <span class='ocr_line' id='line_1_53' title="bbox 299 4587 3749 4715; baseline -0.003 -66"><span class='ocrx_word' id='word_1_700' title='bbox 299 4587 405 4649; x_wconf 67' lang='lat' dir='ltr'><strong>ius</strong></span> <span class='ocrx_word' id='word_1_701' title='bbox 432 4594 715 4649; x_wconf 79' lang='lat' dir='ltr'><strong>atl‘errent</strong></span> <span class='ocrx_word' id='word_1_702' title='bbox 745 4593 1035 4648; x_wconf 87' lang='lat' dir='ltr'><strong>violentas</strong></span> <span class='ocrx_word' id='word_1_703' title='bbox 1054 4587 1367 4664; x_wconf 70' lang='lat' dir='ltr'><strong>iudicaret,</strong></span> <span class='ocrx_word' id='word_1_704' title='bbox 1401 4609 1504 4647; x_wconf 89' lang='lat' dir='ltr'><strong>eas</strong></span> <span class='ocrx_word' id='word_1_705' title='bbox 1524 4587 1802 4647; x_wconf 81' lang='lat' dir='ltr'><strong>laudasse</strong></span> <span class='ocrx_word' id='word_1_706' title='bbox 1826 4609 1958 4664; x_wconf 84' lang='lat' dir='ltr'><strong>quae</strong></span> <span class='ocrx_word' id='word_1_707' title='bbox 2072 4587 2233 4646; x_wconf 77' lang='lat' dir='ltr'><strong>tatis.</strong></span> <span class='ocrx_word' id='word_1_708' title='bbox 2272 4592 2508 4646; x_wconf 84' lang='lat' dir='ltr'><strong>Minime</strong></span> <span class='ocrx_word' id='word_1_709' title='bbox 2541 4587 2900 4715; x_wconf 62' lang='lat' dir='ltr'><strong>incongrue;</strong></span> <span class='ocrx_word' id='word_1_710' title='bbox 2944 4587 3305 4659; x_wconf 90' lang='lat' dir='ltr'><strong>apostrophe</strong></span> <span class='ocrx_word' id='word_1_711' title='bbox 3353 4600 3606 4657; x_wconf 87' lang='lat' dir='ltr'><strong>namque</strong></span> <span class='ocrx_word' id='word_1_712' title='bbox 3652 4588 3749 4640; x_wconf 91' lang='lat' dir='ltr'><strong>est</strong></span> 
     </span>
     <span class='ocr_line' id='line_1_54' title="bbox 299 4658 3747 4715; baseline -0.001 0"><span class='ocrx_word' id='word_1_713' title='bbox 299 4666 582 4715; x_wconf 80' lang='lat' dir='ltr'><strong>castitatis</strong></span> <span class='ocrx_word' id='word_1_714' title='bbox 611 4666 845 4715; x_wconf 73' lang='lat' dir='ltr'><strong>tuendm</strong></span> <span class='ocrx_word' id='word_1_715' title='bbox 878 4681 1055 4715; x_wconf 83' lang='lat' dir='ltr'><strong>causa</strong></span> <span class='ocrx_word' id='word_1_716' title='bbox 1087 4669 1332 4715; x_wconf 90' lang='lat' dir='ltr'><strong>mortem</strong></span> <span class='ocrx_word' id='word_1_717' title='bbox 1361 4664 1479 4715; x_wconf 88' lang='lat' dir='ltr'><strong>sibi</strong></span> <span class='ocrx_word' id='word_1_718' title='bbox 1526 4668 1738 4715; x_wconf 86' lang='lat' dir='ltr'><strong>soonte</strong></span> <span class='ocrx_word' id='word_1_719' title='bbox 1775 4680 1958 4715; x_wconf 88' lang='lat' dir='ltr'><strong>necu-</strong></span> <span class='ocrx_word' id='word_1_720' title='bbox 2068 4680 2184 4715; x_wconf 83' lang='lat' dir='ltr'><strong>oua</strong></span> <span class='ocrx_word' id='word_1_721' title='bbox 2230 4662 2612 4715; x_wconf 88' lang='lat' dir='ltr'><strong>semetinsam</strong></span> <span class='ocrx_word' id='word_1_722' title='bbox 2670 4662 2723 4715; x_wconf 87' lang='lat' dir='ltr'><strong>al</strong></span> <span class='ocrx_word' id='word_1_723' title='bbox 2752 4676 2981 4715; x_wconf 84' lang='lat' dir='ltr'><strong>oauens</strong></span> <span class='ocrx_word' id='word_1_724' title='bbox 3025 4658 3273 4715; x_wconf 73' lang='lat' dir='ltr'><strong>syllepsi</strong></span> <span class='ocrx_word' id='word_1_725' title='bbox 3326 4658 3536 4715; x_wconf 88' lang='lat' dir='ltr'><strong>utitur.</strong></span> <span class='ocrx_word' id='word_1_726' title='bbox 3588 4672 3747 4712; x_wconf 85' lang='lat' dir='ltr'><strong>nunc</strong></span> 
     </span>
    </p>
   </div>
   <div class='ocr_carea' id='block_1_52' title="bbox 195 4658 3747 4735">
    <p class='ocr_par' dir='ltr' id='par_1_52' title="bbox 195 4658 3747 4735">
     <span class='ocr_line' id='line_1_55' title="bbox 195 4658 3747 4735; baseline -0.002 -17"><span class='ocrx_word' id='word_1_727' title='bbox 195 4675 200 4679; x_wconf 88' lang='lat'>&#39;</span> <span class='ocrx_word' id='word_1_728' title='bbox 299 4666 582 4720; x_wconf 87' lang='lat' dir='ltr'><strong>castitatis</strong></span> <span class='ocrx_word' id='word_1_729' title='bbox 611 4666 845 4720; x_wconf 75' lang='lat' dir='ltr'><strong>tuendaa</strong></span> <span class='ocrx_word' id='word_1_730' title='bbox 878 4658 1332 4719; x_wconf 59' lang='lat' dir='ltr'><strong>causa&#39;mortem</strong></span> <span class='ocrx_word' id='word_1_731' title='bbox 1354 4658 1479 4719; x_wconf 85' lang='lat' dir='ltr'><strong>sibi</strong></span> <span class='ocrx_word' id='word_1_732' title='bbox 1526 4668 1738 4734; x_wconf 88' lang='lat' dir='ltr'><strong>sponte</strong></span> <span class='ocrx_word' id='word_1_733' title='bbox 1775 4658 1958 4735; x_wconf 73' lang='lat' dir='ltr'><strong>peeu-</strong></span> <span class='ocrx_word' id='word_1_734' title='bbox 2068 4680 2184 4734; x_wconf 89' lang='lat' dir='ltr'><strong>qua</strong></span> <span class='ocrx_word' id='word_1_735' title='bbox 2230 4662 2612 4735; x_wconf 80' lang='lat' dir='ltr'><strong>semetipsum</strong></span> <span class='ocrx_word' id='word_1_736' title='bbox 2670 4658 3273 4735; x_wconf 63' lang='lat' dir='ltr'><strong>alloquenssyllepsi</strong></span> <span class='ocrx_word' id='word_1_737' title='bbox 3326 4658 3536 4725; x_wconf 89' lang='lat' dir='ltr'><strong>utitur,</strong></span> <span class='ocrx_word' id='word_1_738' title='bbox 3588 4672 3747 4712; x_wconf 87' lang='lat' dir='ltr'><strong>nunc</strong></span> 
     </span>
    </p>
   </div>
   <div class='ocr_carea' id='block_1_53' title="bbox 299 4730 3131 4806">
    <p class='ocr_par' dir='ltr' id='par_1_53' title="bbox 299 4730 3131 4806">
     <span class='ocr_line' id='line_1_56' title="bbox 299 4730 3131 4806; baseline -0.002 -17"><span class='ocrx_word' id='word_1_739' title='bbox 299 4735 421 4791; x_wconf 84' lang='lat' dir='ltr'><strong>liari</strong></span> <span class='ocrx_word' id='word_1_740' title='bbox 462 4737 568 4792; x_wconf 89' lang='lat' dir='ltr'><strong>Dei</strong></span> <span class='ocrx_word' id='word_1_741' title='bbox 598 4737 798 4791; x_wconf 78' lang='lat' dir='ltr'><strong>afﬂatu</strong></span> <span class='ocrx_word' id='word_1_742' title='bbox 834 4736 1314 4803; x_wconf 87' lang='lat' dir='ltr'><strong>consciscerent;</strong></span> <span class='ocrx_word' id='word_1_743' title='bbox 1347 4730 1719 4806; x_wconf 80' lang='lat' dir='ltr'><strong>Augustinus</strong></span> <span class='ocrx_word' id='word_1_744' title='bbox 1742 4730 1955 4800; x_wconf 78' lang='lat' dir='ltr'><strong>autem,</strong></span> <span class='ocrx_word' id='word_1_745' title='bbox 2069 4730 2299 4804; x_wconf 78' lang='lat' dir='ltr'><strong>plurali,</strong></span> <span class='ocrx_word' id='word_1_746' title='bbox 2337 4730 2491 4806; x_wconf 77' lang='lat' dir='ltr'><strong>nunc</strong></span> <span class='ocrx_word' id='word_1_747' title='bbox 2526 4731 2816 4804; x_wconf 86' lang='lat' dir='ltr'><strong>singulari</strong></span> <span class='ocrx_word' id='word_1_748' title='bbox 2848 4730 3131 4806; x_wconf 59' lang='lat' dir='ltr'><strong>adhibito.</strong></span> 
     </span>
    </p>
   </div>
   <div class='ocr_carea' id='block_1_54' title="bbox 298 4799 3742 4877">
    <p class='ocr_par' dir='ltr' id='par_1_54' title="bbox 298 4799 3742 4877">
     <span class='ocr_line' id='line_1_57' title="bbox 298 4799 3742 4877; baseline -0.002 -18"><span class='ocrx_word' id='word_1_749' title='bbox 298 4807 392 4862; x_wconf 91' lang='lat' dir='ltr'><strong>lib.</strong></span> <span class='ocrx_word' id='word_1_750' title='bbox 417 4826 433 4861; x_wconf 87' lang='grc' dir='ltr'>ι</span> <span class='ocrx_word' id='word_1_751' title='bbox 458 4809 547 4863; x_wconf 86' lang='lat' dir='ltr'><strong>De</strong></span> <span class='ocrx_word' id='word_1_752' title='bbox 568 4810 684 4863; x_wconf 83' lang='lat' dir='ltr'><strong>civ.</strong></span> <span class='ocrx_word' id='word_1_753' title='bbox 710 4807 842 4874; x_wconf 83' lang='lat' dir='ltr'><strong>Dei,</strong></span> <span class='ocrx_word' id='word_1_754' title='bbox 868 4824 994 4877; x_wconf 88' lang='lat' dir='ltr'><strong>cap.</strong></span> <span class='ocrx_word' id='word_1_755' title='bbox 1036 4808 1100 4860; x_wconf 86' lang='lat' dir='ltr'><strong>l9</strong></span> <span class='ocrx_word' id='word_1_756' title='bbox 1124 4810 1181 4860; x_wconf 93' lang='lat' dir='ltr'><strong>et</strong></span> <span class='ocrx_word' id='word_1_757' title='bbox 1201 4799 1355 4877; x_wconf 87' lang='lat' dir='ltr'><strong>seq.,</strong></span> <span class='ocrx_word' id='word_1_758' title='bbox 1380 4799 1679 4861; x_wconf 53' lang='lat' dir='ltr'><strong>de&#39;eadem</strong></span> <span class='ocrx_word' id='word_1_759' title='bbox 1716 4799 1956 4860; x_wconf 87' lang='lat' dir='ltr'><strong>materia</strong></span> <span class='ocrx_word' id='word_1_760' title='bbox 2070 4799 2087 4804; x_wconf 77' lang='grc'><strong><em>“</em></strong></span> <span class='ocrx_word' id='word_1_761' title='bbox 2139 4808 2250 4872; x_wconf 73' lang='grc'>(55)</span> <span class='ocrx_word' id='word_1_762' title='bbox 2283 4799 2695 4877; x_wconf 29' lang='lat' dir='ltr'><strong>Quidamﬂmsi,</strong></span> <span class='ocrx_word' id='word_1_763' title='bbox 2748 4818 2871 4874; x_wconf 68' lang='lat' dir='ltr'><strong>quae</strong></span> <span class='ocrx_word' id='word_1_764' title='bbox 2906 4802 2995 4856; x_wconf 86' lang='lat' dir='ltr'><strong>vis</strong></span> <span class='ocrx_word' id='word_1_765' title='bbox 3035 4799 3363 4855; x_wconf 82' lang='lat' dir='ltr'><strong>voluntaria</strong></span> <span class='ocrx_word' id='word_1_766' title='bbox 3396 4799 3499 4854; x_wconf 80' lang='lat' dir='ltr'><strong>illa</strong></span> <span class='ocrx_word' id='word_1_767' title='bbox 3547 4800 3742 4872; x_wconf 84' lang='lat' dir='ltr'><strong>magis</strong></span> 
     </span>
    </p>
   </div>
   <div class='ocr_carea' id='block_1_55' title="bbox 300 4874 3008 4949">
    <p class='ocr_par' dir='ltr' id='par_1_55' title="bbox 300 4874 3008 4949">
     <span class='ocr_line' id='line_1_58' title="bbox 300 4874 3008 4949; baseline -0.002 -18"><span class='ocrx_word' id='word_1_768' title='bbox 300 4878 625 4949; x_wconf 89' lang='lat' dir='ltr'><strong>disputans,</strong></span> <span class='ocrx_word' id='word_1_769' title='bbox 677 4895 795 4933; x_wconf 90' lang='lat' dir='ltr'><strong>non</strong></span> <span class='ocrx_word' id='word_1_770' title='bbox 827 4874 955 4932; x_wconf 82' lang='lat' dir='ltr'><strong>sine</strong></span> <span class='ocrx_word' id='word_1_771' title='bbox 985 4874 1345 4932; x_wconf 82' lang='lat' dir='ltr'><strong>dubitatione</strong></span> <span class='ocrx_word' id='word_1_772' title='bbox 1378 4878 1727 4949; x_wconf 89' lang='lat' dir='ltr'><strong>sententiam</strong></span> <span class='ocrx_word' id='word_1_773' title='bbox 1772 4878 1959 4947; x_wconf 85' lang='lat' dir='ltr'><strong>aperit</strong></span> <span class='ocrx_word' id='word_1_774' title='bbox 2068 4876 2393 4949; x_wconf 9' lang='lat' dir='ltr'><strong>est?_ril_lori</strong></span> <span class='ocrx_word' id='word_1_775' title='bbox 2420 4874 2580 4949; x_wconf 61' lang='lat' dir='ltr'><strong>velle</strong></span> <span class='ocrx_word' id='word_1_776' title='bbox 2617 4889 3008 4949; x_wconf 84' lang='lat' dir='ltr'><strong>nec_possum,</strong></span> 
     </span>
    </p>
   </div>
   <div class='ocr_carea' id='block_1_56' title="bbox 301 4942 3741 5020">
    <p class='ocr_par' dir='ltr' id='par_1_56' title="bbox 301 4942 3741 5020">
     <span class='ocr_line' id='line_1_59' title="bbox 301 4942 3741 5020; baseline -0.002 -17"><span class='ocrx_word' id='word_1_777' title='bbox 301 4942 493 5018; x_wconf 77' lang='lat' dir='ltr'><strong>suam;</strong></span> <span class='ocrx_word' id='word_1_778' title='bbox 527 4942 673 5004; x_wconf 80' lang='lat' dir='ltr'><strong>forte</strong></span> <span class='ocrx_word' id='word_1_779' title='bbox 722 4953 965 5020; x_wconf 87' lang='lat' dir='ltr'><strong>prepter</strong></span> <span class='ocrx_word' id='word_1_780' title='bbox 990 4942 1957 5020; x_wconf 14' lang='lat' dir='ltr'><strong>Circumcelliones,7utBaro-nius</strong></span> <span class='ocrx_word' id='word_1_781' title='bbox 2138 4945 2432 5020; x_wconf 73' lang='lat' dir='ltr'><strong>(5§)P_auci</strong></span> <span class='ocrx_word' id='word_1_782' title='bbox 2455 4942 3741 5020; x_wconf 32' lang='lat' dir='ltr'><strong>mss.,nullumpecca‘tnmcarnisrelinquam.</strong></span> 
     </span>
    </p>
   </div>
   <div class='ocr_carea' id='block_1_57' title="bbox 299 5014 3744 5089">
    <p class='ocr_par' dir='ltr' id='par_1_57' title="bbox 299 5014 3744 5089">
     <span class='ocr_line' id='line_1_60' title="bbox 299 5014 3744 5089; baseline -0.001 -17"><span class='ocrx_word' id='word_1_783' title='bbox 299 5021 365 5074; x_wconf 88' lang='lat' dir='ltr'><strong>ad</strong></span> <span class='ocrx_word' id='word_1_784' title='bbox 408 5014 501 5075; x_wconf 73' lang='lat' dir='ltr'><strong>an.</strong></span> <span class='ocrx_word' id='word_1_785' title='bbox 557 5021 663 5075; x_wconf 84' lang='lat'><strong>309</strong></span> <span class='ocrx_word' id='word_1_786' title='bbox 705 5014 1021 5074; x_wconf 76' lang='lat' dir='ltr'><strong>existimat.</strong></span> <span class='ocrx_word' id='word_1_787' title='bbox 1072 5020 1233 5074; x_wconf 90' lang='lat' dir='ltr'><strong>Idem</strong></span> <span class='ocrx_word' id='word_1_788' title='bbox 1281 5014 1625 5074; x_wconf 83' lang='lat' dir='ltr'><strong>cardiualis-</strong></span> <span class='ocrx_word' id='word_1_789' title='bbox 1652 5018 1761 5073; x_wconf 87' lang='lat' dir='ltr'><strong>has</strong></span> <span class='ocrx_word' id='word_1_790' title='bbox 1793 5020 1956 5089; x_wconf 88' lang='lat' dir='ltr'><strong>ipsas</strong></span> <span class='ocrx_word' id='word_1_791' title='bbox 2138 5014 2249 5085; x_wconf 73' lang='lat'><strong>(57)</strong></span> <span class='ocrx_word' id='word_1_792' title='bbox 2296 5017 2376 5070; x_wconf 89' lang='lat' dir='ltr'><strong>Ita</strong></span> <span class='ocrx_word' id='word_1_793' title='bbox 2410 5031 2557 5089; x_wconf 78' lang='lat' dir='ltr'><strong>mss.</strong></span> <span class='ocrx_word' id='word_1_794' title='bbox 2591 5018 2795 5089; x_wconf 80' lang='lat' dir='ltr'><strong>plures</strong></span> <span class='ocrx_word' id='word_1_795' title='bbox 2838 5014 2895 5089; x_wconf 74' lang='lat' dir='ltr'><strong>et</strong></span> <span class='ocrx_word' id='word_1_796' title='bbox 2926 5015 3337 5089; x_wconf 73' lang='lat' dir='ltr'><strong>probatiores;</strong></span> <span class='ocrx_word' id='word_1_797' title='bbox 3367 5015 3441 5069; x_wconf 83' lang='lat' dir='ltr'><strong>ab</strong></span> <span class='ocrx_word' id='word_1_798' title='bbox 3491 5014 3586 5089; x_wconf 73' lang='lat' dir='ltr'><strong>his</strong></span> <span class='ocrx_word' id='word_1_799' title='bbox 3632 5029 3744 5089; x_wconf 83' lang='lat' dir='ltr'><strong>au-</strong></span> 
     </span>
    </p>
   </div>
   <div class='ocr_carea' id='block_1_58' title="bbox 299 5084 3743 5163">
    <p class='ocr_par' dir='ltr' id='par_1_58' title="bbox 299 5084 3743 5163">
     <span class='ocr_line' id='line_1_61' title="bbox 299 5084 3743 5163; baseline -0.001 -18"><span class='ocrx_word' id='word_1_800' title='bbox 299 5094 580 5163; x_wconf 69' lang='lat' dir='ltr'><strong>martyres</strong></span> <span class='ocrx_word' id='word_1_801' title='bbox 627 5092 699 5163; x_wconf 88' lang='lat' dir='ltr'><strong>de</strong></span> <span class='ocrx_word' id='word_1_802' title='bbox 731 5091 949 5163; x_wconf 87' lang='lat' dir='ltr'><strong>quibus</strong></span> <span class='ocrx_word' id='word_1_803' title='bbox 974 5091 1092 5163; x_wconf 90' lang='lat' dir='ltr'><strong>hoc</strong></span> <span class='ocrx_word' id='word_1_804' title='bbox 1126 5090 1238 5163; x_wconf 84' lang='lat' dir='ltr'><strong>loci</strong></span> <span class='ocrx_word' id='word_1_805' title='bbox 1275 5091 1649 5163; x_wconf 76' lang='lat' dir='ltr'><strong>Ambrosius,</strong></span> <span class='ocrx_word' id='word_1_806' title='bbox 1685 5093 1747 5144; x_wconf 90' lang='lat' dir='ltr'><strong>ut</strong></span> <span class='ocrx_word' id='word_1_807' title='bbox 1784 5084 1956 5163; x_wconf 80' lang='lat' dir='ltr'><strong>etiam</strong></span> <span class='ocrx_word' id='word_1_808' title='bbox 2066 5092 2184 5144; x_wconf 90' lang='lat' dir='ltr'><strong>tem</strong></span> <span class='ocrx_word' id='word_1_809' title='bbox 2213 5084 2332 5150; x_wconf 77' lang='lat' dir='ltr'><strong>:.lii,</strong></span> <span class='ocrx_word' id='word_1_810' title='bbox 2365 5104 2434 5163; x_wconf 85' lang='lat' dir='ltr'><strong>ac</strong></span> <span class='ocrx_word' id='word_1_811' title='bbox 2457 5084 2605 5163; x_wconf 69' lang='lat' dir='ltr'><strong>edit.</strong></span> <span class='ocrx_word' id='word_1_812' title='bbox 2639 5087 2783 5163; x_wconf 77' lang='lat' dir='ltr'><strong>nihil</strong></span> <span class='ocrx_word' id='word_1_813' title='bbox 2829 5084 3195 5163; x_wconf 72' lang='lat' dir='ltr'><strong>discrepant,</strong></span> <span class='ocrx_word' id='word_1_814' title='bbox 3225 5085 3344 5163; x_wconf 70' lang='lat' dir='ltr'><strong>nisi</strong></span> <span class='ocrx_word' id='word_1_815' title='bbox 3371 5084 3743 5163; x_wconf 76' lang='lat' dir='ltr'><strong>quodinter-</strong></span> 
     </span>
    </p>
   </div>
   <div class='ocr_carea' id='block_1_59' title="bbox 302 5156 3742 5234">
    <p class='ocr_par' dir='ltr' id='par_1_59' title="bbox 302 5156 3742 5234">
     <span class='ocr_line' id='line_1_62' title="bbox 302 5156 3742 5234; baseline -0.001 -19"><span class='ocrx_word' id='word_1_816' title='bbox 302 5156 466 5231; x_wconf 57' lang='lat' dir='ltr'><strong>epist:</strong></span> <span class='ocrx_word' id='word_1_817' title='bbox 500 5163 577 5217; x_wconf 84' lang='lat' dir='ltr'><strong>ad</strong></span> <span class='ocrx_word' id='word_1_818' title='bbox 605 5156 903 5234; x_wconf 60' lang='lat' dir='ltr'><strong>Simplic.,</strong></span> <span class='ocrx_word' id='word_1_819' title='bbox 948 5162 1165 5234; x_wconf 87' lang='lat' dir='ltr'><strong>ibidem</strong></span> <span class='ocrx_word' id='word_1_820' title='bbox 1198 5161 1351 5216; x_wconf 89' lang='lat' dir='ltr'><strong>haud</strong></span> <span class='ocrx_word' id='word_1_821' title='bbox 1392 5156 1682 5234; x_wconf 81' lang='lat' dir='ltr'><strong>immerito</strong></span> <span class='ocrx_word' id='word_1_822' title='bbox 1714 5160 1958 5234; x_wconf 87' lang='lat' dir='ltr'><strong>conjicit</strong></span> <span class='ocrx_word' id='word_1_823' title='bbox 2066 5164 2338 5234; x_wconf 78' lang='lat' dir='ltr'><strong>pungunt</strong></span> <span class='ocrx_word' id='word_1_824' title='bbox 2368 5160 2426 5213; x_wconf 92' lang='lat' dir='ltr'><strong>in</strong></span> <span class='ocrx_word' id='word_1_825' title='bbox 2457 5159 2617 5214; x_wconf 91' lang='lat' dir='ltr'><strong>hunc</strong></span> <span class='ocrx_word' id='word_1_826' title='bbox 2649 5159 2907 5230; x_wconf 90' lang='lat' dir='ltr'><strong>modum,</strong></span> <span class='ocrx_word' id='word_1_827' title='bbox 2939 5156 3249 5213; x_wconf 80' lang='lat' dir='ltr'><strong>beneﬁcio.</strong></span> <span class='ocrx_word' id='word_1_828' title='bbox 3275 5156 3497 5212; x_wconf 80' lang='lat' dir='ltr'><strong>Matris</strong></span> <span class='ocrx_word' id='word_1_829' title='bbox 3517 5157 3580 5211; x_wconf 86' lang='lat' dir='ltr'><strong>in</strong></span> <span class='ocrx_word' id='word_1_830' title='bbox 3609 5172 3742 5228; x_wconf 87' lang='lat' dir='ltr'><strong>gre-</strong></span> 
     </span>
    </p>
   </div>
   <div class='ocr_carea' id='block_1_60' title="bbox 302 5231 2581 5304">
    <p class='ocr_par' dir='ltr' id='par_1_60' title="bbox 302 5231 2581 5304">
     <span class='ocr_line' id='line_1_63' title="bbox 302 5231 2581 5304; baseline -0.001 -18"><span class='ocrx_word' id='word_1_831' title='bbox 302 5234 530 5288; x_wconf 86' lang='lat' dir='ltr'><strong>easdem</strong></span> <span class='ocrx_word' id='word_1_832' title='bbox 581 5231 923 5304; x_wconf 43' lang='lat' dir='ltr'><strong>esse&#39;quas,</strong></span> <span class='ocrx_word' id='word_1_833' title='bbox 973 5233 1163 5287; x_wconf 86' lang='lat' dir='ltr'><strong>tacitis</strong></span> <span class='ocrx_word' id='word_1_834' title='bbox 1194 5232 1553 5304; x_wconf 86' lang='lat' dir='ltr'><strong>nominibus,</strong></span> <span class='ocrx_word' id='word_1_835' title='bbox 1603 5232 1732 5287; x_wconf 91' lang='lat' dir='ltr'><strong>loco</strong></span> <span class='ocrx_word' id='word_1_836' title='bbox 1773 5233 1956 5304; x_wconf 81' lang='lat' dir='ltr'><strong>citato</strong></span> <span class='ocrx_word' id='word_1_837' title='bbox 2065 5231 2431 5304; x_wconf 26' lang='lat' dir='ltr'><strong>mioifertur,</strong></span> <span class='ocrx_word' id='word_1_838' title='bbox 2469 5235 2581 5304; x_wconf 82' lang='lat' dir='ltr'><strong>etc.</strong></span> 
     </span>
    </p>
   </div>
   <div class='ocr_carea' id='block_1_61' title="bbox 302 5300 3280 5388">
    <p class='ocr_par' dir='ltr' id='par_1_61' title="bbox 302 5300 3280 5388">
     <span class='ocr_line' id='line_1_64' title="bbox 302 5300 3280 5388; baseline -0.002 -30"><span class='ocrx_word' id='word_1_839' title='bbox 302 5309 574 5388; x_wconf 63' lang='lat' dir='ltr'><strong>memorat</strong></span> <span class='ocrx_word' id='word_1_840' title='bbox 596 5300 997 5388; x_wconf 45' lang='lat' dir='ltr'><strong>.augii&#39;slinus.</strong></span> <span class='ocrx_word' id='word_1_841' title='bbox 1035 5304 1081 5388; x_wconf 54' lang='lat' dir='ltr'><strong>li</strong></span> <span class='ocrx_word' id='word_1_842' title='bbox 1090 5309 1240 5358; x_wconf 89' lang='lat' dir='ltr'><strong>trum</strong></span> <span class='ocrx_word' id='word_1_843' title='bbox 1273 5307 1466 5385; x_wconf 81' lang='lat' dir='ltr'><strong>autem</strong></span> <span class='ocrx_word' id='word_1_844' title='bbox 1497 5303 1955 5388; x_wconf 41' lang='lat' dir='ltr'><strong>llaec-ambrosii</strong></span> <span class='ocrx_word' id='word_1_845' title='bbox 2137 5303 2248 5388; x_wconf 55' lang='grc' dir='ltr'><strong>(ξὲ)</strong></span> <span class='ocrx_word' id='word_1_846' title='bbox 2283 5302 2453 5388; x_wconf 47' lang='lat' dir='ltr'><strong>130m.</strong></span> <span class='ocrx_word' id='word_1_847' title='bbox 2487 5303 2655 5388; x_wconf 42' lang='lat' dir='ltr'><strong>edit...</strong></span> <span class='ocrx_word' id='word_1_848' title='bbox 2684 5302 2813 5357; x_wconf 88' lang='lat' dir='ltr'><strong>sola</strong></span> <span class='ocrx_word' id='word_1_849' title='bbox 2846 5300 3079 5356; x_wconf 79' lang='lat' dir='ltr'><strong>inferos</strong></span> <span class='ocrx_word' id='word_1_850' title='bbox 3111 5300 3280 5388; x_wconf 45' lang='lat' dir='ltr'><strong>teg&#39;it‘.</strong></span> 
     </span>
    </p>
   </div>
   <div class='ocr_carea' id='block_1_62' title="bbox 306 5367 3736 5447">
    <p class='ocr_par' dir='ltr' id='par_1_62' title="bbox 306 5367 3736 5447">
     <span class='ocr_line' id='line_1_65' title="bbox 306 5367 3736 5447; baseline -0.003 -18"><span class='ocrx_word' id='word_1_851' title='bbox 306 5373 534 5447; x_wconf 70' lang='lat' dir='ltr'><strong>Pelagia</strong></span> <span class='ocrx_word' id='word_1_852' title='bbox 579 5367 856 5431; x_wconf 67' lang='lat' dir='ltr'><strong>distincta</strong></span> <span class='ocrx_word' id='word_1_853' title='bbox 903 5376 979 5447; x_wconf 81' lang='lat' dir='ltr'><strong>sit</strong></span> <span class='ocrx_word' id='word_1_854' title='bbox 1025 5375 1099 5429; x_wconf 89' lang='lat' dir='ltr'><strong>ab</strong></span> <span class='ocrx_word' id='word_1_855' title='bbox 1154 5391 1221 5429; x_wconf 89' lang='lat' dir='ltr'><strong>ea</strong></span> <span class='ocrx_word' id='word_1_856' title='bbox 1272 5374 1450 5445; x_wconf 83' lang='lat' dir='ltr'><strong>cujus</strong></span> <span class='ocrx_word' id='word_1_857' title='bbox 1497 5374 1714 5447; x_wconf 86' lang='lat' dir='ltr'><strong>mentio</strong></span> <span class='ocrx_word' id='word_1_858' title='bbox 1762 5377 1958 5447; x_wconf 81' lang='lat' dir='ltr'><strong>exstat</strong></span> <span class='ocrx_word' id='word_1_859' title='bbox 2116 5367 2254 5447; x_wconf 10' lang='lat'><strong>7(59)</strong></span> <span class='ocrx_word' id='word_1_860' title='bbox 2283 5374 2503 5428; x_wconf 89' lang='lat' dir='ltr'><strong>Omnes</strong></span> <span class='ocrx_word' id='word_1_861' title='bbox 2543 5373 3044 5447; x_wconf 66' lang='lat' dir='ltr'><strong>edit.,_suspcnsae</strong></span> <span class='ocrx_word' id='word_1_862' title='bbox 3068 5367 3400 5447; x_wconf 68' lang='lat' dir='ltr'><strong>paulutum,</strong></span> <span class='ocrx_word' id='word_1_863' title='bbox 3436 5367 3736 5447; x_wconf 67' lang='lat' dir='ltr'><strong>incincta,</strong></span> 
     </span>
    </p>
   </div>
   <div class='ocr_carea' id='block_1_63' title="bbox 303 5437 3738 5517">
    <p class='ocr_par' dir='ltr' id='par_1_63' title="bbox 303 5437 3738 5517">
     <span class='ocr_line' id='line_1_66' title="bbox 303 5437 3738 5517; baseline -0.003 -20"><span class='ocrx_word' id='word_1_864' title='bbox 303 5445 357 5517; x_wconf 88' lang='lat' dir='ltr'><strong>in</strong></span> <span class='ocrx_word' id='word_1_865' title='bbox 390 5437 549 5501; x_wconf 67' lang='lat' dir='ltr'><strong>Actis</strong></span> <span class='ocrx_word' id='word_1_866' title='bbox 593 5447 653 5502; x_wconf 91' lang='lat' dir='ltr'><strong>S.</strong></span> <span class='ocrx_word' id='word_1_867' title='bbox 690 5445 935 5502; x_wconf 86' lang='lat' dir='ltr'><strong>Luciani</strong></span> <span class='ocrx_word' id='word_1_868' title='bbox 963 5447 1239 5517; x_wconf 74' lang='lat' dir='ltr'><strong>martyris</strong></span> <span class='ocrx_word' id='word_1_869' title='bbox 1269 5450 1326 5500; x_wconf 92' lang='lat' dir='ltr'><strong>et</strong></span> <span class='ocrx_word' id='word_1_870' title='bbox 1348 5437 1704 5516; x_wconf 62' lang='lat' dir='ltr'><strong>&#39;presbyteri</strong></span> <span class='ocrx_word' id='word_1_871' title='bbox 1748 5446 1956 5517; x_wconf 82' lang='lat' dir='ltr'><strong>Antio-</strong></span> <span class='ocrx_word' id='word_1_872' title='bbox 2066 5437 2245 5509; x_wconf 38' lang='lat' dir='ltr'><strong>sihu,‘</strong></span> <span class='ocrx_word' id='word_1_873' title='bbox 2282 5460 2429 5517; x_wconf 84' lang='lat' dir='ltr'><strong>mss.</strong></span> <span class='ocrx_word' id='word_1_874' title='bbox 2465 5437 2753 5517; x_wconf 86' lang='lat' dir='ltr'><strong>nonnulli,</strong></span> <span class='ocrx_word' id='word_1_875' title='bbox 2790 5437 3085 5517; x_wconf 61' lang='lat' dir='ltr'><strong>adspexisti</strong></span> <span class='ocrx_word' id='word_1_876' title='bbox 3115 5440 3435 5517; x_wconf 70' lang='lat' dir='ltr'><strong>paululunr</strong></span> <span class='ocrx_word' id='word_1_877' title='bbox 3459 5437 3738 5516; x_wconf 63' lang='lat' dir='ltr'><strong>incinctae</strong></span> 
     </span>
    </p>
   </div>
   <div class='ocr_carea' id='block_1_64' title="bbox 306 5506 3732 5589">
    <p class='ocr_par' dir='ltr' id='par_1_64' title="bbox 306 5506 3732 5589">
     <span class='ocr_line' id='line_1_67' title="bbox 306 5506 3732 5589; baseline -0.004 -19"><span class='ocrx_word' id='word_1_878' title='bbox 306 5516 491 5589; x_wconf 73' lang='lat' dir='ltr'><strong>cheni,</strong></span> <span class='ocrx_word' id='word_1_879' title='bbox 538 5522 592 5572; x_wconf 91' lang='lat' dir='ltr'><strong>et</strong></span> <span class='ocrx_word' id='word_1_880' title='bbox 640 5518 796 5588; x_wconf 88' lang='lat' dir='ltr'><strong>apud</strong></span> <span class='ocrx_word' id='word_1_881' title='bbox 831 5506 1193 5589; x_wconf 57' lang='lat' dir='ltr'><strong>Eusebium,</strong></span> <span class='ocrx_word' id='word_1_882' title='bbox 1223 5517 1303 5571; x_wconf 90' lang='lat' dir='ltr'><strong>lib</strong></span> <span class='ocrx_word' id='word_1_883' title='bbox 1336 5506 1436 5589; x_wconf 43' lang='lat' dir='ltr'><strong>vlui</strong></span> <span class='ocrx_word' id='word_1_884' title='bbox 1482 5506 1637 5589; x_wconf 52' lang='lat' dir='ltr'><strong>Hist.</strong></span> <span class='ocrx_word' id='word_1_885' title='bbox 1694 5532 1822 5589; x_wconf 80' lang='lat' dir='ltr'><strong>cap.</strong></span> <span class='ocrx_word' id='word_1_886' title='bbox 1858 5516 1962 5589; x_wconf 68' lang='lat' dir='ltr'><strong>l‘l,‘</strong></span> <span class='ocrx_word' id='word_1_887' title='bbox 2066 5506 2231 5589; x_wconf 76' lang='lat' dir='ltr'><strong>sinu;</strong></span> <span class='ocrx_word' id='word_1_888' title='bbox 2270 5516 2515 5589; x_wconf 78' lang='lat' dir='ltr'><strong>reliqui,</strong></span> <span class='ocrx_word' id='word_1_889' title='bbox 2551 5506 2837 5586; x_wconf 80' lang='lat' dir='ltr'><strong>suspenso</strong></span> <span class='ocrx_word' id='word_1_890' title='bbox 2861 5506 3249 5589; x_wconf 31' lang='lat' dir='ltr'><strong>paululnm‘in</strong></span> <span class='ocrx_word' id='word_1_891' title='bbox 3282 5511 3534 5589; x_wconf 59' lang='lat' dir='ltr'><strong>cinctum</strong></span> <span class='ocrx_word' id='word_1_892' title='bbox 3578 5506 3732 5589; x_wconf 67' lang='lat' dir='ltr'><strong>sinu,</strong></span> 
     </span>
    </p>
   </div>
   <div class='ocr_carea' id='block_1_65' title="bbox 308 5577 3733 5659">
    <p class='ocr_par' dir='ltr' id='par_1_65' title="bbox 308 5577 3733 5659">
     <span class='ocr_line' id='line_1_68' title="bbox 308 5577 3733 5659; baseline -0.003 -19"><span class='ocrx_word' id='word_1_893' title='bbox 308 5577 495 5659; x_wconf 51' lang='lat' dir='ltr'><strong>Vales:</strong></span> <span class='ocrx_word' id='word_1_894' title='bbox 528 5577 697 5659; x_wconf 44' lang='lat' dir='ltr'><strong>edit;</strong></span> <span class='ocrx_word' id='word_1_895' title='bbox 712 5604 821 5643; x_wconf 91' lang='lat' dir='ltr'><strong>nec</strong></span> <span class='ocrx_word' id='word_1_896' title='bbox 854 5604 970 5643; x_wconf 92' lang='lat' dir='ltr'><strong>non</strong></span> <span class='ocrx_word' id='word_1_897' title='bbox 991 5588 1144 5659; x_wconf 89' lang='lat' dir='ltr'><strong>apud</strong></span> <span class='ocrx_word' id='word_1_898' title='bbox 1159 5577 1335 5659; x_wconf 53' lang='lat' dir='ltr'><strong>&#39;Joan.</strong></span> <span class='ocrx_word' id='word_1_899' title='bbox 1361 5588 1573 5658; x_wconf 76' lang='lat' dir='ltr'><strong>Chrys.</strong></span> <span class='ocrx_word' id='word_1_900' title='bbox 1608 5577 1839 5659; x_wconf 73' lang='lat' dir='ltr'><strong>duabus</strong></span> <span class='ocrx_word' id='word_1_901' title='bbox 1862 5577 1960 5641; x_wconf 52' lang='lat' dir='ltr'><strong>ho;</strong></span> <span class='ocrx_word' id='word_1_902' title='bbox 2065 5587 2178 5641; x_wconf 91' lang='lat' dir='ltr'><strong>hoc</strong></span> <span class='ocrx_word' id='word_1_903' title='bbox 2191 5577 2353 5642; x_wconf 88' lang='lat' dir='ltr'><strong>estin</strong></span> <span class='ocrx_word' id='word_1_904' title='bbox 2366 5577 2604 5659; x_wconf 80' lang='lat' dir='ltr'><strong>modum</strong></span> <span class='ocrx_word' id='word_1_905' title='bbox 2617 5577 3010 5658; x_wconf 57' lang='lat' dir='ltr'><strong>cinctusfcum</strong></span> <span class='ocrx_word' id='word_1_906' title='bbox 3024 5583 3180 5657; x_wconf 87' lang='lat' dir='ltr'><strong>quod</strong></span> <span class='ocrx_word' id='word_1_907' title='bbox 3195 5578 3584 5653; x_wconf 88' lang='lat' dir='ltr'><strong>sequentibus</strong></span> <span class='ocrx_word' id='word_1_908' title='bbox 3603 5577 3733 5649; x_wconf 83' lang='lat' dir='ltr'><strong>pul-</strong></span> 
     </span>
    </p>
   </div>
   <div class='ocr_carea' id='block_1_66' title="bbox 308 5658 2528 5732">
    <p class='ocr_par' dir='ltr' id='par_1_66' title="bbox 308 5658 2528 5732">
     <span class='ocr_line' id='line_1_69' title="bbox 308 5658 2528 5732; baseline 0.001 -21"><span class='ocrx_word' id='word_1_909' title='bbox 308 5658 498 5731; x_wconf 85' lang='lat' dir='ltr'><strong>miliis,</strong></span> <span class='ocrx_word' id='word_1_910' title='bbox 528 5676 643 5721; x_wconf 88' lang='lat' dir='ltr'><strong>non</strong></span> <span class='ocrx_word' id='word_1_911' title='bbox 672 5658 977 5718; x_wconf 82' lang='lat' dir='ltr'><strong>minimum</strong></span> <span class='ocrx_word' id='word_1_912' title='bbox 1008 5658 1372 5717; x_wconf 75' lang='lat' dir='ltr'><strong>difficultatis</strong></span> <span class='ocrx_word' id='word_1_913' title='bbox 1404 5662 1515 5731; x_wconf 90' lang='lat' dir='ltr'><strong>est,</strong></span> <span class='ocrx_word' id='word_1_914' title='bbox 1549 5674 1682 5715; x_wconf 91' lang='lat' dir='ltr'><strong>cum</strong></span> <span class='ocrx_word' id='word_1_915' title='bbox 1710 5658 1771 5713; x_wconf 90' lang='lat' dir='ltr'><strong>in</strong></span> <span class='ocrx_word' id='word_1_916' title='bbox 1801 5674 1952 5732; x_wconf 79' lang='lat' dir='ltr'><strong>prae-</strong></span> <span class='ocrx_word' id='word_1_917' title='bbox 2069 5658 2210 5715; x_wconf 84' lang='lat' dir='ltr'><strong>chre</strong></span> <span class='ocrx_word' id='word_1_918' title='bbox 2234 5658 2528 5730; x_wconf 87' lang='lat' dir='ltr'><strong>congruit.</strong></span> 
     </span>
    </p>
   </div>
  </div>
