3932 6152
287 183 408 256 243

1757 182 1820 247 S.
1865 181 2306 251 AMBROSII.

3598 201 3706 268 244

290 389 602 464 suspendit
621 388 947 457 incessum,
987 385 1143 443 nulla
1175 385 1419 442 tentavit
1439 384 1541 441 ubi
1571 400 1852 458 gressum
1884 383 1957 439 ft-
1985 366 2046 429 Α
2078 387 2390 441 successio
2447 388 2708 458 parentis
2761 390 3060 448 infusione
3118 393 3386 465 martyris
3432 399 3705 460 erudivit?

289 483 490 552 geret:
525 480 717 535 anxiae
762 494 894 533 cum
919 479 1077 534 terra
1109 477 1436 543 occureret,
1471 472 1716 530 offensae
1765 474 1914 529 vado
1937 515 1951 543 ,

288 569 442 628 ιωιω
471 566 785 638 profundo.
818 566 1068 622 Videres
1091 566 1246 636 piam
1286 567 1530 621 matrem
1563 564 1956 635 stringentem

288 657 443 712 nodo
472 670 704 724 manus,
737 654 1000 727 gaudere
1039 655 1110 710 de
1140 654 1411 726 pignore,
1443 654 1649 708 timere
1690 653 1762 707 de
1785 668 1950 721 casu,

287 760 360 801 ne
391 744 509 799 sibi
528 743 681 799 filias
722 744 817 799 vel
848 745 1081 799 fluctus
1103 743 1381 799 auferret.
1427 743 1551 798 Has
1581 741 1705 806 tibi,
1740 741 1948 812 inquit,

285 834 539 904 hostias,
569 832 827 901 Christe,
846 832 1084 887 immolo
1105 832 1399 904 praesules
1423 831 1731 900 castitatis,
1766 830 1951 884 duces

282 922 534 992 itineris,
568 922 815 977 comites
847 921 1151 991 passionis
1184 922 1317 991 (60).

350 1012 442 1069 86.
468 1010 584 1066 Sed
616 1011 751 1082 quis
776 1009 915 1081 jure
944 1010 1189 1065 miretur
1207 1012 1423 1067 tantam
1454 1008 1793 1064 viventibus
1813 1007 1954 1063 fuis-

283 1116 350 1156 se
401 1100 827 1167 constantiam,
873 1115 1008 1154 cum
1043 1099 1217 1154 etiam
1255 1099 1549 1155 defunctae
1594 1097 1952 1153 immobilem

280 1189 594 1246 stationem
652 1204 964 1260 corporum
1011 1188 1478 1244 vindicaverint?
1508 1189 1641 1243 Non
1701 1188 1953 1243 cadaver

281 1278 440 1333 unda
481 1278 746 1347 nudavit,
792 1293 912 1333 non
958 1278 1148 1350 rapidi
1187 1294 1404 1335 cursus
1437 1277 1695 1333 ﬂuminis
1728 1277 1950 1331 voluta-

280 1370 442 1423 runt.
474 1366 626 1432 Quin
660 1367 835 1423 etiam
864 1369 1068 1423 sancta
1106 1371 1290 1423 mater
1326 1366 1464 1421 licet
1494 1381 1680 1421 sensu
1712 1382 1945 1435 carens,

200 1518 203 1523 ί
276 1455 514 1529 pietatis
546 1459 743 1512 tamen
772 1456 981 1513 adhuc,
1006 1456 1284 1512 servabat
1310 1454 1646 1526 amplexum
1672 1471 1683 1508 ε
1720 1458 1778 1509 et
1806 1454 1948 1508 reli-

276 1546 517 1618 giosum
548 1562 724 1618 quem
754 1546 1091 1611 strinxerat,
1144 1545 1363 1601 nodum
1392 1560 1502 1599 nec
1534 1545 1591 1598 in
1624 1547 1809 1598 morte
1859 1544 1944 1597 la-

275 1635 455 1689 xabat
489 1651 501 1689 :
533 1638 595 1690 ut
624 1650 757 1707 qum
785 1634 1060 1706 religioni
1091 1633 1351 1688 debitum
1401 1633 1681 1700 solverat,
1733 1634 1941 1703 pietate

276 1724 515 1780 bterede
558 1727 888 1781 moreretur
928 1723 1061 1792 (6t).
1111 1723 1263 1778 Nam
1300 1739 1449 1795 quas
1487 1722 1560 1776 ad
1599 1722 1943 1792 martyrium

266 1812 570 1885 junxerat,
604 1829 794 1885 usque
825 1813 897 1867 ad
928 1813 1216 1868 tumulum
1248 1811 1602 1867 vindicabat.

316 1901 435 1957 3'7.
485 1902 601 1958 Sed
638 1902 780 1974 quid
830 1902 1185 1974 alienigenis
1240 1900 1395 1972 apud
1435 1904 1510 1970 te,
1569 1917 1760 1964 soror,
1808 1904 1942 1955 utor

274 1990 565 2062 exemplis
592 2032 607 2062 ,
654 2004 832 2064 quam
875 1990 1265 2046 bmreditariaa
1311 1990 1599 2045 castitatis
1652 1990 1938 2061 inspirata

2076 473 2243 529 Unde
2274 476 2431 530 enim
2462 477 2741 549 didicisti,
2791 496 2924 552 quae
2976 480 3094 536 non
3135 482 3391 538 habuisti
3420 488 3563 542 unde
3592 490 3705 547 dis-

2073 579 2264 631 ceres,
2292 566 2609 621 constituta
2636 568 2695 622 in
2712 584 2879 640 agro,
2914 571 3074 626 nulla
3104 572 3269 627 socia
3296 573 3536 646 virgine,
3562 580 3705 635 nullo

2070 651 2379 708 informata
2429 656 2716 712 doctore?
2771 658 2903 713 Non
2953 675 3098 732 ergo
3150 661 3518 733 discipulam,
3565 669 3709 738 quod

2069 741 2198 796 fieri
2229 743 2358 798 sine
2390 745 2734 817 magisterio
2764 762 2882 802 non
2913 751 3125 819 potest,
3163 750 3269 805 sed
3301 749 3585 809 haeredem
3602 757 3708 811 vir-

2069 831 2210 885 tutis
2243 833 2441 903 egisti.

2138 920 2226 974 38.
2260 920 2371 985 Qui
2390 921 2547 977 enim
2583 923 2711 978 fieri
2748 927 2956 995 posset
2992 928 3056 980 ut
3086 928 3290 981 sancta
3327 927 3586 985 Sotheris
3616 932 3713 988 tibi

2068 1026 2187 1065 non
2208 1014 2371 1066 esset
2391 1012 2605 1066 mentis
2628 1016 2854 1082 auctor,
2882 1014 2975 1068 cui
2997 1018 3203 1071 auctor
3219 1018 3311 1070 est
3332 1019 3564 1088 generis
3581 1021 3711 1090 (62)?

2067 1099 2501 1170 persecutionis
2524 1104 2714 1171 aetate,
2747 1102 3069 1159 servilibus
3101 1120 3336 1176 quoque
3359 1109 3712 1164 contumeliis
3797 1156 3814 1169 .

2066 1189 2138 1243 ad
2171 1189 2474 1261 fastigium
2502 1191 2805 1261 passionis
2836 1195 3058 1261 evecta,
3090 1194 3268 1249 etiam
3285 1194 3506 1250 vultum
3531 1196 3711 1267 ipsum

2067 1278 2169 1349 qui
2197 1279 2349 1333 inter
2377 1279 2675 1334 cruciatus
2705 1280 2885 1335 totius
2916 1282 3189 1352 corporis
3221 1283 3373 1338 liber
3418 1300 3552 1340 esse
3590 1302 3716 1340 con-

2066 1366 2259 1421 suevit
2289 1366 2546 1439 injuriae,
2599 1371 2656 1423 et
2685 1372 2954 1439 spectare
2994 1372 3191 1441 potius
3230 1375 3517 1428 tormenta
3556 1390 3715 1445 quam

2065 1456 2308 1525 perpeti,
2345 1457 2606 1511 carnifici
2639 1457 2799 1512 dedit
2831 1476 2842 1513 :
2878 1461 2996 1514 tam
3044 1459 3218 1515 fortis
3269 1463 3327 1515 et
3370 1462 3613 1532 patiens,
3662 1467 3719 1518 ut

2066 1559 2201 1598 cum
2228 1547 2464 1600 teneras
2496 1546 2609 1615 (63)
2642 1561 2833 1617 pinnae
2866 1546 3105 1603 offerret
3155 1565 3375 1621 genas,
3408 1551 3569 1622 prius
3597 1567 3717 1606 car-

2064 1632 2226 1688 nifex
2257 1634 2540 1690 caedendo
2572 1636 2875 1704 defecerit,
2913 1653 3089 1708 quam
3118 1642 3339 1709 martyr
3369 1639 3599 1711 injuriae
3627 1657 3719 1696 ce-

2062 1722 2248 1777 deret.
2286 1723 2418 1778 Non
2448 1723 2675 1779 vultum
2709 1725 2953 1794 inﬂexit,
2989 1742 3107 1781 non
3137 1743 3240 1781 ora
3274 1729 3583 1797 convertit;
3613 1745 3720 1785 non

2061 1812 2362 1882 gemitum,
2395 1828 2513 1866 non
2561 1812 2879 1883 lacrymam
2908 1815 3066 1869 dedit
3115 1817 3248 1885 (64).
3284 1817 3545 1889 Denique
3589 1834 3713 1873 cum

2060 1903 2272 1955 caetera
2318 1918 2623 1971 pcnnarum
2671 1919 2890 1975 genera
2921 1904 3187 1976 vicisset,
3238 1904 3502 1978 gladium
3547 1922 3710 1978 quem

2059 1989 2379 2061 quaerebat,
2413 1990 2636 2046 invenit
2667 1992 2800 2061 (65).

148 2476 171 2499 ’
265 2476 408 2560 vett,
442 2497 806 2545 moveretur.
848 2476 1015 2555 συοά
1064 2476 1379 2561 utrumque
1427 2488 1582 2543 haud
1627 2476 1939 2543 mediocri-

2059 2133 2172 2207 sed_
2197 2135 2253 2187 et
2282 2132 2540 2207 majores
2573 2149 2780 2207 omnes
2811 2149 2887 2189 ex
2917 2150 3168 2206 quorum
3202 2136 3387 2207 stirpe
3419 2140 3579 2192 esset
3600 2136 3712 2192 ori-

2058 2204 2275 2272 undus,
2326 2205 2416 2258 sic
2447 2204 2763 2274 appellare,
2821 2204 3005 2261 Passa
3054 2223 3197 2262 vero
3243 2204 3339 2263 est
3367 2212 3567 2263 sancta
3597 2208 3721 2263 haec

2059 2278 2279 2345 martyr
2304 2291 2398 2329 an.
2432 2275 2504 2329 ab
2535 2276 2764 2330 Incarn.
2816 2276 2945 2344 304,
2974 2278 3027 2331 si
3076 2278 3333 2333 Baronio
3380 2280 3669 2334 credimus
3706 2294 3717 2333 ε

2055 2362 2188 2400 nam
2220 2350 2358 2400 sunt
2387 2346 2489 2417 qui
2520 2348 2862 2417 martyrium
2892 2347 3028 2402 e'us
3050 2364 3144 2402 an.
3166 2349 3272 2404 293
3302 2353 3404 2403 aut
3430 2348 3533 2404 283
3560 2365 3715 2404 asse-

2055 2421 2186 2471 rant
2215 2417 2563 2472 contigisse.
2599 2417 2781 2472 Porro
2830 2418 2901 2472 de
2925 2365 3065 2472 ioco
3095 2419 3197 2472 ubi
3249 2436 3435 2472 nassa
3481 2420 3557 2472 sit
3602 2436 3715 2472 non

2054 2421 2191 2490 rant
2215 2417 2563 2490 contigisse.
2599 2417 2781 2490 Porro
2817 2418 2901 2490 de
2934 2417 3065 2473 loco
3095 2419 3197 2473 ubi
3249 2436 3435 2490 passa
3481 2420 3557 2475 sit
3602 2436 3716 2475 non

2055 2489 2293 2542 minima
2340 2488 2433 2562 est
2462 2488 2761 2562 discordia
2808 2489 2961 2562 inter
2988 2488 3299 2562 auctores,
3350 2507 3382 2546 e
3426 2492 3637 2562 quibus
3692 2506 3721 2543 a

2056 2575 2199 2633 vero
2230 2561 2475 2630 propius
2524 2560 2802 2633 aberrare
2833 2560 3109 2633 videntur
3136 2561 3180 2615 ii
3209 2562 3309 2633 qui
3350 2560 3591 2618 Romam
3635 2563 3723 2616 ei-

2056 2631 2189 2686 dem
2222 2634 2424 2701 putant
2451 2631 2896 2703 assignandam.
2931 2631 3174 2687 Festum
3203 2631 3403 2688 autem
3430 2634 3618 2703 ipsius
3650 2649 3719 2687 ex

2058 2706 2296 2772 martyr.
2336 2703 2504 2757 Rom.
2525 2718 2604 2770 xv,
2637 2718 2711 2757 ex
2742 2703 2874 2757 aliis
2906 2719 3048 2759 vero
3081 2720 3182 2757 vui
3205 2704 3349 2760 Idus
3379 2703 3723 2760 Februarias

2057 2774 2445 2827 renuntiatur.

2127 2845 2239 2913 (63)
2275 2845 2546 2915 Plerique
2595 2860 2766 2913 mss.,
2803 2845 3074 2899 carnifici
3104 2846 3272 2901 dedit
3325 2847 3513 2903 fortis
3542 2853 3597 2902 et
3620 2863 3723 2919 pa-

2061 2916 2238 2983 tiens,
2276 2923 2335 2970 ut
2368 2933 2516 2984 cum,
2550 2919 2661 2970 etc.

344 2134 455 2203 (60)
486 2133 751 2202 Amerb.,
788 2133 958 2189 Eras.
994 2136 1051 2189 et
1086 2134 1255 2188 Rom.
1284 2175 1298 2202 ,
1332 2150 1465 2187 cum
1497 2132 1730 2188 duobus
1765 2133 1895 2188 cod.
1920 2174 1935 2201 ,

269 2203 582 2260 Praesules
636 2205 1044 2277 virginitatis,
1097 2205 1278 2277 duces
1324 2205 1643 2277 castitatis,
1696 2206 1942 2259 comites

260 2277 584 2350 passionis,
616 2275 753 2350 _Gill.
787 2292 921 2331 cum
950 2276 1210 2350 reliquis,
1231 2279 1296 2350 ut
1324 2275 1382 2329 in
1416 2279 1713 2350 contextu.

338 2346 451 2417 (61)
483 2347 755 2419 Plerique
790 2363 961 2419 mss.,
992 2346 1244 2419 pietatis
1272 2347 1515 2419 mercde
1550 2352 1889 2419 moreretur
1921 2367 1937 2400 .-

266 2416 449 2490 aliqui
467 2434 609 2475 vero
632 2416 687 2474 et
708 2418 875 2490 edit.,
886 2416 1120 2489 pietati,
1144 2417 1387 2473 liaerede
1405 2425 1777 2490 moreretur;
1798 2417 1935 2490 edit.

265 2562 359 2616 ter
386 2561 563 2616 nobis
594 2563 940 2631 suspectum
972 2564 1081 2615 est.

335 2631 451 2702 (62)
482 2632 659 2687 Beata
691 2632 821 2687 haec
851 2631 1140 2701 Sotberis,
1172 2647 1306 2703 qum
1337 2631 1621 2686 Sotheres
1650 2631 1824 2703 etiam
1854 2631 1939 2686 di-

268 2701 435 2775 citur
467 2703 530 2757 in
574 2718 723 2775 mss.
756 2703 1132 2775 quibusdam,
1166 2701 1221 2758 et
1251 2703 1525 2775 Sothera,
1577 2707 1639 2757 ut
1671 2702 1939 2757 Bollaudi

265 2773 794 2847 continuatoribus'
826 2774 1037 2847 placet,
1068 2774 1291 2847 _vocari
1321 2778 1518 2847 potest
1550 2791 1561 2828 :
1597 2790 1734 2847 cum
1766 2774 1939 2847 virgo

263 2844 383 2916 non
411 2845 589 2916 modo
613 2844 673 2898 in
698 2844 1160 2916 martyrologiis,
1186 2860 1392 2899 verum
1414 2846 1589 2899 etiam
1611 2845 1670 2899 in
1692 2844 1933 2899 Exhort.

262 2915 336 2969 ad
360 2914 763 2987 (virginitatem
793 2914 868 2970 ab
899 2914 1217 2970 Ambrosio
1251 2916 1382 2986 ipso
1415 2917 1768 2982 nominetur,
1822 2933 1936 2987 qua

260 2985 489 3072 ratione
520 2985 618 3072 hic
631 2993 843 3072 auctor
858 2988 1227 3072 generishac
1259 2985 1439 3072 supra
1456 3004 1682 3072 parens
1705 2985 1944 3072 hlarcel-
1979 2985 2026 3002 ν
2259 2987 2418 3072 idem
2443 3003 2715 3072 ms.,‘non
2743 2987 2968 3072 gemitu
2996 2989 3170 3072 ricta,-
3197 2988 3522 3072 lacrymam
3544 2988 3722 3045 dedit:

258 3056 396 3113 line
427 3058 742 3130 scribatur,
779 3056 897 3114 non
931 3058 1223 3113 immerito
1249 3056 1792 3130 lector—ambigat.)
1822 3059 1940 3113 lic-
2124 3059 2237 3125 (65)
2272 3058 2452 3113 Ilisce
2483 3058 2688 3130 verbis
2718 3056 2857 3130 cum
2898 3062 3182 3114 tractatus
3215 3056 3452 3116 desinat
3482 3062 3541 3116 in
3584 3076 3723 3114 mss.

257 3129 555 3201 spondent
584 3132 783 3201 autem
804 3130 983 3184 iidem
1020 3129 1285 3184 Bollandi
1308 3128 1748 3185 continuatorcs
1785 3129 1940 3201 haud
2052 3130 2350 3201 omnibus,
2393 3145 2527 3201 quae
2558 3129 2619 3182 in
2664 3128 2811 3201 edit.
2845 3133 3196 3201 sequuntur,
3234 3136 3373 3201 post
3414 3133 3625 3186 librum
3658 3131 3725 3185 de

2065 3200 2269 3255 Viduis
2321 3199 2435 3254 sub
2485 3199 2725 3271 proprio
2777 3199 2953 3255 titulo
2995 3199 3325 3274 rejicien'da
3372 3218 3512 3258 esse
3559 3202 3726 3257 duxi-

2052 3287 2206 3326 mus.

262 3199 568 3257 insolitum
616 3200 807 3256 fuisse
866 3201 1101 3256 illorum
1153 3203 1484 3271 temporum
1540 3200 1939 3270 scriptoribus

263 3287 383 3327 non
414 3272 609 3337 solum
638 3287 784 3328 avos
815 3288 847 3328 a
879 3272 1099 3345 quibus
1148 3276 1307 3327 recta
1338 3272 1474 3344 quis
1522 3272 1934 3341 descenderet,

1157 3589 1249 3668 IN
1314 3587 1691 3669 LIBRUM
1742 3588 1871 3669 DE
1926 3588 2251 3668 VIDUIS
2294 3589 2820 3673 ADMONthO

501 3916 653 3985 ET
686 3917 833 3986 DE
880 3917 1002 3985 SA
1014 3916 1149 3985 NC
1165 3915 1360 3984 TOR
1378 3914 1528 3985 UM
1568 3914 1691 3982 IN
1701 3914 1954 3982 VOCA
1978 3914 2073 3981 TI
2073 3913 2211 3982 ΟΝ
2211 3914 2281 3981 E
2327 3914 2837 3983 A’ONNIHIL
2884 3915 3031 3983 DE
3033 3915 3277 3985 LIBA
3299 3918 3502 3989 TUR

319 4209 678 4268 Ambrosius
709 4209 769 4266 in
789 4210 920 4281 ipso
948 4208 1470 4265 Commentationis
1502 4208 1684 4281 hujus
1716 4209 1916 4264 limine
1947 4210 2128 4276 (num.
2168 4208 2216 4277 t)
2246 4210 2552 4279 proﬁtetur
2576 4209 2650 4262 ad
2679 4225 2808 4264 eam
2838 4209 3029 4264 tribus
3061 4209 3231 4264 libris
3261 4209 3352 4265 De
3388 4207 3733 4281 Virginibus

250 4299 732 4374 conjungendam
762 4299 1051 4371 Apostoli,
1084 4315 1118 4353 a
1145 4314 1263 4371 quo
1295 4299 1606 4370 utriusque
1636 4296 1993 4352 conditionis
2024 4296 2231 4353 laudes
2258 4298 2486 4368 passim
2515 4297 2575 4353 in
2604 4298 2874 4369 epistolis
2908 4298 3038 4353 suis
3069 4298 3441 4369 copulantur,
3476 4295 3730 4353 auctori-

245 4391 364 4445 tate
406 4393 579 4463 atque
610 4389 882 4461 exemplo
913 4389 1216 4443 inductum
1248 4403 1407 4443 esse.
1447 4388 1517 4442 At
1566 4403 1709 4442 vero
1741 4386 1799 4441 in
1832 4387 2030 4458 operis
2061 4386 2217 4441 serie
2263 4390 2414 4458 (cap.
2446 4387 2501 4456 9,
2534 4403 2693 4442 num.
2727 4387 2795 4441 5'7
2841 4390 2899 4442 et
2928 4392 3083 4458 seq.)
3127 4388 3425 4459 quandam
3462 4386 3731 4442 occasio-

247 4493 386 4537 nem
413 4479 914 4552 deprehendimus
947 4495 1080 4551 quaa
1112 4478 1307 4549 ipsum
1337 4480 1399 4533 ut
1431 4476 1675 4533 haberet
1705 4475 2046 4548 cbartisque
2094 4476 2487 4531 committeret
2516 4476 2744 4555 huncce
2773 4480 3109 4546 tractatum,
3145 4476 3343 4531 acrius
3376 4477 3580 4533 movit.
3615 4474 3732 4529 Ex-

249 4569 465 4624 stincto
495 4569 754 4643 conjuge
785 4572 1048 4623 matrona
1088 4567 1381 4639 quaedam,
1417 4567 1510 4621 cui
1540 4566 1676 4622 filim
1707 4566 1909 4637 plures
1940 4565 2150 4636 partim
2181 4565 2437 4632 nubiles,
2475 4566 2685 4637 partim
2709 4565 2834 4636 jam
2863 4566 3068 4636 nuptui
3098 4566 3326 4621 traditae
3358 4566 3729 4637 supererant,

247 4658 323 4713 ad
354 4673 663 4714 commune
711 4659 1085 4714 mmrentium
1118 4657 1380 4713 omnium
1429 4655 1769 4728 perfugium
1797 4672 1937 4710 sesc
1986 4654 2261 4720 contulit,
2296 4654 2524 4708 scilicet
2572 4654 2974 4709 Ambrosium.
3010 4655 3177 4709 llanc
3223 4655 3315 4709 vir
3345 4659 3597 4710 sanctus
3627 4668 3728 4723 pro

248 4763 359 4802 sua
390 4746 663 4802 facultate
694 4748 1059 4817 consolatus,
1095 4746 1286 4802 eidem
1317 4745 1492 4801 ctiam
1523 4748 1730 4800 auctor
1760 4744 1887 4812 fuit,
1922 4747 2003 4811 ut,
2035 4746 2355 4814 temperata
2388 4742 2683 4796 maestitiae
2707 4742 3097 4809 vehementia,
3132 4746 3361 4797 vestem
3392 4743 3728 4816 lugubrem,

246 4837 385 4908 quia
415 4836 672 4892 fortasse
702 4837 1019 4892 constitum
1048 4836 1228 4892 luctui
1259 4839 1491 4907 tempus
1519 4834 1643 4906 jam
1672 4834 2001 4899 efﬂuxerat,
2035 4833 2374 4903 deponeret.
2402 4831 2588 4885 Vidua
2620 4831 2717 4885 illa
2747 4848 2880 4903 qua:
2911 4832 3025 4885 sub
3056 4831 3216 4902 pullo
3240 4838 3501 4902 syrmate
3534 4831 3731 4900 volup-

243 4926 382 4981 tatis
412 4941 674 4982 amorem
702 4926 1117 4994 occultaverat,
1144 4926 1474 4981 Abrosiana
1505 4924 1685 4979 verba
1718 4924 1776 4977 in
1810 4921 2143 4993 cupiditatis
2174 4938 2302 4977 sua:
2335 4920 2582 4993 gratiam
2612 4920 3026 4991 interpretans,
3052 4921 3196 4975 nihil
3228 4922 3383 4976 aliud
3415 4921 3532 4975 nisi
3566 4920 3732 4974 ador-

245 5015 474 5071 nandas
521 5030 709 5071 novas
755 5014 990 5084 nuptias
1020 5015 1300 5086 agitabat.
1354 5015 1486 5069 Non
1517 5014 1667 5085 fugit
1715 5012 1828 5066 hoc
1870 5013 2139 5065 sanctum
2186 5010 2506 5081 praesulem
2541 5026 2553 5063 :
2588 5026 2839 5081 cumque
2884 5010 3440 5080 perspectissimum
3486 5010 3728 5063 haberet

244 5108 389 5177 quot
416 5104 586 5173 mala,
620 5105 788 5173 rixae,
830 5104 984 5172 lites,
1015 5103 1358 5173 inimicitiae,
1390 5104 1528 5158 hinc
1559 5101 1904 5157 necessario
1935 5102 2141 5155 essent
2172 5100 2441 5167 oriturae;
2473 5102 2536 5153 ut
2574 5099 2752 5154 simul
2783 5101 2839 5153 et
2871 5098 3013 5153 illud
3044 5098 3388 5171 conjugium
3422 5097 3732 5152 dissuade-

242 5197 352 5265 ret,
387 5197 444 5249 et
472 5194 874 5266 suspicionem
904 5194 1053 5248 data:
1084 5192 1527 5264 approbationis
1562 5191 1764 5246 absise
1796 5192 2145 5256 removeret,
2192 5188 2547 5243 Christianae
2578 5187 2886 5243 viduitatis
2919 5187 3330 5242 excellentiam
3378 5187 3726 5258 praedicare,

242 5285 418 5356 atque
449 5284 521 5339 ad
552 5285 857 5340 colendam
890 5299 1019 5339 eam
1047 5283 1260 5338 viduas
1285 5281 1577 5337 cohortari
1612 5295 1947 5353 aggressus
1978 5281 2089 5334 est.

313 5373 609 5445 Principio
639 5374 821 5447 igitur
850 5374 1117 5445 proxime
1149 5372 1221 5427 ad
1252 5371 1649 5444 virginitatem
1680 5369 1964 5425 accedere
1996 5366 2297 5422 viduitatis
2350 5365 2808 5436 professionem,
2856 5383 2966 5420 nec
2999 5382 3118 5421 non
3150 5365 3523 5421 matrimonio
3556 5365 3729 5435 longe

239 5463 584 5533 praecellere
615 5465 923 5519 asseverat
955 5464 1106 5532 (cap.
1141 5458 1216 5529 ἰ).
1252 5458 1448 5531 Hujus
1480 5459 1565 5515 rei
1595 5462 2007 5533 argumentum
2039 5455 2261 5527 profert
2291 5470 2408 5510 non
2440 5456 2612 5510 modo
2643 5455 3034 5526 apostolicum
3068 5456 3492 5523 testimonium,
3527 5467 3727 5507 verum

238 5532 415 5609 etiam
463 5552 798 5625 exemplum
844 5550 1039 5606 viduae
1088 5549 1431 5620 Sareptenae
1478 5552 1659 5607 (num.
1706 5547 1740 5601 3
1785 5532 2047 5615 ct'scq.),
2099 5542 2275 5615 cujus
2326 5543 2652 5597 castitatem
2698 5559 2815 5597 non
2861 5544 3187 5599 solitariam
3236 5542 3573 5611 exstitisse,
3626 5538 3730 5594 sed

240 5640 514 5714 pluribus
543 5641 696 5712 aliis,
749 5643 890 5715 puta
919 5637 1317 5714 hOSpitalitate
1346 5654 1415 5693 ac
1445 5638 1688 5710 pietate,
1733 5634 2005 5708 stipatam
2036 5633 2227 5691 docet.
2280 5631 2562 5687 Euarrata
2611 5632 2941 5688 secundum
2985 5633 3266 5690 moralem
3314 5635 3371 5690 et
3414 5629 3727 5705 mysticum
