  <div class='ocr_page' id='page_1' title='image "/cluster/home/n/w/nwhite01/storage/ocr_20150623/16/hvd.32044096580444/128.png"; bbox 0 0 4060 6158; ppageno 0'>
   <div class='ocr_carea' id='block_1_1' title="bbox 324 218 3786 290">
    <p class='ocr_par' dir='ltr' id='par_1_1' title="bbox 324 218 3786 290">
     <span class='ocr_line' id='line_1_1' title="bbox 324 218 3786 290; baseline 0.001 -3"><span class='ocrx_word' id='word_1_1' title='bbox 324 218 436 287; x_wconf 67' lang='lat'><strong>245</strong></span> <span class='ocrx_word' id='word_1_2' title='bbox 1316 220 1575 284; x_wconf 89' lang='lat' dir='ltr'><strong>LIBER</strong></span> <span class='ocrx_word' id='word_1_3' title='bbox 1615 222 1728 284; x_wconf 88' lang='lat' dir='ltr'><strong>DE</strong></span> <span class='ocrx_word' id='word_1_4' title='bbox 1771 222 2080 288; x_wconf 90' lang='lat' dir='ltr'><strong>VIDUIS.</strong></span> <span class='ocrx_word' id='word_1_5' title='bbox 2130 239 2209 270; x_wconf 91' lang='lat'><strong>-&#39;-</strong></span> <span class='ocrx_word' id='word_1_6' title='bbox 2252 220 2759 287; x_wconf 81' lang='lat' dir='ltr'><strong>ADMONITIO.</strong></span> <span class='ocrx_word' id='word_1_7' title='bbox 3662 220 3786 290; x_wconf 72' lang='grc'><strong>246</strong></span> 
     </span>
    </p>
   </div>
   <div class='ocr_carea' id='block_1_2' title="bbox 321 415 3788 498">
    <p class='ocr_par' dir='ltr' id='par_1_2' title="bbox 321 415 3788 498">
     <span class='ocr_line' id='line_1_2' title="bbox 321 415 3788 498; baseline 0 -20"><span class='ocrx_word' id='word_1_8' title='bbox 321 438 550 478; x_wconf 82' lang='lat' dir='ltr'><strong>sensum</strong></span> <span class='ocrx_word' id='word_1_9' title='bbox 575 421 686 478; x_wconf 90' lang='lat' dir='ltr'><strong>hac</strong></span> <span class='ocrx_word' id='word_1_10' title='bbox 727 422 997 492; x_wconf 78' lang='lat' dir='ltr'><strong>historia,</strong></span> <span class='ocrx_word' id='word_1_11' title='bbox 1028 423 1241 477; x_wconf 76' lang='lat' dir='ltr'><strong>transit</strong></span> <span class='ocrx_word' id='word_1_12' title='bbox 1289 423 1362 477; x_wconf 88' lang='lat' dir='ltr'><strong>ad</strong></span> <span class='ocrx_word' id='word_1_13' title='bbox 1392 424 1622 477; x_wconf 84' lang='lat' dir='ltr'><strong>Annam</strong></span> <span class='ocrx_word' id='word_1_14' title='bbox 1671 422 2080 493; x_wconf 86' lang='lat' dir='ltr'><strong>prOphetidem</strong></span> <span class='ocrx_word' id='word_1_15' title='bbox 2113 424 2262 493; x_wconf 89' lang='lat' dir='ltr'><strong>(cap.</strong></span> <span class='ocrx_word' id='word_1_16' title='bbox 2308 423 2385 492; x_wconf 78' lang='lat'><strong>4),</strong></span> <span class='ocrx_word' id='word_1_17' title='bbox 2439 439 2471 476; x_wconf 92' lang='lat' dir='ltr'><strong>a</strong></span> <span class='ocrx_word' id='word_1_18' title='bbox 2504 440 2617 494; x_wconf 90' lang='lat' dir='ltr'><strong>qua</strong></span> <span class='ocrx_word' id='word_1_19' title='bbox 2649 424 2859 479; x_wconf 91' lang='lat' dir='ltr'><strong>deinde</strong></span> <span class='ocrx_word' id='word_1_20' title='bbox 2907 425 2980 480; x_wconf 90' lang='lat' dir='ltr'><strong>ad</strong></span> <span class='ocrx_word' id='word_1_21' title='bbox 3011 440 3140 479; x_wconf 90' lang='lat' dir='ltr'><strong>eam</strong></span> <span class='ocrx_word' id='word_1_22' title='bbox 3190 425 3429 480; x_wconf 84' lang='lat' dir='ltr'>viduam</span> <span class='ocrx_word' id='word_1_23' title='bbox 3460 415 3639 498; x_wconf 84' lang='lat' dir='ltr'><strong>cujus</strong></span> <span class='ocrx_word' id='word_1_24' title='bbox 3674 425 3788 480; x_wconf 84' lang='lat' dir='ltr'><strong>im-</strong></span> 
     </span>
    </p>
   </div>
   <div class='ocr_carea' id='block_1_3' title="bbox 321 511 3791 586">
    <p class='ocr_par' dir='ltr' id='par_1_3' title="bbox 321 511 3791 586">
     <span class='ocr_line' id='line_1_3' title="bbox 321 511 3791 586; baseline 0.001 -20"><span class='ocrx_word' id='word_1_25' title='bbox 321 513 493 566; x_wconf 90' lang='lat' dir='ltr'><strong>missa</strong></span> <span class='ocrx_word' id='word_1_26' title='bbox 523 513 577 566; x_wconf 92' lang='lat' dir='ltr'><strong>in</strong></span> <span class='ocrx_word' id='word_1_27' title='bbox 610 512 1092 584; x_wconf 76' lang='lat' dir='ltr'><strong>ga20phylacium</strong></span> <span class='ocrx_word' id='word_1_28' title='bbox 1125 513 1241 566; x_wconf 89' lang='lat' dir='ltr'><strong>duo</strong></span> <span class='ocrx_word' id='word_1_29' title='bbox 1276 513 1496 566; x_wconf 88' lang='lat' dir='ltr'><strong>minuta</strong></span> <span class='ocrx_word' id='word_1_30' title='bbox 1530 513 1724 566; x_wconf 89' lang='lat' dir='ltr'><strong>Lucas</strong></span> <span class='ocrx_word' id='word_1_31' title='bbox 1757 514 2058 580; x_wconf 79' lang='lat' dir='ltr'><strong>memorat,</strong></span> <span class='ocrx_word' id='word_1_32' title='bbox 2095 511 2344 583; x_wconf 83' lang='lat' dir='ltr'><strong>gradum</strong></span> <span class='ocrx_word' id='word_1_33' title='bbox 2374 511 2512 565; x_wconf 85' lang='lat' dir='ltr'><strong>facit</strong></span> <span class='ocrx_word' id='word_1_34' title='bbox 2540 513 2690 581; x_wconf 85' lang='lat' dir='ltr'><strong>(cap.</strong></span> <span class='ocrx_word' id='word_1_35' title='bbox 2723 514 2798 581; x_wconf 85' lang='lat'>5).</span> <span class='ocrx_word' id='word_1_36' title='bbox 2837 515 3068 583; x_wconf 79' lang='lat' dir='ltr'><strong>Postea,</strong></span> <span class='ocrx_word' id='word_1_37' title='bbox 3105 514 3379 569; x_wconf 73' lang='lat' dir='ltr'><strong>decursis</strong></span> <span class='ocrx_word' id='word_1_38' title='bbox 3402 515 3636 586; x_wconf 85' lang='lat' dir='ltr'><strong>aliquot</strong></span> <span class='ocrx_word' id='word_1_39' title='bbox 3670 515 3791 569; x_wconf 83' lang='lat' dir='ltr'><strong>Ve-</strong></span> 
     </span>
    </p>
   </div>
   <div class='ocr_carea' id='block_1_4' title="bbox 321 599 3793 676">
    <p class='ocr_par' dir='ltr' id='par_1_4' title="bbox 321 599 3793 676">
     <span class='ocr_line' id='line_1_4' title="bbox 321 599 3793 676; baseline 0.001 -21"><span class='ocrx_word' id='word_1_40' title='bbox 321 602 454 658; x_wconf 90' lang='lat' dir='ltr'><strong>teris</strong></span> <span class='ocrx_word' id='word_1_41' title='bbox 486 601 841 656; x_wconf 88' lang='lat' dir='ltr'><strong>Testamenti</strong></span> <span class='ocrx_word' id='word_1_42' title='bbox 872 602 1181 672; x_wconf 90' lang='lat' dir='ltr'><strong>exemplis,</strong></span> <span class='ocrx_word' id='word_1_43' title='bbox 1217 600 1492 655; x_wconf 77' lang='lat' dir='ltr'><strong>nimirum</strong></span> <span class='ocrx_word' id='word_1_44' title='bbox 1541 600 1753 655; x_wconf 91' lang='lat' dir='ltr'><strong>Noemi</strong></span> <span class='ocrx_word' id='word_1_45' title='bbox 1781 599 1931 671; x_wconf 88' lang='lat' dir='ltr'><strong>(cap.</strong></span> <span class='ocrx_word' id='word_1_46' title='bbox 1980 599 2055 668; x_wconf 89' lang='lat'><strong>6),</strong></span> <span class='ocrx_word' id='word_1_47' title='bbox 2106 600 2361 656; x_wconf 67' lang='lat' dir='ltr'><strong>Judilhze</strong></span> <span class='ocrx_word' id='word_1_48' title='bbox 2413 602 2563 670; x_wconf 85' lang='lat' dir='ltr'><strong>(cap.</strong></span> <span class='ocrx_word' id='word_1_49' title='bbox 2596 599 2650 667; x_wconf 89' lang='lat'><strong>7)</strong></span> <span class='ocrx_word' id='word_1_50' title='bbox 2678 603 2852 672; x_wconf 88' lang='lat' dir='ltr'><strong>atque</strong></span> <span class='ocrx_word' id='word_1_51' title='bbox 2904 602 3151 657; x_wconf 70' lang='lat' dir='ltr'><strong>Deborze</strong></span> <span class='ocrx_word' id='word_1_52' title='bbox 3201 605 3351 674; x_wconf 89' lang='lat' dir='ltr'><strong>(cap.</strong></span> <span class='ocrx_word' id='word_1_53' title='bbox 3412 603 3488 673; x_wconf 91' lang='lat'><strong>8),</strong></span> <span class='ocrx_word' id='word_1_54' title='bbox 3524 604 3793 676; x_wconf 88' lang='lat' dir='ltr'><strong>ipsarum</strong></span> 
     </span>
    </p>
   </div>
   <div class='ocr_carea' id='block_1_5' title="bbox 320 689 3794 763">
    <p class='ocr_par' dir='ltr' id='par_1_5' title="bbox 320 689 3794 763">
     <span class='ocr_line' id='line_1_5' title="bbox 320 689 3794 763; baseline 0.001 -19"><span class='ocrx_word' id='word_1_55' title='bbox 320 690 588 744; x_wconf 78' lang='lat' dir='ltr'><strong>historias</strong></span> <span class='ocrx_word' id='word_1_56' title='bbox 619 693 675 744; x_wconf 91' lang='lat' dir='ltr'><strong>et</strong></span> <span class='ocrx_word' id='word_1_57' title='bbox 693 690 992 745; x_wconf 72' lang='lat' dir='ltr'><strong>moraliter</strong></span> <span class='ocrx_word' id='word_1_58' title='bbox 1023 694 1079 744; x_wconf 88' lang='lat' dir='ltr'><strong>et</strong></span> <span class='ocrx_word' id='word_1_59' title='bbox 1110 691 1380 760; x_wconf 76' lang='lat' dir='ltr'><strong>mystice,</strong></span> <span class='ocrx_word' id='word_1_60' title='bbox 1414 692 1601 744; x_wconf 66' lang='lat' dir='ltr'><strong>Annae</strong></span> <span class='ocrx_word' id='word_1_61' title='bbox 1633 692 1827 744; x_wconf 87' lang='lat' dir='ltr'><strong>tamen</strong></span> <span class='ocrx_word' id='word_1_62' title='bbox 1860 689 2107 759; x_wconf 77' lang='lat' dir='ltr'><strong>mystice</strong></span> <span class='ocrx_word' id='word_1_63' title='bbox 2152 692 2393 758; x_wconf 91' lang='lat' dir='ltr'><strong>tantum,</strong></span> <span class='ocrx_word' id='word_1_64' title='bbox 2426 689 2725 744; x_wconf 82' lang='lat' dir='ltr'><strong>edisserit.</strong></span> <span class='ocrx_word' id='word_1_65' title='bbox 2778 689 2958 744; x_wconf 89' lang='lat' dir='ltr'><strong>Libro</strong></span> <span class='ocrx_word' id='word_1_66' title='bbox 2993 690 3245 762; x_wconf 88' lang='lat' dir='ltr'><strong>denique</strong></span> <span class='ocrx_word' id='word_1_67' title='bbox 3290 694 3426 761; x_wconf 91' lang='lat' dir='ltr'><strong>post</strong></span> <span class='ocrx_word' id='word_1_68' title='bbox 3457 692 3794 763; x_wconf 84' lang='lat' dir='ltr'><strong>expositam</strong></span> 
     </span>
    </p>
   </div>
   <div class='ocr_carea' id='block_1_6' title="bbox 320 777 3793 848">
    <p class='ocr_par' dir='ltr' id='par_1_6' title="bbox 320 777 3793 848">
     <span class='ocr_line' id='line_1_6' title="bbox 320 777 3793 848; baseline 0.001 -15"><span class='ocrx_word' id='word_1_69' title='bbox 320 779 384 833; x_wconf 91' lang='lat' dir='ltr'><strong>de</strong></span> <span class='ocrx_word' id='word_1_70' title='bbox 414 794 589 834; x_wconf 92' lang='lat' dir='ltr'><strong>socru</strong></span> <span class='ocrx_word' id='word_1_71' title='bbox 620 780 777 834; x_wconf 90' lang='lat' dir='ltr'><strong>Petri</strong></span> <span class='ocrx_word' id='word_1_72' title='bbox 808 780 1203 834; x_wconf 74' lang='lat' dir='ltr'><strong>narrationem</strong></span> <span class='ocrx_word' id='word_1_73' title='bbox 1235 781 1385 848; x_wconf 87' lang='lat' dir='ltr'><strong>(cap.</strong></span> <span class='ocrx_word' id='word_1_74' title='bbox 1418 778 1472 848; x_wconf 86' lang='lat'><strong>9,</strong></span> <span class='ocrx_word' id='word_1_75' title='bbox 1507 794 1667 833; x_wconf 90' lang='lat' dir='ltr'><strong>num.</strong></span> <span class='ocrx_word' id='word_1_76' title='bbox 1699 777 1788 847; x_wconf 82' lang='lat'><strong>53)</strong></span> <span class='ocrx_word' id='word_1_77' title='bbox 1822 778 1894 831; x_wconf 91' lang='lat' dir='ltr'><strong>ad</strong></span> <span class='ocrx_word' id='word_1_78' title='bbox 1941 777 2281 832; x_wconf 87' lang='lat' dir='ltr'><strong>umbilicum</strong></span> <span class='ocrx_word' id='word_1_79' title='bbox 2314 779 2618 848; x_wconf 89' lang='lat' dir='ltr'><strong>perducto,</strong></span> <span class='ocrx_word' id='word_1_80' title='bbox 2670 778 2881 832; x_wconf 91' lang='lat' dir='ltr'><strong>viduas</strong></span> <span class='ocrx_word' id='word_1_81' title='bbox 2914 778 2987 832; x_wconf 86' lang='lat' dir='ltr'><strong>ad</strong></span> <span class='ocrx_word' id='word_1_82' title='bbox 3032 781 3535 848; x_wconf 87' lang='lat' dir='ltr'><strong>perseverandum</strong></span> <span class='ocrx_word' id='word_1_83' title='bbox 3581 781 3641 835; x_wconf 88' lang='lat' dir='ltr'><strong>in</strong></span> <span class='ocrx_word' id='word_1_84' title='bbox 3671 781 3793 836; x_wconf 88' lang='lat' dir='ltr'><strong>vita</strong></span> 
     </span>
    </p>
   </div>
   <div class='ocr_carea' id='block_1_7' title="bbox 320 865 3796 939">
    <p class='ocr_par' dir='ltr' id='par_1_7' title="bbox 320 865 3796 939">
     <span class='ocr_line' id='line_1_7' title="bbox 320 865 3796 939; baseline 0.001 -18"><span class='ocrx_word' id='word_1_85' title='bbox 320 868 516 923; x_wconf 57' lang='lat' dir='ltr'><strong>caelibe</strong></span> <span class='ocrx_word' id='word_1_86' title='bbox 549 868 724 939; x_wconf 82' lang='lat' dir='ltr'><strong>cujus</strong></span> <span class='ocrx_word' id='word_1_87' title='bbox 756 870 1151 938; x_wconf 81' lang='lat' dir='ltr'><strong>sanctitatem,</strong></span> <span class='ocrx_word' id='word_1_88' title='bbox 1186 883 1450 938; x_wconf 85' lang='lat' dir='ltr'><strong>munera,</strong></span> <span class='ocrx_word' id='word_1_89' title='bbox 1477 867 1866 939; x_wconf 89' lang='lat' dir='ltr'><strong>propriasque</strong></span> <span class='ocrx_word' id='word_1_90' title='bbox 1895 867 2144 921; x_wconf 87' lang='lat' dir='ltr'><strong>virtutes</strong></span> <span class='ocrx_word' id='word_1_91' title='bbox 2176 865 2257 920; x_wconf 90' lang='lat' dir='ltr'><strong>ibi</strong></span> <span class='ocrx_word' id='word_1_92' title='bbox 2297 866 2581 921; x_wconf 88' lang='lat' dir='ltr'><strong>describit</strong></span> <span class='ocrx_word' id='word_1_93' title='bbox 2613 868 2762 937; x_wconf 89' lang='lat' dir='ltr'><strong>(cap.</strong></span> <span class='ocrx_word' id='word_1_94' title='bbox 2801 866 2867 920; x_wconf 88' lang='grc'>10</span> <span class='ocrx_word' id='word_1_95' title='bbox 2896 869 2954 920; x_wconf 93' lang='lat' dir='ltr'><strong>et</strong></span> <span class='ocrx_word' id='word_1_96' title='bbox 3000 868 3174 937; x_wconf 92' lang='lat' dir='ltr'><strong>seq.),</strong></span> <span class='ocrx_word' id='word_1_97' title='bbox 3208 872 3425 938; x_wconf 89' lang='lat' dir='ltr'><strong>quanta</strong></span> <span class='ocrx_word' id='word_1_98' title='bbox 3471 868 3796 924; x_wconf 85' lang='lat' dir='ltr'><strong>verborum</strong></span> 
     </span>
    </p>
   </div>
   <div class='ocr_carea' id='block_1_8' title="bbox 318 954 1125 1026">
    <p class='ocr_par' dir='ltr' id='par_1_8' title="bbox 318 954 1125 1026">
     <span class='ocr_line' id='line_1_8' title="bbox 318 954 1125 1026; baseline 0.002 -19"><span class='ocrx_word' id='word_1_99' title='bbox 318 955 460 1013; x_wconf 79' lang='lat' dir='ltr'><strong>valet</strong></span> <span class='ocrx_word' id='word_1_100' title='bbox 489 954 773 1025; x_wconf 75' lang='lat' dir='ltr'><strong>efficacia,</strong></span> <span class='ocrx_word' id='word_1_101' title='bbox 809 956 1125 1026; x_wconf 88' lang='lat' dir='ltr'><strong>compellit.</strong></span> 
     </span>
    </p>
   </div>
   <div class='ocr_carea' id='block_1_9' title="bbox 387 1042 3796 1117">
    <p class='ocr_par' dir='ltr' id='par_1_9' title="bbox 387 1042 3796 1117">
     <span class='ocr_line' id='line_1_9' title="bbox 387 1042 3796 1117; baseline 0.002 -20"><span class='ocrx_word' id='word_1_102' title='bbox 387 1043 565 1099; x_wconf 83' lang='lat' dir='ltr'><strong>Porro</strong></span> <span class='ocrx_word' id='word_1_103' title='bbox 583 1045 718 1098; x_wconf 89' lang='lat' dir='ltr'><strong>dum</strong></span> <span class='ocrx_word' id='word_1_104' title='bbox 743 1060 956 1099; x_wconf 91' lang='lat' dir='ltr'><strong>socrus</strong></span> <span class='ocrx_word' id='word_1_105' title='bbox 977 1044 1135 1099; x_wconf 88' lang='lat' dir='ltr'><strong>beati</strong></span> <span class='ocrx_word' id='word_1_106' title='bbox 1160 1044 1313 1098; x_wconf 91' lang='lat' dir='ltr'><strong>Petri</strong></span> <span class='ocrx_word' id='word_1_107' title='bbox 1338 1043 1694 1098; x_wconf 88' lang='lat' dir='ltr'><strong>mentionem</strong></span> <span class='ocrx_word' id='word_1_108' title='bbox 1732 1042 1889 1113; x_wconf 83' lang='lat' dir='ltr'><strong>facit,</strong></span> <span class='ocrx_word' id='word_1_109' title='bbox 1914 1047 2295 1098; x_wconf 89' lang='lat' dir='ltr'><strong>memoratam</strong></span> <span class='ocrx_word' id='word_1_110' title='bbox 2315 1042 2551 1098; x_wconf 85' lang='lat' dir='ltr'><strong>viduam</strong></span> <span class='ocrx_word' id='word_1_111' title='bbox 2574 1044 2727 1114; x_wconf 89' lang='lat' dir='ltr'><strong>(cap.</strong></span> <span class='ocrx_word' id='word_1_112' title='bbox 2759 1044 2813 1113; x_wconf 89' lang='lat'><strong>9,</strong></span> <span class='ocrx_word' id='word_1_113' title='bbox 2839 1059 2997 1100; x_wconf 89' lang='lat' dir='ltr'><strong>num.</strong></span> <span class='ocrx_word' id='word_1_114' title='bbox 3024 1043 3092 1098; x_wconf 83' lang='lat'><strong>5&#39;7</strong></span> <span class='ocrx_word' id='word_1_115' title='bbox 3114 1046 3170 1098; x_wconf 91' lang='lat' dir='ltr'><strong>et</strong></span> <span class='ocrx_word' id='word_1_116' title='bbox 3194 1044 3368 1116; x_wconf 91' lang='lat' dir='ltr'><strong>seq.),</strong></span> <span class='ocrx_word' id='word_1_117' title='bbox 3408 1045 3585 1117; x_wconf 88' lang='lat' dir='ltr'><strong>cujus</strong></span> <span class='ocrx_word' id='word_1_118' title='bbox 3601 1050 3796 1104; x_wconf 90' lang='lat' dir='ltr'><strong>tamen</strong></span> 
     </span>
    </p>
   </div>
   <div class='ocr_carea' id='block_1_10' title="bbox 315 1132 3794 1208">
    <p class='ocr_par' dir='ltr' id='par_1_10' title="bbox 315 1132 3794 1208">
     <span class='ocr_line' id='line_1_10' title="bbox 315 1132 3794 1208; baseline 0.002 -22"><span class='ocrx_word' id='word_1_119' title='bbox 315 1134 489 1203; x_wconf 85' lang='lat' dir='ltr'><strong>parcit</strong></span> <span class='ocrx_word' id='word_1_120' title='bbox 520 1134 763 1204; x_wconf 88' lang='lat' dir='ltr'><strong>nomini,</strong></span> <span class='ocrx_word' id='word_1_121' title='bbox 783 1134 1120 1205; x_wconf 85' lang='lat' dir='ltr'><strong>alloquitur.</strong></span> <span class='ocrx_word' id='word_1_122' title='bbox 1149 1134 1328 1188; x_wconf 89' lang='lat' dir='ltr'><strong>Docet</strong></span> <span class='ocrx_word' id='word_1_123' title='bbox 1351 1133 1545 1204; x_wconf 89' lang='lat' dir='ltr'><strong>itaque</strong></span> <span class='ocrx_word' id='word_1_124' title='bbox 1568 1148 1776 1188; x_wconf 87' lang='lat' dir='ltr'><strong>omnes</strong></span> <span class='ocrx_word' id='word_1_125' title='bbox 1800 1132 1933 1186; x_wconf 89' lang='lat' dir='ltr'><strong>illas</strong></span> <span class='ocrx_word' id='word_1_126' title='bbox 1956 1148 2173 1187; x_wconf 85' lang='lat' dir='ltr'><strong>causas</strong></span> <span class='ocrx_word' id='word_1_127' title='bbox 2193 1132 2410 1204; x_wconf 87' lang='lat' dir='ltr'><strong>quibus</strong></span> <span class='ocrx_word' id='word_1_128' title='bbox 2435 1133 2674 1188; x_wconf 88' lang='lat' dir='ltr'><strong>ineundi</strong></span> <span class='ocrx_word' id='word_1_129' title='bbox 2692 1134 2826 1188; x_wconf 91' lang='lat' dir='ltr'><strong>novi</strong></span> <span class='ocrx_word' id='word_1_130' title='bbox 2853 1132 3119 1205; x_wconf 88' lang='lat' dir='ltr'><strong>conjugii</strong></span> <span class='ocrx_word' id='word_1_131' title='bbox 3138 1134 3375 1205; x_wconf 84' lang='lat' dir='ltr'><strong>tegebat</strong></span> <span class='ocrx_word' id='word_1_132' title='bbox 3412 1135 3794 1208; x_wconf 87' lang='lat' dir='ltr'><strong>voluntatem;</strong></span> 
     </span>
    </p>
   </div>
   <div class='ocr_carea' id='block_1_11' title="bbox 310 1221 3796 1295">
    <p class='ocr_par' dir='ltr' id='par_1_11' title="bbox 310 1221 3796 1295">
     <span class='ocr_line' id='line_1_11' title="bbox 310 1221 3796 1295; baseline 0.001 -20"><span class='ocrx_word' id='word_1_133' title='bbox 310 1221 465 1276; x_wconf 79' lang='lat' dir='ltr'><strong>leves</strong></span> <span class='ocrx_word' id='word_1_134' title='bbox 487 1238 626 1277; x_wconf 90' lang='lat' dir='ltr'><strong>esse</strong></span> <span class='ocrx_word' id='word_1_135' title='bbox 647 1225 820 1293; x_wconf 89' lang='lat' dir='ltr'><strong>atque</strong></span> <span class='ocrx_word' id='word_1_136' title='bbox 838 1223 1161 1291; x_wconf 89' lang='lat' dir='ltr'><strong>sublestas,</strong></span> <span class='ocrx_word' id='word_1_137' title='bbox 1187 1238 1320 1276; x_wconf 91' lang='lat' dir='ltr'><strong>cum</strong></span> <span class='ocrx_word' id='word_1_138' title='bbox 1344 1237 1554 1292; x_wconf 85' lang='lat' dir='ltr'><strong>reapse</strong></span> <span class='ocrx_word' id='word_1_139' title='bbox 1575 1221 1672 1275; x_wconf 87' lang='lat' dir='ltr'><strong>hic</strong></span> <span class='ocrx_word' id='word_1_140' title='bbox 1694 1221 1889 1276; x_wconf 88' lang='lat' dir='ltr'><strong>solum</strong></span> <span class='ocrx_word' id='word_1_141' title='bbox 1912 1221 2227 1291; x_wconf 88' lang='lat' dir='ltr'><strong>voluptatis</strong></span> <span class='ocrx_word' id='word_1_142' title='bbox 2248 1237 2316 1274; x_wconf 89' lang='lat' dir='ltr'><strong>ac</strong></span> <span class='ocrx_word' id='word_1_143' title='bbox 2339 1221 2719 1276; x_wconf 69' lang='lat' dir='ltr'><strong>saecularium</strong></span> <span class='ocrx_word' id='word_1_144' title='bbox 2740 1222 3104 1292; x_wconf 89' lang='lat' dir='ltr'><strong>voluptatum</strong></span> <span class='ocrx_word' id='word_1_145' title='bbox 3136 1238 3399 1277; x_wconf 88' lang='lat' dir='ltr'><strong>amorem</strong></span> <span class='ocrx_word' id='word_1_146' title='bbox 3422 1228 3796 1295; x_wconf 80' lang='lat' dir='ltr'><strong>sequeretur.</strong></span> 
     </span>
    </p>
   </div>
   <div class='ocr_carea' id='block_1_12' title="bbox 313 1308 3798 1384">
    <p class='ocr_par' dir='ltr' id='par_1_12' title="bbox 313 1308 3798 1384">
     <span class='ocr_line' id='line_1_12' title="bbox 313 1308 3798 1384; baseline 0.002 -23"><span class='ocrx_word' id='word_1_147' title='bbox 313 1308 633 1380; x_wconf 80' lang='lat' dir='ltr'><strong>Conjugale</strong></span> <span class='ocrx_word' id='word_1_148' title='bbox 664 1309 964 1364; x_wconf 89' lang='lat' dir='ltr'><strong>vinculum</strong></span> <span class='ocrx_word' id='word_1_149' title='bbox 996 1310 1211 1364; x_wconf 83' lang='lat' dir='ltr'><strong>fatetur</strong></span> <span class='ocrx_word' id='word_1_150' title='bbox 1240 1310 1390 1379; x_wconf 89' lang='lat' dir='ltr'><strong>(cap.</strong></span> <span class='ocrx_word' id='word_1_151' title='bbox 1415 1309 1481 1363; x_wconf 76' lang='grc'>12</span> <span class='ocrx_word' id='word_1_152' title='bbox 1505 1311 1561 1363; x_wconf 91' lang='lat' dir='ltr'><strong>et</strong></span> <span class='ocrx_word' id='word_1_153' title='bbox 1595 1311 1748 1380; x_wconf 91' lang='lat' dir='ltr'><strong>seq.)</strong></span> <span class='ocrx_word' id='word_1_154' title='bbox 1778 1308 1999 1363; x_wconf 91' lang='lat' dir='ltr'><strong>bonum</strong></span> <span class='ocrx_word' id='word_1_155' title='bbox 2018 1325 2086 1363; x_wconf 88' lang='lat' dir='ltr'><strong>ac</strong></span> <span class='ocrx_word' id='word_1_156' title='bbox 2117 1312 2387 1364; x_wconf 84' lang='lat' dir='ltr'><strong>sanctum</strong></span> <span class='ocrx_word' id='word_1_157' title='bbox 2428 1326 2588 1380; x_wconf 91' lang='lat' dir='ltr'><strong>esse,</strong></span> <span class='ocrx_word' id='word_1_158' title='bbox 2624 1310 3072 1383; x_wconf 89' lang='lat' dir='ltr'><strong>Ecclesiamque</strong></span> <span class='ocrx_word' id='word_1_159' title='bbox 3109 1327 3243 1365; x_wconf 90' lang='lat' dir='ltr'><strong>cum</strong></span> <span class='ocrx_word' id='word_1_160' title='bbox 3265 1328 3411 1384; x_wconf 88' lang='lat' dir='ltr'><strong>agro</strong></span> <span class='ocrx_word' id='word_1_161' title='bbox 3433 1312 3612 1367; x_wconf 80' lang='lat' dir='ltr'><strong>fertili</strong></span> <span class='ocrx_word' id='word_1_162' title='bbox 3642 1314 3798 1384; x_wconf 88' lang='lat' dir='ltr'><strong>(cap.</strong></span> 
     </span>
    </p>
   </div>
   <div class='ocr_carea' id='block_1_13' title="bbox 312 1397 3801 1472">
    <p class='ocr_par' dir='ltr' id='par_1_13' title="bbox 312 1397 3801 1472">
     <span class='ocr_line' id='line_1_13' title="bbox 312 1397 3801 1472; baseline 0.002 -21"><span class='ocrx_word' id='word_1_163' title='bbox 312 1397 389 1464; x_wconf 72' lang='lat'><strong>14,</strong></span> <span class='ocrx_word' id='word_1_164' title='bbox 422 1414 583 1452; x_wconf 90' lang='lat' dir='ltr'><strong>num.</strong></span> <span class='ocrx_word' id='word_1_165' title='bbox 618 1397 730 1468; x_wconf 84' lang='lat'><strong>87),</strong></span> <span class='ocrx_word' id='word_1_166' title='bbox 765 1399 862 1469; x_wconf 89' lang='lat' dir='ltr'><strong>qui</strong></span> <span class='ocrx_word' id='word_1_167' title='bbox 895 1399 1150 1453; x_wconf 70' lang='lat' dir='ltr'><strong>diversae</strong></span> <span class='ocrx_word' id='word_1_168' title='bbox 1169 1397 1631 1468; x_wconf 86' lang='lat' dir='ltr'><strong>pulchritudinis</strong></span> <span class='ocrx_word' id='word_1_169' title='bbox 1662 1398 1841 1452; x_wconf 80' lang='lat' dir='ltr'><strong>flores</strong></span> <span class='ocrx_word' id='word_1_170' title='bbox 1873 1397 1933 1450; x_wconf 92' lang='lat' dir='ltr'><strong>in</strong></span> <span class='ocrx_word' id='word_1_171' title='bbox 1962 1398 2320 1469; x_wconf 80' lang='lat' dir='ltr'><strong>virginibus,</strong></span> <span class='ocrx_word' id='word_1_172' title='bbox 2341 1399 2539 1452; x_wconf 88' lang='lat' dir='ltr'><strong>viduis</strong></span> <span class='ocrx_word' id='word_1_173' title='bbox 2571 1403 2628 1453; x_wconf 91' lang='lat' dir='ltr'><strong>et</strong></span> <span class='ocrx_word' id='word_1_174' title='bbox 2659 1399 2999 1472; x_wconf 90' lang='lat' dir='ltr'><strong>conjugatis</strong></span> <span class='ocrx_word' id='word_1_175' title='bbox 3028 1400 3238 1472; x_wconf 81' lang='lat' dir='ltr'><strong>gignit,</strong></span> <span class='ocrx_word' id='word_1_176' title='bbox 3264 1404 3583 1471; x_wconf 87' lang='lat' dir='ltr'><strong>comparat.</strong></span> <span class='ocrx_word' id='word_1_177' title='bbox 3602 1401 3801 1457; x_wconf 89' lang='lat' dir='ltr'><strong>Cunc-</strong></span> 
     </span>
    </p>
   </div>
   <div class='ocr_carea' id='block_1_14' title="bbox 308 1486 3798 1562">
    <p class='ocr_par' dir='ltr' id='par_1_14' title="bbox 308 1486 3798 1562">
     <span class='ocr_line' id='line_1_14' title="bbox 308 1486 3798 1562; baseline 0.003 -24"><span class='ocrx_word' id='word_1_178' title='bbox 308 1486 598 1556; x_wconf 84' lang='lat' dir='ltr'><strong>tasigitur</strong></span> <span class='ocrx_word' id='word_1_179' title='bbox 632 1488 843 1541; x_wconf 83' lang='lat' dir='ltr'><strong>ﬂorum</strong></span> <span class='ocrx_word' id='word_1_180' title='bbox 865 1490 1111 1541; x_wconf 86' lang='lat' dir='ltr'><strong>exornat</strong></span> <span class='ocrx_word' id='word_1_181' title='bbox 1150 1487 1461 1556; x_wconf 92' lang='lat' dir='ltr'><strong>vocabulo,</strong></span> <span class='ocrx_word' id='word_1_182' title='bbox 1506 1486 1615 1541; x_wconf 90' lang='lat' dir='ltr'><strong>sed</strong></span> <span class='ocrx_word' id='word_1_183' title='bbox 1655 1486 1944 1541; x_wconf 73' lang='lat' dir='ltr'><strong>Ecclesim</strong></span> <span class='ocrx_word' id='word_1_184' title='bbox 1977 1502 2175 1542; x_wconf 89' lang='lat' dir='ltr'><strong>aream</strong></span> <span class='ocrx_word' id='word_1_185' title='bbox 2222 1486 2515 1542; x_wconf 84' lang='lat' dir='ltr'><strong>frumento</strong></span> <span class='ocrx_word' id='word_1_186' title='bbox 2548 1488 2739 1559; x_wconf 90' lang='lat' dir='ltr'><strong>magis</strong></span> <span class='ocrx_word' id='word_1_187' title='bbox 2791 1488 3091 1543; x_wconf 89' lang='lat' dir='ltr'><strong>abundare</strong></span> <span class='ocrx_word' id='word_1_188' title='bbox 3123 1505 3297 1560; x_wconf 90' lang='lat' dir='ltr'><strong>quam</strong></span> <span class='ocrx_word' id='word_1_189' title='bbox 3342 1489 3503 1560; x_wconf 89' lang='lat' dir='ltr'><strong>liliis,</strong></span> <span class='ocrx_word' id='word_1_190' title='bbox 3539 1491 3653 1546; x_wconf 89' lang='lat' dir='ltr'><strong>hoc</strong></span> <span class='ocrx_word' id='word_1_191' title='bbox 3682 1494 3798 1562; x_wconf 85' lang='lat' dir='ltr'><strong>est,</strong></span> 
     </span>
    </p>
   </div>
   <div class='ocr_carea' id='block_1_15' title="bbox 312 1573 3804 1651">
    <p class='ocr_par' dir='ltr' id='par_1_15' title="bbox 312 1573 3804 1651">
     <span class='ocr_line' id='line_1_15' title="bbox 312 1573 3804 1651; baseline 0.002 -23"><span class='ocrx_word' id='word_1_192' title='bbox 312 1573 760 1647; x_wconf 87' lang='lat' dir='ltr'><strong>conjugatarum</strong></span> <span class='ocrx_word' id='word_1_193' title='bbox 778 1591 1024 1630; x_wconf 91' lang='lat' dir='ltr'><strong>numero</strong></span> <span class='ocrx_word' id='word_1_194' title='bbox 1042 1576 1311 1648; x_wconf 83' lang='lat' dir='ltr'><strong>virgines</strong></span> <span class='ocrx_word' id='word_1_195' title='bbox 1329 1575 1647 1647; x_wconf 91' lang='lat' dir='ltr'><strong>plurimum</strong></span> <span class='ocrx_word' id='word_1_196' title='bbox 1668 1575 1938 1646; x_wconf 83' lang='lat' dir='ltr'><strong>superari</strong></span> <span class='ocrx_word' id='word_1_197' title='bbox 1957 1575 2186 1629; x_wconf 88' lang='lat' dir='ltr'><strong>astruit.</strong></span> <span class='ocrx_word' id='word_1_198' title='bbox 2216 1575 2478 1647; x_wconf 90' lang='lat' dir='ltr'><strong>Denique</strong></span> <span class='ocrx_word' id='word_1_199' title='bbox 2495 1576 2597 1631; x_wconf 89' lang='lat' dir='ltr'><strong>ubi</strong></span> <span class='ocrx_word' id='word_1_200' title='bbox 2619 1576 2943 1648; x_wconf 79' lang='lat' dir='ltr'><strong>virginitati</strong></span> <span class='ocrx_word' id='word_1_201' title='bbox 2980 1577 3272 1633; x_wconf 87' lang='lat' dir='ltr'><strong>adversus</strong></span> <span class='ocrx_word' id='word_1_202' title='bbox 3306 1577 3657 1651; x_wconf 88' lang='lat' dir='ltr'><strong>conjugium</strong></span> <span class='ocrx_word' id='word_1_203' title='bbox 3682 1580 3804 1650; x_wconf 88' lang='lat' dir='ltr'><strong>pri-</strong></span> 
     </span>
    </p>
   </div>
   <div class='ocr_carea' id='block_1_16' title="bbox 307 1663 3796 1739">
    <p class='ocr_par' dir='ltr' id='par_1_16' title="bbox 307 1663 3796 1739">
     <span class='ocr_line' id='line_1_16' title="bbox 307 1663 3796 1739; baseline 0.002 -22"><span class='ocrx_word' id='word_1_204' title='bbox 307 1679 426 1718; x_wconf 89' lang='lat' dir='ltr'><strong>mas</strong></span> <span class='ocrx_word' id='word_1_205' title='bbox 443 1663 789 1732; x_wconf 86' lang='lat' dir='ltr'><strong>vindicavit,</strong></span> <span class='ocrx_word' id='word_1_206' title='bbox 816 1664 1189 1736; x_wconf 89' lang='lat' dir='ltr'><strong>ostenditque</strong></span> <span class='ocrx_word' id='word_1_207' title='bbox 1211 1666 1362 1735; x_wconf 89' lang='lat' dir='ltr'><strong>(cap.</strong></span> <span class='ocrx_word' id='word_1_208' title='bbox 1385 1663 1472 1733; x_wconf 75' lang='grc'><strong>14,</strong></span> <span class='ocrx_word' id='word_1_209' title='bbox 1497 1679 1658 1718; x_wconf 91' lang='lat' dir='ltr'><strong>num.</strong></span> <span class='ocrx_word' id='word_1_210' title='bbox 1677 1663 1767 1733; x_wconf 80' lang='lat'><strong>84)</strong></span> <span class='ocrx_word' id='word_1_211' title='bbox 1785 1663 1950 1718; x_wconf 90' lang='lat' dir='ltr'><strong>solos</strong></span> <span class='ocrx_word' id='word_1_212' title='bbox 1973 1663 2255 1719; x_wconf 87' lang='lat' dir='ltr'><strong>idolatras</strong></span> <span class='ocrx_word' id='word_1_213' title='bbox 2270 1680 2527 1736; x_wconf 88' lang='lat' dir='ltr'><strong>unquam</strong></span> <span class='ocrx_word' id='word_1_214' title='bbox 2548 1665 2876 1735; x_wconf 80' lang='lat' dir='ltr'><strong>exstitisse,</strong></span> <span class='ocrx_word' id='word_1_215' title='bbox 2902 1665 3003 1737; x_wconf 89' lang='lat' dir='ltr'><strong>qui</strong></span> <span class='ocrx_word' id='word_1_216' title='bbox 3024 1682 3232 1736; x_wconf 76' lang='lat' dir='ltr'><strong>pmnas</strong></span> <span class='ocrx_word' id='word_1_217' title='bbox 3253 1666 3589 1739; x_wconf 88' lang='lat' dir='ltr'><strong>irrogarent</strong></span> <span class='ocrx_word' id='word_1_218' title='bbox 3610 1668 3796 1723; x_wconf 91' lang='lat' dir='ltr'><strong>vidui-</strong></span> 
     </span>
    </p>
   </div>
   <div class='ocr_carea' id='block_1_17' title="bbox 305 1752 3799 1827">
    <p class='ocr_par' dir='ltr' id='par_1_17' title="bbox 305 1752 3799 1827">
     <span class='ocr_line' id='line_1_17' title="bbox 305 1752 3799 1827; baseline 0.002 -21"><span class='ocrx_word' id='word_1_219' title='bbox 305 1752 418 1822; x_wconf 85' lang='lat' dir='ltr'><strong>tati,</strong></span> <span class='ocrx_word' id='word_1_220' title='bbox 450 1768 527 1806; x_wconf 81' lang='lat' dir='ltr'><strong>ex</strong></span> <span class='ocrx_word' id='word_1_221' title='bbox 563 1752 676 1807; x_wconf 90' lang='lat' dir='ltr'><strong>hoc</strong></span> <span class='ocrx_word' id='word_1_222' title='bbox 711 1753 947 1808; x_wconf 88' lang='lat' dir='ltr'><strong>deducit</strong></span> <span class='ocrx_word' id='word_1_223' title='bbox 985 1752 1342 1807; x_wconf 85' lang='lat' dir='ltr'><strong>Christianis</strong></span> <span class='ocrx_word' id='word_1_224' title='bbox 1383 1752 1659 1807; x_wconf 89' lang='lat' dir='ltr'><strong>omnibus</strong></span> <span class='ocrx_word' id='word_1_225' title='bbox 1699 1752 1938 1807; x_wconf 86' lang='lat' dir='ltr'><strong>feminis</strong></span> <span class='ocrx_word' id='word_1_226' title='bbox 1972 1752 2219 1806; x_wconf 87' lang='lat' dir='ltr'><strong>maritali</strong></span> <span class='ocrx_word' id='word_1_227' title='bbox 2242 1753 2601 1807; x_wconf 89' lang='lat' dir='ltr'><strong>necessitate</strong></span> <span class='ocrx_word' id='word_1_228' title='bbox 2631 1753 2924 1808; x_wconf 87' lang='lat' dir='ltr'><strong>absolutis</strong></span> <span class='ocrx_word' id='word_1_229' title='bbox 2954 1770 2986 1807; x_wconf 92' lang='lat' dir='ltr'><strong>a</strong></span> <span class='ocrx_word' id='word_1_230' title='bbox 3018 1757 3135 1808; x_wconf 92' lang='lat' dir='ltr'><strong>tam</strong></span> <span class='ocrx_word' id='word_1_231' title='bbox 3167 1755 3453 1827; x_wconf 89' lang='lat' dir='ltr'><strong>religioso</strong></span> <span class='ocrx_word' id='word_1_232' title='bbox 3487 1758 3799 1827; x_wconf 88' lang='lat' dir='ltr'><strong>proposito</strong></span> 
     </span>
    </p>
   </div>
   <div class='ocr_carea' id='block_1_18' title="bbox 306 1841 3804 1915">
    <p class='ocr_par' dir='ltr' id='par_1_18' title="bbox 306 1841 3804 1915">
     <span class='ocr_line' id='line_1_18' title="bbox 306 1841 3804 1915; baseline 0.002 -20"><span class='ocrx_word' id='word_1_233' title='bbox 306 1857 417 1895; x_wconf 90' lang='lat' dir='ltr'><strong>non</strong></span> <span class='ocrx_word' id='word_1_234' title='bbox 440 1841 873 1897; x_wconf 89' lang='lat' dir='ltr'><strong>recedendum:</strong></span> <span class='ocrx_word' id='word_1_235' title='bbox 907 1842 1208 1897; x_wconf 89' lang='lat' dir='ltr'><strong>discussis</strong></span> <span class='ocrx_word' id='word_1_236' title='bbox 1240 1845 1541 1913; x_wconf 90' lang='lat' dir='ltr'><strong>postremo</strong></span> <span class='ocrx_word' id='word_1_237' title='bbox 1572 1858 1705 1915; x_wconf 82' lang='lat' dir='ltr'><strong>quae</strong></span> <span class='ocrx_word' id='word_1_238' title='bbox 1728 1842 1923 1896; x_wconf 66' lang='lat' dir='ltr'><strong>viduae</strong></span> <span class='ocrx_word' id='word_1_239' title='bbox 1953 1842 2361 1912; x_wconf 89' lang='lat' dir='ltr'><strong>nupturientes</strong></span> <span class='ocrx_word' id='word_1_240' title='bbox 2391 1842 2674 1896; x_wconf 87' lang='lat' dir='ltr'><strong>adhibere</strong></span> <span class='ocrx_word' id='word_1_241' title='bbox 2698 1843 2910 1911; x_wconf 86' lang='lat' dir='ltr'><strong>solent,</strong></span> <span class='ocrx_word' id='word_1_242' title='bbox 2944 1843 3186 1898; x_wconf 89' lang='lat' dir='ltr'><strong>larvatis</strong></span> <span class='ocrx_word' id='word_1_243' title='bbox 3211 1844 3804 1915; x_wconf 80' lang='lat' dir='ltr'><strong>rationibus,‘acriter</strong></span> 
     </span>
    </p>
   </div>
   <div class='ocr_carea' id='block_1_19' title="bbox 304 1930 3802 2004">
    <p class='ocr_par' dir='ltr' id='par_1_19' title="bbox 304 1930 3802 2004">
     <span class='ocr_line' id='line_1_19' title="bbox 304 1930 3802 2004; baseline 0.001 -19"><span class='ocrx_word' id='word_1_244' title='bbox 304 1934 470 2001; x_wconf 86' lang='lat' dir='ltr'><strong>urget</strong></span> <span class='ocrx_word' id='word_1_245' title='bbox 489 1930 557 1984; x_wconf 87' lang='lat' dir='ltr'><strong>in</strong></span> <span class='ocrx_word' id='word_1_246' title='bbox 575 1930 710 1984; x_wconf 91' lang='lat' dir='ltr'><strong>libri</strong></span> <span class='ocrx_word' id='word_1_247' title='bbox 729 1931 888 1986; x_wconf 90' lang='lat' dir='ltr'><strong>calce</strong></span> <span class='ocrx_word' id='word_1_248' title='bbox 909 1932 1061 2001; x_wconf 89' lang='lat' dir='ltr'><strong>(cap.</strong></span> <span class='ocrx_word' id='word_1_249' title='bbox 1090 1932 1175 2001; x_wconf 90' lang='grc'><strong>15,</strong></span> <span class='ocrx_word' id='word_1_250' title='bbox 1200 1948 1360 1986; x_wconf 90' lang='lat' dir='ltr'><strong>num.</strong></span> <span class='ocrx_word' id='word_1_251' title='bbox 1382 1932 1473 2004; x_wconf 86' lang='lat'><strong>86)</strong></span> <span class='ocrx_word' id='word_1_252' title='bbox 1499 1948 1513 2001; x_wconf 86' lang='lat'><strong>;</strong></span> <span class='ocrx_word' id='word_1_253' title='bbox 1545 1934 1603 1985; x_wconf 89' lang='lat' dir='ltr'><strong>at</strong></span> <span class='ocrx_word' id='word_1_254' title='bbox 1624 1931 1771 1986; x_wconf 86' lang='lat' dir='ltr'><strong>satis</strong></span> <span class='ocrx_word' id='word_1_255' title='bbox 1795 1934 1950 2001; x_wconf 90' lang='lat' dir='ltr'><strong>patet</strong></span> <span class='ocrx_word' id='word_1_256' title='bbox 1970 1946 2105 1986; x_wconf 92' lang='lat' dir='ltr'><strong>eum</strong></span> <span class='ocrx_word' id='word_1_257' title='bbox 2136 1946 2253 1985; x_wconf 92' lang='lat' dir='ltr'><strong>non</strong></span> <span class='ocrx_word' id='word_1_258' title='bbox 2285 1931 2358 1985; x_wconf 93' lang='lat' dir='ltr'><strong>ob</strong></span> <span class='ocrx_word' id='word_1_259' title='bbox 2388 1930 2547 1985; x_wconf 92' lang='lat' dir='ltr'><strong>aliud</strong></span> <span class='ocrx_word' id='word_1_260' title='bbox 2579 1935 2695 1985; x_wconf 89' lang='lat' dir='ltr'><strong>tam</strong></span> <span class='ocrx_word' id='word_1_261' title='bbox 2726 1932 3016 1986; x_wconf 88' lang='lat' dir='ltr'><strong>concitata</strong></span> <span class='ocrx_word' id='word_1_262' title='bbox 3047 1933 3419 2002; x_wconf 88' lang='lat' dir='ltr'><strong>peroratione</strong></span> <span class='ocrx_word' id='word_1_263' title='bbox 3450 1950 3646 2003; x_wconf 89' lang='lat' dir='ltr'><strong>usum,</strong></span> <span class='ocrx_word' id='word_1_264' title='bbox 3684 1935 3802 1991; x_wconf 90' lang='lat' dir='ltr'><strong>nisi</strong></span> 
     </span>
    </p>
   </div>
   <div class='ocr_carea' id='block_1_20' title="bbox 304 2019 3806 2095">
    <p class='ocr_par' dir='ltr' id='par_1_20' title="bbox 304 2019 3806 2095">
     <span class='ocr_line' id='line_1_20' title="bbox 304 2019 3806 2095; baseline 0.002 -22"><span class='ocrx_word' id='word_1_265' title='bbox 304 2022 361 2073; x_wconf 88' lang='lat' dir='ltr'><strong>ut</strong></span> <span class='ocrx_word' id='word_1_266' title='bbox 376 2019 719 2089; x_wconf 87' lang='lat' dir='ltr'><strong>perculsam</strong></span> <span class='ocrx_word' id='word_1_267' title='bbox 741 2019 997 2091; x_wconf 86' lang='lat' dir='ltr'><strong>hujusce</strong></span> <span class='ocrx_word' id='word_1_268' title='bbox 1020 2020 1286 2075; x_wconf 89' lang='lat' dir='ltr'><strong>mulieris</strong></span> <span class='ocrx_word' id='word_1_269' title='bbox 1312 2024 1565 2075; x_wconf 89' lang='lat' dir='ltr'><strong>mentem</strong></span> <span class='ocrx_word' id='word_1_270' title='bbox 1608 2036 1641 2074; x_wconf 90' lang='lat' dir='ltr'><strong>a</strong></span> <span class='ocrx_word' id='word_1_271' title='bbox 1674 2020 1925 2075; x_wconf 91' lang='lat' dir='ltr'><strong>consilio</strong></span> <span class='ocrx_word' id='word_1_272' title='bbox 1982 2020 2141 2091; x_wconf 89' lang='lat' dir='ltr'><strong>quod</strong></span> <span class='ocrx_word' id='word_1_273' title='bbox 2170 2020 2450 2092; x_wconf 88' lang='lat' dir='ltr'><strong>agitabat,</strong></span> <span class='ocrx_word' id='word_1_274' title='bbox 2490 2020 2725 2075; x_wconf 80' lang='lat' dir='ltr'><strong>facilius</strong></span> <span class='ocrx_word' id='word_1_275' title='bbox 2773 2020 3118 2076; x_wconf 89' lang='lat' dir='ltr'><strong>deterreret.</strong></span> <span class='ocrx_word' id='word_1_276' title='bbox 3146 2022 3305 2077; x_wconf 86' lang='lat' dir='ltr'><strong>Nihil</strong></span> <span class='ocrx_word' id='word_1_277' title='bbox 3342 2023 3460 2077; x_wconf 90' lang='lat' dir='ltr'><strong>dici</strong></span> <span class='ocrx_word' id='word_1_278' title='bbox 3499 2024 3685 2095; x_wconf 90' lang='lat' dir='ltr'><strong>potuit</strong></span> <span class='ocrx_word' id='word_1_279' title='bbox 3704 2027 3806 2080; x_wconf 90' lang='lat' dir='ltr'><strong>aut</strong></span> 
     </span>
    </p>
   </div>
   <div class='ocr_carea' id='block_1_21' title="bbox 302 2108 3801 2183">
    <p class='ocr_par' dir='ltr' id='par_1_21' title="bbox 302 2108 3801 2183">
     <span class='ocr_line' id='line_1_21' title="bbox 302 2108 3801 2183; baseline 0.002 -22"><span class='ocrx_word' id='word_1_280' title='bbox 302 2108 651 2180; x_wconf 86' lang='lat' dir='ltr'><strong>prudentius</strong></span> <span class='ocrx_word' id='word_1_281' title='bbox 673 2112 772 2162; x_wconf 89' lang='lat' dir='ltr'><strong>aut</strong></span> <span class='ocrx_word' id='word_1_282' title='bbox 789 2125 924 2163; x_wconf 90' lang='lat' dir='ltr'><strong>cum</strong></span> <span class='ocrx_word' id='word_1_283' title='bbox 946 2124 1092 2163; x_wconf 89' lang='lat' dir='ltr'><strong>sana</strong></span> <span class='ocrx_word' id='word_1_284' title='bbox 1115 2109 1380 2163; x_wconf 89' lang='lat' dir='ltr'><strong>doctrina</strong></span> <span class='ocrx_word' id='word_1_285' title='bbox 1404 2109 1599 2181; x_wconf 87' lang='lat' dir='ltr'><strong>magis</strong></span> <span class='ocrx_word' id='word_1_286' title='bbox 1622 2124 1976 2179; x_wconf 91' lang='lat' dir='ltr'><strong>consonum,</strong></span> <span class='ocrx_word' id='word_1_287' title='bbox 2018 2124 2153 2163; x_wconf 90' lang='lat' dir='ltr'><strong>cum</strong></span> <span class='ocrx_word' id='word_1_288' title='bbox 2185 2123 2377 2179; x_wconf 89' lang='lat' dir='ltr'><strong>neque</strong></span> <span class='ocrx_word' id='word_1_289' title='bbox 2401 2109 2701 2163; x_wconf 90' lang='lat' dir='ltr'><strong>secundas</strong></span> <span class='ocrx_word' id='word_1_290' title='bbox 2739 2109 3144 2164; x_wconf 90' lang='lat' dir='ltr'><strong>condemnarit</strong></span> <span class='ocrx_word' id='word_1_291' title='bbox 3165 2111 3422 2181; x_wconf 90' lang='lat' dir='ltr'><strong>nuptias,</strong></span> <span class='ocrx_word' id='word_1_292' title='bbox 3448 2127 3641 2183; x_wconf 88' lang='lat' dir='ltr'><strong>neque</strong></span> <span class='ocrx_word' id='word_1_293' title='bbox 3660 2112 3801 2167; x_wconf 79' lang='lat' dir='ltr'><strong>offl-</strong></span> 
     </span>
    </p>
   </div>
   <div class='ocr_carea' id='block_1_22' title="bbox 305 2195 3806 2272">
    <p class='ocr_par' dir='ltr' id='par_1_22' title="bbox 305 2195 3806 2272">
     <span class='ocr_line' id='line_1_22' title="bbox 305 2195 3806 2272; baseline 0.003 -24"><span class='ocrx_word' id='word_1_294' title='bbox 305 2195 388 2250; x_wconf 90' lang='lat' dir='ltr'><strong>cio</strong></span> <span class='ocrx_word' id='word_1_295' title='bbox 411 2212 527 2251; x_wconf 90' lang='lat' dir='ltr'><strong>suo</strong></span> <span class='ocrx_word' id='word_1_296' title='bbox 556 2195 827 2266; x_wconf 86' lang='lat' dir='ltr'><strong>defuerit,</strong></span> <span class='ocrx_word' id='word_1_297' title='bbox 851 2212 968 2268; x_wconf 90' lang='lat' dir='ltr'><strong>quo</strong></span> <span class='ocrx_word' id='word_1_298' title='bbox 991 2196 1335 2251; x_wconf 89' lang='lat' dir='ltr'><strong>viduitatem</strong></span> <span class='ocrx_word' id='word_1_299' title='bbox 1358 2195 1475 2250; x_wconf 92' lang='lat' dir='ltr'><strong>illis</strong></span> <span class='ocrx_word' id='word_1_300' title='bbox 1492 2196 1808 2266; x_wconf 87' lang='lat' dir='ltr'><strong>anteferre,</strong></span> <span class='ocrx_word' id='word_1_301' title='bbox 1833 2196 2180 2269; x_wconf 89' lang='lat' dir='ltr'><strong>animasque</strong></span> <span class='ocrx_word' id='word_1_302' title='bbox 2219 2197 2605 2253; x_wconf 88' lang='lat' dir='ltr'><strong>sollicitudini</strong></span> <span class='ocrx_word' id='word_1_303' title='bbox 2636 2214 2763 2252; x_wconf 82' lang='lat' dir='ltr'><strong>suae</strong></span> <span class='ocrx_word' id='word_1_304' title='bbox 2783 2198 3039 2253; x_wconf 90' lang='lat' dir='ltr'><strong>creditas</strong></span> <span class='ocrx_word' id='word_1_305' title='bbox 3078 2199 3151 2254; x_wconf 88' lang='lat' dir='ltr'><strong>ad</strong></span> <span class='ocrx_word' id='word_1_306' title='bbox 3190 2200 3543 2270; x_wconf 89' lang='lat' dir='ltr'><strong>perfectiora</strong></span> <span class='ocrx_word' id='word_1_307' title='bbox 3566 2216 3806 2272; x_wconf 87' lang='lat' dir='ltr'><strong>semper</strong></span> 
     </span>
    </p>
   </div>
   <div class='ocr_carea' id='block_1_23' title="bbox 306 2283 3688 2354">
    <p class='ocr_par' dir='ltr' id='par_1_23' title="bbox 306 2283 3688 2354">
     <span class='ocr_line' id='line_1_23' title="bbox 306 2283 3688 2354; baseline 0.002 -17"><span class='ocrx_word' id='word_1_308' title='bbox 306 2283 612 2354; x_wconf 85' lang='lat' dir='ltr'><strong>impellere</strong></span> <span class='ocrx_word' id='word_1_309' title='bbox 643 2284 972 2339; x_wconf 87' lang='lat' dir='ltr'><strong>tenebatur.</strong></span> <span class='ocrx_word' id='word_1_310' title='bbox 3682 2337 3688 2343; x_wconf 92' lang='lat'><strong>.</strong></span> 
     </span>
    </p>
   </div>
   <div class='ocr_carea' id='block_1_24' title="bbox 363 2373 3797 2450">
    <p class='ocr_par' dir='ltr' id='par_1_24' title="bbox 363 2373 3797 2450">
     <span class='ocr_line' id='line_1_24' title="bbox 363 2373 3797 2450; baseline 0.001 -21"><span class='ocrx_word' id='word_1_311' title='bbox 363 2374 662 2429; x_wconf 59' lang='lat' dir='ltr'><strong>Caeterum</strong></span> <span class='ocrx_word' id='word_1_312' title='bbox 697 2373 843 2428; x_wconf 91' lang='lat' dir='ltr'><strong>illud</strong></span> <span class='ocrx_word' id='word_1_313' title='bbox 877 2389 1014 2429; x_wconf 91' lang='lat' dir='ltr'><strong>esse</strong></span> <span class='ocrx_word' id='word_1_314' title='bbox 1045 2374 1231 2429; x_wconf 89' lang='lat' dir='ltr'><strong>voluit</strong></span> <span class='ocrx_word' id='word_1_315' title='bbox 1259 2374 1433 2429; x_wconf 88' lang='lat' dir='ltr'><strong>istius</strong></span> <span class='ocrx_word' id='word_1_316' title='bbox 1463 2374 1601 2429; x_wconf 92' lang='lat' dir='ltr'><strong>libri</strong></span> <span class='ocrx_word' id='word_1_317' title='bbox 1632 2374 1959 2440; x_wconf 84' lang='lat' dir='ltr'><strong>exordium,</strong></span> <span class='ocrx_word' id='word_1_318' title='bbox 1996 2375 2153 2447; x_wconf 91' lang='lat' dir='ltr'><strong>quod</strong></span> <span class='ocrx_word' id='word_1_319' title='bbox 2187 2390 2419 2430; x_wconf 86' lang='lat' dir='ltr'><strong>omnem</strong></span> <span class='ocrx_word' id='word_1_320' title='bbox 2452 2375 2523 2430; x_wconf 90' lang='lat' dir='ltr'><strong>de</strong></span> <span class='ocrx_word' id='word_1_321' title='bbox 2556 2376 2748 2447; x_wconf 89' lang='lat' dir='ltr'><strong>ipsius</strong></span> <span class='ocrx_word' id='word_1_322' title='bbox 2778 2378 3019 2430; x_wconf 87' lang='lat' dir='ltr'><strong>auctore</strong></span> <span class='ocrx_word' id='word_1_323' title='bbox 3050 2375 3475 2433; x_wconf 88' lang='lat' dir='ltr'><strong>dubitationem</strong></span> <span class='ocrx_word' id='word_1_324' title='bbox 3506 2380 3797 2450; x_wconf 88' lang='lat' dir='ltr'><strong>amoveat,</strong></span> 
     </span>
    </p>
   </div>
   <div class='ocr_carea' id='block_1_25' title="bbox 302 2462 3805 2539">
    <p class='ocr_par' dir='ltr' id='par_1_25' title="bbox 302 2462 3805 2539">
     <span class='ocr_line' id='line_1_25' title="bbox 302 2462 3805 2539; baseline 0.002 -23"><span class='ocrx_word' id='word_1_325' title='bbox 302 2462 411 2518; x_wconf 91' lang='lat' dir='ltr'><strong>nisi</strong></span> <span class='ocrx_word' id='word_1_326' title='bbox 438 2463 544 2517; x_wconf 87' lang='lat' dir='ltr'><strong>cui</strong></span> <span class='ocrx_word' id='word_1_327' title='bbox 575 2462 763 2517; x_wconf 90' lang='lat' dir='ltr'><strong>libros</strong></span> <span class='ocrx_word' id='word_1_328' title='bbox 795 2462 883 2518; x_wconf 85' lang='lat' dir='ltr'><strong>De</strong></span> <span class='ocrx_word' id='word_1_329' title='bbox 935 2462 1287 2534; x_wconf 82' lang='lat' dir='ltr'><strong>Virginibus</strong></span> <span class='ocrx_word' id='word_1_330' title='bbox 1341 2464 1663 2519; x_wconf 83' lang='lat' dir='ltr'><strong>Ambrosio</strong></span> <span class='ocrx_word' id='word_1_331' title='bbox 1714 2464 1887 2519; x_wconf 90' lang='lat' dir='ltr'><strong>etiam</strong></span> <span class='ocrx_word' id='word_1_332' title='bbox 1944 2463 2313 2535; x_wconf 89' lang='lat' dir='ltr'><strong>abjudicaret</strong></span> <span class='ocrx_word' id='word_1_333' title='bbox 2339 2464 2611 2534; x_wconf 90' lang='lat' dir='ltr'><strong>libuerit;</strong></span> <span class='ocrx_word' id='word_1_334' title='bbox 2671 2464 2828 2536; x_wconf 89' lang='lat' dir='ltr'><strong>quod</strong></span> <span class='ocrx_word' id='word_1_335' title='bbox 2858 2480 3034 2536; x_wconf 89' lang='lat' dir='ltr'><strong>quam</strong></span> <span class='ocrx_word' id='word_1_336' title='bbox 3064 2465 3142 2519; x_wconf 90' lang='lat' dir='ltr'><strong>sit</strong></span> <span class='ocrx_word' id='word_1_337' title='bbox 3199 2465 3525 2521; x_wconf 90' lang='lat' dir='ltr'><strong>absurdum</strong></span> <span class='ocrx_word' id='word_1_338' title='bbox 3566 2466 3805 2539; x_wconf 84' lang='lat' dir='ltr'><strong>ignorat</strong></span> 
     </span>
    </p>
   </div>
   <div class='ocr_carea' id='block_1_26' title="bbox 302 2550 3805 2624">
    <p class='ocr_par' dir='ltr' id='par_1_26' title="bbox 302 2550 3805 2624">
     <span class='ocr_line' id='line_1_26' title="bbox 302 2550 3805 2624; baseline 0.002 -20"><span class='ocrx_word' id='word_1_339' title='bbox 302 2567 487 2605; x_wconf 89' lang='lat' dir='ltr'><strong>nemo.</strong></span> <span class='ocrx_word' id='word_1_340' title='bbox 535 2550 952 2606; x_wconf 87' lang='lat' dir='ltr'><strong>Verumtamen</strong></span> <span class='ocrx_word' id='word_1_341' title='bbox 982 2550 1445 2617; x_wconf 85' lang='lat' dir='ltr'><strong>Centuriatores,</strong></span> <span class='ocrx_word' id='word_1_342' title='bbox 1480 2550 1697 2623; x_wconf 88' lang='lat' dir='ltr'><strong>injecta</strong></span> <span class='ocrx_word' id='word_1_343' title='bbox 1729 2551 1910 2624; x_wconf 88' lang='lat' dir='ltr'><strong>hujus</strong></span> <span class='ocrx_word' id='word_1_344' title='bbox 1941 2552 2213 2623; x_wconf 86' lang='lat' dir='ltr'><strong>ejusdem</strong></span> <span class='ocrx_word' id='word_1_345' title='bbox 2242 2552 2378 2607; x_wconf 89' lang='lat' dir='ltr'><strong>libri</strong></span> <span class='ocrx_word' id='word_1_346' title='bbox 2410 2553 2723 2623; x_wconf 88' lang='lat' dir='ltr'><strong>mentione,</strong></span> <span class='ocrx_word' id='word_1_347' title='bbox 2760 2570 2878 2608; x_wconf 83' lang='lat' dir='ltr'><strong>non</strong></span> <span class='ocrx_word' id='word_1_348' title='bbox 2908 2554 3037 2609; x_wconf 90' lang='lat' dir='ltr'><strong>sine</strong></span> <span class='ocrx_word' id='word_1_349' title='bbox 3074 2553 3310 2609; x_wconf 88' lang='lat' dir='ltr'><strong>fastidio</strong></span> <span class='ocrx_word' id='word_1_350' title='bbox 3342 2556 3641 2611; x_wconf 87' lang='lat' dir='ltr'><strong>scribunt:</strong></span> <span class='ocrx_word' id='word_1_351' title='bbox 3661 2557 3805 2611; x_wconf 85' lang='lat' dir='ltr'><strong>Am-</strong></span> 
     </span>
    </p>
   </div>
   <div class='ocr_carea' id='block_1_27' title="bbox 304 2638 3804 2715">
    <p class='ocr_par' dir='ltr' id='par_1_27' title="bbox 304 2638 3804 2715">
     <span class='ocr_line' id='line_1_27' title="bbox 304 2638 3804 2715; baseline 0.002 -22"><span class='ocrx_word' id='word_1_352' title='bbox 304 2638 562 2707; x_wconf 86' lang='lat' dir='ltr'><strong>brosius,</strong></span> <span class='ocrx_word' id='word_1_353' title='bbox 601 2641 661 2693; x_wconf 88' lang='lat' dir='ltr'><strong>si</strong></span> <span class='ocrx_word' id='word_1_354' title='bbox 692 2645 885 2694; x_wconf 83' lang='lat' dir='ltr'><strong>tamen</strong></span> <span class='ocrx_word' id='word_1_355' title='bbox 914 2640 1226 2695; x_wconf 85' lang='lat' dir='ltr'><strong>Ambrosii</strong></span> <span class='ocrx_word' id='word_1_356' title='bbox 1257 2645 1367 2705; x_wconf 78' lang='lat' dir='ltr'><strong>est,</strong></span> <span class='ocrx_word' id='word_1_357' title='bbox 1396 2641 1692 2712; x_wconf 84' lang='lat' dir='ltr'><strong>permulta</strong></span> <span class='ocrx_word' id='word_1_358' title='bbox 1724 2658 1929 2696; x_wconf 83' lang='lat' dir='ltr'><strong>crassa</strong></span> <span class='ocrx_word' id='word_1_359' title='bbox 1964 2641 2143 2696; x_wconf 75' lang='lat' dir='ltr'><strong>habet</strong></span> <span class='ocrx_word' id='word_1_360' title='bbox 2175 2641 2249 2696; x_wconf 83' lang='lat' dir='ltr'><strong>de</strong></span> <span class='ocrx_word' id='word_1_361' title='bbox 2280 2642 2634 2697; x_wconf 84' lang='lat' dir='ltr'><strong>invocandis</strong></span> <span class='ocrx_word' id='word_1_362' title='bbox 2662 2643 2890 2698; x_wconf 83' lang='lat' dir='ltr'><strong>sanctis</strong></span> <span class='ocrx_word' id='word_1_363' title='bbox 2919 2643 3174 2698; x_wconf 80' lang='lat' dir='ltr'><strong>mortuis</strong></span> <span class='ocrx_word' id='word_1_364' title='bbox 3208 2645 3459 2714; x_wconf 88' lang='lat' dir='ltr'><strong>(centur.</strong></span> <span class='ocrx_word' id='word_1_365' title='bbox 3483 2645 3538 2709; x_wconf 78' lang='grc'>4,</span> <span class='ocrx_word' id='word_1_366' title='bbox 3574 2660 3702 2715; x_wconf 85' lang='lat' dir='ltr'><strong>cap.</strong></span> <span class='ocrx_word' id='word_1_367' title='bbox 3725 2645 3804 2705; x_wconf 76' lang='lat'><strong>4).</strong></span> 
     </span>
    </p>
   </div>
   <div class='ocr_carea' id='block_1_28' title="bbox 304 2727 3806 2804">
    <p class='ocr_par' dir='ltr' id='par_1_28' title="bbox 304 2727 3806 2804">
     <span class='ocr_line' id='line_1_28' title="bbox 304 2727 3806 2804; baseline 0.002 -22"><span class='ocrx_word' id='word_1_368' title='bbox 304 2727 422 2792; x_wconf 88' lang='lat' dir='ltr'><strong>Quo</strong></span> <span class='ocrx_word' id='word_1_369' title='bbox 444 2727 693 2799; x_wconf 90' lang='lat' dir='ltr'><strong>quidem</strong></span> <span class='ocrx_word' id='word_1_370' title='bbox 711 2728 889 2782; x_wconf 91' lang='lat' dir='ltr'><strong>dubio</strong></span> <span class='ocrx_word' id='word_1_371' title='bbox 921 2728 1060 2799; x_wconf 91' lang='lat' dir='ltr'><strong>quid</strong></span> <span class='ocrx_word' id='word_1_372' title='bbox 1095 2729 1399 2799; x_wconf 83' lang='lat' dir='ltr'><strong>ineptius?</strong></span> <span class='ocrx_word' id='word_1_373' title='bbox 1430 2728 1493 2783; x_wconf 93' lang='lat' dir='ltr'><strong>Si</strong></span> <span class='ocrx_word' id='word_1_374' title='bbox 1524 2731 1716 2784; x_wconf 87' lang='lat' dir='ltr'><strong>tamen</strong></span> <span class='ocrx_word' id='word_1_375' title='bbox 1766 2730 1855 2784; x_wconf 88' lang='lat' dir='ltr'><strong>eis</strong></span> <span class='ocrx_word' id='word_1_376' title='bbox 1887 2745 2005 2783; x_wconf 86' lang='lat' dir='ltr'><strong>non</strong></span> <span class='ocrx_word' id='word_1_377' title='bbox 2053 2729 2313 2785; x_wconf 80' lang='lat' dir='ltr'><strong>sufficiat</strong></span> <span class='ocrx_word' id='word_1_378' title='bbox 2357 2731 2517 2802; x_wconf 90' lang='lat' dir='ltr'><strong>quod</strong></span> <span class='ocrx_word' id='word_1_379' title='bbox 2559 2730 2683 2802; x_wconf 89' lang='lat' dir='ltr'><strong>jam</strong></span> <span class='ocrx_word' id='word_1_380' title='bbox 2715 2731 2996 2801; x_wconf 90' lang='lat' dir='ltr'><strong>diximus,</strong></span> <span class='ocrx_word' id='word_1_381' title='bbox 3038 2732 3450 2804; x_wconf 89' lang='lat' dir='ltr'><strong>voluerintque</strong></span> <span class='ocrx_word' id='word_1_382' title='bbox 3498 2733 3608 2787; x_wconf 86' lang='lat' dir='ltr'><strong>hac</strong></span> <span class='ocrx_word' id='word_1_383' title='bbox 3638 2733 3711 2788; x_wconf 91' lang='lat' dir='ltr'><strong>de</strong></span> <span class='ocrx_word' id='word_1_384' title='bbox 3739 2748 3806 2789; x_wconf 84' lang='lat' dir='ltr'><strong>re</strong></span> 
     </span>
    </p>
   </div>
   <div class='ocr_carea' id='block_1_29' title="bbox 301 2816 3803 2892">
    <p class='ocr_par' dir='ltr' id='par_1_29' title="bbox 301 2816 3803 2892">
     <span class='ocr_line' id='line_1_29' title="bbox 301 2816 3803 2892; baseline 0.002 -22"><span class='ocrx_word' id='word_1_385' title='bbox 301 2817 367 2871; x_wconf 84' lang='lat' dir='ltr'><strong>ab</strong></span> <span class='ocrx_word' id='word_1_386' title='bbox 398 2816 725 2871; x_wconf 81' lang='lat' dir='ltr'><strong>Ambrosio</strong></span> <span class='ocrx_word' id='word_1_387' title='bbox 755 2817 955 2871; x_wconf 89' lang='lat' dir='ltr'><strong>doceri</strong></span> <span class='ocrx_word' id='word_1_388' title='bbox 986 2818 1296 2888; x_wconf 89' lang='lat' dir='ltr'><strong>expressis</strong></span> <span class='ocrx_word' id='word_1_389' title='bbox 1328 2818 1552 2887; x_wconf 90' lang='lat' dir='ltr'><strong>verbis,</strong></span> <span class='ocrx_word' id='word_1_390' title='bbox 1585 2818 1796 2872; x_wconf 88' lang='lat' dir='ltr'><strong>adeant</strong></span> <span class='ocrx_word' id='word_1_391' title='bbox 1826 2816 2099 2889; x_wconf 85' lang='lat' dir='ltr'><strong>ejusdem</strong></span> <span class='ocrx_word' id='word_1_392' title='bbox 2155 2818 2655 2873; x_wconf 88' lang='lat' dir='ltr'><strong>Commentarium</strong></span> <span class='ocrx_word' id='word_1_393' title='bbox 2684 2819 2745 2873; x_wconf 91' lang='lat' dir='ltr'><strong>in</strong></span> <span class='ocrx_word' id='word_1_394' title='bbox 2776 2819 3168 2892; x_wconf 85' lang='lat' dir='ltr'><strong>Evangelium</strong></span> <span class='ocrx_word' id='word_1_395' title='bbox 3197 2820 3528 2876; x_wconf 90' lang='lat' dir='ltr'><strong>secundum</strong></span> <span class='ocrx_word' id='word_1_396' title='bbox 3560 2821 3803 2891; x_wconf 76' lang='lat' dir='ltr'><strong>Lucam,</strong></span> 
     </span>
    </p>
   </div>
   <div class='ocr_carea' id='block_1_30' title="bbox 304 2904 3808 2982">
    <p class='ocr_par' dir='ltr' id='par_1_30' title="bbox 304 2904 3808 2982">
     <span class='ocr_line' id='line_1_30' title="bbox 304 2904 3808 2982; baseline 0.002 -24"><span class='ocrx_word' id='word_1_397' title='bbox 304 2908 355 2959; x_wconf 81' lang='lat' dir='ltr'><strong>et</strong></span> <span class='ocrx_word' id='word_1_398' title='bbox 382 2904 503 2959; x_wconf 90' lang='lat' dir='ltr'><strong>illic</strong></span> <span class='ocrx_word' id='word_1_399' title='bbox 536 2905 1108 2962; x_wconf 86' lang='lat' dir='ltr'><strong>Commentationem</strong></span> <span class='ocrx_word' id='word_1_400' title='bbox 1140 2907 1291 2961; x_wconf 88' lang='lat' dir='ltr'><strong>hanc</strong></span> <span class='ocrx_word' id='word_1_401' title='bbox 1322 2907 1396 2961; x_wconf 91' lang='lat' dir='ltr'><strong>ab</strong></span> <span class='ocrx_word' id='word_1_402' title='bbox 1427 2923 1497 2962; x_wconf 93' lang='lat' dir='ltr'><strong>eo</strong></span> <span class='ocrx_word' id='word_1_403' title='bbox 1556 2922 1663 2977; x_wconf 91' lang='lat' dir='ltr'><strong>pro</strong></span> <span class='ocrx_word' id='word_1_404' title='bbox 1696 2922 1805 2961; x_wconf 89' lang='lat' dir='ltr'><strong>sua</strong></span> <span class='ocrx_word' id='word_1_405' title='bbox 1839 2910 2047 2978; x_wconf 87' lang='lat' dir='ltr'><strong>quater</strong></span> <span class='ocrx_word' id='word_1_406' title='bbox 2078 2910 2141 2962; x_wconf 92' lang='lat' dir='ltr'><strong>ut</strong></span> <span class='ocrx_word' id='word_1_407' title='bbox 2199 2907 2503 2963; x_wconf 90' lang='lat' dir='ltr'><strong>minimum</strong></span> <span class='ocrx_word' id='word_1_408' title='bbox 2554 2908 2809 2978; x_wconf 86' lang='lat' dir='ltr'><strong>citatam,</strong></span> <span class='ocrx_word' id='word_1_409' title='bbox 2858 2909 3260 2982; x_wconf 89' lang='lat' dir='ltr'><strong>lectoremque</strong></span> <span class='ocrx_word' id='word_1_410' title='bbox 3293 2910 3364 2965; x_wconf 92' lang='lat' dir='ltr'><strong>ad</strong></span> <span class='ocrx_word' id='word_1_411' title='bbox 3398 2910 3557 2965; x_wconf 90' lang='lat' dir='ltr'><strong>illam</strong></span> <span class='ocrx_word' id='word_1_412' title='bbox 3586 2910 3808 2966; x_wconf 89' lang='lat' dir='ltr'><strong>remis-</strong></span> 
     </span>
    </p>
   </div>
   <div class='ocr_carea' id='block_1_31' title="bbox 306 2995 3805 3071">
    <p class='ocr_par' dir='ltr' id='par_1_31' title="bbox 306 2995 3805 3071">
     <span class='ocr_line' id='line_1_31' title="bbox 306 2995 3805 3071; baseline 0.002 -23"><span class='ocrx_word' id='word_1_413' title='bbox 306 3010 434 3063; x_wconf 85' lang='lat' dir='ltr'><strong>sum</strong></span> <span class='ocrx_word' id='word_1_414' title='bbox 462 2995 795 3050; x_wconf 86' lang='lat' dir='ltr'><strong>invenient.</strong></span> <span class='ocrx_word' id='word_1_415' title='bbox 828 2996 945 3050; x_wconf 88' lang='lat' dir='ltr'><strong>Sed</strong></span> <span class='ocrx_word' id='word_1_416' title='bbox 978 2998 1040 3050; x_wconf 90' lang='lat' dir='ltr'><strong>ut</strong></span> <span class='ocrx_word' id='word_1_417' title='bbox 1072 2996 1262 3068; x_wconf 89' lang='lat' dir='ltr'><strong>magis</strong></span> <span class='ocrx_word' id='word_1_418' title='bbox 1293 3012 1363 3050; x_wconf 92' lang='lat' dir='ltr'><strong>ac</strong></span> <span class='ocrx_word' id='word_1_419' title='bbox 1394 2996 1587 3068; x_wconf 84' lang='lat' dir='ltr'><strong>magis</strong></span> <span class='ocrx_word' id='word_1_420' title='bbox 1619 2996 1822 3067; x_wconf 90' lang='lat' dir='ltr'><strong>quanti</strong></span> <span class='ocrx_word' id='word_1_421' title='bbox 1856 2995 2129 3050; x_wconf 90' lang='lat' dir='ltr'><strong>facienda</strong></span> <span class='ocrx_word' id='word_1_422' title='bbox 2162 2995 2240 3050; x_wconf 89' lang='lat' dir='ltr'><strong>sit</strong></span> <span class='ocrx_word' id='word_1_423' title='bbox 2269 2995 2565 3067; x_wconf 87' lang='lat' dir='ltr'><strong>ejusmodi</strong></span> <span class='ocrx_word' id='word_1_424' title='bbox 2619 3012 2936 3053; x_wconf 90' lang='lat' dir='ltr'><strong>censorum</strong></span> <span class='ocrx_word' id='word_1_425' title='bbox 2966 3000 3308 3069; x_wconf 88' lang='lat' dir='ltr'><strong>auctoritas,</strong></span> <span class='ocrx_word' id='word_1_426' title='bbox 3357 3000 3555 3071; x_wconf 90' lang='lat' dir='ltr'><strong>quivis</strong></span> <span class='ocrx_word' id='word_1_427' title='bbox 3584 2999 3805 3055; x_wconf 87' lang='lat' dir='ltr'><strong>intelli-</strong></span> 
     </span>
    </p>
   </div>
   <div class='ocr_carea' id='block_1_32' title="bbox 312 3082 3809 3159">
    <p class='ocr_par' dir='ltr' id='par_1_32' title="bbox 312 3082 3809 3159">
     <span class='ocr_line' id='line_1_32' title="bbox 312 3082 3809 3159; baseline 0.003 -24"><span class='ocrx_word' id='word_1_428' title='bbox 312 3087 428 3153; x_wconf 84' lang='lat' dir='ltr'><strong>gat,</strong></span> <span class='ocrx_word' id='word_1_429' title='bbox 460 3082 758 3137; x_wconf 88' lang='lat' dir='ltr'><strong>addemus</strong></span> <span class='ocrx_word' id='word_1_430' title='bbox 792 3083 1135 3154; x_wconf 71' lang='lat' dir='ltr'><strong>Hieronymi</strong></span> <span class='ocrx_word' id='word_1_431' title='bbox 1164 3084 1566 3139; x_wconf 89' lang='lat' dir='ltr'><strong>testimonium</strong></span> <span class='ocrx_word' id='word_1_432' title='bbox 1599 3100 1673 3139; x_wconf 88' lang='lat' dir='ltr'><strong>ex</strong></span> <span class='ocrx_word' id='word_1_433' title='bbox 1705 3084 1878 3155; x_wconf 90' lang='lat' dir='ltr'><strong>epist.</strong></span> <span class='ocrx_word' id='word_1_434' title='bbox 1903 3085 1973 3138; x_wconf 89' lang='grc'>50</span> <span class='ocrx_word' id='word_1_435' title='bbox 2005 3084 2079 3138; x_wconf 90' lang='lat' dir='ltr'><strong>ad</strong></span> <span class='ocrx_word' id='word_1_436' title='bbox 2115 3084 2585 3140; x_wconf 88' lang='lat' dir='ltr'><strong>Pammachium:</strong></span> <span class='ocrx_word' id='word_1_437' title='bbox 2639 3086 2847 3158; x_wconf 81' lang='lat' dir='ltr'><strong>Legat,</strong></span> <span class='ocrx_word' id='word_1_438' title='bbox 2880 3088 3089 3159; x_wconf 89' lang='lat' dir='ltr'><strong>inquit,</strong></span> <span class='ocrx_word' id='word_1_439' title='bbox 3132 3089 3330 3143; x_wconf 79' lang='lat' dir='ltr'><strong>sancti</strong></span> <span class='ocrx_word' id='word_1_440' title='bbox 3375 3088 3688 3144; x_wconf 79' lang='lat' dir='ltr'><strong>Ambrosii</strong></span> <span class='ocrx_word' id='word_1_441' title='bbox 3718 3089 3809 3144; x_wconf 86' lang='lat' dir='ltr'><strong>De</strong></span> 
     </span>
    </p>
   </div>
   <div class='ocr_carea' id='block_1_33' title="bbox 325 3170 3807 3248">
    <p class='ocr_par' dir='ltr' id='par_1_33' title="bbox 325 3170 3807 3248">
     <span class='ocr_line' id='line_1_33' title="bbox 325 3170 3807 3248; baseline 0.003 -25"><span class='ocrx_word' id='word_1_442' title='bbox 325 3170 531 3226; x_wconf 80' lang='lat' dir='ltr'><strong>Viduis</strong></span> <span class='ocrx_word' id='word_1_443' title='bbox 560 3170 786 3225; x_wconf 83' lang='lat' dir='ltr'><strong>librum</strong></span> <span class='ocrx_word' id='word_1_444' title='bbox 816 3172 1083 3244; x_wconf 86' lang='lat' dir='ltr'><strong>(Apolog.</strong></span> <span class='ocrx_word' id='word_1_445' title='bbox 1119 3173 1255 3228; x_wconf 83' lang='lat' dir='ltr'><strong>adv.</strong></span> <span class='ocrx_word' id='word_1_446' title='bbox 1289 3173 1532 3243; x_wconf 77' lang='lat' dir='ltr'><strong>Jovin.).</strong></span> <span class='ocrx_word' id='word_1_447' title='bbox 1565 3174 1717 3238; x_wconf 84' lang='lat' dir='ltr'><strong>Quid</strong></span> <span class='ocrx_word' id='word_1_448' title='bbox 1749 3174 1932 3246; x_wconf 88' lang='lat' dir='ltr'><strong>igitur</strong></span> <span class='ocrx_word' id='word_1_449' title='bbox 1959 3174 2020 3227; x_wconf 88' lang='lat' dir='ltr'><strong>in</strong></span> <span class='ocrx_word' id='word_1_450' title='bbox 2052 3189 2233 3228; x_wconf 88' lang='lat' dir='ltr'><strong>causa</strong></span> <span class='ocrx_word' id='word_1_451' title='bbox 2280 3173 2391 3228; x_wconf 89' lang='lat' dir='ltr'><strong>fuit</strong></span> <span class='ocrx_word' id='word_1_452' title='bbox 2422 3190 2528 3229; x_wconf 91' lang='lat' dir='ltr'><strong>cur</strong></span> <span class='ocrx_word' id='word_1_453' title='bbox 2554 3173 2669 3228; x_wconf 86' lang='lat' dir='ltr'><strong>ista</strong></span> <span class='ocrx_word' id='word_1_454' title='bbox 2709 3174 3157 3230; x_wconf 89' lang='lat' dir='ltr'><strong>dissimularent</strong></span> <span class='ocrx_word' id='word_1_455' title='bbox 3198 3175 3756 3248; x_wconf 84' lang='lat' dir='ltr'><strong>Magdeburgenses</strong></span> <span class='ocrx_word' id='word_1_456' title='bbox 3777 3179 3807 3232; x_wconf 83' lang='lat'><strong>?</strong></span> 
     </span>
    </p>
   </div>
   <div class='ocr_carea' id='block_1_34' title="bbox 306 3259 3805 3335">
    <p class='ocr_par' dir='ltr' id='par_1_34' title="bbox 306 3259 3805 3335">
     <span class='ocr_line' id='line_1_34' title="bbox 306 3259 3805 3335; baseline 0.002 -22"><span class='ocrx_word' id='word_1_457' title='bbox 306 3259 602 3321; x_wconf 79' lang='lat' dir='ltr'><strong>Nimirum</strong></span> <span class='ocrx_word' id='word_1_458' title='bbox 635 3262 696 3313; x_wconf 88' lang='lat' dir='ltr'><strong>ut</strong></span> <span class='ocrx_word' id='word_1_459' title='bbox 751 3276 885 3331; x_wconf 65' lang='lat' dir='ltr'><strong>quae</strong></span> <span class='ocrx_word' id='word_1_460' title='bbox 918 3277 1101 3331; x_wconf 90' lang='lat' dir='ltr'><strong>super</strong></span> <span class='ocrx_word' id='word_1_461' title='bbox 1155 3264 1497 3316; x_wconf 91' lang='lat' dir='ltr'><strong>sanctorum</strong></span> <span class='ocrx_word' id='word_1_462' title='bbox 1556 3262 1930 3317; x_wconf 88' lang='lat' dir='ltr'><strong>invocatione</strong></span> <span class='ocrx_word' id='word_1_463' title='bbox 1988 3261 2164 3316; x_wconf 89' lang='lat' dir='ltr'><strong>tradit</strong></span> <span class='ocrx_word' id='word_1_464' title='bbox 2193 3263 2330 3333; x_wconf 90' lang='lat' dir='ltr'><strong>pius</strong></span> <span class='ocrx_word' id='word_1_465' title='bbox 2389 3263 2599 3318; x_wconf 91' lang='lat' dir='ltr'><strong>doctor</strong></span> <span class='ocrx_word' id='word_1_466' title='bbox 2655 3263 2807 3334; x_wconf 92' lang='lat' dir='ltr'><strong>(cap.</strong></span> <span class='ocrx_word' id='word_1_467' title='bbox 2841 3264 2894 3333; x_wconf 89' lang='lat'><strong>9,</strong></span> <span class='ocrx_word' id='word_1_468' title='bbox 2928 3280 3115 3319; x_wconf 76' lang='lat' dir='ltr'><strong>num-</strong></span> <span class='ocrx_word' id='word_1_469' title='bbox 3148 3263 3263 3335; x_wconf 88' lang='grc'>55),</span> <span class='ocrx_word' id='word_1_470' title='bbox 3296 3264 3469 3335; x_wconf 90' lang='lat' dir='ltr'><strong>paulo</strong></span> <span class='ocrx_word' id='word_1_471' title='bbox 3517 3265 3805 3325; x_wconf 90' lang='lat' dir='ltr'><strong>audacius</strong></span> 
     </span>
    </p>
   </div>
   <div class='ocr_carea' id='block_1_35' title="bbox 306 3342 3801 3425">
    <p class='ocr_par' dir='ltr' id='par_1_35' title="bbox 306 3342 3801 3425">
     <span class='ocr_line' id='line_1_35' title="bbox 306 3342 3801 3425; baseline 0.002 -23"><span class='ocrx_word' id='word_1_472' title='bbox 306 3342 511 3405; x_wconf 76' lang='lat' dir='ltr'><strong>crassa</strong></span> <span class='ocrx_word' id='word_1_473' title='bbox 574 3349 858 3403; x_wconf 91' lang='lat' dir='ltr'><strong>dicerent.</strong></span> <span class='ocrx_word' id='word_1_474' title='bbox 891 3348 1010 3405; x_wconf 91' lang='lat' dir='ltr'><strong>Sed</strong></span> <span class='ocrx_word' id='word_1_475' title='bbox 1068 3350 1214 3404; x_wconf 87' lang='lat' dir='ltr'><strong>nihil</strong></span> <span class='ocrx_word' id='word_1_476' title='bbox 1243 3353 1668 3421; x_wconf 90' lang='lat' dir='ltr'><strong>promoverunt</strong></span> <span class='ocrx_word' id='word_1_477' title='bbox 1724 3350 2025 3422; x_wconf 86' lang='lat' dir='ltr'><strong>ingeniosi</strong></span> <span class='ocrx_word' id='word_1_478' title='bbox 2055 3351 2189 3421; x_wconf 90' lang='lat' dir='ltr'><strong>viri,</strong></span> <span class='ocrx_word' id='word_1_479' title='bbox 2248 3368 2421 3407; x_wconf 91' lang='lat' dir='ltr'><strong>nemo</strong></span> <span class='ocrx_word' id='word_1_480' title='bbox 2456 3352 2672 3424; x_wconf 88' lang='lat' dir='ltr'><strong>quippe</strong></span> <span class='ocrx_word' id='word_1_481' title='bbox 2732 3369 2852 3408; x_wconf 91' lang='lat' dir='ltr'><strong>non</strong></span> <span class='ocrx_word' id='word_1_482' title='bbox 2882 3352 3157 3425; x_wconf 84' lang='lat' dir='ltr'><strong>intelligit</strong></span> <span class='ocrx_word' id='word_1_483' title='bbox 3189 3352 3348 3424; x_wconf 91' lang='lat' dir='ltr'><strong>quod</strong></span> <span class='ocrx_word' id='word_1_484' title='bbox 3403 3353 3489 3408; x_wconf 90' lang='lat' dir='ltr'><strong>illi</strong></span> <span class='ocrx_word' id='word_1_485' title='bbox 3522 3369 3801 3409; x_wconf 89' lang='lat' dir='ltr'><strong>crassum</strong></span> 
     </span>
    </p>
   </div>
   <div class='ocr_carea' id='block_1_36' title="bbox 306 3437 3808 3514">
    <p class='ocr_par' dir='ltr' id='par_1_36' title="bbox 306 3437 3808 3514">
     <span class='ocr_line' id='line_1_36' title="bbox 306 3437 3808 3514; baseline 0.002 -25"><span class='ocrx_word' id='word_1_486' title='bbox 306 3437 587 3507; x_wconf 86' lang='lat' dir='ltr'><strong>vocitant,</strong></span> <span class='ocrx_word' id='word_1_487' title='bbox 624 3437 1019 3492; x_wconf 83' lang='lat' dir='ltr'><strong>orthodoxum</strong></span> <span class='ocrx_word' id='word_1_488' title='bbox 1050 3438 1368 3493; x_wconf 79' lang='lat' dir='ltr'><strong>Ambrosio</strong></span> <span class='ocrx_word' id='word_1_489' title='bbox 1399 3439 1597 3494; x_wconf 89' lang='lat' dir='ltr'><strong>visum</strong></span> <span class='ocrx_word' id='word_1_490' title='bbox 1628 3438 1860 3509; x_wconf 86' lang='lat' dir='ltr'><strong>fuisse;</strong></span> <span class='ocrx_word' id='word_1_491' title='bbox 1894 3456 2005 3495; x_wconf 87' lang='lat' dir='ltr'><strong>nec</strong></span> <span class='ocrx_word' id='word_1_492' title='bbox 2036 3440 2195 3496; x_wconf 90' lang='lat' dir='ltr'><strong>enim</strong></span> <span class='ocrx_word' id='word_1_493' title='bbox 2234 3457 2370 3496; x_wconf 90' lang='lat' dir='ltr'><strong>eum</strong></span> <span class='ocrx_word' id='word_1_494' title='bbox 2403 3441 2619 3496; x_wconf 89' lang='lat' dir='ltr'><strong>cudere</strong></span> <span class='ocrx_word' id='word_1_495' title='bbox 2651 3441 2918 3497; x_wconf 77' lang='lat' dir='ltr'><strong>voluisse</strong></span> <span class='ocrx_word' id='word_1_496' title='bbox 2949 3456 3167 3497; x_wconf 89' lang='lat' dir='ltr'><strong>novum</strong></span> <span class='ocrx_word' id='word_1_497' title='bbox 3216 3442 3453 3514; x_wconf 85' lang='lat' dir='ltr'><strong>dogma,</strong></span> <span class='ocrx_word' id='word_1_498' title='bbox 3487 3442 3594 3497; x_wconf 87' lang='lat' dir='ltr'><strong>sed</strong></span> <span class='ocrx_word' id='word_1_499' title='bbox 3643 3442 3808 3498; x_wconf 90' lang='lat' dir='ltr'><strong>veri-</strong></span> 
     </span>
    </p>
   </div>
   <div class='ocr_carea' id='block_1_37' title="bbox 304 3526 3804 3603">
    <p class='ocr_par' dir='ltr' id='par_1_37' title="bbox 304 3526 3804 3603">
     <span class='ocr_line' id='line_1_37' title="bbox 304 3526 3804 3603; baseline 0.002 -24"><span class='ocrx_word' id='word_1_500' title='bbox 304 3527 399 3580; x_wconf 84' lang='lat' dir='ltr'><strong>tati</strong></span> <span class='ocrx_word' id='word_1_501' title='bbox 430 3526 747 3581; x_wconf 68' lang='lat' dir='ltr'><strong>catholicaa</strong></span> <span class='ocrx_word' id='word_1_502' title='bbox 805 3527 1207 3582; x_wconf 89' lang='lat' dir='ltr'><strong>testimonium</strong></span> <span class='ocrx_word' id='word_1_503' title='bbox 1238 3528 1596 3584; x_wconf 86' lang='lat' dir='ltr'><strong>reddidisse.</strong></span> <span class='ocrx_word' id='word_1_504' title='bbox 1632 3528 1803 3583; x_wconf 89' lang='lat' dir='ltr'><strong>Enim</strong></span> <span class='ocrx_word' id='word_1_505' title='bbox 1861 3544 2004 3583; x_wconf 90' lang='lat' dir='ltr'><strong>vero</strong></span> <span class='ocrx_word' id='word_1_506' title='bbox 2047 3546 2348 3600; x_wconf 88' lang='lat' dir='ltr'><strong>nunquam</strong></span> <span class='ocrx_word' id='word_1_507' title='bbox 2405 3545 2474 3585; x_wconf 90' lang='lat' dir='ltr'><strong>ea</strong></span> <span class='ocrx_word' id='word_1_508' title='bbox 2530 3546 2663 3601; x_wconf 69' lang='lat' dir='ltr'><strong>quae</strong></span> <span class='ocrx_word' id='word_1_509' title='bbox 2730 3529 2829 3585; x_wconf 88' lang='lat' dir='ltr'><strong>isti</strong></span> <span class='ocrx_word' id='word_1_510' title='bbox 2859 3533 3168 3601; x_wconf 87' lang='lat' dir='ltr'><strong>propterea</strong></span> <span class='ocrx_word' id='word_1_511' title='bbox 3225 3532 3450 3585; x_wconf 90' lang='lat' dir='ltr'><strong>tantum</strong></span> <span class='ocrx_word' id='word_1_512' title='bbox 3480 3531 3804 3603; x_wconf 82' lang='lat' dir='ltr'><strong>exagitant,</strong></span> 
     </span>
    </p>
   </div>
   <div class='ocr_carea' id='block_1_38' title="bbox 307 3614 3799 3692">
    <p class='ocr_par' dir='ltr' id='par_1_38' title="bbox 307 3614 3799 3692">
     <span class='ocr_line' id='line_1_38' title="bbox 307 3614 3799 3692; baseline 0.002 -24"><span class='ocrx_word' id='word_1_513' title='bbox 307 3614 437 3684; x_wconf 89' lang='lat' dir='ltr'><strong>quia</strong></span> <span class='ocrx_word' id='word_1_514' title='bbox 470 3631 614 3669; x_wconf 91' lang='lat' dir='ltr'><strong>cum</strong></span> <span class='ocrx_word' id='word_1_515' title='bbox 647 3615 930 3670; x_wconf 64' lang='lat' dir='ltr'><strong>Romana;</strong></span> <span class='ocrx_word' id='word_1_516' title='bbox 991 3616 1280 3672; x_wconf 84' lang='lat' dir='ltr'><strong>Ecclesiae</strong></span> <span class='ocrx_word' id='word_1_517' title='bbox 1313 3616 1546 3687; x_wconf 88' lang='lat' dir='ltr'><strong>placitis</strong></span> <span class='ocrx_word' id='word_1_518' title='bbox 1575 3620 1777 3688; x_wconf 85' lang='lat' dir='ltr'><strong>aperte</strong></span> <span class='ocrx_word' id='word_1_519' title='bbox 1838 3617 2079 3686; x_wconf 88' lang='lat' dir='ltr'><strong>faciunt,</strong></span> <span class='ocrx_word' id='word_1_520' title='bbox 2113 3618 2616 3689; x_wconf 89' lang='lat' dir='ltr'><strong>prudentissimus</strong></span> <span class='ocrx_word' id='word_1_521' title='bbox 2676 3619 2898 3690; x_wconf 66' lang='lat' dir='ltr'><strong>praesul</strong></span> <span class='ocrx_word' id='word_1_522' title='bbox 2931 3635 3005 3674; x_wconf 85' lang='lat' dir='ltr'><strong>ex</strong></span> <span class='ocrx_word' id='word_1_523' title='bbox 3050 3624 3347 3692; x_wconf 87' lang='lat' dir='ltr'><strong>suggestu</strong></span> <span class='ocrx_word' id='word_1_524' title='bbox 3378 3620 3596 3691; x_wconf 90' lang='lat' dir='ltr'><strong>populo</strong></span> <span class='ocrx_word' id='word_1_525' title='bbox 3654 3635 3799 3692; x_wconf 87' lang='lat' dir='ltr'><strong>pro-</strong></span> 
     </span>
    </p>
   </div>
   <div class='ocr_carea' id='block_1_39' title="bbox 305 3704 3800 3778">
    <p class='ocr_par' dir='ltr' id='par_1_39' title="bbox 305 3704 3800 3778">
     <span class='ocr_line' id='line_1_39' title="bbox 305 3704 3800 3778; baseline 0.002 -20"><span class='ocrx_word' id='word_1_526' title='bbox 305 3704 636 3774; x_wconf 89' lang='lat' dir='ltr'><strong>posuisset,</strong></span> <span class='ocrx_word' id='word_1_527' title='bbox 672 3704 723 3758; x_wconf 90' lang='lat' dir='ltr'><strong>si</strong></span> <span class='ocrx_word' id='word_1_528' title='bbox 752 3705 895 3776; x_wconf 85' lang='lat' dir='ltr'><strong>quid</strong></span> <span class='ocrx_word' id='word_1_529' title='bbox 925 3708 1024 3760; x_wconf 87' lang='lat' dir='ltr'><strong>aut</strong></span> <span class='ocrx_word' id='word_1_530' title='bbox 1053 3705 1385 3761; x_wconf 89' lang='lat' dir='ltr'><strong>abhorrens</strong></span> <span class='ocrx_word' id='word_1_531' title='bbox 1415 3722 1447 3760; x_wconf 90' lang='lat' dir='ltr'><strong>a</strong></span> <span class='ocrx_word' id='word_1_532' title='bbox 1479 3707 1714 3777; x_wconf 85' lang='lat' dir='ltr'><strong>pietate,</strong></span> <span class='ocrx_word' id='word_1_533' title='bbox 1749 3710 1847 3761; x_wconf 88' lang='lat' dir='ltr'><strong>aut</strong></span> <span class='ocrx_word' id='word_1_534' title='bbox 1875 3722 2113 3778; x_wconf 89' lang='lat' dir='ltr'><strong>quoquo</strong></span> <span class='ocrx_word' id='word_1_535' title='bbox 2147 3708 2322 3762; x_wconf 88' lang='lat' dir='ltr'><strong>modo</strong></span> <span class='ocrx_word' id='word_1_536' title='bbox 2356 3707 2748 3762; x_wconf 83' lang='lat' dir='ltr'><strong>intirmiorum</strong></span> <span class='ocrx_word' id='word_1_537' title='bbox 2779 3706 3095 3763; x_wconf 82' lang='lat' dir='ltr'><strong>offensioni</strong></span> <span class='ocrx_word' id='word_1_538' title='bbox 3151 3708 3476 3764; x_wconf 84' lang='lat' dir='ltr'><strong>obnoxium</strong></span> <span class='ocrx_word' id='word_1_539' title='bbox 3505 3709 3708 3764; x_wconf 89' lang='lat' dir='ltr'><strong>inesse</strong></span> <span class='ocrx_word' id='word_1_540' title='bbox 3736 3710 3800 3764; x_wconf 92' lang='lat' dir='ltr'><strong>in</strong></span> 
     </span>
    </p>
   </div>
   <div class='ocr_carea' id='block_1_40' title="bbox 307 3790 3808 3868">
    <p class='ocr_par' dir='ltr' id='par_1_40' title="bbox 307 3790 3808 3868">
     <span class='ocr_line' id='line_1_40' title="bbox 307 3790 3808 3868; baseline 0.002 -23"><span class='ocrx_word' id='word_1_541' title='bbox 307 3790 411 3849; x_wconf 81' lang='lat' dir='ltr'><strong>hac</strong></span> <span class='ocrx_word' id='word_1_542' title='bbox 440 3791 716 3847; x_wconf 87' lang='lat' dir='ltr'><strong>doctrina</strong></span> <span class='ocrx_word' id='word_1_543' title='bbox 748 3793 1174 3849; x_wconf 86' lang='lat' dir='ltr'><strong>existimasset.</strong></span> <span class='ocrx_word' id='word_1_544' title='bbox 1209 3794 1343 3849; x_wconf 91' lang='lat' dir='ltr'><strong>Non</strong></span> <span class='ocrx_word' id='word_1_545' title='bbox 1374 3798 1467 3850; x_wconf 88' lang='lat' dir='ltr'><strong>est</strong></span> <span class='ocrx_word' id='word_1_546' title='bbox 1497 3798 1690 3850; x_wconf 90' lang='lat' dir='ltr'><strong>autem</strong></span> <span class='ocrx_word' id='word_1_547' title='bbox 1721 3811 1829 3850; x_wconf 91' lang='lat' dir='ltr'><strong>cur</strong></span> <span class='ocrx_word' id='word_1_548' title='bbox 1857 3794 2174 3851; x_wconf 73' lang='lat' dir='ltr'><strong>efferamus</strong></span> <span class='ocrx_word' id='word_1_549' title='bbox 2205 3795 2281 3864; x_wconf 20' lang='lat' dir='ltr'><strong>in,</strong></span> <span class='ocrx_word' id='word_1_550' title='bbox 2306 3796 2564 3851; x_wconf 92' lang='lat' dir='ltr'><strong>medium</strong></span> <span class='ocrx_word' id='word_1_551' title='bbox 2596 3796 2756 3868; x_wconf 91' lang='lat' dir='ltr'><strong>quod</strong></span> <span class='ocrx_word' id='word_1_552' title='bbox 2786 3797 3029 3868; x_wconf 88' lang='lat' dir='ltr'><strong>scripsit</strong></span> <span class='ocrx_word' id='word_1_553' title='bbox 3062 3798 3431 3863; x_wconf 85' lang='lat' dir='ltr'><strong>Perkinsius,</strong></span> <span class='ocrx_word' id='word_1_554' title='bbox 3465 3797 3686 3855; x_wconf 84' lang='lat' dir='ltr'><strong>librum</strong></span> <span class='ocrx_word' id='word_1_555' title='bbox 3717 3798 3808 3853; x_wconf 87' lang='lat' dir='ltr'><strong>De</strong></span> 
     </span>
    </p>
   </div>
   <div class='ocr_carea' id='block_1_41' title="bbox 321 3879 3806 3964">
    <p class='ocr_par' dir='ltr' id='par_1_41' title="bbox 321 3879 3806 3964">
     <span class='ocr_line' id='line_1_41' title="bbox 321 3879 3806 3964; baseline 0.003 -32"><span class='ocrx_word' id='word_1_556' title='bbox 321 3879 529 3936; x_wconf 86' lang='lat' dir='ltr'><strong>Viduis</strong></span> <span class='ocrx_word' id='word_1_557' title='bbox 553 3897 829 3953; x_wconf 85' lang='lat' dir='ltr'><strong>pugnare</strong></span> <span class='ocrx_word' id='word_1_558' title='bbox 860 3898 989 3937; x_wconf 80' lang='lat' dir='ltr'><strong>cum</strong></span> <span class='ocrx_word' id='word_1_559' title='bbox 1022 3884 1459 3939; x_wconf 80' lang='lat' dir='ltr'><strong>Commentario</strong></span> <span class='ocrx_word' id='word_1_560' title='bbox 1489 3884 1551 3938; x_wconf 88' lang='lat' dir='ltr'><strong>in</strong></span> <span class='ocrx_word' id='word_1_561' title='bbox 1584 3900 1709 3956; x_wconf 86' lang='lat' dir='ltr'><strong>cap.</strong></span> <span class='ocrx_word' id='word_1_562' title='bbox 1742 3902 1760 3937; x_wconf 88' lang='grc' dir='ltr'>ι</span> <span class='ocrx_word' id='word_1_563' title='bbox 1790 3884 1988 3956; x_wconf 79' lang='lat' dir='ltr'><strong>Epist.</strong></span> <span class='ocrx_word' id='word_1_564' title='bbox 2022 3884 2098 3939; x_wconf 85' lang='lat' dir='ltr'><strong>ad</strong></span> <span class='ocrx_word' id='word_1_565' title='bbox 2126 3884 2457 3951; x_wconf 80' lang='lat' dir='ltr'><strong>Romanos;</strong></span> <span class='ocrx_word' id='word_1_566' title='bbox 2500 3885 2977 3957; x_wconf 87' lang='lat' dir='ltr'><strong>quandoquidem</strong></span> <span class='ocrx_word' id='word_1_567' title='bbox 3012 3887 3261 3943; x_wconf 81' lang='lat' dir='ltr'><strong>Rivetus</strong></span> <span class='ocrx_word' id='word_1_568' title='bbox 3294 3886 3474 3956; x_wconf 80' lang='lat' dir='ltr'><strong>(Crit.</strong></span> <span class='ocrx_word' id='word_1_569' title='bbox 3506 3887 3806 3964; x_wconf 25' lang='lat' dir='ltr'><strong>&#39;sac.)ipse</strong></span> 
     </span>
    </p>
   </div>
   <div class='ocr_carea' id='block_1_42' title="bbox 313 3967 3657 4048">
    <p class='ocr_par' dir='ltr' id='par_1_42' title="bbox 313 3967 3657 4048">
     <span class='ocr_line' id='line_1_42' title="bbox 313 3967 3657 4048; baseline 0.003 -26"><span class='ocrx_word' id='word_1_570' title='bbox 313 3967 444 4041; x_wconf 85' lang='lat' dir='ltr'><strong>ejus</strong></span> <span class='ocrx_word' id='word_1_571' title='bbox 474 3970 666 4023; x_wconf 73' lang='lat' dir='ltr'><strong>sectae</strong></span> <span class='ocrx_word' id='word_1_572' title='bbox 695 3972 870 4041; x_wconf 88' lang='lat' dir='ltr'><strong>atque</strong></span> <span class='ocrx_word' id='word_1_573' title='bbox 894 3970 1121 4025; x_wconf 90' lang='lat' dir='ltr'><strong>ordinis</strong></span> <span class='ocrx_word' id='word_1_574' title='bbox 1152 3973 1437 4027; x_wconf 88' lang='lat' dir='ltr'><strong>rationem</strong></span> <span class='ocrx_word' id='word_1_575' title='bbox 1470 3972 1616 4027; x_wconf 88' lang='lat' dir='ltr'><strong>adeo</strong></span> <span class='ocrx_word' id='word_1_576' title='bbox 1648 3972 1895 4041; x_wconf 89' lang='lat' dir='ltr'><strong>futilem,</strong></span> <span class='ocrx_word' id='word_1_577' title='bbox 1930 3972 2088 4026; x_wconf 89' lang='lat' dir='ltr'><strong>nulla</strong></span> <span class='ocrx_word' id='word_1_578' title='bbox 2118 3989 2370 4044; x_wconf 89' lang='lat' dir='ltr'><strong>prorsus</strong></span> <span class='ocrx_word' id='word_1_579' title='bbox 2400 3974 2874 4030; x_wconf 88' lang='lat' dir='ltr'><strong>consideratione</strong></span> <span class='ocrx_word' id='word_1_580' title='bbox 2906 3974 3147 4046; x_wconf 85' lang='lat' dir='ltr'><strong>dignam</strong></span> <span class='ocrx_word' id='word_1_581' title='bbox 3178 3991 3317 4032; x_wconf 89' lang='lat' dir='ltr'><strong>esse</strong></span> <span class='ocrx_word' id='word_1_582' title='bbox 3343 3975 3657 4048; x_wconf 85' lang='lat' dir='ltr'><strong>judicavit.</strong></span> 
     </span>
    </p>
   </div>
   <div class='ocr_carea' id='block_1_43' title="bbox 376 4057 3804 4136">
    <p class='ocr_par' dir='ltr' id='par_1_43' title="bbox 376 4057 3804 4136">
     <span class='ocr_line' id='line_1_43' title="bbox 376 4057 3804 4136; baseline 0.002 -25"><span class='ocrx_word' id='word_1_583' title='bbox 376 4057 465 4111; x_wconf 83' lang='lat' dir='ltr'><strong>Ex</strong></span> <span class='ocrx_word' id='word_1_584' title='bbox 496 4058 580 4111; x_wconf 85' lang='lat' dir='ltr'><strong>iis</strong></span> <span class='ocrx_word' id='word_1_585' title='bbox 611 4059 887 4113; x_wconf 90' lang='lat' dir='ltr'><strong>omnibus</strong></span> <span class='ocrx_word' id='word_1_586' title='bbox 917 4076 1049 4131; x_wconf 70' lang='lat' dir='ltr'><strong>quae</strong></span> <span class='ocrx_word' id='word_1_587' title='bbox 1082 4060 1370 4116; x_wconf 84' lang='lat' dir='ltr'><strong>hactenus</strong></span> <span class='ocrx_word' id='word_1_588' title='bbox 1400 4077 1434 4115; x_wconf 89' lang='lat' dir='ltr'><strong>a</strong></span> <span class='ocrx_word' id='word_1_589' title='bbox 1465 4060 1639 4116; x_wconf 89' lang='lat' dir='ltr'><strong>nobis</strong></span> <span class='ocrx_word' id='word_1_590' title='bbox 1670 4061 1999 4115; x_wconf 79' lang='lat' dir='ltr'><strong>examinata</strong></span> <span class='ocrx_word' id='word_1_591' title='bbox 2031 4064 2188 4131; x_wconf 86' lang='lat' dir='ltr'><strong>sunt,</strong></span> <span class='ocrx_word' id='word_1_592' title='bbox 2222 4062 2553 4134; x_wconf 89' lang='lat' dir='ltr'><strong>intelligere</strong></span> <span class='ocrx_word' id='word_1_593' title='bbox 2586 4066 2678 4117; x_wconf 86' lang='lat' dir='ltr'><strong>est</strong></span> <span class='ocrx_word' id='word_1_594' title='bbox 2709 4062 2865 4117; x_wconf 90' lang='lat' dir='ltr'><strong>hunc</strong></span> <span class='ocrx_word' id='word_1_595' title='bbox 2895 4063 3111 4118; x_wconf 89' lang='lat' dir='ltr'><strong>librum</strong></span> <span class='ocrx_word' id='word_1_596' title='bbox 3142 4065 3545 4135; x_wconf 88' lang='lat' dir='ltr'><strong>sermonibus,</strong></span> <span class='ocrx_word' id='word_1_597' title='bbox 3576 4065 3637 4119; x_wconf 89' lang='lat' dir='ltr'><strong>in</strong></span> <span class='ocrx_word' id='word_1_598' title='bbox 3669 4064 3804 4136; x_wconf 92' lang='lat' dir='ltr'><strong>qui-</strong></span> 
     </span>
    </p>
   </div>
   <div class='ocr_carea' id='block_1_44' title="bbox 310 4145 3799 4226">
    <p class='ocr_par' dir='ltr' id='par_1_44' title="bbox 310 4145 3799 4226">
     <span class='ocr_line' id='line_1_44' title="bbox 310 4145 3799 4226; baseline 0.002 -26"><span class='ocrx_word' id='word_1_599' title='bbox 310 4145 420 4201; x_wconf 87' lang='lat' dir='ltr'><strong>bus</strong></span> <span class='ocrx_word' id='word_1_600' title='bbox 455 4146 699 4201; x_wconf 86' lang='lat' dir='ltr'><strong>viduam</strong></span> <span class='ocrx_word' id='word_1_601' title='bbox 731 4147 887 4202; x_wconf 89' lang='lat' dir='ltr'><strong>illam</strong></span> <span class='ocrx_word' id='word_1_602' title='bbox 917 4149 989 4203; x_wconf 89' lang='lat' dir='ltr'><strong>ad</strong></span> <span class='ocrx_word' id='word_1_603' title='bbox 1019 4150 1282 4204; x_wconf 90' lang='lat' dir='ltr'><strong>secunda</strong></span> <span class='ocrx_word' id='word_1_604' title='bbox 1312 4150 1647 4222; x_wconf 90' lang='lat' dir='ltr'><strong>nuptiarum</strong></span> <span class='ocrx_word' id='word_1_605' title='bbox 1677 4153 1812 4205; x_wconf 90' lang='lat' dir='ltr'><strong>vota</strong></span> <span class='ocrx_word' id='word_1_606' title='bbox 1869 4149 2228 4222; x_wconf 86' lang='lat' dir='ltr'><strong>aspirantem</strong></span> <span class='ocrx_word' id='word_1_607' title='bbox 2259 4150 2571 4221; x_wconf 88' lang='lat' dir='ltr'><strong>compellat</strong></span> <span class='ocrx_word' id='word_1_608' title='bbox 2627 4155 2871 4206; x_wconf 89' lang='lat' dir='ltr'><strong>sanctus</strong></span> <span class='ocrx_word' id='word_1_609' title='bbox 2903 4153 3129 4224; x_wconf 91' lang='lat' dir='ltr'><strong>doctor,</strong></span> <span class='ocrx_word' id='word_1_610' title='bbox 3189 4153 3585 4226; x_wconf 89' lang='lat' dir='ltr'><strong>compositum</strong></span> <span class='ocrx_word' id='word_1_611' title='bbox 3614 4168 3755 4208; x_wconf 89' lang='lat' dir='ltr'><strong>esse</strong></span> <span class='ocrx_word' id='word_1_612' title='bbox 3784 4168 3799 4207; x_wconf 92' lang='lat'>:</span> 
     </span>
    </p>
   </div>
   <div class='ocr_carea' id='block_1_45' title="bbox 310 4235 3801 4313">
    <p class='ocr_par' dir='ltr' id='par_1_45' title="bbox 310 4235 3801 4313">
     <span class='ocr_line' id='line_1_45' title="bbox 310 4235 3801 4313; baseline 0.002 -24"><span class='ocrx_word' id='word_1_613' title='bbox 310 4250 482 4306; x_wconf 87' lang='lat' dir='ltr'><strong>quem</strong></span> <span class='ocrx_word' id='word_1_614' title='bbox 513 4235 731 4291; x_wconf 88' lang='lat' dir='ltr'><strong>litteris</strong></span> <span class='ocrx_word' id='word_1_615' title='bbox 761 4237 980 4292; x_wconf 89' lang='lat' dir='ltr'><strong>deinde</strong></span> <span class='ocrx_word' id='word_1_616' title='bbox 1000 4254 1034 4292; x_wconf 87' lang='lat' dir='ltr'><strong>a</strong></span> <span class='ocrx_word' id='word_1_617' title='bbox 1065 4254 1132 4293; x_wconf 88' lang='lat' dir='ltr'><strong>se</strong></span> <span class='ocrx_word' id='word_1_618' title='bbox 1163 4240 1634 4295; x_wconf 87' lang='lat' dir='ltr'><strong>commendatum</strong></span> <span class='ocrx_word' id='word_1_619' title='bbox 1664 4255 1784 4295; x_wconf 90' lang='lat' dir='ltr'><strong>non</strong></span> <span class='ocrx_word' id='word_1_620' title='bbox 1814 4240 1996 4295; x_wconf 88' lang='lat' dir='ltr'><strong>multo</strong></span> <span class='ocrx_word' id='word_1_621' title='bbox 2026 4240 2163 4309; x_wconf 90' lang='lat' dir='ltr'><strong>post</strong></span> <span class='ocrx_word' id='word_1_622' title='bbox 2191 4238 2381 4294; x_wconf 84' lang='lat' dir='ltr'><strong>editos</strong></span> <span class='ocrx_word' id='word_1_623' title='bbox 2413 4239 2601 4295; x_wconf 89' lang='lat' dir='ltr'><strong>libros</strong></span> <span class='ocrx_word' id='word_1_624' title='bbox 2631 4238 2720 4295; x_wconf 82' lang='lat' dir='ltr'><strong>De</strong></span> <span class='ocrx_word' id='word_1_625' title='bbox 2766 4239 3137 4313; x_wconf 83' lang='lat' dir='ltr'><strong>Virginibus,</strong></span> <span class='ocrx_word' id='word_1_626' title='bbox 3181 4242 3294 4298; x_wconf 93' lang='lat' dir='ltr'><strong>hoc</strong></span> <span class='ocrx_word' id='word_1_627' title='bbox 3317 4245 3409 4297; x_wconf 89' lang='lat' dir='ltr'><strong>est</strong></span> <span class='ocrx_word' id='word_1_628' title='bbox 3427 4245 3561 4313; x_wconf 90' lang='lat' dir='ltr'><strong>post</strong></span> <span class='ocrx_word' id='word_1_629' title='bbox 3581 4256 3801 4297; x_wconf 89' lang='lat' dir='ltr'><strong>annum</strong></span> 
     </span>
    </p>
   </div>
   <div class='ocr_carea' id='block_1_46' title="bbox 306 4322 2478 4400">
    <p class='ocr_par' dir='ltr' id='par_1_46' title="bbox 306 4322 2478 4400">
     <span class='ocr_line' id='line_1_46' title="bbox 306 4322 2478 4400; baseline 0.002 -21"><span class='ocrx_word' id='word_1_630' title='bbox 306 4322 427 4395; x_wconf 70' lang='grc' dir='ltr'><strong>θη,</strong></span> <span class='ocrx_word' id='word_1_631' title='bbox 457 4324 523 4379; x_wconf 91' lang='lat' dir='ltr'><strong>in</strong></span> <span class='ocrx_word' id='word_1_632' title='bbox 553 4324 747 4380; x_wconf 90' lang='lat' dir='ltr'><strong>lucem</strong></span> <span class='ocrx_word' id='word_1_633' title='bbox 775 4326 1063 4382; x_wconf 88' lang='lat' dir='ltr'><strong>emissum</strong></span> <span class='ocrx_word' id='word_1_634' title='bbox 1093 4328 1326 4383; x_wconf 88' lang='lat' dir='ltr'><strong>abunde</strong></span> <span class='ocrx_word' id='word_1_635' title='bbox 1356 4327 1430 4382; x_wconf 92' lang='lat' dir='ltr'><strong>ab</strong></span> <span class='ocrx_word' id='word_1_636' title='bbox 1464 4328 1594 4398; x_wconf 91' lang='lat' dir='ltr'><strong>ipso</strong></span> <span class='ocrx_word' id='word_1_637' title='bbox 1629 4329 1829 4400; x_wconf 88' lang='lat' dir='ltr'><strong>operis</strong></span> <span class='ocrx_word' id='word_1_638' title='bbox 1861 4328 2106 4384; x_wconf 90' lang='lat' dir='ltr'><strong>exordio</strong></span> <span class='ocrx_word' id='word_1_639' title='bbox 2138 4327 2478 4384; x_wconf 89' lang='lat' dir='ltr'><strong>declaravit.</strong></span> 
     </span>
    </p>
   </div>
  </div>
