  <div class='ocr_page' id='page_1' title='image "/cluster/home/n/w/nwhite01/storage/ocr_20150623/16/hvd.32044096580444/129.png"; bbox 0 0 3932 6152; ppageno 0'>
   <div class='ocr_carea' id='block_1_1' title="bbox 230 194 357 264">
    <p class='ocr_par' dir='ltr' id='par_1_1' title="bbox 230 194 357 264">
     <span class='ocr_line' id='line_1_1' title="bbox 230 194 357 264; baseline -0.016 0"><span class='ocrx_word' id='word_1_1' title='bbox 230 194 357 264; x_wconf 61' lang='grc'><em>247</em></span> 
     </span>
    </p>
   </div>
   <div class='ocr_carea' id='block_1_2' title="bbox 1699 195 2252 264">
    <p class='ocr_par' dir='ltr' id='par_1_2' title="bbox 1699 195 2252 264">
     <span class='ocr_line' id='line_1_2' title="bbox 1699 195 2252 264; baseline -0.002 -1"><span class='ocrx_word' id='word_1_2' title='bbox 1699 195 1766 264; x_wconf 85' lang='lat' dir='ltr'><em>S.</em></span> <span class='ocrx_word' id='word_1_3' title='bbox 1810 197 2252 264; x_wconf 76' lang='lat' dir='ltr'><em>AMBROSII.</em></span> 
     </span>
    </p>
   </div>
   <div class='ocr_carea' id='block_1_3' title="bbox 3568 211 3676 281">
    <p class='ocr_par' dir='ltr' id='par_1_3' title="bbox 3568 211 3676 281">
     <span class='ocr_line' id='line_1_3' title="bbox 3568 211 3676 281; baseline 0.009 -1"><span class='ocrx_word' id='word_1_4' title='bbox 3568 211 3676 281; x_wconf 82' lang='lat'><em>248</em></span> 
     </span>
    </p>
   </div>
   <div class='ocr_carea' id='block_1_4' title="bbox 234 387 3621 420">
    <p class='ocr_par' dir='ltr' id='par_1_4' title="bbox 234 387 3621 420">
     <span class='ocr_line' id='line_1_4' title="bbox 234 387 3621 420; baseline 0.001 -14"><span class='ocrx_word' id='word_1_5' title='bbox 234 387 3621 420; x_wconf 53' lang='lat' dir='ltr'><em>mw</em></span> 
     </span>
    </p>
   </div>
   <div class='ocr_carea' id='block_1_5' title="bbox 839 551 3238 734">
    <p class='ocr_par' dir='ltr' id='par_1_5' title="bbox 839 551 3238 734">
     <span class='ocr_line' id='line_1_5' title="bbox 839 551 3238 734; baseline 0.001 -7"><span class='ocrx_word' id='word_1_6' title='bbox 839 551 1738 727; x_wconf 84' lang='lat' dir='ltr'><strong>SANCTI</strong></span> <span class='ocrx_word' id='word_1_7' title='bbox 1875 557 3092 734; x_wconf 71' lang='lat' dir='ltr'><em>AMBROSII</em></span> <span class='ocrx_word' id='word_1_8' title='bbox 3227 597 3238 606; x_wconf 73' lang='lat'><strong>‘</strong></span> 
     </span>
    </p>
   </div>
   <div class='ocr_carea' id='block_1_6' title="bbox 1411 839 2542 907">
    <p class='ocr_par' dir='ltr' id='par_1_6' title="bbox 1411 839 2542 907">
     <span class='ocr_line' id='line_1_6' title="bbox 1411 839 2542 907; baseline 0.004 -5"><span class='ocrx_word' id='word_1_9' title='bbox 1411 839 2106 906; x_wconf 85' lang='lat' dir='ltr'><em>MEDIOLANENSIS</em></span> <span class='ocrx_word' id='word_1_10' title='bbox 2153 844 2542 907; x_wconf 91' lang='lat' dir='ltr'><em>EPISCOPI</em></span> 
     </span>
    </p>
   </div>
   <div class='ocr_carea' id='block_1_7' title="bbox 1478 987 2540 1215">
    <p class='ocr_par' dir='ltr' id='par_1_7' title="bbox 1478 987 2540 1215">
     <span class='ocr_line' id='line_1_7' title="bbox 1478 987 2540 1215; baseline 0.011 -10"><span class='ocrx_word' id='word_1_11' title='bbox 1478 1053 1718 1210; x_wconf 92' lang='lat' dir='ltr'><em>DE</em></span> <span class='ocrx_word' id='word_1_12' title='bbox 1812 1053 2434 1215; x_wconf 87' lang='lat' dir='ltr'><em>VIDUIS</em></span> <span class='ocrx_word' id='word_1_13' title='bbox 2537 987 2540 991; x_wconf 65' lang='grc'><strong>’</strong></span> 
     </span>
    </p>
   </div>
   <div class='ocr_carea' id='block_1_8' title="bbox 1649 1335 2328 1422">
    <p class='ocr_par' dir='ltr' id='par_1_8' title="bbox 1649 1335 2328 1422">
     <span class='ocr_line' id='line_1_8' title="bbox 1649 1335 2328 1422; baseline 0.006 -26"><span class='ocrx_word' id='word_1_14' title='bbox 1649 1335 1905 1398; x_wconf 85' lang='lat' dir='ltr'><em>LIBER</em></span> <span class='ocrx_word' id='word_1_15' title='bbox 1948 1337 2179 1402; x_wconf 88' lang='lat' dir='ltr'><em>UNUS</em></span> <span class='ocrx_word' id='word_1_16' title='bbox 2223 1340 2328 1422; x_wconf 81' lang='lat'><em>(1).</em></span> 
     </span>
    </p>
   </div>
   <div class='ocr_carea' id='block_1_9' title="bbox 693 1651 1476 1720">
    <p class='ocr_par' dir='ltr' id='par_1_9' title="bbox 693 1651 1476 1720">
     <span class='ocr_line' id='line_1_9' title="bbox 693 1651 1476 1720; baseline 0.008 -5"><span class='ocrx_word' id='word_1_17' title='bbox 693 1651 726 1714; x_wconf 79' lang='grc'><strong>1</strong></span> <span class='ocrx_word' id='word_1_18' title='bbox 739 1651 836 1716; x_wconf 85' lang='grc'>85</span> <span class='ocrx_word' id='word_1_19' title='bbox 867 1661 1120 1719; x_wconf 85' lang='lat' dir='ltr'><em>CAPUT</em></span> <span class='ocrx_word' id='word_1_20' title='bbox 1151 1663 1476 1720; x_wconf 81' lang='lat' dir='ltr'><em>PRIMUM.</em></span> 
     </span>
    </p>
   </div>
   <div class='ocr_carea' id='block_1_10' title="bbox 253 1784 1922 1864">
    <p class='ocr_par' dir='ltr' id='par_1_10' title="bbox 253 1784 1922 1864">
     <span class='ocr_line' id='line_1_10' title="bbox 253 1784 1922 1864; baseline 0.002 -22"><span class='ocrx_word' id='word_1_21' title='bbox 253 1784 575 1864; x_wconf 75' lang='lat' dir='ltr'><em>Postquam</em></span> <span class='ocrx_word' id='word_1_22' title='bbox 593 1791 782 1864; x_wconf 78' lang='lat' dir='ltr'><em>aetum</em></span> <span class='ocrx_word' id='word_1_23' title='bbox 801 1792 894 1842; x_wconf 89' lang='lat' dir='ltr'><em>est</em></span> <span class='ocrx_word' id='word_1_24' title='bbox 911 1787 986 1842; x_wconf 85' lang='lat' dir='ltr'><em>de</em></span> <span class='ocrx_word' id='word_1_25' title='bbox 1013 1789 1372 1864; x_wconf 66' lang='lat' dir='ltr'><em>virginibus,</em></span> <span class='ocrx_word' id='word_1_26' title='bbox 1392 1791 1472 1864; x_wconf 84' lang='lat' dir='ltr'><em>de</em></span> <span class='ocrx_word' id='word_1_27' title='bbox 1495 1791 1689 1846; x_wconf 86' lang='lat' dir='ltr'><em>viduis</em></span> <span class='ocrx_word' id='word_1_28' title='bbox 1710 1809 1922 1864; x_wconf 79' lang='lat' dir='ltr'><em>oppor-</em></span> 
     </span>
    </p>
   </div>
   <div class='ocr_carea' id='block_1_11' title="bbox 330 1857 1921 1934">
    <p class='ocr_par' dir='ltr' id='par_1_11' title="bbox 330 1857 1921 1934">
     <span class='ocr_line' id='line_1_11' title="bbox 330 1857 1921 1934; baseline 0.004 -23"><span class='ocrx_word' id='word_1_29' title='bbox 330 1857 469 1912; x_wconf 81' lang='lat' dir='ltr'><em>tune</em></span> <span class='ocrx_word' id='word_1_30' title='bbox 487 1857 761 1934; x_wconf 75' lang='lat' dir='ltr'><em>tractari,</em></span> <span class='ocrx_word' id='word_1_31' title='bbox 787 1874 1042 1934; x_wconf 86' lang='lat' dir='ltr'><em>eum_eas_</em></span> <span class='ocrx_word' id='word_1_32' title='bbox 1063 1857 1190 1934; x_wconf 80' lang='lat' dir='ltr'><em>illis</em></span> <span class='ocrx_word' id='word_1_33' title='bbox 1221 1857 1542 1932; x_wconf 70' lang='lat' dir='ltr'><em>ApoStolus</em></span> <span class='ocrx_word' id='word_1_34' title='bbox 1573 1857 1921 1934; x_wconf 72' lang='lat' dir='ltr'><em>sociaverit,</em></span> 
     </span>
    </p>
   </div>
   <div class='ocr_carea' id='block_1_12' title="bbox 333 1928 1929 2006">
    <p class='ocr_par' dir='ltr' id='par_1_12' title="bbox 333 1928 1929 2006">
     <span class='ocr_line' id='line_1_12' title="bbox 333 1928 1929 2006; baseline 0.005 -24"><span class='ocrx_word' id='word_1_35' title='bbox 333 1933 530 2006; x_wconf 80' lang='lat' dir='ltr'><em>utpote</em></span> <span class='ocrx_word' id='word_1_36' title='bbox 551 1928 966 2006; x_wconf 79' lang='lat' dir='ltr'><em>quodammodo</em></span> <span class='ocrx_word' id='word_1_37' title='bbox 983 1928 1358 2006; x_wconf 58' lang='lat' dir='ltr'><em>virginitatis</em></span> <span class='ocrx_word' id='word_1_38' title='bbox 1367 1935 1710 2006; x_wconf 85' lang='lat' dir='ltr'><em>magistras,</em></span> <span class='ocrx_word' id='word_1_39' title='bbox 1729 1942 1788 1990; x_wconf 87' lang='lat' dir='ltr'><em>et</em></span> <span class='ocrx_word' id='word_1_40' title='bbox 1800 1928 1929 1990; x_wconf 77' lang='lat' dir='ltr'><em>con-</em></span> 
     </span>
    </p>
   </div>
   <div class='ocr_carea' id='block_1_13' title="bbox 313 1999 1925 2077">
    <p class='ocr_par' dir='ltr' id='par_1_13' title="bbox 313 1999 1925 2077">
     <span class='ocr_line' id='line_1_13' title="bbox 313 1999 1925 2077; baseline 0.005 -24"><span class='ocrx_word' id='word_1_41' title='bbox 313 1999 755 2077; x_wconf 33' lang='lat' dir='ltr'><em>jugatisilonge</em></span> <span class='ocrx_word' id='word_1_42' title='bbox 783 1999 1359 2077; x_wconf 28' lang='lat' dir='ltr'><em>superioréSiQmam</em></span> <span class='ocrx_word' id='word_1_43' title='bbox 1396 1999 1593 2059; x_wconf 71' lang='lat' dir='ltr'><em>viduis</em></span> <span class='ocrx_word' id='word_1_44' title='bbox 1605 2005 1925 2077; x_wconf 86' lang='lat' dir='ltr'><em>gloriosum</em></span> 
     </span>
    </p>
   </div>
   <div class='ocr_carea' id='block_1_14' title="bbox 331 2071 1931 2143">
    <p class='ocr_par' dir='ltr' id='par_1_14' title="bbox 331 2071 1931 2143">
     <span class='ocr_line' id='line_1_14' title="bbox 331 2071 1931 2143; baseline 0.004 -20"><span class='ocrx_word' id='word_1_45' title='bbox 331 2071 584 2143; x_wconf 77' lang='lat' dir='ltr'><em>sitquod</em></span> <span class='ocrx_word' id='word_1_46' title='bbox 615 2071 692 2143; x_wconf 89' lang='lat' dir='ltr'><em>ad</em></span> <span class='ocrx_word' id='word_1_47' title='bbox 732 2071 964 2143; x_wconf 76' lang='lat' dir='ltr'><em>viduam</em></span> <span class='ocrx_word' id='word_1_48' title='bbox 1005 2072 1192 2128; x_wconf 84' lang='lat' dir='ltr'><em>fuerit</em></span> <span class='ocrx_word' id='word_1_49' title='bbox 1230 2073 1405 2143; x_wconf 80' lang='lat' dir='ltr'><em>Elius</em></span> <span class='ocrx_word' id='word_1_50' title='bbox 1443 2071 1821 2132; x_wconf 75' lang='lat' dir='ltr'><em>destinatus!</em></span> <span class='ocrx_word' id='word_1_51' title='bbox 1849 2079 1931 2132; x_wconf 89' lang='lat' dir='ltr'><em>At</em></span> 
     </span>
    </p>
   </div>
   <div class='ocr_carea' id='block_1_15' title="bbox 332 2137 1932 2213">
    <p class='ocr_par' dir='ltr' id='par_1_15' title="bbox 332 2137 1932 2213">
     <span class='ocr_line' id='line_1_15' title="bbox 332 2137 1932 2213; baseline 0.004 -17"><span class='ocrx_word' id='word_1_52' title='bbox 332 2137 473 2198; x_wconf 75' lang='lat' dir='ltr'><em>illas</em></span> <span class='ocrx_word' id='word_1_53' title='bbox 499 2141 673 2198; x_wconf 85' lang='lat' dir='ltr'><em>laude</em></span> <span class='ocrx_word' id='word_1_54' title='bbox 703 2141 920 2213; x_wconf 85' lang='lat' dir='ltr'><em>dignas</em></span> <span class='ocrx_word' id='word_1_55' title='bbox 951 2159 1064 2198; x_wconf 92' lang='lat' dir='ltr'><em>non</em></span> <span class='ocrx_word' id='word_1_56' title='bbox 1095 2137 1268 2209; x_wconf 66' lang='lat' dir='ltr'><em>esse,’</em></span> <span class='ocrx_word' id='word_1_57' title='bbox 1289 2146 1410 2200; x_wconf 86' lang='lat' dir='ltr'><em>nisi</em></span> <span class='ocrx_word' id='word_1_58' title='bbox 1444 2148 1722 2202; x_wconf 80' lang='lat' dir='ltr'><em>virtutem</em></span> <span class='ocrx_word' id='word_1_59' title='bbox 1753 2149 1932 2204; x_wconf 84' lang='lat' dir='ltr'><em>istius</em></span> 
     </span>
    </p>
   </div>
   <div class='ocr_carea' id='block_1_16' title="bbox 331 2212 1930 2288">
    <p class='ocr_par' dir='ltr' id='par_1_16' title="bbox 331 2212 1930 2288">
     <span class='ocr_line' id='line_1_16' title="bbox 331 2212 1930 2288; baseline 0.004 -20"><span class='ocrx_word' id='word_1_60' title='bbox 331 2212 683 2288; x_wconf 70' lang='lat' dir='ltr'><em>imitentur,</em></span> <span class='ocrx_word' id='word_1_61' title='bbox 744 2212 1002 2288; x_wconf 73' lang='lat' dir='ltr'><em>maxime</em></span> <span class='ocrx_word' id='word_1_62' title='bbox 1033 2231 1208 2288; x_wconf 66' lang='lat' dir='ltr'><em>vero</em></span> <span class='ocrx_word' id='word_1_63' title='bbox 1253 2217 1738 2288; x_wconf 74' lang='lat' dir='ltr'><em>hospitalitatem.</em></span> <span class='ocrx_word' id='word_1_64' title='bbox 1791 2219 1930 2284; x_wconf 71' lang='lat' dir='ltr'><em>Quae</em></span> 
     </span>
    </p>
   </div>
   <div class='ocr_carea' id='block_1_17' title="bbox 339 2284 1931 2371">
    <p class='ocr_par' dir='ltr' id='par_1_17' title="bbox 339 2284 1931 2371">
     <span class='ocr_line' id='line_1_17' title="bbox 339 2284 1931 2371; baseline 0.005 -34"><span class='ocrx_word' id='word_1_65' title='bbox 339 2284 535 2371; x_wconf 47' lang='lat' dir='ltr'><em>vir&#39;tus</em></span> <span class='ocrx_word' id='word_1_66' title='bbox 559 2291 778 2367; x_wconf 62' lang='lat' dir='ltr'><em>quanta</em></span> <span class='ocrx_word' id='word_1_67' title='bbox 800 2284 1081 2371; x_wconf 36' lang='lat' dir='ltr'><em>[fueritoin</em></span> <span class='ocrx_word' id='word_1_68' title='bbox 1125 2287 1236 2371; x_wconf 76' lang='lat' dir='ltr'><em>hac</em></span> <span class='ocrx_word' id='word_1_69' title='bbox 1279 2284 1518 2370; x_wconf 56' lang='lat' dir='ltr'><em>femina,</em></span> <span class='ocrx_word' id='word_1_70' title='bbox 1574 2291 1931 2371; x_wconf 52' lang='lat' dir='ltr'><em>exponitur;</em></span> 
     </span>
    </p>
   </div>
   <div class='ocr_carea' id='block_1_18' title="bbox 335 2354 1930 2434">
    <p class='ocr_par' dir='ltr' id='par_1_18' title="bbox 335 2354 1930 2434">
     <span class='ocr_line' id='line_1_18' title="bbox 335 2354 1930 2434; baseline 0.004 -25"><span class='ocrx_word' id='word_1_71' title='bbox 335 2354 445 2434; x_wconf 73' lang='lat' dir='ltr'><em>sed</em></span> <span class='ocrx_word' id='word_1_72' title='bbox 465 2354 642 2426; x_wconf 81' lang='lat' dir='ltr'><em>prius</em></span> <span class='ocrx_word' id='word_1_73' title='bbox 662 2357 1107 2434; x_wconf 75' lang='lat' dir='ltr'><em>perstringitur</em></span> <span class='ocrx_word' id='word_1_74' title='bbox 1137 2357 1432 2434; x_wconf 71' lang='lat' dir='ltr'><em>hominum</em></span> <span class='ocrx_word' id='word_1_75' title='bbox 1481 2354 1760 2434; x_wconf 80' lang='lat' dir='ltr'><em>avaritia,</em></span> <span class='ocrx_word' id='word_1_76' title='bbox 1804 2362 1930 2434; x_wconf 79' lang='lat' dir='ltr'><em>qui,</em></span> 
     </span>
    </p>
   </div>
   <div class='ocr_carea' id='block_1_19' title="bbox 336 2425 1937 2504">
    <p class='ocr_par' dir='ltr' id='par_1_19' title="bbox 336 2425 1937 2504">
     <span class='ocr_line' id='line_1_19' title="bbox 336 2425 1937 2504; baseline 0.004 -24"><span class='ocrx_word' id='word_1_77' title='bbox 336 2425 482 2481; x_wconf 21' lang='lat' dir='ltr'><em>dumi</em></span> <span class='ocrx_word' id='word_1_78' title='bbox 501 2425 826 2504; x_wconf 77' lang='lat' dir='ltr'><em>communia</em></span> <span class='ocrx_word' id='word_1_79' title='bbox 868 2425 992 2483; x_wconf 78' lang='lat' dir='ltr'><em>sibi</em></span> <span class='ocrx_word' id='word_1_80' title='bbox 1021 2437 1330 2502; x_wconf 78' lang='lat' dir='ltr'><em>arrogant;</em></span> <span class='ocrx_word' id='word_1_81' title='bbox 1362 2431 1592 2487; x_wconf 82' lang='lat' dir='ltr'><em>divinis</em></span> <span class='ocrx_word' id='word_1_82' title='bbox 1614 2425 1937 2504; x_wconf 75' lang='lat' dir='ltr'><em>promissis</em></span> 
     </span>
    </p>
   </div>
   <div class='ocr_carea' id='block_1_20' title="bbox 337 2499 844 2571">
    <p class='ocr_par' dir='ltr' id='par_1_20' title="bbox 337 2499 844 2571">
     <span class='ocr_line' id='line_1_20' title="bbox 337 2499 844 2571; baseline 0.004 -19"><span class='ocrx_word' id='word_1_83' title='bbox 337 2513 474 2554; x_wconf 85' lang='lat' dir='ltr'><em>sese</em></span> <span class='ocrx_word' id='word_1_84' title='bbox 497 2499 844 2571; x_wconf 86' lang='lat' dir='ltr'><em>privarunt.</em></span> 
     </span>
    </p>
   </div>
   <div class='ocr_carea' id='block_1_21' title="bbox 341 2619 1934 2700">
    <p class='ocr_par' dir='ltr' id='par_1_21' title="bbox 341 2619 1934 2700">
     <span class='ocr_line' id='line_1_21' title="bbox 341 2619 1934 2700; baseline 0.005 -23"><span class='ocrx_word' id='word_1_85' title='bbox 341 2619 394 2676; x_wconf 84' lang='grc'><em>1.</em></span> <span class='ocrx_word' id='word_1_86' title='bbox 441 2623 602 2679; x_wconf 88' lang='lat' dir='ltr'><em>Bene</em></span> <span class='ocrx_word' id='word_1_87' title='bbox 640 2623 876 2695; x_wconf 86' lang='lat' dir='ltr'><em>accidit,</em></span> <span class='ocrx_word' id='word_1_88' title='bbox 928 2624 1144 2682; x_wconf 80' lang='lat' dir='ltr'><em>fratres</em></span> <span class='ocrx_word' id='word_1_89' title='bbox 1173 2625 1272 2697; x_wconf 78' lang='grc'>(2),</span> <span class='ocrx_word' id='word_1_90' title='bbox 1324 2629 1389 2683; x_wconf 91' lang='lat' dir='ltr'><em>ut</em></span> <span class='ocrx_word' id='word_1_91' title='bbox 1417 2628 1695 2700; x_wconf 89' lang='lat' dir='ltr'><em>quoniam</em></span> <span class='ocrx_word' id='word_1_92' title='bbox 1739 2628 1934 2684; x_wconf 88' lang='lat' dir='ltr'><em>tribus</em></span> 
     </span>
    </p>
   </div>
   <div class='ocr_carea' id='block_1_22' title="bbox 266 2708 1939 2790">
    <p class='ocr_par' dir='ltr' id='par_1_22' title="bbox 266 2708 1939 2790">
     <span class='ocr_line' id='line_1_22' title="bbox 266 2708 1939 2790; baseline 0.005 -24"><span class='ocrx_word' id='word_1_93' title='bbox 266 2708 440 2767; x_wconf 80' lang='lat' dir='ltr'><em>libris</em></span> <span class='ocrx_word' id='word_1_94' title='bbox 473 2712 885 2784; x_wconf 76' lang='lat' dir='ltr'><em>superioribus</em></span> <span class='ocrx_word' id='word_1_95' title='bbox 918 2715 996 2784; x_wconf 83' lang='lat'><em>(3)</em></span> <span class='ocrx_word' id='word_1_96' title='bbox 1025 2715 1099 2770; x_wconf 90' lang='lat' dir='ltr'><em>de</em></span> <span class='ocrx_word' id='word_1_97' title='bbox 1127 2716 1427 2790; x_wconf 76' lang='lat' dir='ltr'><em>virginum</em></span> <span class='ocrx_word' id='word_1_98' title='bbox 1457 2717 1732 2774; x_wconf 84' lang='lat' dir='ltr'><em>laudibus</em></span> <span class='ocrx_word' id='word_1_99' title='bbox 1751 2719 1939 2774; x_wconf 82' lang='lat' dir='ltr'><em>disse-</em></span> 
     </span>
    </p>
   </div>
   <div class='ocr_carea' id='block_1_23' title="bbox 269 2800 1936 2880">
    <p class='ocr_par' dir='ltr' id='par_1_23' title="bbox 269 2800 1936 2880">
     <span class='ocr_line' id='line_1_23' title="bbox 269 2800 1936 2880; baseline 0.004 -24"><span class='ocrx_word' id='word_1_100' title='bbox 269 2800 522 2872; x_wconf 82' lang='lat' dir='ltr'><em>ruimus,</em></span> <span class='ocrx_word' id='word_1_101' title='bbox 555 2801 866 2858; x_wconf 79' lang='lat' dir='ltr'><em>viduarum</em></span> <span class='ocrx_word' id='word_1_102' title='bbox 893 2807 1179 2862; x_wconf 89' lang='lat' dir='ltr'><em>tractatus</em></span> <span class='ocrx_word' id='word_1_103' title='bbox 1207 2807 1523 2864; x_wconf 80' lang='lat' dir='ltr'><em>incideret:</em></span> <span class='ocrx_word' id='word_1_104' title='bbox 1556 2823 1748 2880; x_wconf 89' lang='lat' dir='ltr'><em>neque</em></span> <span class='ocrx_word' id='word_1_105' title='bbox 1779 2807 1936 2862; x_wconf 90' lang='lat' dir='ltr'><em>enim</em></span> 
     </span>
    </p>
   </div>
   <div class='ocr_carea' id='block_1_24' title="bbox 269 2889 1937 2970">
    <p class='ocr_par' dir='ltr' id='par_1_24' title="bbox 269 2889 1937 2970">
     <span class='ocr_line' id='line_1_24' title="bbox 269 2889 1937 2970; baseline 0.005 -26"><span class='ocrx_word' id='word_1_106' title='bbox 269 2889 594 2948; x_wconf 79' lang='lat' dir='ltr'><em>inhonorae</em></span> <span class='ocrx_word' id='word_1_107' title='bbox 627 2891 942 2950; x_wconf 84' lang='lat' dir='ltr'><em>debuimus</em></span> <span class='ocrx_word' id='word_1_108' title='bbox 971 2895 1296 2966; x_wconf 79' lang='lat' dir='ltr'><em>praeterire,</em></span> <span class='ocrx_word' id='word_1_109' title='bbox 1331 2899 1388 2952; x_wconf 90' lang='lat' dir='ltr'><em>et</em></span> <span class='ocrx_word' id='word_1_110' title='bbox 1407 2913 1439 2952; x_wconf 93' lang='lat' dir='ltr'><em>a</em></span> <span class='ocrx_word' id='word_1_111' title='bbox 1471 2897 1770 2970; x_wconf 78' lang='lat' dir='ltr'><em>virginum</em></span> <span class='ocrx_word' id='word_1_112' title='bbox 1791 2913 1937 2969; x_wconf 76' lang='lat' dir='ltr'><em>prae-</em></span> 
     </span>
    </p>
   </div>
   <div class='ocr_carea' id='block_1_25' title="bbox 271 2981 1934 3056">
    <p class='ocr_par' dir='ltr' id='par_1_25' title="bbox 271 2981 1934 3056">
     <span class='ocr_line' id='line_1_25' title="bbox 271 2981 1934 3056; baseline 0.003 -20"><span class='ocrx_word' id='word_1_113' title='bbox 271 2981 446 3037; x_wconf 86' lang='lat' dir='ltr'><em>conio</em></span> <span class='ocrx_word' id='word_1_114' title='bbox 463 2997 764 3054; x_wconf 86' lang='lat' dir='ltr'><em>separare,</em></span> <span class='ocrx_word' id='word_1_115' title='bbox 787 2999 938 3056; x_wconf 88' lang='lat' dir='ltr'><em>quas</em></span> <span class='ocrx_word' id='word_1_116' title='bbox 965 2985 1290 3056; x_wconf 83' lang='lat' dir='ltr'><em>apostolica</em></span> <span class='ocrx_word' id='word_1_117' title='bbox 1321 2987 1612 3042; x_wconf 83' lang='lat' dir='ltr'><em>sententia</em></span> <span class='ocrx_word' id='word_1_118' title='bbox 1645 3003 1777 3042; x_wconf 88' lang='lat' dir='ltr'><em>cum</em></span> <span class='ocrx_word' id='word_1_119' title='bbox 1808 2987 1934 3041; x_wconf 89' lang='lat' dir='ltr'><em>vir-</em></span> 
     </span>
    </p>
   </div>
   <div class='ocr_carea' id='block_1_26' title="bbox 267 3069 1935 3148">
    <p class='ocr_par' dir='ltr' id='par_1_26' title="bbox 267 3069 1935 3148">
     <span class='ocr_line' id='line_1_26' title="bbox 267 3069 1935 3148; baseline 0.003 -23"><span class='ocrx_word' id='word_1_120' title='bbox 267 3069 512 3144; x_wconf 84' lang='lat' dir='ltr'><em>ginibus</em></span> <span class='ocrx_word' id='word_1_121' title='bbox 567 3072 883 3144; x_wconf 87' lang='lat' dir='ltr'><em>copulavit,</em></span> <span class='ocrx_word' id='word_1_122' title='bbox 911 3072 1084 3146; x_wconf 78' lang='lat' dir='ltr'><em>juxta</em></span> <span class='ocrx_word' id='word_1_123' title='bbox 1139 3075 1298 3147; x_wconf 86' lang='lat' dir='ltr'><em>quod</em></span> <span class='ocrx_word' id='word_1_124' title='bbox 1347 3075 1632 3148; x_wconf 88' lang='lat' dir='ltr'><em>scriptum</em></span> <span class='ocrx_word' id='word_1_125' title='bbox 1665 3079 1791 3132; x_wconf 87' lang='lat' dir='ltr'><em>est:</em></span> <span class='ocrx_word' id='word_1_126' title='bbox 1851 3076 1935 3130; x_wconf 86' lang='lat' dir='ltr'><em>Et</em></span> 
     </span>
    </p>
   </div>
   <div class='ocr_carea' id='block_1_27' title="bbox 266 3160 1936 3238">
    <p class='ocr_par' dir='ltr' id='par_1_27' title="bbox 266 3160 1936 3238">
     <span class='ocr_line' id='line_1_27' title="bbox 266 3160 1936 3238; baseline 0.001 -22"><span class='ocrx_word' id='word_1_127' title='bbox 266 3160 486 3216; x_wconf 80' lang='lat' dir='ltr'><em>mulier</em></span> <span class='ocrx_word' id='word_1_128' title='bbox 504 3161 766 3234; x_wconf 84' lang='lat' dir='ltr'><em>innupta,</em></span> <span class='ocrx_word' id='word_1_129' title='bbox 793 3169 853 3217; x_wconf 89' lang='lat' dir='ltr'><em>et</em></span> <span class='ocrx_word' id='word_1_130' title='bbox 872 3163 1042 3235; x_wconf 82' lang='lat' dir='ltr'><em>virgo</em></span> <span class='ocrx_word' id='word_1_131' title='bbox 1061 3165 1281 3235; x_wconf 80' lang='lat' dir='ltr'><em>cogitat</em></span> <span class='ocrx_word' id='word_1_132' title='bbox 1306 3181 1431 3238; x_wconf 71' lang='lat' dir='ltr'><em>qua)</em></span> <span class='ocrx_word' id='word_1_133' title='bbox 1453 3173 1588 3220; x_wconf 88' lang='lat' dir='ltr'><em>sunt</em></span> <span class='ocrx_word' id='word_1_134' title='bbox 1603 3165 1854 3229; x_wconf 88' lang='lat' dir='ltr'><em>Domini,</em></span> <span class='ocrx_word' id='word_1_135' title='bbox 1877 3171 1936 3219; x_wconf 89' lang='lat' dir='ltr'><em>ut</em></span> 
     </span>
    </p>
   </div>
   <div class='ocr_carea' id='block_1_28' title="bbox 269 3250 1937 3324">
    <p class='ocr_par' dir='ltr' id='par_1_28' title="bbox 269 3250 1937 3324">
     <span class='ocr_line' id='line_1_28' title="bbox 269 3250 1937 3324; baseline 0.002 -18"><span class='ocrx_word' id='word_1_136' title='bbox 269 3250 353 3306; x_wconf 85' lang='lat' dir='ltr'><em>sit</em></span> <span class='ocrx_word' id='word_1_137' title='bbox 390 3256 597 3307; x_wconf 86' lang='lat' dir='ltr'><em>saneta</em></span> <span class='ocrx_word' id='word_1_138' title='bbox 631 3267 880 3324; x_wconf 85' lang='lat' dir='ltr'><em>corpore</em></span> <span class='ocrx_word' id='word_1_139' title='bbox 901 3259 960 3308; x_wconf 88' lang='lat' dir='ltr'><em>et</em></span> <span class='ocrx_word' id='word_1_140' title='bbox 995 3253 1215 3324; x_wconf 86' lang='lat' dir='ltr'><em>spiritu</em></span> <span class='ocrx_word' id='word_1_141' title='bbox 1233 3253 1292 3322; x_wconf 92' lang='lat' dir='ltr'><em>(I</em></span> <span class='ocrx_word' id='word_1_142' title='bbox 1327 3253 1463 3310; x_wconf 85' lang='lat' dir='ltr'><em>Cor.</em></span> <span class='ocrx_word' id='word_1_143' title='bbox 1488 3271 1588 3309; x_wconf 87' lang='lat' dir='ltr'><em>vu.</em></span> <span class='ocrx_word' id='word_1_144' title='bbox 1613 3254 1745 3324; x_wconf 73' lang='lat'><em>34)?</em></span> <span class='ocrx_word' id='word_1_145' title='bbox 1774 3253 1937 3319; x_wconf 88' lang='lat' dir='ltr'><em>Quo-</em></span> 
     </span>
    </p>
   </div>
   <div class='ocr_carea' id='block_1_29' title="bbox 270 3339 1932 3414">
    <p class='ocr_par' dir='ltr' id='par_1_29' title="bbox 270 3339 1932 3414">
     <span class='ocr_line' id='line_1_29' title="bbox 270 3339 1932 3414; baseline 0.001 -18"><span class='ocrx_word' id='word_1_146' title='bbox 270 3339 581 3396; x_wconf 88' lang='lat' dir='ltr'><em>dammodo</em></span> <span class='ocrx_word' id='word_1_147' title='bbox 611 3339 768 3396; x_wconf 90' lang='lat' dir='ltr'><em>enim</em></span> <span class='ocrx_word' id='word_1_148' title='bbox 795 3341 1204 3414; x_wconf 79' lang='lat' dir='ltr'><em>magisterium</em></span> <span class='ocrx_word' id='word_1_149' title='bbox 1233 3343 1592 3414; x_wconf 81' lang='lat' dir='ltr'><em>virginitatis</em></span> <span class='ocrx_word' id='word_1_150' title='bbox 1625 3343 1932 3399; x_wconf 89' lang='lat' dir='ltr'><em>viduarum</em></span> 
     </span>
    </p>
   </div>
   <div class='ocr_carea' id='block_1_30' title="bbox 268 3428 1938 3500">
    <p class='ocr_par' dir='ltr' id='par_1_30' title="bbox 268 3428 1938 3500">
     <span class='ocr_line' id='line_1_30' title="bbox 268 3428 1938 3500; baseline 0.003 -17"><span class='ocrx_word' id='word_1_151' title='bbox 268 3428 523 3484; x_wconf 84' lang='lat' dir='ltr'><em>valescit</em></span> <span class='ocrx_word' id='word_1_152' title='bbox 563 3429 874 3500; x_wconf 84' lang='lat' dir='ltr'><em>exemplis.</em></span> <span class='ocrx_word' id='word_1_153' title='bbox 923 3429 1066 3497; x_wconf 66' lang='lat' dir='ltr'><em>Quae</em></span> <span class='ocrx_word' id='word_1_154' title='bbox 1114 3447 1247 3486; x_wconf 91' lang='lat' dir='ltr'><em>cum</em></span> <span class='ocrx_word' id='word_1_155' title='bbox 1295 3432 1424 3486; x_wconf 89' lang='lat' dir='ltr'><em>viro</em></span> <span class='ocrx_word' id='word_1_156' title='bbox 1467 3434 1695 3487; x_wconf 89' lang='lat' dir='ltr'><em>castum</em></span> <span class='ocrx_word' id='word_1_157' title='bbox 1744 3433 1938 3488; x_wconf 90' lang='lat' dir='ltr'><em>cubile</em></span> 
     </span>
    </p>
   </div>
   <div class='ocr_carea' id='block_1_31' title="bbox 273 3518 1938 3594">
    <p class='ocr_par' dir='ltr' id='par_1_31' title="bbox 273 3518 1938 3594">
     <span class='ocr_line' id='line_1_31' title="bbox 273 3518 1938 3594; baseline 0.002 -20"><span class='ocrx_word' id='word_1_158' title='bbox 273 3518 634 3590; x_wconf 86' lang='lat' dir='ltr'><em>custodiunt,</em></span> <span class='ocrx_word' id='word_1_159' title='bbox 657 3519 1010 3576; x_wconf 89' lang='lat' dir='ltr'><em>documento</em></span> <span class='ocrx_word' id='word_1_160' title='bbox 1028 3519 1363 3594; x_wconf 80' lang='lat' dir='ltr'><em>virginibus</em></span> <span class='ocrx_word' id='word_1_161' title='bbox 1383 3524 1523 3576; x_wconf 86' lang='lat' dir='ltr'><em>sunt</em></span> <span class='ocrx_word' id='word_1_162' title='bbox 1543 3521 1938 3594; x_wconf 87' lang='lat' dir='ltr'><em>integritatem</em></span> 
     </span>
    </p>
   </div>
   <div class='ocr_carea' id='block_1_32' title="bbox 273 3607 1942 3682">
    <p class='ocr_par' dir='ltr' id='par_1_32' title="bbox 273 3607 1942 3682">
     <span class='ocr_line' id='line_1_32' title="bbox 273 3607 1942 3682; baseline 0.001 -18"><span class='ocrx_word' id='word_1_163' title='bbox 273 3607 398 3664; x_wconf 90' lang='lat' dir='ltr'><em>Deo</em></span> <span class='ocrx_word' id='word_1_164' title='bbox 429 3623 571 3664; x_wconf 89' lang='lat' dir='ltr'><em>esse</em></span> <span class='ocrx_word' id='word_1_165' title='bbox 600 3609 973 3665; x_wconf 86' lang='lat' dir='ltr'><em>servandam.</em></span> <span class='ocrx_word' id='word_1_166' title='bbox 1008 3607 1078 3664; x_wconf 86' lang='lat' dir='ltr'><em>Et</em></span> <span class='ocrx_word' id='word_1_167' title='bbox 1107 3611 1532 3682; x_wconf 86' lang='lat' dir='ltr'><em>propemodum</em></span> <span class='ocrx_word' id='word_1_168' title='bbox 1555 3626 1673 3666; x_wconf 91' lang='lat' dir='ltr'><em>non</em></span> <span class='ocrx_word' id='word_1_169' title='bbox 1703 3609 1942 3666; x_wconf 79' lang='lat' dir='ltr'><em>inferio-</em></span> 
     </span>
    </p>
   </div>
   <div class='ocr_carea' id='block_1_33' title="bbox 271 3696 1942 3772">
    <p class='ocr_par' dir='ltr' id='par_1_33' title="bbox 271 3696 1942 3772">
     <span class='ocr_line' id='line_1_33' title="bbox 271 3696 1942 3772; baseline 0.001 -20"><span class='ocrx_word' id='word_1_170' title='bbox 271 3696 360 3752; x_wconf 89' lang='lat' dir='ltr'><em>ris</em></span> <span class='ocrx_word' id='word_1_171' title='bbox 387 3697 628 3754; x_wconf 87' lang='lat' dir='ltr'><em>virtutis</em></span> <span class='ocrx_word' id='word_1_172' title='bbox 682 3700 776 3754; x_wconf 88' lang='lat' dir='ltr'><em>est</em></span> <span class='ocrx_word' id='word_1_173' title='bbox 824 3711 895 3755; x_wconf 89' lang='lat' dir='ltr'><em>eo</em></span> <span class='ocrx_word' id='word_1_174' title='bbox 952 3699 1254 3755; x_wconf 90' lang='lat' dir='ltr'><em>abstinere</em></span> <span class='ocrx_word' id='word_1_175' title='bbox 1287 3699 1593 3772; x_wconf 87' lang='lat' dir='ltr'><em>conjugio,</em></span> <span class='ocrx_word' id='word_1_176' title='bbox 1652 3700 1809 3772; x_wconf 83' lang='lat' dir='ltr'><em>quod</em></span> <span class='ocrx_word' id='word_1_177' title='bbox 1839 3699 1942 3754; x_wconf 85' lang='lat' dir='ltr'><em>eli-</em></span> 
     </span>
    </p>
   </div>
   <div class='ocr_carea' id='block_1_34' title="bbox 273 3786 1942 3862">
    <p class='ocr_par' dir='ltr' id='par_1_34' title="bbox 273 3786 1942 3862">
     <span class='ocr_line' id='line_1_34' title="bbox 273 3786 1942 3862; baseline 0.001 -19"><span class='ocrx_word' id='word_1_178' title='bbox 273 3786 508 3860; x_wconf 84' lang='lat' dir='ltr'><em>quando</em></span> <span class='ocrx_word' id='word_1_179' title='bbox 537 3787 936 3858; x_wconf 85' lang='lat' dir='ltr'><em>delectaverit,</em></span> <span class='ocrx_word' id='word_1_180' title='bbox 987 3804 1164 3862; x_wconf 88' lang='lat' dir='ltr'><em>quam</em></span> <span class='ocrx_word' id='word_1_181' title='bbox 1195 3788 1463 3862; x_wconf 83' lang='lat' dir='ltr'><em>conjugii</em></span> <span class='ocrx_word' id='word_1_182' title='bbox 1515 3789 1942 3844; x_wconf 85' lang='lat' dir='ltr'><em>oblectamenta</em></span> 
     </span>
    </p>
   </div>
   <div class='ocr_carea' id='block_1_35' title="bbox 272 3876 1942 3951">
    <p class='ocr_par' dir='ltr' id='par_1_35' title="bbox 272 3876 1942 3951">
     <span class='ocr_line' id='line_1_35' title="bbox 272 3876 1942 3951; baseline 0 -19"><span class='ocrx_word' id='word_1_183' title='bbox 272 3876 529 3933; x_wconf 86' lang='lat' dir='ltr'><em>nescire.</em></span> <span class='ocrx_word' id='word_1_184' title='bbox 561 3877 626 3932; x_wconf 88' lang='lat' dir='ltr'><em>ln</em></span> <span class='ocrx_word' id='word_1_185' title='bbox 654 3879 905 3950; x_wconf 90' lang='lat' dir='ltr'><em>utroque</em></span> <span class='ocrx_word' id='word_1_186' title='bbox 938 3877 1122 3932; x_wconf 79' lang='lat' dir='ltr'><em>fortes</em></span> <span class='ocrx_word' id='word_1_187' title='bbox 1149 3895 1161 3933; x_wconf 96' lang='lat'><em>:</em></span> <span class='ocrx_word' id='word_1_188' title='bbox 1199 3882 1258 3932; x_wconf 90' lang='lat' dir='ltr'><em>ut</em></span> <span class='ocrx_word' id='word_1_189' title='bbox 1290 3894 1392 3933; x_wconf 89' lang='lat' dir='ltr'><em>cas</em></span> <span class='ocrx_word' id='word_1_190' title='bbox 1423 3881 1479 3934; x_wconf 89' lang='lat' dir='ltr'><em>et</em></span> <span class='ocrx_word' id='word_1_191' title='bbox 1524 3878 1792 3951; x_wconf 88' lang='lat' dir='ltr'><em>conjugii</em></span> <span class='ocrx_word' id='word_1_192' title='bbox 1823 3894 1942 3932; x_wconf 89' lang='lat' dir='ltr'><em>non</em></span> 
     </span>
    </p>
   </div>
   <div class='ocr_carea' id='block_1_36' title="bbox 270 3966 1942 4040">
    <p class='ocr_par' dir='ltr' id='par_1_36' title="bbox 270 3966 1942 4040">
     <span class='ocr_line' id='line_1_36' title="bbox 270 3966 1942 4040; baseline 0 -18"><span class='ocrx_word' id='word_1_193' title='bbox 270 3966 570 4040; x_wconf 73' lang='lat' dir='ltr'><em>pmniteat,</em></span> <span class='ocrx_word' id='word_1_194' title='bbox 591 3966 686 4022; x_wconf 90' lang='lat' dir='ltr'><em>cui</em></span> <span class='ocrx_word' id='word_1_195' title='bbox 721 3966 898 4022; x_wconf 79' lang='lat' dir='ltr'><em>ﬁdem</em></span> <span class='ocrx_word' id='word_1_196' title='bbox 927 3970 1170 4032; x_wconf 86' lang='lat' dir='ltr'><em>servent</em></span> <span class='ocrx_word' id='word_1_197' title='bbox 1201 3970 1258 4024; x_wconf 89' lang='lat' dir='ltr'><em>et</em></span> <span class='ocrx_word' id='word_1_198' title='bbox 1305 3967 1646 4040; x_wconf 87' lang='lat' dir='ltr'><em>conjugalia</em></span> <span class='ocrx_word' id='word_1_199' title='bbox 1678 3967 1942 4023; x_wconf 88' lang='lat' dir='ltr'><em>oblecta-</em></span> 
     </span>
    </p>
   </div>
   <div class='ocr_carea' id='block_1_37' title="bbox 269 4055 1940 4129">
    <p class='ocr_par' dir='ltr' id='par_1_37' title="bbox 269 4055 1940 4129">
     <span class='ocr_line' id='line_1_37' title="bbox 269 4055 1940 4129; baseline 0.001 -18"><span class='ocrx_word' id='word_1_200' title='bbox 269 4057 468 4112; x_wconf 85' lang='lat' dir='ltr'><em>menta</em></span> <span class='ocrx_word' id='word_1_201' title='bbox 513 4071 633 4112; x_wconf 90' lang='lat' dir='ltr'><em>non</em></span> <span class='ocrx_word' id='word_1_202' title='bbox 679 4055 966 4129; x_wconf 86' lang='lat' dir='ltr'><em>alligent;</em></span> <span class='ocrx_word' id='word_1_203' title='bbox 1015 4072 1090 4112; x_wconf 90' lang='lat' dir='ltr'><em>ne</em></span> <span class='ocrx_word' id='word_1_204' title='bbox 1127 4056 1440 4112; x_wconf 88' lang='lat' dir='ltr'><em>videantur</em></span> <span class='ocrx_word' id='word_1_205' title='bbox 1488 4056 1757 4126; x_wconf 78' lang='lat' dir='ltr'><em>inﬁrmae,</em></span> <span class='ocrx_word' id='word_1_206' title='bbox 1808 4073 1940 4128; x_wconf 72' lang='lat' dir='ltr'><em>qum</em></span> 
     </span>
    </p>
   </div>
   <div class='ocr_carea' id='block_1_38' title="bbox 272 4143 1069 4217">
    <p class='ocr_par' dir='ltr' id='par_1_38' title="bbox 272 4143 1069 4217">
     <span class='ocr_line' id='line_1_38' title="bbox 272 4143 1069 4217; baseline -0.001 -16"><span class='ocrx_word' id='word_1_207' title='bbox 272 4143 392 4202; x_wconf 88' lang='lat' dir='ltr'><em>sibi</em></span> <span class='ocrx_word' id='word_1_208' title='bbox 421 4145 638 4202; x_wconf 83' lang='lat' dir='ltr'><em>adesse</em></span> <span class='ocrx_word' id='word_1_209' title='bbox 667 4160 788 4201; x_wconf 90' lang='lat' dir='ltr'><em>non</em></span> <span class='ocrx_word' id='word_1_210' title='bbox 814 4145 1069 4217; x_wconf 85' lang='lat' dir='ltr'><em>possint.</em></span> 
     </span>
    </p>
   </div>
   <div class='ocr_carea' id='block_1_39' title="bbox 342 4249 1939 4326">
    <p class='ocr_par' dir='ltr' id='par_1_39' title="bbox 342 4249 1939 4326">
     <span class='ocr_line' id='line_1_39' title="bbox 342 4249 1939 4326; baseline -0.001 -18"><span class='ocrx_word' id='word_1_211' title='bbox 342 4249 398 4309; x_wconf 75' lang='lat'><em>2.</em></span> <span class='ocrx_word' id='word_1_212' title='bbox 429 4251 496 4308; x_wconf 92' lang='lat' dir='ltr'><em>In</em></span> <span class='ocrx_word' id='word_1_213' title='bbox 523 4251 636 4309; x_wconf 82' lang='lat' dir='ltr'><em>hac</em></span> <span class='ocrx_word' id='word_1_214' title='bbox 665 4252 797 4325; x_wconf 87' lang='lat' dir='ltr'><em>ipsa</em></span> <span class='ocrx_word' id='word_1_215' title='bbox 819 4255 1011 4308; x_wconf 89' lang='lat' dir='ltr'><em>tamen</em></span> <span class='ocrx_word' id='word_1_216' title='bbox 1033 4251 1247 4310; x_wconf 80' lang='lat' dir='ltr'><em>virtute</em></span> <span class='ocrx_word' id='word_1_217' title='bbox 1268 4254 1510 4326; x_wconf 67' lang='lat' dir='ltr'><em>prmmia</em></span> <span class='ocrx_word' id='word_1_218' title='bbox 1532 4257 1672 4310; x_wconf 89' lang='lat' dir='ltr'><em>sunt</em></span> <span class='ocrx_word' id='word_1_219' title='bbox 1703 4253 1939 4324; x_wconf 87' lang='lat' dir='ltr'><em>reposi-</em></span> 
     </span>
    </p>
   </div>
   <div class='ocr_carea' id='block_1_40' title="bbox 267 4341 1938 4416">
    <p class='ocr_par' dir='ltr' id='par_1_40' title="bbox 267 4341 1938 4416">
     <span class='ocr_line' id='line_1_40' title="bbox 267 4341 1938 4416; baseline -0.001 -18"><span class='ocrx_word' id='word_1_220' title='bbox 267 4345 326 4398; x_wconf 84' lang='lat' dir='ltr'><em>ta</em></span> <span class='ocrx_word' id='word_1_221' title='bbox 352 4342 681 4399; x_wconf 83' lang='lat' dir='ltr'><em>libertatis:</em></span> <span class='ocrx_word' id='word_1_222' title='bbox 727 4341 953 4398; x_wconf 85' lang='lat' dir='ltr'><em>Mulier</em></span> <span class='ocrx_word' id='word_1_223' title='bbox 980 4342 1138 4398; x_wconf 88' lang='lat' dir='ltr'><em>enim</em></span> <span class='ocrx_word' id='word_1_224' title='bbox 1175 4343 1370 4398; x_wconf 78' lang='lat' dir='ltr'><em>vineta</em></span> <span class='ocrx_word' id='word_1_225' title='bbox 1401 4348 1494 4398; x_wconf 80' lang='lat' dir='ltr'><em>est</em></span> <span class='ocrx_word' id='word_1_226' title='bbox 1543 4349 1756 4416; x_wconf 87' lang='lat' dir='ltr'><em>quanto</em></span> <span class='ocrx_word' id='word_1_227' title='bbox 1789 4347 1938 4398; x_wconf 88' lang='lat' dir='ltr'><em>tem-</em></span> 
     </span>
    </p>
   </div>
   <div class='ocr_carea' id='block_1_41' title="bbox 265 4423 1936 4504">
    <p class='ocr_par' dir='ltr' id='par_1_41' title="bbox 265 4423 1936 4504">
     <span class='ocr_line' id='line_1_41' title="bbox 265 4423 1936 4504; baseline 0.001 -18"><span class='ocrx_word' id='word_1_228' title='bbox 265 4447 412 4504; x_wconf 87' lang='lat' dir='ltr'><em>pore</em></span> <span class='ocrx_word' id='word_1_229' title='bbox 432 4432 529 4487; x_wconf 90' lang='lat' dir='ltr'><em>vir</em></span> <span class='ocrx_word' id='word_1_230' title='bbox 558 4429 686 4504; x_wconf 84' lang='lat' dir='ltr'><em>ejus</em></span> <span class='ocrx_word' id='word_1_231' title='bbox 705 4431 856 4486; x_wconf 83' lang='lat' dir='ltr'><em>vivit</em></span> <span class='ocrx_word' id='word_1_232' title='bbox 879 4451 896 4486; x_wconf 88' lang='lat'><strong><em>:</em></strong></span> <span class='ocrx_word' id='word_1_233' title='bbox 929 4431 1079 4504; x_wconf 87' lang='lat' dir='ltr'><em>quod</em></span> <span class='ocrx_word' id='word_1_234' title='bbox 1089 4431 1146 4486; x_wconf 91' lang='lat' dir='ltr'><em>si</em></span> <span class='ocrx_word' id='word_1_235' title='bbox 1157 4432 1474 4487; x_wconf 87' lang='lat' dir='ltr'><em>dormierit</em></span> <span class='ocrx_word' id='word_1_236' title='bbox 1500 4433 1596 4487; x_wconf 81' lang='lat' dir='ltr'><em>vir</em></span> <span class='ocrx_word' id='word_1_237' title='bbox 1616 4432 1764 4504; x_wconf 77' lang='lat' dir='ltr'><em>ejus.</em></span> <span class='ocrx_word' id='word_1_238' title='bbox 1795 4425 1827 4487; x_wconf 85' lang='grc'><strong>1</strong></span> <span class='ocrx_word' id='word_1_239' title='bbox 1841 4423 1936 4488; x_wconf 86' lang='grc'>86</span> 
     </span>
    </p>
   </div>
   <div class='ocr_carea' id='block_1_42' title="bbox 271 4518 1935 4592">
    <p class='ocr_par' dir='ltr' id='par_1_42' title="bbox 271 4518 1935 4592">
     <span class='ocr_line' id='line_1_42' title="bbox 271 4518 1935 4592; baseline 0.002 -19"><span class='ocrx_word' id='word_1_240' title='bbox 271 4518 530 4576; x_wconf 85' lang='lat' dir='ltr'><em>liberata</em></span> <span class='ocrx_word' id='word_1_241' title='bbox 563 4527 676 4592; x_wconf 86' lang='lat' dir='ltr'><em>est,</em></span> <span class='ocrx_word' id='word_1_242' title='bbox 711 4520 809 4576; x_wconf 82' lang='lat' dir='ltr'><em>cui</em></span> <span class='ocrx_word' id='word_1_243' title='bbox 861 4520 982 4574; x_wconf 89' lang='lat' dir='ltr'><em>vult</em></span> <span class='ocrx_word' id='word_1_244' title='bbox 1032 4520 1231 4590; x_wconf 87' lang='lat' dir='ltr'><em>nubat,</em></span> <span class='ocrx_word' id='word_1_245' title='bbox 1288 4527 1510 4575; x_wconf 83' lang='lat' dir='ltr'><em>tantum</em></span> <span class='ocrx_word' id='word_1_246' title='bbox 1556 4523 1618 4576; x_wconf 88' lang='lat' dir='ltr'><em>in</em></span> <span class='ocrx_word' id='word_1_247' title='bbox 1668 4522 1935 4577; x_wconf 86' lang='lat' dir='ltr'><em>Domino.</em></span> 
     </span>
    </p>
   </div>
   <div class='ocr_carea' id='block_1_43' title="bbox 271 4607 1938 4682">
    <p class='ocr_par' dir='ltr' id='par_1_43' title="bbox 271 4607 1938 4682">
     <span class='ocr_line' id='line_1_43' title="bbox 271 4607 1938 4682; baseline 0.001 -19"><span class='ocrx_word' id='word_1_248' title='bbox 271 4607 520 4664; x_wconf 87' lang='lat' dir='ltr'><em>Beatior</em></span> <span class='ocrx_word' id='word_1_249' title='bbox 551 4615 743 4665; x_wconf 89' lang='lat' dir='ltr'><em>autem</em></span> <span class='ocrx_word' id='word_1_250' title='bbox 783 4611 922 4681; x_wconf 85' lang='lat' dir='ltr'><em>erit,</em></span> <span class='ocrx_word' id='word_1_251' title='bbox 955 4610 1012 4664; x_wconf 88' lang='lat' dir='ltr'><em>si</em></span> <span class='ocrx_word' id='word_1_252' title='bbox 1039 4611 1129 4664; x_wconf 91' lang='lat' dir='ltr'><em>sic</em></span> <span class='ocrx_word' id='word_1_253' title='bbox 1153 4611 1582 4682; x_wconf 86' lang='lat' dir='ltr'><em>permanserit,</em></span> <span class='ocrx_word' id='word_1_254' title='bbox 1620 4611 1938 4666; x_wconf 85' lang='lat' dir='ltr'><em>secundum</em></span> 
     </span>
    </p>
   </div>
   <div class='ocr_carea' id='block_1_44' title="bbox 271 4699 1942 4772">
    <p class='ocr_par' dir='ltr' id='par_1_44' title="bbox 271 4699 1942 4772">
     <span class='ocr_line' id='line_1_44' title="bbox 271 4699 1942 4772; baseline 0.002 -21"><span class='ocrx_word' id='word_1_255' title='bbox 271 4713 462 4752; x_wconf 85' lang='lat' dir='ltr'><em>meum</em></span> <span class='ocrx_word' id='word_1_256' title='bbox 484 4699 794 4754; x_wconf 86' lang='lat' dir='ltr'><em>consilium</em></span> <span class='ocrx_word' id='word_1_257' title='bbox 823 4699 934 4770; x_wconf 76' lang='lat'><em>(4);</em></span> <span class='ocrx_word' id='word_1_258' title='bbox 963 4705 1106 4772; x_wconf 91' lang='lat' dir='ltr'><em>puto</em></span> <span class='ocrx_word' id='word_1_259' title='bbox 1120 4700 1277 4756; x_wconf 87' lang='lat' dir='ltr'><em>enim</em></span> <span class='ocrx_word' id='word_1_260' title='bbox 1301 4706 1359 4756; x_wconf 88' lang='lat' dir='ltr'><em>et</em></span> <span class='ocrx_word' id='word_1_261' title='bbox 1383 4717 1492 4772; x_wconf 84' lang='lat' dir='ltr'><em>ego</em></span> <span class='ocrx_word' id='word_1_262' title='bbox 1521 4700 1796 4772; x_wconf 83' lang='lat' dir='ltr'><em>spiritum</em></span> <span class='ocrx_word' id='word_1_263' title='bbox 1826 4699 1942 4755; x_wconf 84' lang='lat' dir='ltr'><em>Dei</em></span> 
     </span>
    </p>
   </div>
   <div class='ocr_carea' id='block_1_45' title="bbox 270 4783 1930 4862">
    <p class='ocr_par' dir='ltr' id='par_1_45' title="bbox 270 4783 1930 4862">
     <span class='ocr_line' id='line_1_45' title="bbox 270 4783 1930 4862; baseline 0.002 -22"><span class='ocrx_word' id='word_1_264' title='bbox 270 4784 464 4842; x_wconf 88' lang='lat' dir='ltr'><em>habeo</em></span> <span class='ocrx_word' id='word_1_265' title='bbox 517 4785 694 4855; x_wconf 84' lang='lat' dir='ltr'><em>(Ibid.</em></span> <span class='ocrx_word' id='word_1_266' title='bbox 725 4783 816 4856; x_wconf 88' lang='lat'><em>39,</em></span> <span class='ocrx_word' id='word_1_267' title='bbox 875 4788 985 4858; x_wconf 76' lang='lat'><em>40).</em></span> <span class='ocrx_word' id='word_1_268' title='bbox 1032 4787 1352 4844; x_wconf 89' lang='lat' dir='ltr'><em>Evidenter</em></span> <span class='ocrx_word' id='word_1_269' title='bbox 1395 4789 1579 4862; x_wconf 83' lang='lat' dir='ltr'><em>igitur</em></span> <span class='ocrx_word' id='word_1_270' title='bbox 1625 4789 1930 4860; x_wconf 82' lang='lat' dir='ltr'><em>expressit</em></span> 
     </span>
    </p>
   </div>
   <div class='ocr_carea' id='block_1_46' title="bbox 271 4873 1936 4946">
    <p class='ocr_par' dir='ltr' id='par_1_46' title="bbox 271 4873 1936 4946">
     <span class='ocr_line' id='line_1_46' title="bbox 271 4873 1936 4946; baseline 0.002 -17"><span class='ocrx_word' id='word_1_271' title='bbox 271 4873 596 4944; x_wconf 85' lang='lat' dir='ltr'><em>Apostolus</em></span> <span class='ocrx_word' id='word_1_272' title='bbox 627 4875 769 4946; x_wconf 89' lang='lat' dir='ltr'><em>quid</em></span> <span class='ocrx_word' id='word_1_273' title='bbox 818 4875 1070 4946; x_wconf 87' lang='lat' dir='ltr'><em>intersit,</em></span> <span class='ocrx_word' id='word_1_274' title='bbox 1104 4893 1240 4932; x_wconf 91' lang='lat' dir='ltr'><em>cum</em></span> <span class='ocrx_word' id='word_1_275' title='bbox 1285 4876 1459 4932; x_wconf 88' lang='lat' dir='ltr'><em>aliam</em></span> <span class='ocrx_word' id='word_1_276' title='bbox 1508 4879 1763 4932; x_wconf 86' lang='lat' dir='ltr'><em>vinctam</em></span> <span class='ocrx_word' id='word_1_277' title='bbox 1796 4893 1936 4932; x_wconf 89' lang='lat' dir='ltr'><em>esse</em></span> 
     </span>
    </p>
   </div>
   <div class='ocr_carea' id='block_1_47' title="bbox 274 4963 1937 5038">
    <p class='ocr_par' dir='ltr' id='par_1_47' title="bbox 274 4963 1937 5038">
     <span class='ocr_line' id='line_1_47' title="bbox 274 4963 1937 5038; baseline 0.003 -20"><span class='ocrx_word' id='word_1_278' title='bbox 274 4963 508 5034; x_wconf 79' lang='lat' dir='ltr'><em>dixerit,</em></span> <span class='ocrx_word' id='word_1_279' title='bbox 567 4963 742 5018; x_wconf 88' lang='lat' dir='ltr'><em>aliam</em></span> <span class='ocrx_word' id='word_1_280' title='bbox 798 4963 1120 5020; x_wconf 87' lang='lat' dir='ltr'><em>beatiorem</em></span> <span class='ocrx_word' id='word_1_281' title='bbox 1177 4981 1316 5022; x_wconf 91' lang='lat' dir='ltr'><em>esse</em></span> <span class='ocrx_word' id='word_1_282' title='bbox 1372 4967 1788 5022; x_wconf 85' lang='lat' dir='ltr'><em>memoraverit</em></span> <span class='ocrx_word' id='word_1_283' title='bbox 1820 4968 1937 5038; x_wconf 87' lang='lat'><em>(5):</em></span> 
     </span>
    </p>
   </div>
   <div class='ocr_carea' id='block_1_48' title="bbox 345 5105 1118 5179">
    <p class='ocr_par' dir='ltr' id='par_1_48' title="bbox 345 5105 1118 5179">
     <span class='ocr_line' id='line_1_48' title="bbox 345 5105 1118 5179; baseline 0.001 -18"><span class='ocrx_word' id='word_1_284' title='bbox 345 5105 423 5179; x_wconf 81' lang='grc'><em>(1)</em></span> <span class='ocrx_word' id='word_1_285' title='bbox 453 5105 667 5179; x_wconf 80' lang='lat' dir='ltr'><em>Script.</em></span> <span class='ocrx_word' id='word_1_286' title='bbox 699 5107 858 5162; x_wconf 90' lang='lat' dir='ltr'><em>circa</em></span> <span class='ocrx_word' id='word_1_287' title='bbox 887 5123 964 5179; x_wconf 82' lang='lat' dir='ltr'><em>an</em></span> <span class='ocrx_word' id='word_1_288' title='bbox 993 5105 1118 5162; x_wconf 78' lang='lat' dir='ltr'><em>3T1.</em></span> 
     </span>
    </p>
   </div>
   <div class='ocr_carea' id='block_1_49' title="bbox 311 5177 1936 5305">
    <p class='ocr_par' dir='ltr' id='par_1_49' title="bbox 311 5177 1936 5305">
     <span class='ocr_line' id='line_1_49' title="bbox 311 5177 1936 5305; baseline 0.001 -72"><span class='ocrx_word' id='word_1_289' title='bbox 311 5177 422 5305; x_wconf 44' lang='lat' dir='ltr'><em>t((32)</em></span> <span class='ocrx_word' id='word_1_290' title='bbox 453 5177 606 5235; x_wconf 69' lang='lat' dir='ltr'><em>CodI</em></span> <span class='ocrx_word' id='word_1_291' title='bbox 631 5179 782 5253; x_wconf 83' lang='lat' dir='ltr'><em>Reg.</em></span> <span class='ocrx_word' id='word_1_292' title='bbox 824 5181 883 5234; x_wconf 92' lang='lat' dir='ltr'><em>et</em></span> <span class='ocrx_word' id='word_1_293' title='bbox 909 5178 1035 5236; x_wconf 91' lang='lat' dir='ltr'><em>Col.</em></span> <span class='ocrx_word' id='word_1_294' title='bbox 1071 5195 1248 5252; x_wconf 88' lang='lat' dir='ltr'><em>unus,</em></span> <span class='ocrx_word' id='word_1_295' title='bbox 1300 5179 1520 5253; x_wconf 77' lang='lat' dir='ltr'><em>frater,</em></span> <span class='ocrx_word' id='word_1_296' title='bbox 1555 5188 1615 5237; x_wconf 87' lang='lat' dir='ltr'><em>ut</em></span> <span class='ocrx_word' id='word_1_297' title='bbox 1647 5182 1936 5256; x_wconf 81' lang='lat' dir='ltr'><em>quoniam,</em></span> 
     </span>
    </p>
   </div>
   <div class='ocr_carea' id='block_1_50' title="bbox 273 5264 388 5306">
    <p class='ocr_par' dir='ltr' id='par_1_50' title="bbox 273 5264 388 5306">
     <span class='ocr_line' id='line_1_50' title="bbox 273 5264 388 5306; baseline -0.017 0"><span class='ocrx_word' id='word_1_298' title='bbox 273 5264 388 5306; x_wconf 78' lang='grc' dir='ltr'><strong>θῑϐ.</strong></span> 
     </span>
    </p>
   </div>
   <div class='ocr_carea' id='block_1_51' title="bbox 205 5321 1874 5396">
    <p class='ocr_par' dir='ltr' id='par_1_51' title="bbox 205 5321 1874 5396">
     <span class='ocr_line' id='line_1_51' title="bbox 205 5321 1874 5396; baseline 0.001 -20"><span class='ocrx_word' id='word_1_299' title='bbox 205 5328 216 5339; x_wconf 83' lang='lat'>‘</span> <span class='ocrx_word' id='word_1_300' title='bbox 345 5321 422 5396; x_wconf 73' lang='lat'><em>(8)</em></span> <span class='ocrx_word' id='word_1_301' title='bbox 453 5321 736 5396; x_wconf 61' lang='lat' dir='ltr'><em>Nonnulli</em></span> <span class='ocrx_word' id='word_1_302' title='bbox 763 5339 936 5392; x_wconf 88' lang='lat' dir='ltr'><em>mss.,</em></span> <span class='ocrx_word' id='word_1_303' title='bbox 973 5330 1219 5396; x_wconf 86' lang='lat' dir='ltr'><em>quatuor</em></span> <span class='ocrx_word' id='word_1_304' title='bbox 1246 5324 1874 5396; x_wconf 83' lang='lat' dir='ltr'><em>librissuperiorihus.</em></span> 
     </span>
    </p>
   </div>
   <div class='ocr_carea' id='block_1_52' title="bbox 345 5392 1935 5466">
    <p class='ocr_par' dir='ltr' id='par_1_52' title="bbox 345 5392 1935 5466">
     <span class='ocr_line' id='line_1_52' title="bbox 345 5392 1935 5466; baseline 0.001 -18"><span class='ocrx_word' id='word_1_305' title='bbox 345 5393 424 5463; x_wconf 78' lang='grc'>(4)</span> <span class='ocrx_word' id='word_1_306' title='bbox 453 5392 701 5466; x_wconf 83' lang='lat' dir='ltr'><em>Quidam</em></span> <span class='ocrx_word' id='word_1_307' title='bbox 729 5410 902 5466; x_wconf 91' lang='lat' dir='ltr'><em>mss.,</em></span> <span class='ocrx_word' id='word_1_308' title='bbox 919 5392 1237 5450; x_wconf 68' lang='lat' dir='ltr'><em>secundum</em></span> <span class='ocrx_word' id='word_1_309' title='bbox 1248 5412 1438 5450; x_wconf 80' lang='lat' dir='ltr'><em>meum</em></span> <span class='ocrx_word' id='word_1_310' title='bbox 1457 5392 1764 5450; x_wconf 75' lang='lat' dir='ltr'><em>consilium</em></span> <span class='ocrx_word' id='word_1_311' title='bbox 1784 5395 1935 5450; x_wconf 86' lang='lat' dir='ltr'><em>dico.</em></span> 
     </span>
    </p>
   </div>
   <div class='ocr_carea' id='block_1_53' title="bbox 347 5464 1939 5538">
    <p class='ocr_par' dir='ltr' id='par_1_53' title="bbox 347 5464 1939 5538">
     <span class='ocr_line' id='line_1_53' title="bbox 347 5464 1939 5538; baseline 0 -19"><span class='ocrx_word' id='word_1_312' title='bbox 347 5466 425 5534; x_wconf 87' lang='grc'><em>(5)</em></span> <span class='ocrx_word' id='word_1_313' title='bbox 459 5464 947 5538; x_wconf 22' lang='grc' dir='ltr'><em>Ιιαλξίιίιηοπιηεε</em></span> <span class='ocrx_word' id='word_1_314' title='bbox 983 5469 1040 5520; x_wconf 85' lang='lat' dir='ltr'><em>et</em></span> <span class='ocrx_word' id='word_1_315' title='bbox 1075 5483 1224 5522; x_wconf 90' lang='lat' dir='ltr'><em>mss.</em></span> <span class='ocrx_word' id='word_1_316' title='bbox 1264 5467 1514 5538; x_wconf 81' lang='lat' dir='ltr'><em>aliquot;</em></span> <span class='ocrx_word' id='word_1_317' title='bbox 1547 5466 1939 5538; x_wconf 15' lang='lat' dir='ltr'><em>aliorumiau-</em></span> 
     </span>
    </p>
   </div>
   <div class='ocr_carea' id='block_1_54' title="bbox 273 5535 1928 5619">
    <p class='ocr_par' dir='ltr' id='par_1_54' title="bbox 273 5535 1928 5619">
     <span class='ocr_line' id='line_1_54' title="bbox 273 5535 1928 5619; baseline -0.002 -28"><span class='ocrx_word' id='word_1_318' title='bbox 273 5539 432 5619; x_wconf 53' lang='lat' dir='ltr'><em>tem”</em></span> <span class='ocrx_word' id='word_1_319' title='bbox 451 5535 690 5608; x_wconf 89' lang='lat' dir='ltr'><em>quidam</em></span> <span class='ocrx_word' id='word_1_320' title='bbox 709 5537 942 5619; x_wconf 80' lang='lat' dir='ltr'><em>legunt,</em></span> <span class='ocrx_word' id='word_1_321' title='bbox 1005 5555 1141 5592; x_wconf 86' lang='lat' dir='ltr'><em>esse</em></span> <span class='ocrx_word' id='word_1_322' title='bbox 1156 5535 1432 5619; x_wconf 73' lang='lat' dir='ltr'><em>monstra</em></span> <span class='ocrx_word' id='word_1_323' title='bbox 1444 5538 1598 5616; x_wconf 79' lang='lat' dir='ltr'><em>verit</em></span> <span class='ocrx_word' id='word_1_324' title='bbox 1617 5561 1658 5619; x_wconf 82' lang='lat'><em>.-_</em></span> <span class='ocrx_word' id='word_1_325' title='bbox 1675 5537 1928 5617; x_wconf 69' lang='lat' dir='ltr'><em>quidam</em></span> 
     </span>
    </p>
   </div>
   <div class='ocr_carea' id='block_1_55' title="bbox 279 5606 1940 5735">
    <p class='ocr_par' dir='ltr' id='par_1_55' title="bbox 279 5606 1940 5735">
     <span class='ocr_line' id='line_1_55' title="bbox 279 5606 1940 5735; baseline 0.001 -74"><span class='ocrx_word' id='word_1_326' title='bbox 279 5606 746 5735; x_wconf 54' lang='lat' dir='ltr'><em>gentinuotpost,</em></span> <span class='ocrx_word' id='word_1_327' title='bbox 776 5606 953 5684; x_wconf 81' lang='lat' dir='ltr'><em>idque</em></span> <span class='ocrx_word' id='word_1_328' title='bbox 985 5627 1096 5664; x_wconf 84' lang='lat' dir='ltr'><em>non</em></span> <span class='ocrx_word' id='word_1_329' title='bbox 1129 5609 1258 5684; x_wconf 72' lang='lat' dir='ltr'><em>jam</em></span> <span class='ocrx_word' id='word_1_330' title='bbox 1291 5625 1369 5666; x_wconf 78' lang='lat' dir='ltr'><em>ex</em></span> <span class='ocrx_word' id='word_1_331' title='bbox 1397 5624 1502 5665; x_wconf 89' lang='lat' dir='ltr'><em>suo</em></span> <span class='ocrx_word' id='word_1_332' title='bbox 1551 5608 1795 5684; x_wconf 78' lang='lat' dir='ltr'><em>judicio,</em></span> <span class='ocrx_word' id='word_1_333' title='bbox 1831 5607 1940 5668; x_wconf 81' lang='lat' dir='ltr'><em>sed</em></span> 
     </span>
     <span class='ocr_line' id='line_1_56' title="bbox 321 5693 642 5735; baseline 0.003 -1"><span class='ocrx_word' id='word_1_334' title='bbox 321 5695 496 5735; x_wconf 83' lang='lat' dir='ltr'><em>mm.</em></span> <span class='ocrx_word' id='word_1_335' title='bbox 527 5693 560 5735; x_wconf 88' lang='lat' dir='ltr'><em>e</em></span> <span class='ocrx_word' id='word_1_336' title='bbox 587 5694 642 5735; x_wconf 90' lang='lat' dir='ltr'><em>c.</em></span> 
     </span>
    </p>
   </div>
   <div class='ocr_carea' id='block_1_56' title="bbox 321 5693 642 5754">
    <p class='ocr_par' dir='ltr' id='par_1_56' title="bbox 321 5693 642 5754">
     <span class='ocr_line' id='line_1_57' title="bbox 321 5693 642 5754; baseline 0 -20"><span class='ocrx_word' id='word_1_337' title='bbox 321 5695 496 5754; x_wconf 82' lang='lat' dir='ltr'><em>mm,</em></span> <span class='ocrx_word' id='word_1_338' title='bbox 527 5693 642 5742; x_wconf 79' lang='lat' dir='ltr'><em>etc.</em></span> 
     </span>
    </p>
   </div>
   <div class='ocr_carea' id='block_1_57' title="bbox 1949 1631 3683 1729">
    <p class='ocr_par' dir='ltr' id='par_1_57' title="bbox 1949 1631 3683 1729">
     <span class='ocr_line' id='line_1_58' title="bbox 1949 1631 3683 1729; baseline 0.006 -25"><span class='ocrx_word' id='word_1_339' title='bbox 1949 1631 2008 1692; x_wconf 84' lang='grc' dir='ltr'><strong>Α</strong></span> <span class='ocrx_word' id='word_1_340' title='bbox 2037 1649 2212 1724; x_wconf 82' lang='lat' dir='ltr'><em>idque</em></span> <span class='ocrx_word' id='word_1_341' title='bbox 2239 1667 2357 1708; x_wconf 90' lang='lat' dir='ltr'><em>non</em></span> <span class='ocrx_word' id='word_1_342' title='bbox 2388 1654 2506 1709; x_wconf 89' lang='lat' dir='ltr'><em>tam</em></span> <span class='ocrx_word' id='word_1_343' title='bbox 2535 1670 2611 1710; x_wconf 81' lang='lat' dir='ltr'><em>ex</em></span> <span class='ocrx_word' id='word_1_344' title='bbox 2639 1671 2750 1711; x_wconf 90' lang='lat' dir='ltr'><em>suo</em></span> <span class='ocrx_word' id='word_1_345' title='bbox 2775 1655 3001 1728; x_wconf 83' lang='lat' dir='ltr'><em>judicio</em></span> <span class='ocrx_word' id='word_1_346' title='bbox 3024 1672 3201 1728; x_wconf 87' lang='lat' dir='ltr'><em>quam</em></span> <span class='ocrx_word' id='word_1_347' title='bbox 3229 1657 3416 1712; x_wconf 88' lang='lat' dir='ltr'><em>divini</em></span> <span class='ocrx_word' id='word_1_348' title='bbox 3438 1657 3683 1729; x_wconf 83' lang='lat' dir='ltr'><em>Spiritus</em></span> 
     </span>
    </p>
   </div>
   <div class='ocr_carea' id='block_1_58' title="bbox 2037 1740 3688 1816">
    <p class='ocr_par' dir='ltr' id='par_1_58' title="bbox 2037 1740 3688 1816">
     <span class='ocr_line' id='line_1_59' title="bbox 2037 1740 3688 1816; baseline 0.005 -22"><span class='ocrx_word' id='word_1_349' title='bbox 2037 1740 2236 1796; x_wconf 88' lang='lat' dir='ltr'><em>docuit</em></span> <span class='ocrx_word' id='word_1_350' title='bbox 2255 1741 2554 1798; x_wconf 87' lang='lat' dir='ltr'><em>infusione</em></span> <span class='ocrx_word' id='word_1_351' title='bbox 2571 1743 2980 1815; x_wconf 88' lang='lat' dir='ltr'><em>depromptum</em></span> <span class='ocrx_word' id='word_1_352' title='bbox 3006 1762 3021 1816; x_wconf 88' lang='lat'><strong>;</strong></span> <span class='ocrx_word' id='word_1_353' title='bbox 3053 1749 3116 1800; x_wconf 91' lang='lat' dir='ltr'><em>ut</em></span> <span class='ocrx_word' id='word_1_354' title='bbox 3133 1746 3400 1803; x_wconf 71' lang='lat' dir='ltr'><em>cmlestis</em></span> <span class='ocrx_word' id='word_1_355' title='bbox 3425 1747 3556 1816; x_wconf 88' lang='lat' dir='ltr'><em>ista,</em></span> <span class='ocrx_word' id='word_1_356' title='bbox 3580 1762 3688 1802; x_wconf 89' lang='lat' dir='ltr'><em>non</em></span> 
     </span>
    </p>
   </div>
   <div class='ocr_carea' id='block_1_59' title="bbox 2039 1830 2970 1890">
    <p class='ocr_par' dir='ltr' id='par_1_59' title="bbox 2039 1830 2970 1890">
     <span class='ocr_line' id='line_1_60' title="bbox 2039 1830 2970 1890; baseline 0.006 -6"><span class='ocrx_word' id='word_1_357' title='bbox 2039 1830 2292 1885; x_wconf 88' lang='lat' dir='ltr'><em>humana</em></span> <span class='ocrx_word' id='word_1_358' title='bbox 2325 1833 2616 1887; x_wconf 84' lang='lat' dir='ltr'><em>sententia</em></span> <span class='ocrx_word' id='word_1_359' title='bbox 2647 1833 2970 1890; x_wconf 88' lang='lat' dir='ltr'><em>videretur.</em></span> 
     </span>
    </p>
   </div>
   <div class='ocr_carea' id='block_1_60' title="bbox 2109 1955 3703 2034">
    <p class='ocr_par' dir='ltr' id='par_1_60' title="bbox 2109 1955 3703 2034">
     <span class='ocr_line' id='line_1_61' title="bbox 2109 1955 3703 2034; baseline 0.004 -24"><span class='ocrx_word' id='word_1_360' title='bbox 2109 1955 2162 2010; x_wconf 85' lang='lat'><em>3.</em></span> <span class='ocrx_word' id='word_1_361' title='bbox 2196 1955 2348 2022; x_wconf 90' lang='lat' dir='ltr'><em>Quid</em></span> <span class='ocrx_word' id='word_1_362' title='bbox 2388 1973 2532 2013; x_wconf 92' lang='lat' dir='ltr'><em>vero</em></span> <span class='ocrx_word' id='word_1_363' title='bbox 2565 1959 2709 2014; x_wconf 85' lang='lat' dir='ltr'><em>illud</em></span> <span class='ocrx_word' id='word_1_364' title='bbox 2757 1961 2918 2032; x_wconf 89' lang='lat' dir='ltr'><em>quod</em></span> <span class='ocrx_word' id='word_1_365' title='bbox 2945 1962 3316 2032; x_wconf 85' lang='lat' dir='ltr'><em>temporibus</em></span> <span class='ocrx_word' id='word_1_366' title='bbox 3367 1962 3462 2032; x_wconf 93' lang='lat' dir='ltr'><em>iis,</em></span> <span class='ocrx_word' id='word_1_367' title='bbox 3494 1961 3703 2034; x_wconf 87' lang='lat' dir='ltr'><em>quibus</em></span> 
     </span>
    </p>
   </div>
   <div class='ocr_carea' id='block_1_61' title="bbox 2040 2043 3706 2122">
    <p class='ocr_par' dir='ltr' id='par_1_61' title="bbox 2040 2043 3706 2122">
     <span class='ocr_line' id='line_1_62' title="bbox 2040 2043 3706 2122; baseline 0.004 -24"><span class='ocrx_word' id='word_1_368' title='bbox 2040 2043 2231 2100; x_wconf 84' lang='lat' dir='ltr'><em>fames</em></span> <span class='ocrx_word' id='word_1_369' title='bbox 2254 2061 2427 2102; x_wconf 91' lang='lat' dir='ltr'><em>omne</em></span> <span class='ocrx_word' id='word_1_370' title='bbox 2451 2063 2645 2119; x_wconf 89' lang='lat' dir='ltr'><em>genus</em></span> <span class='ocrx_word' id='word_1_371' title='bbox 2669 2049 2922 2122; x_wconf 87' lang='lat' dir='ltr'><em>urgebat</em></span> <span class='ocrx_word' id='word_1_372' title='bbox 2941 2049 3282 2122; x_wconf 87' lang='lat' dir='ltr'><em>humanum,</em></span> <span class='ocrx_word' id='word_1_373' title='bbox 3325 2051 3486 2106; x_wconf 89' lang='lat' dir='ltr'><em>Elias</em></span> <span class='ocrx_word' id='word_1_374' title='bbox 3517 2052 3587 2106; x_wconf 91' lang='lat' dir='ltr'><em>ad</em></span> <span class='ocrx_word' id='word_1_375' title='bbox 3615 2052 3706 2105; x_wconf 87' lang='lat' dir='ltr'><em>vi-</em></span> 
     </span>
    </p>
   </div>
   <div class='ocr_carea' id='block_1_62' title="bbox 2041 2133 3703 2212">
    <p class='ocr_par' dir='ltr' id='par_1_62' title="bbox 2041 2133 3703 2212">
     <span class='ocr_line' id='line_1_63' title="bbox 2041 2133 3703 2212; baseline 0.005 -25"><span class='ocrx_word' id='word_1_376' title='bbox 2041 2133 2216 2188; x_wconf 88' lang='lat' dir='ltr'><em>duam</em></span> <span class='ocrx_word' id='word_1_377' title='bbox 2272 2135 2604 2191; x_wconf 89' lang='lat' dir='ltr'><em>destinatus</em></span> <span class='ocrx_word' id='word_1_378' title='bbox 2637 2141 2730 2192; x_wconf 89' lang='lat' dir='ltr'><em>est</em></span> <span class='ocrx_word' id='word_1_379' title='bbox 2783 2138 2894 2205; x_wconf 90' lang='lat' dir='ltr'><em>(IlI</em></span> <span class='ocrx_word' id='word_1_380' title='bbox 2927 2139 3078 2212; x_wconf 82' lang='lat' dir='ltr'><em>Reg.</em></span> <span class='ocrx_word' id='word_1_381' title='bbox 3137 2157 3286 2210; x_wconf 83' lang='lat' dir='ltr'><em>xvu,</em></span> <span class='ocrx_word' id='word_1_382' title='bbox 3319 2139 3426 2211; x_wconf 85' lang='lat'><em>9)?</em></span> <span class='ocrx_word' id='word_1_383' title='bbox 3483 2141 3552 2195; x_wconf 88' lang='lat' dir='ltr'><em>Et</em></span> <span class='ocrx_word' id='word_1_384' title='bbox 3583 2140 3703 2196; x_wconf 86' lang='lat' dir='ltr'><em>vide</em></span> 
     </span>
    </p>
   </div>
   <div class='ocr_carea' id='block_1_63' title="bbox 2041 2223 3703 2301">
    <p class='ocr_par' dir='ltr' id='par_1_63' title="bbox 2041 2223 3703 2301">
     <span class='ocr_line' id='line_1_64' title="bbox 2041 2223 3703 2301; baseline 0.006 -26"><span class='ocrx_word' id='word_1_385' title='bbox 2041 2223 2537 2293; x_wconf 87' lang='lat' dir='ltr'><em>quemadmodum</em></span> <span class='ocrx_word' id='word_1_386' title='bbox 2583 2228 2824 2298; x_wconf 86' lang='lat' dir='ltr'><em>propria</em></span> <span class='ocrx_word' id='word_1_387' title='bbox 2873 2228 3132 2301; x_wconf 80' lang='lat' dir='ltr'><em>singulis</em></span> <span class='ocrx_word' id='word_1_388' title='bbox 3182 2229 3376 2301; x_wconf 87' lang='lat' dir='ltr'><em>gratia</em></span> <span class='ocrx_word' id='word_1_389' title='bbox 3437 2245 3703 2286; x_wconf 89' lang='lat' dir='ltr'><em>reserve-</em></span> 
     </span>
    </p>
   </div>
   <div class='ocr_carea' id='block_1_64' title="bbox 2044 2311 3704 2389">
    <p class='ocr_par' dir='ltr' id='par_1_64' title="bbox 2044 2311 3704 2389">
     <span class='ocr_line' id='line_1_65' title="bbox 2044 2311 3704 2389; baseline 0.004 -25"><span class='ocrx_word' id='word_1_390' title='bbox 2044 2312 2140 2364; x_wconf 89' lang='lat' dir='ltr'><em>tur</em></span> <span class='ocrx_word' id='word_1_391' title='bbox 2196 2311 2308 2382; x_wconf 91' lang='lat'><em>(6):</em></span> <span class='ocrx_word' id='word_1_392' title='bbox 2369 2315 2622 2385; x_wconf 85' lang='lat' dir='ltr'><em>angelus</em></span> <span class='ocrx_word' id='word_1_393' title='bbox 2679 2315 2753 2370; x_wconf 89' lang='lat' dir='ltr'><em>ad</em></span> <span class='ocrx_word' id='word_1_394' title='bbox 2786 2315 3092 2389; x_wconf 84' lang='lat' dir='ltr'><em>Virginem</em></span> <span class='ocrx_word' id='word_1_395' title='bbox 3150 2318 3391 2387; x_wconf 74' lang='lat' dir='ltr'><em>(Lue.1,</em></span> <span class='ocrx_word' id='word_1_396' title='bbox 3450 2318 3537 2386; x_wconf 77' lang='grc' dir='ltr'><em>2Ἶ,</em></span> <span class='ocrx_word' id='word_1_397' title='bbox 3594 2318 3704 2387; x_wconf 76' lang='lat'><em>28).</em></span> 
     </span>
    </p>
   </div>
   <div class='ocr_carea' id='block_1_65' title="bbox 2041 2401 3707 2477">
    <p class='ocr_par' dir='ltr' id='par_1_65' title="bbox 2041 2401 3707 2477">
     <span class='ocr_line' id='line_1_66' title="bbox 2041 2401 3707 2477; baseline 0.003 -23"><span class='ocrx_word' id='word_1_398' title='bbox 2041 2401 2328 2471; x_wconf 88' lang='lat' dir='ltr'><em>propheta</em></span> <span class='ocrx_word' id='word_1_399' title='bbox 2358 2402 2432 2458; x_wconf 87' lang='lat' dir='ltr'><em>ad</em></span> <span class='ocrx_word' id='word_1_400' title='bbox 2459 2403 2718 2458; x_wconf 87' lang='lat' dir='ltr'><em>viduam.</em></span> <span class='ocrx_word' id='word_1_401' title='bbox 2771 2405 2938 2460; x_wconf 84' lang='lat' dir='ltr'><em>Adde</em></span> <span class='ocrx_word' id='word_1_402' title='bbox 2967 2406 3126 2477; x_wconf 87' lang='lat' dir='ltr'><em>quod</em></span> <span class='ocrx_word' id='word_1_403' title='bbox 3156 2405 3397 2462; x_wconf 87' lang='lat' dir='ltr'><em>Gabriel</em></span> <span class='ocrx_word' id='word_1_404' title='bbox 3451 2407 3588 2476; x_wconf 74' lang='lat' dir='ltr'><em>illic,</em></span> <span class='ocrx_word' id='word_1_405' title='bbox 3619 2407 3707 2461; x_wconf 87' lang='lat' dir='ltr'><em>hic</em></span> 
     </span>
    </p>
   </div>
   <div class='ocr_carea' id='block_1_66' title="bbox 2043 2487 3707 2566">
    <p class='ocr_par' dir='ltr' id='par_1_66' title="bbox 2043 2487 3707 2566">
     <span class='ocr_line' id='line_1_67' title="bbox 2043 2487 3707 2566; baseline 0.004 -24"><span class='ocrx_word' id='word_1_406' title='bbox 2043 2487 2247 2559; x_wconf 85' lang='lat' dir='ltr'><em>Elias;</em></span> <span class='ocrx_word' id='word_1_407' title='bbox 2281 2493 2344 2545; x_wconf 91' lang='lat' dir='ltr'><em>ut</em></span> <span class='ocrx_word' id='word_1_408' title='bbox 2372 2506 2447 2546; x_wconf 79' lang='lat' dir='ltr'><em>ex</em></span> <span class='ocrx_word' id='word_1_409' title='bbox 2495 2493 2846 2564; x_wconf 86' lang='lat' dir='ltr'><em>angelorum</em></span> <span class='ocrx_word' id='word_1_410' title='bbox 2894 2498 2952 2550; x_wconf 92' lang='lat' dir='ltr'><em>et</em></span> <span class='ocrx_word' id='word_1_411' title='bbox 2999 2495 3424 2566; x_wconf 87' lang='lat' dir='ltr'><em>prophetarum</em></span> <span class='ocrx_word' id='word_1_412' title='bbox 3476 2509 3707 2550; x_wconf 88' lang='lat' dir='ltr'><em>numero</em></span> 
     </span>
    </p>
   </div>
   <div class='ocr_carea' id='block_1_67' title="bbox 2041 2581 3709 2654">
    <p class='ocr_par' dir='ltr' id='par_1_67' title="bbox 2041 2581 3709 2654">
     <span class='ocr_line' id='line_1_68' title="bbox 2041 2581 3709 2654; baseline 0.004 -22"><span class='ocrx_word' id='word_1_413' title='bbox 2041 2581 2538 2648; x_wconf 68' lang='lat' dir='ltr'><em>prmstantissime</em></span> <span class='ocrx_word' id='word_1_414' title='bbox 2560 2582 2866 2654; x_wconf 89' lang='lat' dir='ltr'><em>principes</em></span> <span class='ocrx_word' id='word_1_415' title='bbox 2887 2583 3204 2639; x_wconf 90' lang='lat' dir='ltr'><em>videantur</em></span> <span class='ocrx_word' id='word_1_416' title='bbox 3239 2584 3436 2640; x_wconf 89' lang='lat' dir='ltr'><em>electi.</em></span> <span class='ocrx_word' id='word_1_417' title='bbox 3460 2583 3574 2640; x_wconf 89' lang='lat' dir='ltr'><em>Sed</em></span> <span class='ocrx_word' id='word_1_418' title='bbox 3601 2599 3709 2638; x_wconf 90' lang='lat' dir='ltr'><em>non</em></span> 
     </span>
    </p>
   </div>
   <div class='ocr_carea' id='block_1_68' title="bbox 2045 2667 3709 2744">
    <p class='ocr_par' dir='ltr' id='par_1_68' title="bbox 2045 2667 3709 2744">
     <span class='ocr_line' id='line_1_69' title="bbox 2045 2667 3709 2744; baseline 0.004 -23"><span class='ocrx_word' id='word_1_419' title='bbox 2045 2667 2300 2739; x_wconf 87' lang='lat' dir='ltr'><em>simplex</em></span> <span class='ocrx_word' id='word_1_420' title='bbox 2320 2671 2622 2726; x_wconf 88' lang='lat' dir='ltr'><em>viduitatis</em></span> <span class='ocrx_word' id='word_1_421' title='bbox 2643 2671 2775 2727; x_wconf 86' lang='lat' dir='ltr'><em>laus</em></span> <span class='ocrx_word' id='word_1_422' title='bbox 2800 2676 2912 2744; x_wconf 79' lang='lat' dir='ltr'><em>est,</em></span> <span class='ocrx_word' id='word_1_423' title='bbox 2945 2673 3066 2728; x_wconf 89' lang='lat' dir='ltr'><em>nisi</em></span> <span class='ocrx_word' id='word_1_424' title='bbox 3094 2673 3288 2728; x_wconf 89' lang='lat' dir='ltr'><em>virtus</em></span> <span class='ocrx_word' id='word_1_425' title='bbox 3322 2674 3497 2728; x_wconf 87' lang='lat' dir='ltr'><em>etiam</em></span> <span class='ocrx_word' id='word_1_426' title='bbox 3526 2673 3709 2727; x_wconf 87' lang='lat' dir='ltr'><em>vidui-</em></span> 
     </span>
    </p>
   </div>
   <div class='ocr_carea' id='block_1_69' title="bbox 2044 2757 3712 2832">
    <p class='ocr_par' dir='ltr' id='par_1_69' title="bbox 2044 2757 3712 2832">
     <span class='ocr_line' id='line_1_70' title="bbox 2044 2757 3712 2832; baseline 0.004 -23"><span class='ocrx_word' id='word_1_427' title='bbox 2044 2757 2182 2811; x_wconf 87' lang='lat' dir='ltr'><em>tatis</em></span> <span class='ocrx_word' id='word_1_428' title='bbox 2211 2759 2472 2814; x_wconf 87' lang='lat' dir='ltr'><em>accedat.</em></span> <span class='ocrx_word' id='word_1_429' title='bbox 2527 2761 2678 2814; x_wconf 87' lang='lat' dir='ltr'><em>Nam</em></span> <span class='ocrx_word' id='word_1_430' title='bbox 2723 2761 2925 2832; x_wconf 89' lang='lat' dir='ltr'><em>utique</em></span> <span class='ocrx_word' id='word_1_431' title='bbox 2957 2761 3156 2816; x_wconf 85' lang='lat' dir='ltr'><em>multae</em></span> <span class='ocrx_word' id='word_1_432' title='bbox 3199 2761 3400 2818; x_wconf 82' lang='lat' dir='ltr'><em>viduae</em></span> <span class='ocrx_word' id='word_1_433' title='bbox 3429 2764 3580 2830; x_wconf 87' lang='lat' dir='ltr'><em>ante,</em></span> <span class='ocrx_word' id='word_1_434' title='bbox 3612 2761 3712 2816; x_wconf 88' lang='lat' dir='ltr'><em>sed</em></span> 
     </span>
    </p>
   </div>
   <div class='ocr_carea' id='block_1_70' title="bbox 2048 2848 3707 2922">
    <p class='ocr_par' dir='ltr' id='par_1_70' title="bbox 2048 2848 3707 2922">
     <span class='ocr_line' id='line_1_71' title="bbox 2048 2848 3707 2922; baseline 0.002 -22"><span class='ocrx_word' id='word_1_435' title='bbox 2048 2861 2162 2900; x_wconf 90' lang='lat' dir='ltr'><em>una</em></span> <span class='ocrx_word' id='word_1_436' title='bbox 2193 2848 2467 2904; x_wconf 89' lang='lat' dir='ltr'><em>omnibus</em></span> <span class='ocrx_word' id='word_1_437' title='bbox 2515 2849 2878 2905; x_wconf 84' lang='lat' dir='ltr'><em>antefertur:</em></span> <span class='ocrx_word' id='word_1_438' title='bbox 2931 2852 2992 2905; x_wconf 91' lang='lat' dir='ltr'><em>in</em></span> <span class='ocrx_word' id='word_1_439' title='bbox 3023 2867 3140 2922; x_wconf 91' lang='lat' dir='ltr'><em>quo</em></span> <span class='ocrx_word' id='word_1_440' title='bbox 3187 2867 3308 2906; x_wconf 88' lang='lat' dir='ltr'><em>non</em></span> <span class='ocrx_word' id='word_1_441' title='bbox 3339 2855 3456 2906; x_wconf 88' lang='lat' dir='ltr'><em>tam</em></span> <span class='ocrx_word' id='word_1_442' title='bbox 3487 2854 3707 2906; x_wconf 59' lang='lat' dir='ltr'><em>caetera:</em></span> 
     </span>
    </p>
   </div>
   <div class='ocr_carea' id='block_1_71' title="bbox 2049 2937 3714 3012">
    <p class='ocr_par' dir='ltr' id='par_1_71' title="bbox 2049 2937 3714 3012">
     <span class='ocr_line' id='line_1_72' title="bbox 2049 2937 3714 3012; baseline 0.003 -24"><span class='ocrx_word' id='word_1_443' title='bbox 2049 2939 2406 2992; x_wconf 88' lang='lat' dir='ltr'><em>revocantur</em></span> <span class='ocrx_word' id='word_1_444' title='bbox 2434 2937 2508 2992; x_wconf 88' lang='lat' dir='ltr'><em>ab</em></span> <span class='ocrx_word' id='word_1_445' title='bbox 2553 2939 2769 3008; x_wconf 89' lang='lat' dir='ltr'><em>studio,</em></span> <span class='ocrx_word' id='word_1_446' title='bbox 2823 2955 2998 3010; x_wconf 86' lang='lat' dir='ltr'><em>quam</em></span> <span class='ocrx_word' id='word_1_447' title='bbox 3053 2939 3290 2995; x_wconf 90' lang='lat' dir='ltr'><em>virtutis</em></span> <span class='ocrx_word' id='word_1_448' title='bbox 3321 2941 3714 3012; x_wconf 86' lang='lat' dir='ltr'><em>provocantur</em></span> 
     </span>
    </p>
   </div>
   <div class='ocr_carea' id='block_1_72' title="bbox 2053 3027 2342 3096">
    <p class='ocr_par' dir='ltr' id='par_1_72' title="bbox 2053 3027 2342 3096">
     <span class='ocr_line' id='line_1_73' title="bbox 2053 3027 2342 3096; baseline 0.007 -18"><span class='ocrx_word' id='word_1_449' title='bbox 2053 3027 2342 3096; x_wconf 79' lang='lat' dir='ltr'><em>exemplo.</em></span> 
     </span>
    </p>
   </div>
   <div class='ocr_carea' id='block_1_73' title="bbox 2121 3141 3716 3218">
    <p class='ocr_par' dir='ltr' id='par_1_73' title="bbox 2121 3141 3716 3218">
     <span class='ocr_line' id='line_1_74' title="bbox 2121 3141 3716 3218; baseline 0.003 -23"><span class='ocrx_word' id='word_1_450' title='bbox 2121 3141 2176 3196; x_wconf 75' lang='grc'><em>4.</em></span> <span class='ocrx_word' id='word_1_451' title='bbox 2201 3142 2497 3198; x_wconf 86' lang='lat' dir='ltr'><em>Sollicitas</em></span> <span class='ocrx_word' id='word_1_452' title='bbox 2519 3143 2701 3216; x_wconf 84' lang='lat' dir='ltr'><em>igitur</em></span> <span class='ocrx_word' id='word_1_453' title='bbox 2720 3160 2896 3201; x_wconf 87' lang='lat' dir='ltr'><em>aures</em></span> <span class='ocrx_word' id='word_1_454' title='bbox 2919 3145 3187 3216; x_wconf 61' lang='lat' dir='ltr'><em>praefatio</em></span> <span class='ocrx_word' id='word_1_455' title='bbox 3229 3145 3376 3200; x_wconf 88' lang='lat' dir='ltr'><em>facit</em></span> <span class='ocrx_word' id='word_1_456' title='bbox 3397 3147 3494 3216; x_wconf 83' lang='lat'><em>(&#39;7),</em></span> <span class='ocrx_word' id='word_1_457' title='bbox 3525 3159 3716 3218; x_wconf 88' lang='lat' dir='ltr'><em>quam-</em></span> 
     </span>
    </p>
   </div>
   <div class='ocr_carea' id='block_1_74' title="bbox 2051 3231 3715 3306">
    <p class='ocr_par' dir='ltr' id='par_1_74' title="bbox 2051 3231 3715 3306">
     <span class='ocr_line' id='line_1_75' title="bbox 2051 3231 3715 3306; baseline 0.003 -23"><span class='ocrx_word' id='word_1_458' title='bbox 2051 3231 2145 3285; x_wconf 91' lang='lat' dir='ltr'><em>vis</em></span> <span class='ocrx_word' id='word_1_459' title='bbox 2173 3232 2522 3303; x_wconf 87' lang='lat' dir='ltr'><em>simplicitas</em></span> <span class='ocrx_word' id='word_1_460' title='bbox 2567 3234 2903 3290; x_wconf 88' lang='lat' dir='ltr'><em>intellectus</em></span> <span class='ocrx_word' id='word_1_461' title='bbox 2934 3235 3064 3306; x_wconf 90' lang='lat' dir='ltr'><em>ipsa</em></span> <span class='ocrx_word' id='word_1_462' title='bbox 3095 3235 3344 3290; x_wconf 87' lang='lat' dir='ltr'><em>moralis</em></span> <span class='ocrx_word' id='word_1_463' title='bbox 3367 3235 3466 3304; x_wconf 82' lang='lat' dir='ltr'><em>sit,</em></span> <span class='ocrx_word' id='word_1_464' title='bbox 3492 3250 3620 3306; x_wconf 66' lang='lat' dir='ltr'><em>quas</em></span> <span class='ocrx_word' id='word_1_465' title='bbox 3649 3233 3715 3288; x_wconf 91' lang='lat' dir='ltr'><em>ad</em></span> 
     </span>
    </p>
   </div>
   <div class='ocr_carea' id='block_1_75' title="bbox 2051 3319 3716 3396">
    <p class='ocr_par' dir='ltr' id='par_1_75' title="bbox 2051 3319 3716 3396">
     <span class='ocr_line' id='line_1_76' title="bbox 2051 3319 3716 3396; baseline 0.002 -23"><span class='ocrx_word' id='word_1_466' title='bbox 2051 3319 2290 3375; x_wconf 89' lang='lat' dir='ltr'><em>virtutis</em></span> <span class='ocrx_word' id='word_1_467' title='bbox 2333 3322 2666 3392; x_wconf 80' lang='lat' dir='ltr'><em>exemplum</em></span> <span class='ocrx_word' id='word_1_468' title='bbox 2713 3325 2924 3378; x_wconf 89' lang='lat' dir='ltr'><em>viduas</em></span> <span class='ocrx_word' id='word_1_469' title='bbox 2985 3324 3370 3380; x_wconf 86' lang='lat' dir='ltr'><em>cohortetur:</em></span> <span class='ocrx_word' id='word_1_470' title='bbox 3423 3324 3558 3396; x_wconf 89' lang='lat' dir='ltr'><em>quia</em></span> <span class='ocrx_word' id='word_1_471' title='bbox 3605 3337 3716 3378; x_wconf 89' lang='lat' dir='ltr'><em>non</em></span> 
     </span>
    </p>
   </div>
   <div class='ocr_carea' id='block_1_76' title="bbox 2053 3409 3716 3485">
    <p class='ocr_par' dir='ltr' id='par_1_76' title="bbox 2053 3409 3716 3485">
     <span class='ocr_line' id='line_1_77' title="bbox 2053 3409 3716 3485; baseline 0.002 -22"><span class='ocrx_word' id='word_1_472' title='bbox 2053 3409 2450 3481; x_wconf 81' lang='lat' dir='ltr'><em>professione,</em></span> <span class='ocrx_word' id='word_1_473' title='bbox 2485 3411 2591 3466; x_wconf 84' lang='lat' dir='ltr'><em>sed</em></span> <span class='ocrx_word' id='word_1_474' title='bbox 2623 3413 2832 3469; x_wconf 89' lang='lat' dir='ltr'><em>merito</em></span> <span class='ocrx_word' id='word_1_475' title='bbox 2881 3414 3116 3469; x_wconf 87' lang='lat' dir='ltr'><em>videtur</em></span> <span class='ocrx_word' id='word_1_476' title='bbox 3163 3429 3539 3485; x_wconf 64' lang='lat' dir='ltr'><em>unaquaeque</em></span> <span class='ocrx_word' id='word_1_477' title='bbox 3569 3428 3716 3484; x_wconf 72' lang='lat' dir='ltr'><em>pree-</em></span> 
     </span>
    </p>
   </div>
   <div class='ocr_carea' id='block_1_77' title="bbox 2053 3501 3709 3574">
    <p class='ocr_par' dir='ltr' id='par_1_77' title="bbox 2053 3501 3709 3574">
     <span class='ocr_line' id='line_1_78' title="bbox 2053 3501 3709 3574; baseline 0.001 -20"><span class='ocrx_word' id='word_1_478' title='bbox 2053 3502 2232 3568; x_wconf 80' lang='lat' dir='ltr'><em>stare,</em></span> <span class='ocrx_word' id='word_1_479' title='bbox 2257 3503 2312 3554; x_wconf 93' lang='lat' dir='ltr'><em>et</em></span> <span class='ocrx_word' id='word_1_480' title='bbox 2335 3501 2750 3572; x_wconf 88' lang='lat' dir='ltr'><em>hospitalitatis</em></span> <span class='ocrx_word' id='word_1_481' title='bbox 2772 3503 2926 3573; x_wconf 87' lang='lat' dir='ltr'><em>apud</em></span> <span class='ocrx_word' id='word_1_482' title='bbox 2944 3503 3130 3558; x_wconf 90' lang='lat' dir='ltr'><em>Deum</em></span> <span class='ocrx_word' id='word_1_483' title='bbox 3149 3503 3405 3574; x_wconf 85' lang='lat' dir='ltr'><em>gratiam</em></span> <span class='ocrx_word' id='word_1_484' title='bbox 3439 3519 3556 3558; x_wconf 88' lang='lat' dir='ltr'><em>non</em></span> <span class='ocrx_word' id='word_1_485' title='bbox 3584 3517 3709 3572; x_wconf 90' lang='lat' dir='ltr'><em>per-</em></span> 
     </span>
    </p>
   </div>
   <div class='ocr_carea' id='block_1_78' title="bbox 2054 3588 3715 3664">
    <p class='ocr_par' dir='ltr' id='par_1_78' title="bbox 2054 3588 3715 3664">
     <span class='ocr_line' id='line_1_79' title="bbox 2054 3588 3715 3664; baseline 0.001 -22"><span class='ocrx_word' id='word_1_486' title='bbox 2054 3588 2158 3658; x_wconf 88' lang='lat' dir='ltr'><em>ire,</em></span> <span class='ocrx_word' id='word_1_487' title='bbox 2211 3589 2313 3660; x_wconf 88' lang='lat' dir='ltr'><em>qui</em></span> <span class='ocrx_word' id='word_1_488' title='bbox 2358 3594 2558 3661; x_wconf 90' lang='lat' dir='ltr'><em>potum</em></span> <span class='ocrx_word' id='word_1_489' title='bbox 2591 3607 2760 3662; x_wconf 77' lang='lat' dir='ltr'><em>aquae</em></span> <span class='ocrx_word' id='word_1_490' title='bbox 2809 3591 3065 3664; x_wconf 67' lang='lat' dir='ltr'><em>frigidae,</em></span> <span class='ocrx_word' id='word_1_491' title='bbox 3099 3591 3255 3646; x_wconf 89' lang='lat' dir='ltr'><em>sicut</em></span> <span class='ocrx_word' id='word_1_492' title='bbox 3301 3591 3365 3646; x_wconf 87' lang='lat' dir='ltr'><em>in</em></span> <span class='ocrx_word' id='word_1_493' title='bbox 3399 3591 3715 3663; x_wconf 85' lang='lat' dir='ltr'><em>Evangelia</em></span> 
     </span>
    </p>
   </div>
   <div class='ocr_carea' id='block_1_79' title="bbox 2053 3677 3714 3751">
    <p class='ocr_par' dir='ltr' id='par_1_79' title="bbox 2053 3677 3714 3751">
     <span class='ocr_line' id='line_1_80' title="bbox 2053 3677 3714 3751; baseline 0.001 -20"><span class='ocrx_word' id='word_1_494' title='bbox 2053 3677 2182 3747; x_wconf 89' lang='lat' dir='ltr'><em>ipse</em></span> <span class='ocrx_word' id='word_1_495' title='bbox 2224 3679 2568 3733; x_wconf 87' lang='lat' dir='ltr'><em>memoravit</em></span> <span class='ocrx_word' id='word_1_496' title='bbox 2609 3679 2928 3750; x_wconf 64' lang='lat' dir='ltr'><em>(.t!atth.x,</em></span> <span class='ocrx_word' id='word_1_497' title='bbox 2952 3681 3066 3748; x_wconf 74' lang='lat'><em>42),</em></span> <span class='ocrx_word' id='word_1_498' title='bbox 3101 3681 3348 3751; x_wconf 70' lang='lat' dir='ltr'><em>praemio</em></span> <span class='ocrx_word' id='word_1_499' title='bbox 3381 3679 3714 3736; x_wconf 65' lang='lat' dir='ltr'><em>aeternitatis</em></span> 
     </span>
    </p>
   </div>
   <div class='ocr_carea' id='block_1_80' title="bbox 2053 3767 3719 3840">
    <p class='ocr_par' dir='ltr' id='par_1_80' title="bbox 2053 3767 3719 3840">
     <span class='ocr_line' id='line_1_81' title="bbox 2053 3767 3719 3840; baseline 0.002 -21"><span class='ocrx_word' id='word_1_500' title='bbox 2053 3771 2462 3823; x_wconf 86' lang='lat' dir='ltr'><em>remuneretur</em></span> <span class='ocrx_word' id='word_1_501' title='bbox 2481 3767 2854 3838; x_wconf 85' lang='lat' dir='ltr'><em>amplissimo</em></span> <span class='ocrx_word' id='word_1_502' title='bbox 2879 3785 2892 3824; x_wconf 93' lang='lat'><em>:</em></span> <span class='ocrx_word' id='word_1_503' title='bbox 2927 3772 2983 3822; x_wconf 90' lang='lat' dir='ltr'><em>et</em></span> <span class='ocrx_word' id='word_1_504' title='bbox 3007 3769 3212 3824; x_wconf 67' lang='lat' dir='ltr'><em>farinae</em></span> <span class='ocrx_word' id='word_1_505' title='bbox 3240 3769 3471 3839; x_wconf 87' lang='lat' dir='ltr'><em>brevis,</em></span> <span class='ocrx_word' id='word_1_506' title='bbox 3496 3770 3719 3840; x_wconf 89' lang='lat' dir='ltr'><em>oleique</em></span> 
     </span>
    </p>
   </div>
   <div class='ocr_carea' id='block_1_81' title="bbox 2052 3857 3719 3929">
    <p class='ocr_par' dir='ltr' id='par_1_81' title="bbox 2052 3857 3719 3929">
     <span class='ocr_line' id='line_1_82' title="bbox 2052 3857 3719 3929; baseline 0.002 -21"><span class='ocrx_word' id='word_1_507' title='bbox 2052 3871 2392 3912; x_wconf 82' lang='lat' dir='ltr'><em>mensuram</em></span> <span class='ocrx_word' id='word_1_508' title='bbox 2412 3857 2773 3912; x_wconf 78' lang='lat' dir='ltr'><em>indeiicienti</em></span> <span class='ocrx_word' id='word_1_509' title='bbox 2809 3857 3181 3912; x_wconf 83' lang='lat' dir='ltr'><em>afﬂuentium</em></span> <span class='ocrx_word' id='word_1_510' title='bbox 3213 3859 3517 3929; x_wconf 88' lang='lat' dir='ltr'><em>copiarum</em></span> <span class='ocrx_word' id='word_1_511' title='bbox 3547 3859 3719 3912; x_wconf 89' lang='lat' dir='ltr'><em>uber-</em></span> 
     </span>
    </p>
   </div>
   <div class='ocr_carea' id='block_1_82' title="bbox 2050 3946 3719 4020">
    <p class='ocr_par' dir='ltr' id='par_1_82' title="bbox 2050 3946 3719 4020">
     <span class='ocr_line' id='line_1_83' title="bbox 2050 3946 3719 4020; baseline 0.001 -22"><span class='ocrx_word' id='word_1_512' title='bbox 2050 3947 2168 4000; x_wconf 89' lang='lat' dir='ltr'><em>tate</em></span> <span class='ocrx_word' id='word_1_513' title='bbox 2205 3950 2547 4016; x_wconf 88' lang='lat' dir='ltr'><em>compenset</em></span> <span class='ocrx_word' id='word_1_514' title='bbox 2577 3946 2688 4016; x_wconf 87' lang='lat' dir='ltr'><em>(IlI</em></span> <span class='ocrx_word' id='word_1_515' title='bbox 2715 3947 2865 4020; x_wconf 76' lang='lat' dir='ltr'><em>Reg.</em></span> <span class='ocrx_word' id='word_1_516' title='bbox 2909 3963 3052 4017; x_wconf 85' lang='lat' dir='ltr'><em>xvn,</em></span> <span class='ocrx_word' id='word_1_517' title='bbox 3078 3946 3188 4016; x_wconf 85' lang='grc'><em>16).</em></span> <span class='ocrx_word' id='word_1_518' title='bbox 3221 3947 3374 4002; x_wconf 85' lang='lat' dir='ltr'><em>Nam</em></span> <span class='ocrx_word' id='word_1_519' title='bbox 3407 3948 3461 4002; x_wconf 88' lang='lat' dir='ltr'><em>si</em></span> <span class='ocrx_word' id='word_1_520' title='bbox 3489 3948 3622 4020; x_wconf 86' lang='lat' dir='ltr'><em>quis</em></span> <span class='ocrx_word' id='word_1_521' title='bbox 3653 3946 3719 4000; x_wconf 89' lang='lat' dir='ltr'><em>de</em></span> 
     </span>
    </p>
   </div>
   <div class='ocr_carea' id='block_1_83' title="bbox 2052 4035 3718 4106">
    <p class='ocr_par' dir='ltr' id='par_1_83' title="bbox 2052 4035 3718 4106">
     <span class='ocr_line' id='line_1_84' title="bbox 2052 4035 3718 4106; baseline 0 -18"><span class='ocrx_word' id='word_1_522' title='bbox 2052 4035 2376 4106; x_wconf 87' lang='lat' dir='ltr'><em>gentilibus</em></span> <span class='ocrx_word' id='word_1_523' title='bbox 2427 4035 2573 4091; x_wconf 82' lang='lat' dir='ltr'><em>dixit</em></span> <span class='ocrx_word' id='word_1_524' title='bbox 2620 4035 2954 4091; x_wconf 88' lang='lat' dir='ltr'><em>communia</em></span> <span class='ocrx_word' id='word_1_525' title='bbox 2995 4036 3191 4091; x_wconf 88' lang='lat' dir='ltr'><em>omnia</em></span> <span class='ocrx_word' id='word_1_526' title='bbox 3223 4037 3556 4092; x_wconf 86' lang='lat' dir='ltr'><em>amicorum</em></span> <span class='ocrx_word' id='word_1_527' title='bbox 3587 4049 3718 4090; x_wconf 89' lang='lat' dir='ltr'><em>esse</em></span> 
     </span>
    </p>
   </div>
   <div class='ocr_carea' id='block_1_84' title="bbox 2053 4123 3720 4197">
    <p class='ocr_par' dir='ltr' id='par_1_84' title="bbox 2053 4123 3720 4197">
     <span class='ocr_line' id='line_1_85' title="bbox 2053 4123 3720 4197; baseline -0.001 -20"><span class='ocrx_word' id='word_1_528' title='bbox 2053 4124 2269 4178; x_wconf 89' lang='lat' dir='ltr'><em>debere</em></span> <span class='ocrx_word' id='word_1_529' title='bbox 2298 4126 2376 4195; x_wconf 82' lang='lat'><em>(&#39;8)</em></span> <span class='ocrx_word' id='word_1_530' title='bbox 2403 4141 2416 4192; x_wconf 83' lang='lat'>;</span> <span class='ocrx_word' id='word_1_531' title='bbox 2467 4129 2684 4196; x_wconf 88' lang='lat' dir='ltr'><em>quanto</em></span> <span class='ocrx_word' id='word_1_532' title='bbox 2716 4125 2908 4197; x_wconf 85' lang='lat' dir='ltr'><em>magis</em></span> <span class='ocrx_word' id='word_1_533' title='bbox 2966 4125 3182 4180; x_wconf 86' lang='lat' dir='ltr'><em>debent</em></span> <span class='ocrx_word' id='word_1_534' title='bbox 3212 4140 3354 4180; x_wconf 88' lang='lat' dir='ltr'><em>esse</em></span> <span class='ocrx_word' id='word_1_535' title='bbox 3390 4123 3720 4180; x_wconf 86' lang='lat' dir='ltr'><em>communia</em></span> 
     </span>
    </p>
   </div>
   <div class='ocr_carea' id='block_1_85' title="bbox 2055 4213 3713 4288">
    <p class='ocr_par' dir='ltr' id='par_1_85' title="bbox 2055 4213 3713 4288">
     <span class='ocr_line' id='line_1_86' title="bbox 2055 4213 3713 4288; baseline -0.001 -21"><span class='ocrx_word' id='word_1_536' title='bbox 2055 4213 2478 4286; x_wconf 87' lang='lat' dir='ltr'><em>cognatorum!</em></span> <span class='ocrx_word' id='word_1_537' title='bbox 2529 4215 2776 4288; x_wconf 70' lang='lat' dir='ltr'><em>Cognati</em></span> <span class='ocrx_word' id='word_1_538' title='bbox 2823 4214 2979 4269; x_wconf 90' lang='lat' dir='ltr'><em>enim</em></span> <span class='ocrx_word' id='word_1_539' title='bbox 3027 4229 3258 4285; x_wconf 90' lang='lat' dir='ltr'><em>sumus,</em></span> <span class='ocrx_word' id='word_1_540' title='bbox 3292 4215 3396 4286; x_wconf 88' lang='lat' dir='ltr'><em>qui</em></span> <span class='ocrx_word' id='word_1_541' title='bbox 3429 4215 3490 4269; x_wconf 90' lang='lat' dir='ltr'><em>in</em></span> <span class='ocrx_word' id='word_1_542' title='bbox 3542 4229 3713 4269; x_wconf 90' lang='lat' dir='ltr'><em>unam</em></span> 
     </span>
    </p>
   </div>
   <div class='ocr_carea' id='block_1_86' title="bbox 2055 4303 2971 4375">
    <p class='ocr_par' dir='ltr' id='par_1_86' title="bbox 2055 4303 2971 4375">
     <span class='ocr_line' id='line_1_87' title="bbox 2055 4303 2971 4375; baseline -0.001 -17"><span class='ocrx_word' id='word_1_543' title='bbox 2055 4303 2273 4358; x_wconf 89' lang='lat' dir='ltr'><em>seriem</em></span> <span class='ocrx_word' id='word_1_544' title='bbox 2303 4303 2572 4375; x_wconf 86' lang='lat' dir='ltr'><em>corporis</em></span> <span class='ocrx_word' id='word_1_545' title='bbox 2605 4303 2971 4375; x_wconf 84' lang='lat' dir='ltr'><em>cepulamur.</em></span> 
     </span>
    </p>
   </div>
   <div class='ocr_carea' id='block_1_87' title="bbox 2125 4426 3717 4500">
    <p class='ocr_par' dir='ltr' id='par_1_87' title="bbox 2125 4426 3717 4500">
     <span class='ocr_line' id='line_1_88' title="bbox 2125 4426 3717 4500; baseline -0.002 -18"><span class='ocrx_word' id='word_1_546' title='bbox 2125 4428 2178 4482; x_wconf 85' lang='lat'><em>5.</em></span> <span class='ocrx_word' id='word_1_547' title='bbox 2199 4427 2316 4483; x_wconf 88' lang='lat' dir='ltr'><em>Sed</em></span> <span class='ocrx_word' id='word_1_548' title='bbox 2351 4431 2544 4483; x_wconf 90' lang='lat' dir='ltr'><em>tamen</em></span> <span class='ocrx_word' id='word_1_549' title='bbox 2577 4444 2697 4483; x_wconf 89' lang='lat' dir='ltr'><em>non</em></span> <span class='ocrx_word' id='word_1_550' title='bbox 2727 4427 3076 4499; x_wconf 65' lang='lat' dir='ltr'><em>praescripto</em></span> <span class='ocrx_word' id='word_1_551' title='bbox 3107 4427 3365 4500; x_wconf 89' lang='lat' dir='ltr'><em>quodam</em></span> <span class='ocrx_word' id='word_1_552' title='bbox 3410 4426 3717 4498; x_wconf 85' lang='lat' dir='ltr'><em>hospitali-</em></span> 
     </span>
    </p>
   </div>
   <div class='ocr_carea' id='block_1_88' title="bbox 2053 4506 3718 4589">
    <p class='ocr_par' dir='ltr' id='par_1_88' title="bbox 2053 4506 3718 4589">
     <span class='ocr_line' id='line_1_89' title="bbox 2053 4506 3718 4589; baseline 0.001 -19"><span class='ocrx_word' id='word_1_553' title='bbox 2053 4517 2189 4572; x_wconf 89' lang='lat' dir='ltr'><em>tatis</em></span> <span class='ocrx_word' id='word_1_554' title='bbox 2242 4517 2356 4572; x_wconf 83' lang='lat' dir='ltr'><em>ilne</em></span> <span class='ocrx_word' id='word_1_555' title='bbox 2389 4518 2818 4573; x_wconf 89' lang='lat' dir='ltr'><em>concludimur.</em></span> <span class='ocrx_word' id='word_1_556' title='bbox 2867 4517 2988 4572; x_wconf 89' lang='lat' dir='ltr'><em>Cur</em></span> <span class='ocrx_word' id='word_1_557' title='bbox 3029 4517 3184 4573; x_wconf 87' lang='lat' dir='ltr'><em>enim</em></span> <span class='ocrx_word' id='word_1_558' title='bbox 3232 4518 3539 4589; x_wconf 90' lang='lat' dir='ltr'><em>proprium</em></span> <span class='ocrx_word' id='word_1_559' title='bbox 3583 4506 3718 4572; x_wconf 84' lang='grc'><em>187</em></span> 
     </span>
    </p>
   </div>
   <div class='ocr_carea' id='block_1_89' title="bbox 2053 4603 3718 4678">
    <p class='ocr_par' dir='ltr' id='par_1_89' title="bbox 2053 4603 3718 4678">
     <span class='ocr_line' id='line_1_90' title="bbox 2053 4603 3718 4678; baseline -0.002 -18"><span class='ocrx_word' id='word_1_560' title='bbox 2053 4607 2111 4661; x_wconf 90' lang='lat' dir='ltr'><em>id</em></span> <span class='ocrx_word' id='word_1_561' title='bbox 2139 4607 2294 4678; x_wconf 88' lang='lat' dir='ltr'><em>quod</em></span> <span class='ocrx_word' id='word_1_562' title='bbox 2340 4607 2400 4661; x_wconf 89' lang='lat' dir='ltr'><em>in</em></span> <span class='ocrx_word' id='word_1_563' title='bbox 2447 4607 2670 4662; x_wconf 68' lang='lat' dir='ltr'><em>saeculo</em></span> <span class='ocrx_word' id='word_1_564' title='bbox 2704 4608 2814 4674; x_wconf 90' lang='lat' dir='ltr'><em>est,</em></span> <span class='ocrx_word' id='word_1_565' title='bbox 2849 4611 3056 4677; x_wconf 86' lang='lat' dir='ltr'><em>putes;</em></span> <span class='ocrx_word' id='word_1_566' title='bbox 3109 4623 3244 4661; x_wconf 90' lang='lat' dir='ltr'><em>cum</em></span> <span class='ocrx_word' id='word_1_567' title='bbox 3296 4621 3610 4660; x_wconf 88' lang='lat' dir='ltr'><em>commune</em></span> <span class='ocrx_word' id='word_1_568' title='bbox 3643 4603 3718 4658; x_wconf 88' lang='lat' dir='ltr'><em>sit</em></span> 
     </span>
    </p>
   </div>
   <div class='ocr_carea' id='block_1_90' title="bbox 2053 4695 3717 4766">
    <p class='ocr_par' dir='ltr' id='par_1_90' title="bbox 2053 4695 3717 4766">
     <span class='ocr_line' id='line_1_91' title="bbox 2053 4695 3717 4766; baseline -0.002 -16"><span class='ocrx_word' id='word_1_569' title='bbox 2053 4696 2380 4751; x_wconf 75' lang='lat' dir='ltr'><em>smculum?</em></span> <span class='ocrx_word' id='word_1_570' title='bbox 2411 4698 2527 4750; x_wconf 89' lang='lat' dir='ltr'><em>Aut</em></span> <span class='ocrx_word' id='word_1_571' title='bbox 2553 4711 2660 4750; x_wconf 88' lang='lat' dir='ltr'><em>cur</em></span> <span class='ocrx_word' id='word_1_572' title='bbox 2688 4695 2950 4766; x_wconf 86' lang='lat' dir='ltr'><em>privatos</em></span> <span class='ocrx_word' id='word_1_573' title='bbox 2980 4700 3157 4751; x_wconf 86' lang='lat' dir='ltr'><em>terrae</em></span> <span class='ocrx_word' id='word_1_574' title='bbox 3190 4696 3444 4766; x_wconf 91' lang='lat' dir='ltr'><em>deputes</em></span> <span class='ocrx_word' id='word_1_575' title='bbox 3469 4695 3717 4760; x_wconf 83' lang='lat' dir='ltr'><em>fructus,</em></span> 
     </span>
    </p>
   </div>
   <div class='ocr_carea' id='block_1_91' title="bbox 2053 4783 3720 4856">
    <p class='ocr_par' dir='ltr' id='par_1_91' title="bbox 2053 4783 3720 4856">
     <span class='ocr_line' id='line_1_92' title="bbox 2053 4783 3720 4856; baseline -0.002 -18"><span class='ocrx_word' id='word_1_576' title='bbox 2053 4799 2186 4838; x_wconf 82' lang='lat' dir='ltr'><em>cum</em></span> <span class='ocrx_word' id='word_1_577' title='bbox 2205 4788 2358 4840; x_wconf 87' lang='lat' dir='ltr'><em>terra</em></span> <span class='ocrx_word' id='word_1_578' title='bbox 2381 4785 2712 4838; x_wconf 89' lang='lat' dir='ltr'><em>communis</em></span> <span class='ocrx_word' id='word_1_579' title='bbox 2742 4784 2863 4838; x_wconf 82' lang='lat' dir='ltr'><em>sit?</em></span> <span class='ocrx_word' id='word_1_580' title='bbox 2893 4785 3220 4856; x_wconf 85' lang='lat' dir='ltr'><em>Respieite,</em></span> <span class='ocrx_word' id='word_1_581' title='bbox 3256 4785 3468 4855; x_wconf 87' lang='lat' dir='ltr'><em>inquit,</em></span> <span class='ocrx_word' id='word_1_582' title='bbox 3512 4783 3720 4838; x_wconf 88' lang='lat' dir='ltr'><em>volati-</em></span> 
     </span>
    </p>
   </div>
   <div class='ocr_carea' id='block_1_92' title="bbox 2049 4871 3713 4946">
    <p class='ocr_par' dir='ltr' id='par_1_92' title="bbox 2049 4871 3713 4946">
     <span class='ocr_line' id='line_1_93' title="bbox 2049 4871 3713 4946; baseline -0.003 -18"><span class='ocrx_word' id='word_1_583' title='bbox 2049 4873 2130 4928; x_wconf 86' lang='lat' dir='ltr'><em>lia</em></span> <span class='ocrx_word' id='word_1_584' title='bbox 2160 4873 2312 4943; x_wconf 79' lang='lat' dir='ltr'><em>cceli,</em></span> <span class='ocrx_word' id='word_1_585' title='bbox 2339 4875 2605 4946; x_wconf 86' lang='lat' dir='ltr'><em>quoniam</em></span> <span class='ocrx_word' id='word_1_586' title='bbox 2629 4891 2739 4928; x_wconf 87' lang='lat' dir='ltr'><em>non</em></span> <span class='ocrx_word' id='word_1_587' title='bbox 2757 4879 2985 4940; x_wconf 81' lang='lat' dir='ltr'><em>serunt,</em></span> <span class='ocrx_word' id='word_1_588' title='bbox 3011 4889 3200 4946; x_wconf 83' lang='lat' dir='ltr'><em>neque</em></span> <span class='ocrx_word' id='word_1_589' title='bbox 3220 4879 3447 4927; x_wconf 87' lang='lat' dir='ltr'><em>metunt</em></span> <span class='ocrx_word' id='word_1_590' title='bbox 3466 4871 3713 4942; x_wconf 77' lang='lat' dir='ltr'><em>(Matth.</em></span> 
     </span>
    </p>
   </div>
   <div class='ocr_carea' id='block_1_93' title="bbox 2052 4958 3717 5034">
    <p class='ocr_par' dir='ltr' id='par_1_93' title="bbox 2052 4958 3717 5034">
     <span class='ocr_line' id='line_1_94' title="bbox 2052 4958 3717 5034; baseline -0.003 -18"><span class='ocrx_word' id='word_1_591' title='bbox 2052 4963 2266 5034; x_wconf 74' lang='lat' dir='ltr'><em>v1,26).</em></span> <span class='ocrx_word' id='word_1_592' title='bbox 2327 4962 2556 5018; x_wconf 89' lang='lat' dir='ltr'><em>Etenim</em></span> <span class='ocrx_word' id='word_1_593' title='bbox 2613 4963 2830 5034; x_wconf 88' lang='lat' dir='ltr'><em>quibus</em></span> <span class='ocrx_word' id='word_1_594' title='bbox 2889 4961 3035 5017; x_wconf 88' lang='lat' dir='ltr'><em>nihil</em></span> <span class='ocrx_word' id='word_1_595' title='bbox 3066 4964 3157 5016; x_wconf 89' lang='lat' dir='ltr'><em>est</em></span> <span class='ocrx_word' id='word_1_596' title='bbox 3211 4961 3538 5032; x_wconf 86' lang='lat' dir='ltr'><em>preprium,</em></span> <span class='ocrx_word' id='word_1_597' title='bbox 3574 4958 3717 5014; x_wconf 88' lang='lat' dir='ltr'><em>nihil</em></span> 
     </span>
    </p>
   </div>
   <div class='ocr_carea' id='block_1_94' title="bbox 2125 5103 3721 5178">
    <p class='ocr_par' dir='ltr' id='par_1_94' title="bbox 2125 5103 3721 5178">
     <span class='ocr_line' id='line_1_95' title="bbox 2125 5103 3721 5178; baseline -0.003 -18"><span class='ocrx_word' id='word_1_598' title='bbox 2125 5107 2200 5177; x_wconf 86' lang='lat'><em>(6)</em></span> <span class='ocrx_word' id='word_1_599' title='bbox 2232 5105 2379 5162; x_wconf 89' lang='lat' dir='ltr'><em>Mss.</em></span> <span class='ocrx_word' id='word_1_600' title='bbox 2412 5121 2530 5161; x_wconf 90' lang='lat' dir='ltr'><em>non</em></span> <span class='ocrx_word' id='word_1_601' title='bbox 2561 5105 2753 5178; x_wconf 89' lang='lat' dir='ltr'><em>pauci,</em></span> <span class='ocrx_word' id='word_1_602' title='bbox 2779 5107 3022 5178; x_wconf 82' lang='lat' dir='ltr'><em>prepria</em></span> <span class='ocrx_word' id='word_1_603' title='bbox 3053 5105 3383 5178; x_wconf 78' lang='lat' dir='ltr'><em>signaculis</em></span> <span class='ocrx_word' id='word_1_604' title='bbox 3409 5103 3613 5176; x_wconf 76' lang='lat' dir='ltr'><em>gratia</em></span> <span class='ocrx_word' id='word_1_605' title='bbox 3631 5117 3721 5155; x_wconf 89' lang='lat' dir='ltr'><em>re-</em></span> 
     </span>
    </p>
   </div>
   <div class='ocr_carea' id='block_1_95' title="bbox 2054 5184 2358 5234">
    <p class='ocr_par' dir='ltr' id='par_1_95' title="bbox 2054 5184 2358 5234">
     <span class='ocr_line' id='line_1_96' title="bbox 2054 5184 2358 5234; baseline 0.003 -3"><span class='ocrx_word' id='word_1_606' title='bbox 2054 5184 2358 5234; x_wconf 85' lang='lat' dir='ltr'><em>servetur.</em></span> 
     </span>
    </p>
   </div>
   <div class='ocr_carea' id='block_1_96' title="bbox 2125 5246 3716 5320">
    <p class='ocr_par' dir='ltr' id='par_1_96' title="bbox 2125 5246 3716 5320">
     <span class='ocr_line' id='line_1_97' title="bbox 2125 5246 3716 5320; baseline -0.004 -17"><span class='ocrx_word' id='word_1_607' title='bbox 2125 5249 2380 5320; x_wconf 81' lang='lat' dir='ltr'><em>(7)Edit.</em></span> <span class='ocrx_word' id='word_1_608' title='bbox 2438 5265 2665 5319; x_wconf 89' lang='lat' dir='ltr'><em>omnes,</em></span> <span class='ocrx_word' id='word_1_609' title='bbox 2725 5265 2904 5303; x_wconf 82' lang='lat' dir='ltr'><em>aures</em></span> <span class='ocrx_word' id='word_1_610' title='bbox 2942 5249 3240 5320; x_wconf 73' lang='lat' dir='ltr'><em>prwsagio</em></span> <span class='ocrx_word' id='word_1_611' title='bbox 3282 5246 3457 5316; x_wconf 79' lang='lat' dir='ltr'><em>facit;</em></span> <span class='ocrx_word' id='word_1_612' title='bbox 3511 5258 3716 5300; x_wconf 89' lang='lat' dir='ltr'><em>omnes</em></span> 
     </span>
    </p>
   </div>
   <div class='ocr_carea' id='block_1_97' title="bbox 2051 5319 2934 5402">
    <p class='ocr_par' dir='ltr' id='par_1_97' title="bbox 2051 5319 2934 5402">
     <span class='ocr_line' id='line_1_98' title="bbox 2051 5319 2934 5402; baseline -0.002 -26"><span class='ocrx_word' id='word_1_613' title='bbox 2051 5319 2741 5402; x_wconf 29' lang='lat' dir='ltr'><em>,Aaures‘prwfatio</em></span> <span class='ocrx_word' id='word_1_614' title='bbox 2768 5319 2934 5402; x_wconf 56' lang='lat' dir='ltr'><em>legit.</em></span> 
     </span>
    </p>
   </div>
   <div class='ocr_carea' id='block_1_98' title="bbox 2123 5387 3710 5462">
    <p class='ocr_par' dir='ltr' id='par_1_98' title="bbox 2123 5387 3710 5462">
     <span class='ocr_line' id='line_1_99' title="bbox 2123 5387 3710 5462; baseline -0.004 -17"><span class='ocrx_word' id='word_1_615' title='bbox 2123 5387 2580 5461; x_wconf 40' lang='lat' dir='ltr'><em>(8)&#39;Sententiam</em></span> <span class='ocrx_word' id='word_1_616' title='bbox 2628 5391 2779 5462; x_wconf 84' lang='lat' dir='ltr'><em>hanc</em></span> <span class='ocrx_word' id='word_1_617' title='bbox 2831 5391 2998 5462; x_wconf 86' lang='lat' dir='ltr'><em>Diog.</em></span> <span class='ocrx_word' id='word_1_618' title='bbox 3035 5389 3306 5445; x_wconf 85' lang='lat' dir='ltr'><em>Laertius</em></span> <span class='ocrx_word' id='word_1_619' title='bbox 3355 5387 3710 5462; x_wconf 71' lang='lat' dir='ltr'><em>Pythagora:</em></span> 
     </span>
    </p>
   </div>
   <div class='ocr_carea' id='block_1_99' title="bbox 2051 5459 3716 5533">
    <p class='ocr_par' dir='ltr' id='par_1_99' title="bbox 2051 5459 3716 5533">
     <span class='ocr_line' id='line_1_100' title="bbox 2051 5459 3716 5533; baseline -0.004 -17"><span class='ocrx_word' id='word_1_620' title='bbox 2051 5459 2256 5518; x_wconf 84' lang='lat' dir='ltr'><em>tribuit</em></span> <span class='ocrx_word' id='word_1_621' title='bbox 2274 5464 2334 5516; x_wconf 90' lang='lat' dir='ltr'><em>in</em></span> <span class='ocrx_word' id='word_1_622' title='bbox 2357 5461 2490 5533; x_wconf 86' lang='lat' dir='ltr'><em>ejus</em></span> <span class='ocrx_word' id='word_1_623' title='bbox 2516 5462 2664 5516; x_wconf 86' lang='lat' dir='ltr'><em>Vita.</em></span> <span class='ocrx_word' id='word_1_624' title='bbox 2689 5459 3120 5516; x_wconf 66' lang='lat' dir='ltr'><em>Citaturdutem</em></span> <span class='ocrx_word' id='word_1_625' title='bbox 3141 5477 3174 5514; x_wconf 90' lang='lat' dir='ltr'><em>a</em></span> <span class='ocrx_word' id='word_1_626' title='bbox 3199 5459 3455 5533; x_wconf 83' lang='lat' dir='ltr'><em>Platone,</em></span> <span class='ocrx_word' id='word_1_627' title='bbox 3485 5459 3716 5533; x_wconf 70' lang='lat' dir='ltr'><em>Aristo-</em></span> 
     </span>
    </p>
   </div>
   <div class='ocr_carea' id='block_1_100' title="bbox 2055 5529 3724 5604">
    <p class='ocr_par' dir='ltr' id='par_1_100' title="bbox 2055 5529 3724 5604">
     <span class='ocr_line' id='line_1_101' title="bbox 2055 5529 3724 5604; baseline -0.004 -17"><span class='ocrx_word' id='word_1_628' title='bbox 2055 5535 2186 5598; x_wconf 83' lang='lat' dir='ltr'><em>tele,</em></span> <span class='ocrx_word' id='word_1_629' title='bbox 2213 5529 2498 5588; x_wconf 73' lang='lat' dir='ltr'><em>Cicerone</em></span> <span class='ocrx_word' id='word_1_630' title='bbox 2515 5537 2688 5604; x_wconf 89' lang='lat' dir='ltr'><em>atque</em></span> <span class='ocrx_word' id='word_1_631' title='bbox 2709 5535 2841 5587; x_wconf 86' lang='lat' dir='ltr'><em>aliis</em></span> <span class='ocrx_word' id='word_1_632' title='bbox 2867 5549 2879 5587; x_wconf 89' lang='lat'><em>:</em></span> <span class='ocrx_word' id='word_1_633' title='bbox 2916 5549 3024 5586; x_wconf 88' lang='lat' dir='ltr'><em>nec</em></span> <span class='ocrx_word' id='word_1_634' title='bbox 3047 5548 3162 5586; x_wconf 90' lang='lat' dir='ltr'><em>non</em></span> <span class='ocrx_word' id='word_1_635' title='bbox 3180 5533 3252 5587; x_wconf 88' lang='lat' dir='ltr'><em>ab</em></span> <span class='ocrx_word' id='word_1_636' title='bbox 3280 5532 3443 5586; x_wconf 78' lang='lat' dir='ltr'><em>Erus.</em></span> <span class='ocrx_word' id='word_1_637' title='bbox 3466 5529 3724 5602; x_wconf 80' lang='lat' dir='ltr'><em>explica-</em></span> 
     </span>
    </p>
   </div>
   <div class='ocr_carea' id='block_1_101' title="bbox 2055 5603 3114 5682">
    <p class='ocr_par' dir='ltr' id='par_1_101' title="bbox 2055 5603 3114 5682">
     <span class='ocr_line' id='line_1_102' title="bbox 2055 5603 3114 5682; baseline -0.002 -22"><span class='ocrx_word' id='word_1_638' title='bbox 2055 5608 2150 5660; x_wconf 87' lang='lat' dir='ltr'><em>tur</em></span> <span class='ocrx_word' id='word_1_639' title='bbox 2169 5606 2356 5682; x_wconf 71' lang='lat' dir='ltr'><em>Adag.</em></span> <span class='ocrx_word' id='word_1_640' title='bbox 2379 5605 2516 5660; x_wconf 90' lang='lat' dir='ltr'><em>chil.</em></span> <span class='ocrx_word' id='word_1_641' title='bbox 2540 5603 2769 5676; x_wconf 24' lang='lat' dir='ltr'><em>i,’cent.</em></span> <span class='ocrx_word' id='word_1_642' title='bbox 2797 5605 2846 5676; x_wconf 82' lang='grc'><em>1,</em></span> <span class='ocrx_word' id='word_1_643' title='bbox 2867 5621 3036 5682; x_wconf 84' lang='lat' dir='ltr'><em>prov.</em></span> <span class='ocrx_word' id='word_1_644' title='bbox 3067 5604 3114 5661; x_wconf 83' lang='grc'><em>1.</em></span> 
     </span>
    </p>
   </div>
  </div>
