3932 6152
464 202 580 270 251

1901 205 1968 272 S.
2014 205 2462 272 AMBROSII.

3735 221 3842 293 252

453 403 751 460 viduitatis
781 403 987 460 merita
1006 404 1297 478 stipendia
1313 405 1432 462 sint
1446 407 1790 464 senectutis.
1824 407 1976 463 Nam
1999 408 2109 464 uti-
2145 391 2197 454 Α
2222 407 2456 482 busque
2499 411 2655 484 aequi
2693 409 2930 484 iustitia
2970 411 3185 486 judicii
3230 413 3549 489 deferatur;
3595 421 3677 478 sic
3703 424 3834 482 enim

453 509 567 566 que
593 493 691 547 illa
722 493 1082 564 prmclarior,
1114 511 1247 566 quae
1277 495 1534 551 calorem
1561 496 1999 568 adolescentia,
2053 500 2110 552 et

446 581 704 654 junioris
736 582 1166 640 fervescentem
1197 585 1428 641 edomat
1455 585 1645 640 aetatis
1674 585 1975 655 ardorem;
1999 602 2112 641 nec

451 671 642 727 mariti
685 671 951 743 gratiam,
998 688 1108 727 nec
1151 673 1427 729 uberiora
1474 674 1798 732 liberorum
1845 675 2110 730 oblecta-

450 763 642 814 menta
671 760 1021 816 desiderans
1054 777 1068 818 :
1102 777 1275 833 quam
1305 778 1439 834 qua)
1470 761 1637 818 effeta
1673 762 1798 834 jam
1838 779 2108 835 corpore,

449 847 665 920 frigida
693 852 1016 920 senectute,
1051 853 1276 906 matura
1306 852 1440 921 aevi,
1474 867 1584 907 nec
1616 852 1808 906 calere
1839 852 2112 924 volupta-

447 935 608 992 tibus
635 940 848 1008 potest,
880 953 990 994 nec
1021 955 1264 1010 sperare
1294 940 1367 995 de
1397 944 1587 1011 partu.

520 1025 606 1082 10.
647 1025 854 1098 Neque
884 1043 1025 1083 vero
1057 1028 1111 1082 si
1141 1045 1254 1100 qua
1286 1030 1346 1083 in
1377 1029 1674 1084 secundas
1704 1031 1942 1101 nuptias
1975 1031 2116 1085 inci-

447 1113 618 1183 derit,
651 1130 800 1186 quas
830 1115 1030 1187 utique
1067 1117 1390 1187 apostolica
1439 1122 1734 1190 praacepta
1780 1135 1899 1174 non
1945 1119 2112 1174 dam-

448 1206 588 1257 nant
617 1203 750 1273 (16),
781 1205 954 1275 quasi
984 1204 1176 1262 fructu
1205 1205 1452 1276 pudoris
1501 1207 1749 1276 omisso,
1801 1209 1854 1262 si
1898 1223 2112 1263 rursus

449 1291 640 1346 soluta
669 1291 844 1347 fuerit
875 1293 1023 1363 viro,
1056 1294 1129 1349 ab
1159 1293 1372 1350 atl‘ectu
1394 1295 1693 1350 viduitatis
1713 1299 1966 1351 arcetur.
2001 1296 2115 1350 Ha-

446 1379 610 1435 bebit
639 1380 735 1434 illa
763 1381 1001 1452 quidem
1031 1383 1125 1437 vel
1153 1399 1307 1438 serae
1337 1384 1610 1439 meritum
1641 1385 1956 1454 castitatis,
2005 1384 2113 1440 sed

445 1469 747 1540 probatior
773 1470 882 1524 erit
912 1487 1045 1542 quae
1074 1471 1317 1529 alterius
1347 1487 1466 1527 non
1497 1473 1674 1528 fuerit
1704 1476 1944 1544 experta
1977 1489 2112 1529 con-

443 1556 718 1630 jugium;
769 1558 829 1613 in
877 1559 975 1613 illa
1023 1560 1178 1618 enim
1220 1561 1438 1618 eminet
1475 1561 1736 1618 studium
1776 1562 2060 1618 castitatis
2095 1578 2108 1618 :

445 1645 584 1703 huic
615 1649 714 1702 aut
743 1651 1022 1703 senectus
1051 1652 1150 1706 aut
1181 1649 1368 1722 pudor
1387 1650 1622 1706 modum
1641 1650 1873 1706 videtur
1893 1651 2112 1708 fecisse

447 1735 727 1792 nubendL

518 1823 604 1879 11.
647 1825 772 1880 Nec
802 1825 927 1880 sola
959 1829 1153 1882 tamen
1184 1827 1425 1883 castitas
1456 1829 1726 1900 corporis
1756 1829 1954 1884 vidum
1989 1829 2110 1884 for-

444 1913 628 1969 titudo
659 1917 769 1981 est,
805 1915 912 1969 sed
955 1932 1167 1988 magna
1207 1921 1264 1974 et
1303 1917 1599 1974 uberrima
1641 1918 1952 1988 disciplina
1993 1919 2112 1973 vir-

444 2001 584 2057 tutis
619 2018 631 2058 :
669 2002 806 2070 Quae
827 2004 888 2060 in
911 2005 1191 2076 operibus
1205 2005 1381 2061 bonis
1397 2008 1794 2062 testimonium
1825 2008 1966 2072 189
2002 2008 2112 2062 ha-

445 2090 602 2161 beat,
631 2093 688 2146 si
725 2091 882 2146 lilios
916 2094 1096 2148 educa
1110 2095 1284 2162 verit,
1325 2096 1381 2148 si
1415 2095 1670 2166 hospitio
1700 2096 2022 2167 receperit,
2057 2097 2114 2150 si

443 2187 780 2236 sanctorum
806 2182 995 2252 pedes
1022 2183 1263 2252 laverit,
1287 2185 1344 2240 si
1365 2184 1811 2239 tribulationem
1829 2185 2113 2256 patienti-

443 2268 558 2326 bus
573 2269 963 2325 subministra
977 2272 1152 2338 verit,
1173 2272 1230 2326 si
1244 2278 1545 2344 postremo
1559 2289 1726 2328 omne
1740 2291 1880 2344 opus
1900 2273 2110 2328 bonum

444 2357 629 2413 fuerit
644 2359 1149 2428 subsecuta(lbid.
1167 2359 1276 2430 10).
1302 2361 1482 2416 Vides
1503 2378 1679 2434 quam
1700 2362 1914 2416 multas
1933 2363 2113 2417 virtu-

441 2448 566 2502 tum
594 2447 1106 2519 comprehenderit
1144 2450 1528 2521 disciplinas:
1579 2451 1832 2522 primum
1877 2451 2112 2522 pietatis

445 2534 707 2591 officium
739 2552 753 2604 ;
786 2537 1135 2607 secundum,
1170 2539 1590 2610 hospitalitatis
1622 2540 1882 2596 studium
1914 2543 1970 2594 et
1999 2539 2113 2594 hu-

443 2623 706 2680 militatis
737 2625 1090 2697 obsequium
1116 2642 1128 2681 :
1163 2629 1418 2696 tertium,
1454 2626 1880 2683 misericordiae
1910 2627 2114 2683 minis-

443 2712 658 2766 terium
706 2712 1192 2786 liberalitatisque
1242 2717 1626 2786 subsidium:
1679 2717 1751 2770 ad
1801 2732 2110 2786 summam,

445 2801 638 2857 omnis
669 2803 1111 2857 exsecutionem
1144 2804 1286 2859 boni
1317 2821 1493 2875 opere
1525 2804 1826 2877 flagitavit.

515 2898 602 2954 12.
619 2898 688 2955 Et
708 2899 840 2954 ideo
857 2900 1358 2958 adolescentior-es
1379 2901 1724 2958 devitandas
1747 2904 1938 2974 putat(
1948 2903 2098 2958 Ibid.

444 2987 552 3058 11),
587 3003 656 3044 eo
687 2989 844 3060 quod
864 3005 980 3044 non
1006 2994 1220 3062 queant
1249 2994 1424 3047 tantas
1454 3007 1692 3063 operam
1720 2992 1964 3062 implere
1994 2992 2110 3046 vir-
2143 3011 2196 3074 ο

440 3077 604 3134 tutis.
637 3077 865 3134 Etenim
896 3079 1090 3134 vicina
1118 3083 1210 3160 est
1230 3081 1499 3152 lapsibus
1521 3081 1940 3148 adolescentia,
1966 3081 2104 3153 quia

442 3167 740 3222 variarum
783 3171 969 3224 aestus
1012 3169 1391 3240 cupiditatum
1440 3170 1674 3225 fervore
1723 3170 1970 3225 calentis
2013 3170 2106 3224 in-

442 3254 772 3316 ﬂammatur
813 3257 1002 3312 aetatis
1045 3256 1156 3327 (17)
1191 3275 1204 3314 :
1235 3258 1496 3330 bonique
1525 3259 1786 3314 doctoris
1825 3262 1936 3328 est,
1975 3275 2104 3313 ma-

439 3344 646 3400 teriam
677 3362 879 3401 arcere
911 3347 1156 3416 peccati.
1191 3347 1384 3402 Prima
1415 3349 1570 3402 enim
1603 3346 1988 3403 institutionis
2005 3352 2105 3403 est

441 3433 756 3504 disciplina
807 3435 1037 3506 culpam
1083 3439 1370 3506 avertere,
1423 3437 1684 3492 secunda
1713 3437 1985 3492 virtutem
2015 3436 2108 3492 in-

441 3519 708 3578 fundere.
741 3524 960 3580 Tamen
990 3542 1123 3580 cum
1154 3525 1476 3597 Apostolus
1499 3526 1681 3581 sciret
1697 3528 1929 3581 Annam
1949 3527 2110 3581 illam

440 3609 514 3666 ab
535 3611 930 3668 adolescentia
951 3616 1387 3687 octogenariam
1407 3615 1642 3670 viduam
1667 3616 2106 3672 Dominicorum

437 3713 686 3778 pperum
740 3703 1046 3758 exstitisse
1092 3704 1481 3774 praenuntiam
1527 3704 1693 3774 (Luc.
1745 3721 1804 3772 ιι,
1850 3703 1940 3772 36,
1989 3703 2103 3774 8Ἷ),

440 3803 558 3844 non
586 3793 726 3861 puto
757 3791 915 3861 quod
958 3791 1230 3864 juniores
1279 3793 1646 3847 revocandas
1694 3793 1908 3863 putarit
1949 3809 1981 3846 a
2013 3793 2106 3846 vi-

440 3876 680 3932 duitatis
721 3877 953 3948 atfectu,
1003 3882 1257 3936 maxime
1307 3897 1441 3936 cum
1473 3881 1687 3938 dixerit
1718 3898 1730 3936 :
1763 3878 1986 3936 Melius
2014 3887 2107 3936 est

439 3965 668 4022 nubere
717 3985 882 4040 quam
930 3970 1024 4024 uri
1065 3969 1119 4040 (I
1151 3969 1285 4025 Cor.
1319 3987 1417 4039 vn,
1447 3971 1525 4041 9).
1576 3971 1724 4025 Nam
1767 3973 1968 4042 utique
1998 3986 2105 4041 pro

437 4056 698 4110 remedio
745 4057 980 4128 nuptias
1028 4058 1238 4123 suasit,
1285 4062 1348 4113 ut
1377 4061 1633 4130 peritura
1664 4063 1950 4115 sanetur:
1988 4076 2106 4114 non

434 4159 543 4216 pro
575 4145 862 4200 electione
893 4147 1284 4218 praescripsit,
1319 4163 1391 4202 ne
1425 4149 1753 4203 castitatem
1793 4149 2104 4203 continens

436 4238 719 4306 sequatur
764 4233 907 4305 (18);
959 4235 1118 4290 aliud
1163 4240 1255 4291 est
1303 4237 1461 4292 enim
1505 4237 1825 4292 subvenire
1858 4237 2100 4308 labenti,

433 4322 593 4379 aliud
621 4324 874 4379 suadere
905 4326 1198 4380 virtutem.

504 4413 590 4468 13.
635 4413 706 4468 Et
733 4413 872 4486 quid
904 4414 976 4469 de
1007 4413 1282 4470 humanis
1307 4414 1556 4487 judiciis
1587 4415 1814 4488 loquar,
1850 4431 1984 4470 cum
2016 4416 2102 4470 di-

429 4502 587 4558 vinis
609 4501 858 4574 judiciis
889 4503 948 4558 in
977 4503 1138 4559 nullo
1170 4504 1416 4576 gravius
1447 4504 1640 4560 Judaei
1674 4504 2101 4560 Dominumlaa-

427 4590 588 4646 sisse
613 4591 955 4663 prodantur,
992 4609 1168 4665 quam
1197 4593 1356 4665 quod
1387 4593 1581 4648 viduas
1611 4593 1880 4665 gratiam,
1915 4593 2098 4649 mino-

427 4695 675 4752 rumque
701 4681 836 4752 jura
864 4683 1190 4738 violarent?
1222 4682 1364 4738 Haec
1393 4682 1756 4754 propheticis
1787 4698 1966 4738 causa
1997 4699 2095 4738 vo-

424 4766 597 4822 cibus
628 4771 1048 4841 conclamatur,
1080 4787 1213 4843 qua:
1246 4771 1518 4827 meritum
1549 4771 1776 4826 Judaeis
1808 4770 2090 4842 rejectio-

427 4855 522 4910 nis
569 4855 879 4914 invexerit.
946 4859 1089 4915 Haec
1139 4860 1267 4915 sola
1325 4875 1506 4915 causa
1567 4859 1766 4915 delicti
1813 4860 2096 4915 invidiam

424 4943 762 5017 mitigatura
794 4951 1152 5004 memoratur
1182 4949 1236 5004 si
1267 4948 1596 5004 honoretur
1633 4949 1830 5020 vidua,
1856 4949 2097 5004 minori-

493 5084 608 5156 (16)
666 5087 922 5144 Adverte
989 5089 1293 5146 doctorem
1357 5094 1624 5146 nostrum
1687 5091 2094 5146 moderatione

423 5157 606 5232 multo
635 5159 1004 5232 superiorem
1035 5161 1130 5215 hic
1163 5177 1323 5231 esse,
1357 5178 1474 5216 non
1505 5161 1698 5216 solum
1731 5162 1805 5216 iis
1829 5161 1924 5232 qui
1954 5179 2094 5218 con-

421 5230 510 5282 tra
540 5228 828 5302 Ecclesiae
860 5233 1210 5287 sententiam
1241 5228 1479 5288 omnino
1525 5228 1936 5302 proscripserc
1992 5251 2093 5288 se-

423 5300 650 5354 cundas
682 5302 1030 5372 nuptias,'ut
1059 5303 1454 5359 Tertullianus
1485 5299 1542 5358 et
1571 5304 1704 5371 alii;
1754 5299 1863 5358 sed
1913 5305 2092 5358 etiam

419 5374 688 5447 veterum
741 5372 976 5447 Patrum
1003 5390 1140 5447 non
1185 5376 1412 5446 paucis,
1463 5375 1576 5447 qui
1610 5375 1782 5446 paulo
1815 5376 2092 5431 severius

420 5442 928 5519 easd_em_nuptias
958 5442 1232 5519 videntur
1257 5442 1713 5519 perstrinxisse.

495 5512 610 5600 (17)
650 5512 828 5587 Editi,
871 5524 1056 5574 aestus
1094 5512 1478 5591 cupiditatum
1508 5517 1818 5574 fervorem
1849 5517 2102 5576 calentis

2143 1693 2195 1754 B

2223 498 2410 554 habes
2444 516 2456 555 :
2491 501 2764 556 Judicate
2789 502 3030 575 pupillo,
3066 509 3125 558 et
3157 503 3480 576 justificate
3527 509 3750 580 viduam,
3787 522 3836 568 et

2228 589 2445 658 venite,
2480 590 2866 662 disputemus,
2901 592 3048 646 dicit
3084 592 3364 648 Dominus
3398 595 3529 664 (Isa.
3571 614 3608 666 ι,
3641 598 3715 668 17,
3744 601 3833 670 18).

2222 675 2294 732 Et
2339 677 2474 732 alibi
2530 693 2544 734 :
2596 679 2890 754 Pupil/um
2942 687 3000 734 et
3067 681 3294 736 viduam
3352 685 3622 756 suscipiet
3677 686 3835 752 (Psal.

2221 781 2392 830 chv,
2424 767 2500 835 9,).
2534 767 2604 822 Et
2633 768 2806 824 alibi:
2849 769 3087 825 Viduam
3111 770 3240 841 ejus
3262 771 3609 829 benedicens
3629 773 3841 831 benedi-

2221 870 2346 909 eam
2377 855 2569 923 (Psal.
2620 873 2820 926 cxxxi,
2876 859 2983 927 15).
3041 859 3105 914 In
3151 875 3264 930 quo
3313 859 3594 924 Ecclesia'
3633 877 3836 936 quoque

2220 941 2410 1015 figura
2457 945 2816 1014 praetexitur.
2868 947 3091 1002 Videtis
3137 947 3338 1020 igitur,
3381 951 3596 1004 sanctae
3651 950 3838 1020 vidua,

2220 1047 2591 1104 nequaquam
2637 1035 2864 1090 lubrico
2923 1051 3140 1092 munus
3203 1036 3397 1091 studio
3461 1037 3836 1109 deserendum,

2221 1121 2377 1192 quod
2407 1121 2623 1178 divinae
2653 1123 3083 1180 benedictionis
3115 1125 3403 1180 subsidiis
3431 1125 3749 1182 honoratur.

2861 1212 3114 1269 CAPUT
3153 1213 3248 1268 III.

2221 1298 2402 1354 Redit
2431 1301 2506 1355 ad
2535 1301 2925 1383 Sareptanam
2957 1303 3231 1383 Δγίᾱᾳτεζιη,Δ
3258 1303 3320 1383 in
3365 1317 3470 1383 qua
3499 1301 3765 1383 Ecclesia:
3793 1301 3846 1356 li-

2291 1388 2498 1453 gurum
2530 1372 2845 1456 exstitisse
2877 1373 3156 1456 ostendit,
3189 1372 3584 1456 {itque—“Isaiae.
3610 1375 3843 1456 testiino-

2293 1443 2392 1496 nio
2420 1443 2759 1516 confirmat,-
2812 1444 2963 1498 unde
3003 1444 3230 1516 colligit
3279 1443 3342 1498 in
3379 1443 3479 1516 illa
3529 1443 3842 1516 virginibus,

2293 1515 2493 1587 nuptis
2541 1531 2608 1569 ac
2655 1515 2850 1570 viduis
2889 1513 3195 1587 exemplar
3237 1531 3392 1570 esse.
3439 1513 3758 1587 Conversus
3790 1513 3848 1567 ad

2287 1583 2656 1658 prophetam,
2701 1587 2762 1640 in
2806 1603 2873 1641 eo
2907 1583 3211 1642 Christum
3243 1602 3463 1658 quoque
3491 1583 3838 1658 significatum

2295 1655 2471 1738 dicit,
2538 1657 2894 1738 quippedqui
2938 1657 3144 1738 divina
3178 1655 3508 1738 mysteria"
3525 1655 3582 1738 et
3621 1655 3837 1738 futuram

2288 1727 2508 1804 plu
2536 1727 2950 1804 irrigationem
2981 1729 3062 1804 sit
3088 1727 3410 1804 pollicitus.
3454 1727 3666 1781 Eodem
3693 1727 3840 1804 etiam

2292 1795 2587 1870 geminum
2623 1795 2920 1870 Gedeonis
2949 1795 3180 1870 signum
3213 1798 3486 1853 refertur
3505 1804 3669 1870 atque
3687 1795 3842 1870 expli-

2293 1864 2481 1950 catur.
2513 1869 2570 1923 E
2602 1869 2822 1950 quibus
2845 1864 3143 1950 elicit'nec
3165 1871 3328 1950 cqjus
3341 1871 3427 1924 vis
3445 1864 3838 1950 esse'miracula

2290 1939 2514 2006 facere,
2569 1939 2627 1994 et
2673 1940 2906 1995 Christi
2933 1939 3404 1997 incarnationem
3437 1939 3838 2009 Judaaorumque

2291 2010 2724 2066 abdicationem
2757 2012 2882 2066 illic
2914 2013 3280 2068 adumbrari.

2292 2098 2378 2154 14.
2419 2099 2569 2165 Quid
2602 2116 2742 2155 vero
2773 2101 2937 2170 illud,
2983 2105 3044 2157 ut
3086 2101 3159 2156 ad
3203 2101 3514 2172 superiora
3551 2098 3846 2162 redeamus,

2219 2188 2377 2259 quod
2408 2205 2542 2244 cum
2571 2190 2631 2245 in
2662 2191 2818 2244 omni
2853 2193 3006 2244 terra
3036 2194 3200 2246 esset
3230 2189 3422 2245 fames
3468 2189 3734 2253 maxima;
3775 2188 3852 2238 vi-

2220 2276 2353 2332 duae
2385 2280 2577 2332 tamen
2610 2279 2730 2334 Deo
2761 2295 2901 2334 cura
2933 2294 3050 2334 non
3079 2279 3284 2348 defuit,
3321 2283 3494 2350 atque
3524 2277 3592 2331 ad
3609 2275 3847 2330 alendum

2223 2381 2352 2420 eam
2380 2367 2494 2438 (19)
2522 2368 2804 2438 propheta
2836 2368 3097 2423 directus
3129 2368 3358 2438 est(lll
3372 2368 3518 2438 Reg.
3545 2381 3676 2432 xvn,
3697 2361 3856 2428 9-1-1)?

2225 2454 2290 2508 In
2321 2471 2438 2526 quo
2467 2473 2600 2510 cum
2631 2473 2720 2512 me
2749 2457 3056 2512 admoneat
3088 2457 3377 2512 Dominus
3397 2455 3551 2528 quod
3571 2454 3626 2508 in
3643 2452 3852 2506 veritate

2225 2543 2492 2600 dicturus
2542 2546 2616 2600 sit
2659 2547 2822 2614 (Luc.
2874 2563 2951 2613 ιν,
3005 2547 3116 2615 25),
3165 2545 3238 2600 ad
3287 2543 3631 2616 mysterium
3661 2539 3860 2593 videtur

2225 2633 2544 2688 sollicitare
2567 2649 2763 2688 aures.
2789 2633 2935 2698 Quid
2958 2633 3112 2689 enim
3154 2634 3364 2688 verius
3401 2631 3614 2687 Christi
3661 2632 3712 2683 et
3742 2625 3858 2690 190

2227 2721 2516 2777 Ecclesia
2547 2726 2741 2793 potest
2771 2738 2910 2778 esse
2942 2723 3268 2794 mysterio?
3313 2723 3452 2777 Non
3500 2717 3672 2792 igitur
3698 2716 3858 2770 otiose

2224 2810 2378 2866 inter
2407 2811 2622 2866 multas
2653 2811 2864 2866 viduas
2898 2828 3010 2866 una
3037 2811 3378 2882 praefertur.
3411 2811 3552 2876 Quae
3570 2803 3860 2869 enimtalis,

2224 2899 2296 2954 ad
2327 2915 2500 2972 quam
2531 2903 2727 2955 tantus
2758 2901 3062 2971 propheta,
3095 2900 3193 2972 qui
3223 2900 3297 2954 ad
3315 2900 3536 2956 caelum
3557 2898 3744 2967 raptus
3764 2893 3858 2957 est,

2226 2988 2534 3061 dirigatur,
2567 3005 2638 3045 eo
2677 2991 3010 3060 praesertim
3051 2993 3312 3060 tempore
3361 2987 3592 3062 quando
3631 2983 3862 3039 clausum

2224 3081 2318 3133 est
2347 3078 2562 3134 caelum
2589 3079 2761 3134 annis
2793 3079 2985 3133 tribus
3016 3081 3073 3133 et
3105 3078 3419 3134 mensibus
3442 3093 3570 3140 sex.
3597 3089 3720 3129 cum
3738 3070 3861 3125 facta

2225 3170 2388 3222 esset
2435 3167 2622 3223 fames
2668 3184 2883 3240 magna
2931 3168 2991 3222 in
3041 3167 3197 3222 omni
3230 3169 3443 3223 terra?
3494 3165 3714 3234 Ubique
3741 3170 3861 3228 ergo

2225 3256 2412 3312 fames
2445 3261 2586 3324 erat,
2620 3260 2678 3312 et
2705 3257 2897 3312 adhuc
2927 3261 3122 3312 tamen
3153 3257 3282 3312 haec
3312 3257 3493 3311 vidua
3524 3269 3636 3309 non
3658 3247 3860 3326 egebat.

2223 3345 2334 3412 Qui
2364 3349 2504 3402 sunt
2535 3347 2595 3401 hi
2625 3350 2748 3402 tres
2778 3346 2957 3401 anni?
3011 3345 3099 3400 Ne
3139 3343 3290 3401 forte
3332 3345 3420 3400 illi
3452 3343 3664 3417 quibus
3693 3333 3865 3392 Domi-

2225 3451 2339 3491 nus
2370 3435 2530 3490 venit
2560 3435 2618 3490 in
2649 3439 2862 3505 terras,
2894 3438 2950 3490 et
2983 3435 3235 3490 fructum
3267 3434 3326 3490 in
3358 3433 3607 3490 ficulnea
3632 3424 3864 3484 invenire

2223 3540 2341 3580 non
2387 3523 2590 3596 potuit,
2635 3523 2804 3595 juxta
2855 3523 3011 3596 quod
3061 3523 3350 3594 scriptum
3397 3527 3534 3580 est:
3567 3519 3718 3574 Ecce
3747 3510 3866 3569 anni

2225 3620 2354 3668 tres
2385 3619 2542 3682 sunt,
2577 3629 2657 3668 ex
2684 3629 2792 3686 quo
2827 3613 2965 3667 veni
2996 3629 3271 3685 qumrens
3319 3611 3580 3667 fructum
3625 3608 3685 3662 in
3722 3599 3865 3658 ﬁcul-

2223 3719 2332 3756 nea
2362 3703 2492 3772 hac,
2524 3709 2584 3757 et
2617 3719 2728 3756 non
2757 3694 3002 3756 invenio
3030 3702 3192 3772 (Luc.
3226 3719 3353 3770 xm,
3388 3702 3464 3770 '7).

2292 3789 2378 3846 15.
2423 3791 2566 3846 Haac
2596 3794 2688 3847 est
2719 3790 2982 3861 profecto
3014 3790 3188 3846 vidua
3228 3790 3347 3859 illa,
3384 3791 3458 3846 de
3508 3803 3620 3860 qua
3667 3782 3861 3838 dictum

2223 3883 2315 3935 est
2349 3895 2362 3936 :
2396 3880 2652 3950 Ltetare,
2703 3879 2940 3934 sterilis
2985 3897 3110 3952 quae
3152 3895 3264 3935 non
3304 3880 3500 3951 paris,
3548 3887 3774 3944 erumpe
3819 3871 3868 3920 οι

2223 3969 2506 4038 exclama,
2542 3986 2666 4042 quae
2697 3985 2810 4023 non
2836 3969 3140 4040 parturis;
3175 3971 3448 4041 quoniam
3481 3965 3647 4022 multi
3666 3959 3767 4018 lilii
3784 3955 3866 4011 de-

2220 4064 2404 4114 sertae
2419 4059 2611 4130 magis
2632 4074 2796 4130 quam
2817 4058 2943 4130 ejus
2959 4075 3083 4130 qua)
3105 4057 3284 4112 habet
3305 4060 3500 4113 virum
3519 4056 3654 4124 (Isa.
3677 4065 3781 4116 LIV,
3805 4046 3866 4112 1)·

2220 4147 2292 4202 Et
2317 4147 2468 4202 bene
2500 4147 2695 4214 vidua,
2730 4147 2821 4202 cui
2854 4147 3004 4202 bene
3037 4147 3253 4202 dicitur
3286 4163 3300 4202 :
3336 4144 3684 4218 Ignominia?
3716 4144 3768 4193 et
3799 4133 3864 4230 vi:

2220 4236 2470 4291 duitatis
2489 4243 2600 4290 tua?
2621 4252 2732 4289 non
2755 4237 2882 4289 eris
2905 4251 3156 4298 memor,-
3191 4236 3324 4307 quia
3349 4252 3462 4306 ego
3484 4231 3756 4290 Dominus
3783 4237 3862 4296 qu!

2134 4327 2188 4388 D
2220 4323 2377 4380 facio
2409 4331 2466 4379 te
2497 4324 2674 4392 (Ibid.
2708 4325 2759 4392 4,
2792 4325 2867 4394 5).
2924 4323 2993 4378 Et
3042 4323 3298 4379 fortasse
3347 4324 3485 4380 ideo
3534 4320 3722 4389 vidua,
3751 4325 3865 4386 qutB

2213 4415 2412 4470 amisit
2440 4413 2680 4486 quidem
2710 4415 2922 4482 virum,
2960 4413 3288 4468 secundum
3336 4412 3610 4484 corporis
3655 4402 3863 4479 passio.

2213 4519 2378 4573 nem;
2410 4504 2517 4558 sed
2547 4502 2607 4557 in
2637 4502 2732 4558 die
2759 4501 2991 4573 judicii,
3024 4501 3236 4558 Filium
3259 4502 3520 4558 hominis
3543 4512 3712 4572 quem
3733 4490 3859 4547 ami-

2211 4595 2373 4648 sisse
2405 4592 2534 4646 visa
2565 4594 2678 4660 est,
2711 4595 3019 4662 receptura
3054 4606 3066 4646 :
3111 4590 3358 4662 Tempus
3389 4591 3550 4647 enim
3573 4587 3770 4645 breve,
3790 4580 3870 4634 in-

2210 4681 2355 4754 quit,
2389 4679 2689 4754 dereliqui
2719 4686 2778 4735 te
2809 4679 2988 4749 (Ibid.
3020 4681 3074 4750 5,
3105 4680 3182 4750 ’7);
3216 4682 3278 4736 ut
3299 4677 3629 4754 gloriosius
3659 4667 3864 4729 scilicet

2211 4771 2388 4826 fidem
2419 4769 2700 4826 derelicta
2732 4773 3023 4825 servaret.

2284 4858 2370 4916 16.
2413 4859 2646 4915 Habent
2675 4860 2871 4931 itaque
2902 4873 3110 4914 omnes
3141 4859 3299 4931 quod
3330 4859 3634 4914 imitentur
3679 4863 3862 4907 exem-

2211 4948 2392 5021 plum,
2423 4947 2714 5022 virgines,
2749 4950 2945 5020 nupta;
2973 4950 3031 5003 et
3058 4947 3275 5004 viduae.
3323 4947 3395 5002 Et
3440 4946 3700 5002 fortasse
3741 4937 3859 4994 ideo

2214 5090 2770 5167 inflammatietalis
2801 5090 3043 5167 :_aptius
3072 5105 3284 5167 omnes
3312 5105 3469 5167 mss.
3503 5091 3566 5143 ut
3596 5086 3655 5167 in
3700 5082 3867 5167 taxilli

2212 5163 2328 5218 nisi
2356 5161 2516 5236 quod
2547 5162 2695 5216 Telt.
2731 5157 3012 5242 legit,.....
3057 5161 3272 5217 fervor
3301 5161 3626 5216 inﬂammat
3664 5157 3866 5232 astatis.

2283 5233 2398 5292 (18)
2435 5235 2658 5288 Omnes
2689 5232 2828 5286 edit.
2865 5249 2999 5288 cum
3029 5232 3160 5287 solo
3189 5232 3320 5288 cod.
3353 5232 3524 5292 Tell.,
3548 5221 3876 5292 prmscripit

2283 5232 2398 5303 (18)
2435 5235 2658 5288 Omnes
2689 5232 2828 5286 edit.
2865 5249 2999 5288 cum
3029 5232 3160 5287 solo
3189 5232 3320 5288 cod.
3353 5232 3524 5298 Tell.,
3547 5232 3872 5301 praescripit

2214 5312 2376 5360 easta
2427 5310 2486 5359 et
2536 5305 2851 5359 continens
2901 5304 3040 5375 quid
3087 5311 3415 5375 sequatur:
3449 5299 3652 5356 caeteri
3690 5297 3872 5350 autem

2213 5392 2428 5432 magno
2462 5391 2764 5430 consensu
2799 5374 3115 5430 nobiscum
3147 5374 3388 5430 faciunt.

2213 5392 2304 5432 ma
2355 5393 2428 5431 no
2462 5392 2764 5430 consensu
2799 5392 3115 5430 nomscum
3147 5392 3388 5430 iaciunt.

2211 5520 2252 5576 ά
2284 5392 2399 5518 (f9)
2438 5446 2590 5501 Edit.
2625 5462 2834 5502 omnes
2866 5462 3001 5502 cum
3033 5445 3164 5502 solo
3195 5461 3347 5502 mss.
3382 5443 3550 5514 Tell.,
3605 5440 3681 5496 ad
3727 5435 3880 5492 alen-

2253 5535 2344 5574 am
2375 5534 2446 5576 ea
2459 5535 2536 5573 ιιι.
