4060 6158
200 214 273 280 Ἀθ
1461 220 1718 288 LIBER
1756 222 1873 289 DE
1906 224 2217 295 VIDUIS.

3451 237 3573 305 254

193 412 402 505 licclesia
421 415 606 489 virgo,
628 418 823 489 nupta,
844 417 1058 489 vidua;
1091 419 1228 493 quia
1256 436 1440 478 unum
1462 437 1681 494 corpus
1728 423 1789 480 in
1814 407 1889 473 Ᾱ¹
1974 427 2061 482 20.
2094 427 2437 484 Ostenditur
2474 430 2656 503 igitur
2689 432 2959 505 exemplo
2996 451 3113 492 non
3138 435 3398 494 omnium
3428 454 3568 495 esse

192 502 376 558 Christo
387 509 538 559 sunt.
559 506 695 561 Hac
709 507 998 579 igiturilla
1021 509 1195 566 vidua
1209 514 1320 579 est,
1340 514 1581 582 propter
1612 528 1787 585 quam

186 597 314 653 verbi
334 595 582 650 calestis
599 596 838 651 siccitas
856 613 987 650 cum
1007 606 1170 653 esset
1187 599 1246 653 in
1269 600 1465 668 terris,
1485 600 1787 671 propheta

179 690 283 743 sunt
309 684 605 753 destinati;
637 687 761 739 erat
790 685 947 739 enim
976 687 1174 757 vidua,
1210 704 1343 759 qua
1384 689 1609 746 sterilis
1639 694 1782 760 erat,

174 774 254 830 sed
277 776 487 845 partum
510 788 619 828 suo
648 777 911 844 tempore
943 776 1306 831 reservabat.

224 882 294 935 l'i.
326 878 482 934 Unde
532 895 639 934 nec
668 880 829 934 illius
881 881 1056 936 nobis
1086 884 1323 938 videtur
1368 899 1627 955 persona
1658 901 1785 941 me-

168 968 368 1038 diocris,
401 968 499 1039 qui
527 968 750 1023 aridam
778 973 1016 1039 terram,
1032 972 1201 1026 verbi
1224 973 1441 1045 rigavit
1461 990 1596 1030 rore
1618 976 1787 1031 coele-

166 1060 241 1125 sti,
256 1058 619 1128 clausumque
638 1058 853 1113 calum
866 1075 985 1114 non
1009 1059 1261 1116 humana
1278 1062 1480 1133 utique
1495 1066 1783 1134 potestate

163 1146 426 1202 reseravit.
447 1145 593 1211 Quis
616 1148 773 1202 enim
813 1152 905 1203 est
926 1150 1028 1220 qui
1052 1150 1265 1205 coelum
1300 1154 1496 1222 potest
1528 1153 1780 1224 aperire,

161 1235 253 1289 nisi
267 1234 543 1303 Christus,
565 1236 661 1289 cui
673 1228 935 1307 quotidie
947 1238 1019 1292 de
1031 1240 1447 1308 peccatoribus
1461 1241 1632 1295 cibus
1646 1242 1779 1311 (20),

162 1323 404 1378 Ecclesia
433 1324 708 1378 cumulus
740 1330 1142 1397 congregatur
1161 1329 1190 1382 ‘?
1247 1328 1454 1400 Neque
1483 1330 1639 1384 enim
1669 1329 1783 1384 hu-

159 1428 310 1467 mana
354 1412 647 1467 facultatis
696 1418 789 1469 est
837 1415 1071 1470 dicere:
1126 1415 1360 1488 Hydria
1407 1417 1623 1473 farina
1671 1435 1784 1474 non

160 1499 374 1565 deﬁciet,
409 1508 467 1556 et
503 1518 609 1557 vas
638 1501 756 1557 olei
784 1519 897 1558 non
928 1504 1167 1560 deﬁciet
1190 1522 1370 1579 usque
1401 1508 1464 1561 in
1496 1508 1652 1563 diem
1677 1525 1786 1582 quo

158 1588 293 1645 dubit
338 1589 621 1646 Dominus
670 1591 932 1663 pluviam
986 1610 1169 1665 super
1228 1601 1452 1650 terram
1497 1597 1606 1665 (Ill
1630 1597 1778 1671 Reg.

159 1693 267 1743 xvu,
296 1678 399 1747 14).
434 1679 586 1733 Nam
618 1680 758 1736 licet
783 1697 915 1736 mos
947 1683 1024 1736 sit
1055 1684 1133 1737 ita
1178 1684 1416 1754 prafari
1449 1686 1778 1757 prophetis,

1902 515 2119 571 divina
2132 518 2348 573 mereri
2361 519 2640 575 miracula
2654 524 2985 594 potestatis,
3005 526 3111 580 sed
3129 542 3333 582 eorum
3347 529 3568 599 quibus

1910 604 2211 676 religiosa
2242 607 2574 663 devotionis
2605 610 2799 664 studia
2829 611 3262 685 suilragentur:
3298 620 3355 671 et
3383 617 3567 674 divini

1901 708 2007 748 eos
2024 694 2218 750 fructu
2242 696 2440 766 operis
2461 697 2745 769 abdicari,
2768 701 2870 771 qui
2893 703 3242 759 reverentia
3272 708 3411 760 sunt
3442 723 3568 761 ca-

1897 782 2066 837 lestis
2085 788 2379 840 exsortes.
2411 785 2753 843 Ostenditur
2784 789 2955 843 etiam
2987 790 3048 844 in
3065 794 3366 863 mysterio,
3399 796 3560 867 quod

1897 871 1970 925 ad
1990 873 2431 929 instaurandam
2454 874 2803 947 Eoclesiam,
2828 877 2929 933 Dei
2954 878 3145 935 Filius
3170 881 3407 937 humani
3428 900 3566 939 cor-

1896 961 2061 1031 poris
2092 966 2456 1020 sacramenta
2484 966 2817 1037 susceperit
2847 967 2979 1037 (24),
3029 969 3300 1025 abdicato
3333 973 3550 1042 populo

1895 1049 2258 1122 Judaorum,
2294 1053 2510 1124 quibus
2552 1055 2927 1111 consiliarius
2974 1059 3031 1112 et
3077 1059 3363 1130 propheta
3412 1061 3553 1129 (lsa.

1896 1156 1978 1208 ix,
2002 1138 2034 1195 3
2056 1156 2179 1213 seq.
2194 1140 2234 1211 ),
2258 1140 2800 1216 beneﬁciorumque
2822 1146 3090 1217 adempta
3115 1151 3255 1202 sunt
3278 1149 3560 1204 miracula

1898 1228 2370 1286 Dominicorum:
2430 1247 2500 1287 eo
2558 1234 2714 1304 quod
2773 1234 2962 1289 civico
3005 1236 3261 1307 quodam
3316 1237 3555 1293 invidia

1896 1333 2067 1373 navo
2100 1317 2215 1389 (25)
2246 1319 2306 1373 in
2335 1319 2441 1375 Dei
2469 1320 2681 1376 Filium
2711 1323 2953 1378 credere
2984 1324 3319 1381 noluerunt.

2526 1444 2777 1501 CAPUT
2845 1447 2942 1502 IV.

1901 1566 2105 1646 Qualis
2123 1568 2445 1646 viduarum
2458 1570 2576 1646 vita
2592 1586 2730 1646 esse
2748 1570 2984 1646 debeat,
2996 1573 3283 1646 patefacit
3297 1574 3566 1646 exemplo

1964 1640 2156 1693 Annae
2177 1659 2193 1693 :
2226 1656 2393 1711 quam
2422 1640 2483 1694 in
2507 1641 2763 1711 singulis
2786 1643 2913 1696 suis
2932 1640 3232 1710 aetatibus,
3257 1640 3562 1701 castitatis

1965 1711 2265 1787 specimen
2296 1712 2563 1787 edidisse
2593 1711 2982 1787 demonstrat.
3028 1714 3344 1787 Triplicem
3366 1733 3446 1772 ex
3463 1718 3563 1772 [iis

167 1769 314 1821 tamen
334 1766 457 1823 hac
487 1784 631 1823 vera
656 1770 759 1825 Dei
781 1786 902 1825 vox
921 1774 1033 1826 est.
1070 1773 1205 1827 Ideo
1240 1775 1620 1844 praemissum
1652 1780 1777 1832 est:
1816 1786 1891 1848 B.
1966 1766 2183 1835 a‘struit
2208 1782 2470 1906 eiusdem
2501 1766 2749 1839 virtutis
2765 1766 3051 1909 predum—
3071 1766 3563 1860 ἓξὲξὴῦὸέρἷ-

167 1853 271 1909 Quia
297 1856 411 1909 hac
442 1858 594 1909 dicit
636 1859 920 1909 Dominus
948 1860 1154 1909 (Μήτι-)
1175 1881 1193 1909 .-
1226 1864 1454 1909 Domini
1503 1865 1657 1909 enim
1690 1869 1783 1909 ραι
1966 1852 2077 1906 dus
2104 1852 2227 1907 Ecc
2254 1854 2379 1907 esia
2402 1870 2604 1908 omnes
2633 1871 2763 1909 amo
2790 1857 3034 1909 ectitur.
3070 1873 3179 1909 nec
3208 1874 3322 1909 non
3352 1860 3561 1909 sinau-

2790 1871 2822 1909 Θ

167 1853 271 1918 Quia
297 1856 411 1911 hac
442 1858 594 1912 dicit
636 1859 920 1915 Dominus
948 1860 1193 1931 (Ibid.);
1226 1864 1457 1917 Domini
1503 1865 1660 1919 enim
1690 1869 1783 1921 est

156 1947 553 2015 perpetuitatem
576 1953 1085 2006 sacramentorum
1107 1952 1403 2023 spondere
1421 1954 1777 2027 calestium,

156 2036 316 2087 etnon
341 2035 678 2091 defuturam
725 2038 1011 2108 spiritalis
1059 2041 1476 2098 exsultationis
1530 2044 1781 2115 gratiam

154 2121 389 2193 polliceri,
422 2125 635 2198 largiri
668 2128 1029 2184 munimenta
1058 2129 1216 2201 vita,
1269 2130 1407 2186 ﬁdei
1439 2132 1774 2206 signacula,

152 2209 268 2265 dona
294 2214 590 2269 virtutum.

206 2316 276 2373 l8.
319 2320 461 2385 Quid
509 2325 609 2377 est
635 2324 868 2378 autem:
929 2324 1126 2397 Usque
1174 2326 1237 2381 in
1268 2326 1432 2382 illum
1481 2328 1638 2384 diem
1671 2346 1780 2402 quo

156 2405 282 2460 dabit
308 2408 588 2466 Dominus
615 2412 875 2483 pluviam
905 2431 1087 2487 super
1116 2423 1342 2472 terram
1371 2418 1610 2489 (Ibid.):
1659 2421 1776 2475 nisi

170 2497 273 2565 quia
291 2501 339 2553 et
379 2499 711 2557 descendet
740 2503 895 2559 sicut
934 2504 1135 2576 pluvia
1165 2507 1227 2561 in
1282 2507 1486 2577 vellus,
1523 2514 1581 2563 et
1623 2511 1779 2565 sicut

159 2585 415 2643 stillicidia
428 2589 732 2646 stillantia
754 2608 935 2665 super
956 2599 1181 2649 terram
1202 2596 1390 2666 (Psal.
1416 2614 1575 2667 LXXI,
1598 2599 1652 2668 6)
1670 2601 1698 2653 ?
1714 2600 1777 2654 In

156 2687 241 2743 quo
258 2678 458 2733 veteris
473 2681 828 2751 mysterium
840 2687 1143 2739 reseratur
1154 2685 1420 2741 historia
1451 2702 1567 2758 quo
1604 2704 1776 2743 sanc-

155 2763 448 2822 tusGedeon
461 2769 705 2840 mystici
727 2772 1069 2827 certaminis
1099 2774 1417 2845 praliator,
1434 2776 1650 2832 fntura
1673 2794 1775 2832 ca-

155 2850 535 2927 piensinsigna
555 2858 849 2929 victoria,
868 2862 1133 2931 spiritale
1152 2869 1591 2920 sacramentum
1606 2868 1774 2939 vigo-

156 2952 201 2991 re
223 2945 407 2999 mentis
449 2949 722 3019 agnovit,
756 2948 1015 3019 pluviam
1050 2951 1400 3008 illamVerbi
1420 2970 1616 3010 rorem
1634 2971 1773 3012 esse

156 3024 319 3085 divini:
348 3049 477 3104 qua
502 3038 702 3106 primo
724 3038 871 3108 pluit
898 3039 957 3094 in
979 3041 1193 3111 vellus,
1229 3058 1362 3097 cum
1392 3046 1550 3099 terra
1580 3047 1774 3101 omnis

1966 1852 2077 1937 dus
2104 1852 3179 1937 Ecclesia.omnesoamplectitur,‘nec
3208 1852 3335 1937 326:1
3352 1852 3561 1931 singu-

1964 1922 2044 1978 lis
2066 1924 2332 1998 exempla
2362 1926 2426 1998 in
2444 1926 2673 1998 rMaria,
2712 1922 2774 1998 in
2797 1928 2970 1981 Anna
3002 1922 3174 1998 atque
3197 1929 3257 1983 in
3288 1922 3560 1985 Susanna

1957 1995 2476 2070 proponit’rrtddit
2501 2002 2693 2070 tamen
2716 1997 2855 2051 aliis
2876 1995 3103 2053 duobus
3126 2005 3425 2070 praestare
3446 2007 3562 2057 sta-

1968 2070 2085 2137 tum
2114 2066 2503 2137 virginitatis,
2542 2067 2733 2123 vidua
2771 2075 2963 2124 autem
2995 2066 3194 2125 curam
3244 2072 3562 2129 servanda

1963 2136 2137 2190 fama
2156 2136 2438 2209 majorem
2463 2154 2598 2193 esse
2619 2144 2915 2211 oportere.

1963 2260 2051 2316 21.
2077 2246 2289 2317 Docuit
2318 2262 2498 2335 igitur
2536 2262 2836 2333 Scriptura
2878 2267 3156 2336 quantam
3180 2265 3413 2321 collatio
3443 2267 3559 2338 (26)

1894 2350 2159 2405 conferat
2188 2351 2457 2423 gratiam,
2495 2356 2775 2423 quantum
2808 2354 2981 2408 etiam
3004 2354 3081 2408 sit
3111 2370 3325 2409 munus
3344 2355 3558 2412 divina

1890 2438 2324 2497 benedictionis
2356 2441 2414 2495 in
2446 2441 2663 2496 viduis.
2694 2440 2922 2507 Quibus
2953 2444 3231 2514 quoniam
3264 2444 3557 2500 honoriﬁ-

1892 2529 2081 2584 centia
2112 2543 2145 2583 a
2175 2528 2297 2584 Deo
2324 2532 2479 2584 tanta
2531 2530 2851 2601 confertur,
2887 2535 2979 2586 est
3022 2531 3331 2588 advertere
3361 2533 3556 2604 qualis

1892 2616 2103 2673 debeat
2131 2618 2248 2672 vita
2305 2622 2666 2689 competere:
2728 2620 2899 2675 docet
2944 2620 3099 2675 enim
3148 2624 3317 2675 Anna
3348 2622 3557 2693 quales

1890 2705 2096 2761 deceat
2145 2721 2284 2762 esse
2334 2707 2566 2777 viduas,
2601 2724 2759 2779 qua,
2807 2708 3117 2764 immaturo
3148 2709 3343 2765 mariti
3392 2709 3558 2769 obitu

1890 2795 2186 2859 destituta.
2236 2799 2480 2851 matura
2522 2799 2715 2851 tamen
2759 2798 3036 2853 adoream
3084 2798 3277 2853 laudis
3326 2798 3551 2857 invenit

1890 2882 2033 2953 (27):
2057 2900 2175 2940 non
2200 2885 2395 2940 minus
2416 2885 2725 2958 religionis
2750 2886 2969 2954 ofﬁcio,
2995 2903 3169 2959 quam
3193 2888 3391 2944 studio
3425 2904 3557 2944 cas-

1889 2973 2070 3027 litatis
2101 2974 2339 3029 intenta.
2373 2974 2581 3043 Vidua,
2635 2975 2840 3046 inquit,
2876 2976 3174 3048 octoginta
3221 2979 3277 3033 et
3306 2974 3558 3049 quatuor

1889 3077 2197 3127 annorum,
2224 3063 2398 3118 vidua
2413 3080 2545 3135 qua
2560 3080 2677 3119 non
2690 3064 3023 3120 discederet
3041 3065 3112 3119 de
3124 3066 3361 3137 templo,
3378 3066 3554 3122 vidua

154 3122 401 3212 perpetuis
423 3124 803 3181 siccitatibus
825 3131 1136 3185 astuaret:
1171 3132 1435 3187 secundo
1457 3149 1601 3189 vero
1631 3135 1775 3190 indi-

1905 3167 2021 3224 Iua
2038 3151 2287 3223 jojuniis
2310 3155 2365 3207 et
2386 3151 2901 3208 obsecrationibus
2920 3152 3013 3208 die
3036 3170 3104 3207 ac
3145 3157 3317 3209 nocte
3358 3154 3553 3210 servi-

154 3205 219 3258 cio
235 3210 509 3268 universa
531 3217 714 3270 terra
736 3216 849 3285 (21)
880 3233 1077 3272 aream
1120 3219 1255 3275 fuso
1288 3221 1476 3277 imbre
1508 3224 1774 3279 madefe-

152 3294 222 3365 cit,
242 3312 358 3353 cum
392 3302 642 3358 siccitas
664 3309 827 3361 esset
866 3308 927 3361 in
946 3308 1167 3363 vellere
1207 3310 1424 3379 (Judic,
1449 3328 1528 3382 vx,
1552 3312 1770 3385 37-40).

205 3401 272 3457 l9.
300 3407 559 3465 Advertit
595 3411 752 3467 enim
782 3414 873 3467 vir
901 3430 1216 3489 praesagus
1246 3415 1460 3473 futura
1483 3417 1771 3477 Ecclesia

152 3498 427 3554 crescentis
446 3500 714 3573 insigne.
740 3501 889 3558 Nam
919 3505 1110 3575 primo
1151 3507 1303 3562 intra
1326 3508 1594 3564 Judaam
1628 3503 1762 3567 191

151 3578 294 3637 divini
321 3590 489 3659 capit
515 3604 626 3645 ros
655 3594 953 3649 sermonis
986 3594 1337 3652 humescere
1369 3598 1587 3655 lNotus
1615 3600 1773 3656 enim

151 3668 198 3721 in
214 3671 387 3730 Iudaea
406 3677 575 3733 Deus
597 3679 788 3748 (Psal.
820 3698 998 3753 Lxxv,
1022 3684 1077 3754 2)
1102 3700 1233 3739 cum
1255 3685 1417 3741 arida
1436 3687 1574 3743 ﬁdei
1591 3689 1771 3745 totius

153 3759 278 3815 orbis
302 3765 580 3822 universa
610 3770 768 3823 terra
801 3775 1064 3828 maneret
1097 3773 1230 3845 (22).
1266 3774 1384 3830 Sed
1415 3776 1517 3831 ubi
1546 3778 1772 3850 Joseph

156 3861 326 3921 greges
346 3854 528 3911 Deum
546 3872 774 3930 negare
797 3865 1123 3931 coeperunt,
1148 3866 1205 3917 et
1226 3879 1377 3919 ausu
1394 3866 1773 3922 varioimma-

157 3934 274 3993 nium
300 3941 645 4000 delictorum
693 3949 1044 4005 contrahere
1095 3951 1430 4008 Divinitatis
1462 3953 1771 4029 offensam,

156 4025 257 4081 tunc
280 4047 377 4100 per
402 4050 616 4090 omnes
647 4038 840 4092 terras
870 4038 1010 4095 fuso
1058 4040 1268 4097 imbris
1298 4057 1432 4097 rore
1476 4025 1769 4117 caelestis,

154 4118 712 4185 populusJudaorum
736 4129 885 4182 astu
898 4129 1161 4199 perﬁdia
1191 4147 1317 4185 sua
1349 4133 1774 4203 capitaresce-

154 4216 331 4294 {meum
344 4209 677 4268 Ecclesiam
690 4219 952 4271 sanctam
970 4233 1046 4272 ex
1060 4219 1335 4274 omnibus
1348 4223 1635 4277 terrarum
1648 4239 1718 4294 pa
1729 4240 1774 4277 r-

153 4290 275 4348 tibus
300 4305 715 4374 congregatam
761 4306 1125 4376 prophetica
1173 4308 1365 4363 nubes
1394 4312 1452 4363 et
1494 4290 1772 4367 salutaris

153 4376 302 4438 imber
326 4391 690 4458 apostolicus
738 4394 1075 4466 irrigarent.
1133 4397 1276 4452 Hac
1307 4401 1400 4452 est
1446 4398 1541 4453 illa
1572 4401 1771 4470 pluvia

152 4481 243 4580 Bon
267 4476 553 4535 terrarum
582 4480 843 4552 humido,
868 4500 988 4540 non
1004 4486 1296 4541 nebuloso
1316 4491 1590 4543 concreta
1609 4505 1772 4545 mon-
1800 4514 1858 4580 υ

150 4555 261 4650 lium
286 4563 409 4635 (23),
443 4570 557 4624 sed
585 4571 917 4628 calestium
947 4574 1387 4645 Scripturarum
1419 4577 1642 4632 salubri
1666 4595 1773 4650 per

151 4648 297 4705 totum
324 4656 519 4713 orbem
554 4659 740 4715 imbre
772 4660 1008 4717 diffusa.

190 4791 282 4877 ,ςέο
308 4796 381 4877 [La
408 4801 710 4877 plerisque
759 4821 931 4873 mss.,
966 4807 1103 4860 edit.
1155 4822 1299 4863 vero
1330 4810 1387 4863 et
1430 4808 1559 4863 cod.
1595 4808 1765 4877 Tell.,

155 4861 287 4950 {ibus
312 4861 595 4950 Ecclesia
614 4861 854 4930 .cumuto
875 4897 892 4941 ;
920 4861 1076 4932 alius
1108 4861 1300 4950 etiam,
1341 4861 1769 4934 iciliusmE'cclel

156 4944 236 4986 sua
260 4942 505 5005 cumulis,
543 4950 656 4999 etc.

173 5006 296 5085 ,αξη
317 5012 455 5085 βοὰ.
491 5016 661 5082 Tell.,
700 5019 799 5071 uni
810 5036 982 5074 vorsa
1007 5026 1343 5085 terrarum;
1378 5021 1478 5076 alii
1508 5022 1768 5077 nonnul-

155 5068 184 5122 li
204 5068 414 5153 et‘cdit"
449 5089 550 5141 uni
559 5068 790 5144 versam
823 5097 1068 5146 terram.

208 5144 300 5227 (ἐξ)
322 5144 531 5211 omnes
562 5159 723 5227 edit.,
758 5144 933 5215 arido
960 5144 1103 5217 lidei
1134 5164 1316 5218 totius
1331 5164 1502 5219 orbis
1533 5165 1770 5219 univer-

159 5226 206 5305 ff
232 5223 508 5305 terrerent
532 5249 549 5289 ,ο
580 5223 787 5286 omnes
819 5249 965 5288 mss.
999 5238 1246 5305 excepto
1275 5235 1421 5289 Tell.
1457 5238 1519 5289 ut
1550 5237 1609 5289 in
1642 5239 1767 5290 tex-

159 5286 226 5376 ξιξ
245 5295 291 5376 t3!
339 5298 503 5364 paulo
532 5286 691 5371 post
747 5286 964 5359 omnes
999 5286 1173 5375 edit:
1194 5286 1450 5361 vet—ausu
1507 5306 1760 5376 nell-tria,

161 5368 513 5437 omyesimssq
548 5368 605 5425 et
635 5390 813 5429 ausus
849 5377 1033 5431 vario.

328 5436 464 5519 ἔζεε.
496 5428 732 5519 aliquot,
766 5428 1125 5519 congregata
1156 5448 1457 5503 montium.

331 5507 464 5591 {Son
480 5499 645 5583 pauci
669 5499 1060 5591 mss.,rusac‘l'a
1092 5520 1373 5591 suscepit.

212 5572 303 5629 tibi
329 5572 563 5644 Quidam
607 5604 780 5659 mss.,
812 5572 869 5644 c’i
880 5572 980 5646 vos
1002 5572 1251 5664 quodam
1262 5572 1349 5647 ’ίά
1362 5572 1536 5648 vidia
1568 5605 1760 5648 navo.

1886 3244 1977 3296 ret
2006 3242 2167 3309 (Luc.
2198 3259 2260 3311 ιι,
2292 3242 2507 3311 36-38).

1958 3330 2047 3384 22.
2106 3330 2288 3385 Vides
2320 3330 2512 3402 qualis
2559 3330 2736 3384 vidua
2792 3330 3168 3401 praedicetur,
3202 3330 3381 3385 unius
3438 3330 3553 3387 viri

1886 3434 2058 3487 uxor,
2095 3419 2283 3474 atatis
2326 3434 2561 3492 quoque
2586 3418 2710 3491 jam
2739 3418 2983 3490 probata
3012 3435 3326 3491 processu,
3357 3418 3555 3475 vivida

1886 3507 2182 3580 religioni,
2229 3511 2285 3563 et
2319 3507 2487 3563 effeta
2514 3507 2638 3579 jam
2678 3523 2926 3579 corpore
2959 3507 3103 3577 (28):
3151 3509 3246 3563 cui
3278 3508 3555 3565 diverso-

1886 3597 2041 3653 rium
2061 3597 2122 3653 in
2141 3598 2378 3668 templo,
2403 3597 2833 3669 colloquiumin
2854 3612 3051 3668 prece,
3072 3597 3189 3651 vita
3211 3597 3270 3652 in
3290 3595 3551 3669 jejunio:

1886 3701 2020 3758 qua
2050 3686 2278 3741 dierum
2308 3686 2685 3757 noctiumque
2705 3686 3072 3757 temporibus
3103 3685 3426 3741 indefessa
3448 3686 3553 3741 de-

1885 3776 2144 3831 votionis
2176 3775 2486 3847 obsequio,
2523 3790 2657 3829 cum
2687 3774 2955 3846 corporis
2986 3778 3344 3846 agnosceret
3375 3790 3547 3830 sene-

1888 3867 2124 3933 ctutem,
2150 3864 2384 3935 pietatis
2404 3867 2600 3919 tamen
2624 3864 2884 3919 nesciret
2904 3866 3154 3919 atatem.
3180 3863 3278 3919 Sic
3299 3862 3554 3919 institui-

1884 3957 1981 4010 tur
2008 3971 2041 4009 a
2081 3954 2390 4027 juventute
2420 3954 2613 4023 vidua,
2659 3954 2748 4009 sic
2778 3954 3136 4025 praedicatur
3167 3944 3310 4008 192
3342 3952 3401 4006 in
3452 3969 3553 4007 se-

1886 4046 2118 4100 nectute
2162 4046 2475 4099 veterana:
2531 4059 2664 4114 qua
2693 4043 3035 4098 viduitatem
3065 4057 3183 4098 non
3234 4043 3551 4098 occasione

1884 4132 2189 4204 temporis,
2243 4148 2360 4187 non
2403 4132 2781 4187 imbecilitate
2833 4131 3126 4202 corporis,
3179 4132 3286 4188 sed
3317 4132 3553 4190 virtutis

1884 4222 2361 4295 magnanimitate
2411 4222 2758 4277 servaverit.
2795 4221 3023 4276 Etenim
3055 4237 3190 4276 cum
3238 4221 3380 4275 dicit
3410 4237 3552 4291 sep-

1884 4313 2002 4366 tem
2030 4311 2203 4365 annis
2233 4326 2361 4366 eam
2393 4326 2524 4365 cum
2573 4311 2702 4365 viro
2734 4311 2925 4366 fuisse
2974 4326 3008 4364 a
3051 4309 3388 4382 virginitate
3420 4325 3549 4377 sua,

1883 4399 1957 4455 ab
1984 4400 2402 4455 adolescentia
2449 4401 2650 4472 utique
2701 4399 2917 4455 studiis
2947 4398 3219 4454 inchoata
3270 4397 3552 4469 pradicet

1884 4488 2152 4544 subsidia
2182 4489 2529 4544 senectutis.

1952 4576 2041 4632 23.
2069 4578 2362 4634 Docemur
2384 4579 2580 4650 itaque
2610 4577 2903 4649 triplicem
2935 4574 3222 4630 castitatis
3246 4590 3385 4629 esse
3420 4575 3551 4629 vir-

1882 4668 2090 4722 tutem:
2126 4683 2300 4722 unam
2329 4666 2727 4739 conjugalem,
2752 4666 2926 4719 aliam
2955 4663 3280 4733 viduitatis,
3311 4662 3542 4719 tertiam

1954 4809 2066 4890 (26)
2095 4810 2312 4865 Omnes
2344 4810 2501 4890 edit._
2531 4811 2588 4890 et
2617 4808 2747 4863 cod.
2779 4807 2965 4890 "_I‘cll.,
2991 4812 3227 4890 ‘quapta
3273 4806 3543 4863 collatio:

1883 4881 2029 4937 Tell.
2045 4900 2062 4935 ι
2084 4898 2280 4948 manu,
2296 4879 2638 4951 consolatio,
2651 4878 2900 4950 gratia;
2924 4878 3171 4951 reliquis
3185 4894 3358 4951 mss.,
3379 4895 3554 4951 quan-

1884 4959 2000 5009 tam
2022 4953 2258 5008 collalio
2287 4950 2556 5006 conferat
2585 4951 2863 5019 gratiam.
2918 4950 3025 5005 Est
3054 4953 3246 5005 autem
3290 4950 3404 5005 hoc
3436 4951 3550 5005 loci

1882 5024 2116 5081 collatio
2144 5023 2299 5078 idem
2329 5038 2397 5076 ac
2424 5020 2813 5093 beneﬁcentia
2845 5023 3019 5093 atque
3048 5021 3446 5093 eleemosyna.

1948 5093 2061 5164 (27)
2094 5095 2219 5161 Vet,
2255 5093 2414 5162 edit.,
2458 5111 2490 5146 ιι
2514 5092 2637 5147 Deo
2658 5091 3196 5147 remunerationem
3231 5091 3431 5148 laudis
3459 5093 3550 5145 in-

1884 5166 2077 5221 venit:
2104 5166 2273 5218 Rom.
2297 5179 2439 5218 vero
2460 5180 2591 5217 cum
2611 5180 2758 5217 mss.
2783 5164 3080 5232 omnibus,
3102 5164 3400 5233 adoream,
3432 5167 3543 5217 etc.

1878 5236 2018 5291 Erat
2037 5236 2345 5306 pramium
2370 5235 2620 5289 militare
2651 5235 2807 5305 quod
2840 5250 2916 5289 ex
2943 5234 3119 5289 farris
3156 5249 3376 5304 genere
3400 5250 3547 5289 con-

1880 5307 2071 5362 stabat
2091 5322 2207 5377 quo
2229 5307 2477 5361 Romani
2500 5322 2594 5360 an.
2621 5306 2694 5360 ab
2718 5306 2878 5360 Urbe
2904 5306 3149 5377 condita,
3173 5306 3277 5359 300
3312 5306 3546 5377 victita—

1877 5381 2031 5433 runt.
2056 5376 2223 5433 Unde
2264 5377 2477 5432 adorea
2501 5393 2608 5447 per
2626 5380 2859 5447 tropum
2881 5392 2989 5446 pro
3020 5376 3193 5431 laude
3228 5380 3401 5448 atque
3434 5376 3545 5430 ho-

1877 5465 2020 5504 nore
2054 5448 2306 5503 sumitur
2335 5464 2403 5501 ac
2434 5448 2809 5518 potissimum
2839 5448 3095 5518 militari.

1947 5520 2061 5589 (28)
2094 5519 2239 5575 Mss.
2271 5535 2387 5575 non
2418 5517 2611 5593 pauci,
2650 5520 2822 5575 vidua
2843 5524 2900 5574 et
2921 5517 3102 5575 olleta
3122 5518 3248 5591 jam
3272 5531 3539 5599 corpore,
