3932 6152
465 283 584 357 255

1934 275 2001 340 S.
2047 267 2492 341 AMBROSII.

3724 262 3830 338 256

463 477 852 564 virginitatis;
875 492 993 543 non
1015 475 1172 543 enim
1191 485 1365 542 aliam
1385 485 1474 541 sie
1497 483 1916 556 praedicamus,
1938 484 2002 538 ut
2018 497 2121 537 ex-
2150 459 2210 524 Α
2309 493 2434 564 qua?
2467 475 2738 564 sequitur
2785 473 2862 528 ad
2877 471 3100 564 'vid‘uas
3126 470 3400 528 bonorum
3428 485 3644 545 operum
3666 464 3830 530 studio

467 567 770 636 ciudamus
791 577 958 632 alias.
979 576 1116 632 Suis
1139 576 1474 648 quibusque
1491 571 1971 646 professionibus
2007 571 2122 626 ista

467 667 820 724 conducunt.
845 668 908 721 In
926 667 1040 722 hoc
1061 665 1348 721 Ecclesiae
1393 667 1485 720 est
1514 663 1762 734 opulens
1807 660 2120 732 disciplina

463 756 597 827 (29),
630 757 788 828 quod
819 771 970 828 quos
987 755 1280 826 praeferat,
1304 753 1512 808 habet:
1547 769 1698 824 quos
1730 750 1978 824 rejiciat,
2003 764 2120 804 non

463 845 680 915 habet;
711 848 884 918 atque
915 845 1134 900 utinam
1178 844 1398 899 habere
1428 851 1726 914 nunquam
1780 834 2008 912 possit!
2041 838 2124 894 Ita

466 927 648 1007 igitur
693 935 1089 1007 virginitatem
1131 932 1605 1004 praedicavimus,
1655 933 1716 985 ut
1747 929 1956 984 viduas
2006 942 2124 982 non

463 1024 856 1095 rejiceremus
881 1041 894 1078 :
928 1023 1003 1078 ita
1035 1023 1242 1078 viduas
1273 1022 1654 1090 honoramus,
1678 1021 1740 1074 ut
1761 1034 1908 1074 suus
1931 1018 2124 1072 honos

469 1111 751 1186 conjugio
809 1116 1166 1169 reservetur.
1216 1111 1349 1166 Non
1404 1113 1608 1166 nostra
1639 1109 1753 1164 hoc
1806 1109 2122 1179 praecepta,

469 1201 575 1256 sed
605 1189 802 1258 divina
833 1190 1167 1257 testimdnia
1198 1188 1428 1256 docenti

538 1298 626 1364 24.
663 1309 1138 1364 Reminiseamur
1179 1309 1373 1382 itaque
1401 1307 1890 1382 quemadmodum
1921 1303 2122 1372 Maria,

471 1398 962 1472 quemadmodum
984 1401 1172 1466 Anna,
1198 1399 1688 1472 quemadmodum
1699 1396 1970 1452 Susanna
1984 1395 2131 1448 Lau-

471 1486 699 1542 dentur.
723 1485 838 1542 Sed
861 1487 1135 1559 quoniam
1155 1503 1271 1542 non
1313 1487 1520 1542 laudes
1543 1502 1744 1542 earum
1771 1487 2114 1539 tantummo-

471 1575 546 1632 do
573 1575 966 1648 praedieandae
987 1579 1144 1646 sunt,
1179 1577 1286 1632 sed
1317 1576 1646 1648 disciplinae
1675 1575 1847 1631 etiam
1877 1575 2016 1629 sunt
2033 1588 2128 1628 se-

471 1667 738 1736 quendae,
773 1653 1226 1722 reminiseamur
1251 1667 1354 1722 ubi
1385 1666 1656 1721 Susanna
1687 1665 1858 1735 (Dan.
1892 1677 2018 1732 xm,
2050 1661 2129 1730 Ἴ),

469 1753 571 1808 ubi
602 1758 770 1808 Anna
819 1755 984 1826 (Luc.
1029 1773 1089 1822 ιι,
1121 1753 1233 1825 37),
1267 1755 1368 1810 ubi
1399 1755 1582 1808 Maria
1630 1754 1790 1824 (Luc.
1821 1771 1860 1822 ι,
1893 1751 1983 1821 28)
2013 1751 2134 1804 sint

2306 543 2756 603 inﬂammandas
2787 543 3144 601 exhortatio.

2307 708 2396 763 2Ἳ.
2425 708 2631 763 Docuit
2647 704 2818 762 etiam
2839 703 2990 760 libro
3013 704 3238 771 eodem,
3275 703 3380 758 sed
3399 703 3508 757 alio
3527 701 3664 771 loco,
3687 717 3830 774 quam

2239 795 2689 854 misericordem
2708 797 2768 850 in
2789 805 3080 866 pauperes
3103 794 3160 848 et
3179 790 3472 846 liberalem
3511 805 3637 845 esse
3656 806 3835 846 conve-

2241 879 2380 958 niat,
2403 902 2512 942 nec
2536 883 2896 958 paupertatis
2927 877 3145 938 debere
3195 873 3667 950 contemplatione
3693 891 3837 934 revo-

2241 976 2360 1031 cari
2390 991 2404 1046 ;
2435 975 2570 1047 quia
2602 974 2923 1029 liberalitas
2970 987 3088 1026 non
3120 969 3351 1025 cumulo
3400 967 3726 1038 patrimonii,
3754 962 3841 1024 sed

2240 1065 2530 1138 largitatis
2563 1063 2838 1120 definitur
2868 1059 3099 1116 affectu.
3135 1058 3396 1130 Denique
3427 1055 3706 1111 Dominica
3721 1071 3842 1111 voce

2242 1155 2340 1208 illa
2370 1153 2545 1208 vidua
2577 1152 2852 1208 omnibus
2883 1149 3222 1216 antefertur,
3270 1147 3341 1202 de
3371 1161 3482 1218 qua
3511 1144 3710 1200 dictum
3737 1149 3842 1200 est:

2253 1228 2436 1300 Vidua
2461 1229 2726 1313 liaecpius
2741 1239 3012 1296 Omnibus
3033 1238 3196 1292 misit
3233 1235 3393 1306 (Luc.
3418 1251 3536 1304 xxx,
3557 1231 3629 1303 3).
3667 1232 3725 1287 ln
3749 1249 3844 1305 quo

2241 1332 2542 1388 moraliter
2569 1329 2856 1385 Dominus
2911 1318 3164 1381 instituit
3203 1325 3534 1391 u‘niVersos,
3565 1337 3634 1376 ne
3684 1322 3798 1392 quis
3819 1335 3845 1376 a

2245 1420 2554 1478 collatione
2569 1416 2899 1486 ministerii,
2922 1415 3283 1487 paupertatis
3315 1413 3534 1484 pudore
3548 1406 3843 1465 revocetur:

2243 1527 2354 1568 nec
2384 1509 2500 1564 sibi
2531 1507 2744 1564 divites
2775 1493 3171 1572 blandiantur,
3221 1501 3380 1574 quod
3409 1501 3540 1572 plus
3584 1500 3846 1554 videantur

2245 1599 2515 1655 conferre
2537 1613 2708 1668 quam
2729 1609 3040 1666 pauperes.
3069 1591 3324 1648 Uberior
3339 1593 3430 1646 est
3446 1589 3596 1644 enim
3617 1602 3842 1643 nummus

2245 1703 2276 1745 θ
2299 1704 2501 1759 parvo,
2531 1702 2705 1758 quam
2725 1685 3044 1739 thesaurus
3059 1697 3091 1736 e
3111 1681 3366 1736 maxime
3391 1695 3404 1748 ς
3436 1679 3566 1751 quia
3583 1693 3692 1732 non
3711 1692 3846 1748 quan-

2243 1781 2367 1832 tum
2387 1777 2574 1843 detur,
2601 1775 2708 1829 sed
2747 1776 3030 1845 quantum
3059 1770 3340 1837 resideat,
3375 1767 3723 1838 expenditur.
3753 1765 3848 1818 Ne~

472 1846 720 1936 regeri“?
742 1845 863 1936 :ft
909 1843 1284 1936 advertam“
1337 1843 1828 1936 ειυθηιίξάπιοάυπι
1877 1839 2132 1912 Singulae
2159 1837 2218 1902 Β
2247 1881 2340 1921 mo
2363 1865 2495 1936 plus
2514 1837 2734 1931 tribuit,
2754 1837 2928 1934 quam
2953 1875 3084 1932 quae
3118 1858 3263 1913 nihil
3288 1857 3405 1912 sibi
3429 1837 3656 1926 reliquit
3679 1853 3793 1924 (32).

472 1933 626 2002 aptis
655 1931 930 1988 laudibus
961 1933 1379 2004 praedicantur,
1412 1935 1467 1988 et
1499 1932 1736 1987 ubinam
1767 1945 2134 1986 commeren-

471 2023 595 2077 tur:
621 2024 798 2093 nupta
821 2024 879 2076 in
915 2021 1190 2092 paradiso
1225 2021 1357 2094 (30),
1391 2023 1567 2076 vidua
1604 2021 1662 2076 in
1693 2018 1932 2092 templo,
1963 2019 2134 2092 virgo

473 2107 533 2164 tn
564 2113 818 2166 secreto.

543 2216 630 2272 25.
661 2217 778 2274 Sed
810 2219 870 2274 in
901 2219 1018 2274 illis
1049 2221 1272 2275 tardior
1301 2219 1548 2287 fructus,
1584 2219 1640 2272 in
1675 2218 1904 2289 virgine
1944 2217 2135 2271 matu-

475 2308 634 2364 rior:
669 2308 802 2363 illas
835 2313 1112 2364 senectus
1144 2309 1371 2380 probat,
1421 2307 1734 2381 virginitas
1781 2307 1912 2361 laus
1943 2306 2133 2362 atatis

473 2401 604 2466 est;
637 2412 746 2453 nec
777 2397 1116 2470 adiumenta
1147 2399 1356 2470 quaerit
1375 2413 1683 2466 annorum,
1710 2413 1841 2468 qua:
1875 2393 2134 2450 omnium

473 2489 566 2544 est
595 2485 824 2542 fructus
854 2491 1107 2543 aetatum.
1143 2487 1618 2542 Adolescentiam
1653 2487 1839 2554 decet,
1857 2485 2136 2556 juventu-

471 2579 589 2632 tem
641 2581 828 2645 ornat,
881 2577 1198 2647 amplificat
1245 2579 1646 2632 senectutem:
1698 2577 1974 2645 omnique
2007 2589 2135 2628 aevo

475 2665 652 2721 habet
676 2665 924 2736 justitiae
965 2681 1092 2720 suae
1122 2681 1325 2733 canos,
1385 2665 1771 2718 maturitatem
1805 2663 2132 2734 gravitatis,

473 2753 746 2808 velamen
775 2753 1041 2824 pudoris,
1075 2770 1208 2824 quae
1239 2755 1612 2811 devotionem
1641 2750 1756 2822 (3t)
1797 2768 1915 2806 non
1947 2751 2136 2822 impe-

474 2843 613 2911 diat,
666 2843 1013 2915 religionem
1063 2846 1295 2913 augeat.
1341 2842 1720 2896 Advertimus
1759 2842 1914 2896 enim
1965 2857 2040 2895 ex
2069 2855 2136 2895 se

474 2932 792 3004 quentibus
843 2931 978 3004 quia
1009 2933 1324 3004 quotannis
1371 2931 1430 2985 in
1463 2931 1556 2986 die
1605 2929 1853 2986 solemni
1892 2929 2160 2984 Paschas.

475 3024 678 3078 sancta
702 3021 883 3075 Maria
908 3037 1042 3076 cum
1091 3021 1314 3092 Joseph
1348 3020 1677 3076 Jerusalem
1710 3019 1944 3090 petebat
1967 3019 2132 3080 (Luc.

474 3127 538 3176 ιι,
572 3109 682 3179 41).
719 3109 952 3182 Ubique
995 3110 1248 3183 impigre
1295 3109 1550 3178 devotio,
1583 3109 1802 3180 ubique
1851 3107 2135 3162 assiduus

2316 1973 2404 2028 28.
2437 1971 2585 2037 Quid
2617 1973 2696 2037 tu,
2729 1969 2918 2036 dives,
2943 1967 3115 2040 egeni
3137 1964 3570 2036 comparatione
3589 1965 3641 2016 te
3657 1959 3855 2032 jactus?

2245 2065 2302 2118 et
2333 2077 2467 2116 cum
2503 2063 2621 2114 tota
2662 2056 2929 2112 onereris
2959 2071 3124 2122 auro,
3176 2053 3494 2124 pretiosam
3526 2066 3626 2122 per
3652 2051 3852 2103 humum

2245 2148 2489 2208 trahens
2510 2150 2756 2216 vestem,
2781 2145 2951 2217 quasi
2967 2144 3214 2198 inferior
3233 2141 3354 2196 tuis
3377 2143 3432 2196 et
3449 2155 3619 2211 parva
3649 2135 3854 2200 divitiis,

2246 2239 2525 2296 honorari
2553 2233 2880 2302 desideras,
2907 2235 3043 2304 quia
3075 2233 3312 2302 inopem
3331 2229 3633 2285 collatione
3662 2224 3859 2279 vicisti?

2247 2329 2318 2384 Et
2355 2327 2594 2382 ﬂumina
2641 2324 3027 2394 superﬂuunt,
3081 2335 3214 2373 cum
3264 2316 3627 2385 redundant;
3673 2311 3862 2386 gratior

2245 2422 2439 2473 tamen
2460 2415 2710 2470 haustus
2730 2428 2760 2466 e
2784 2410 2974 2466 rivulo
2999 2412 3108 2464 est.
3134 2408 3425 2479 Spumant
3459 2409 3516 2460 et
3550 2407 3721 2459 musta
3748 2401 3861 2455 dum

2245 2507 2496 2574 fervent,
2522 2519 2630 2556 nec
2652 2501 2926 2556 damnum
2948 2501 3106 2569 putat
3129 2496 3398 2568 agricola
3421 2493 3574 2566 quod
3589 2491 3860 2548 efﬂuxerit.

2251 2593 2636 2651 Gementibus
2665 2589 2844 2656 areis,
2879 2588 3014 2642 dum
3048 2585 3298 2640 caeditur
3353 2583 3588 2651 messis,
3620 2581 3864 2636 frumenta

2247 2683 2524 2739 desiliunt
2543 2680 2686 2751 (33):
2712 2677 2819 2732 sed
2841 2674 3255 2730 deficientibus
3278 2673 3602 2738 messibus,
3627 2685 3731 2724 non
3751 2667 3866 2722 deti-

2249 2773 2328 2828 cit
2356 2770 2564 2843 hydria
2586 2769 2656 2824 de
2681 2767 2888 2834 farina,
2911 2769 2968 2820 et
2986 2765 3156 2835 plena
3198 2761 3308 2818 olei
3356 2764 3504 2816 testa
3545 2752 3872 2824 desudat(lII

2248 2861 2396 2933 Reg.
2417 2876 2559 2926 xvu,
2587 2857 2696 2926 16).
2718 2854 3053 2914 Exinanivit
3073 2855 3266 2906 tamen
3289 2851 3450 2906 dolia
3473 2849 3700 2903 divitum
3720 2843 3868 2933 sicci-

2246 2932 2360 3020 tas,
2395 2965 2526 3004 cum
2557 2946 2750 3000 viduae
2798 2942 3184 3015 pauxillulum
3218 2939 3506 2995 olearium
3555 2932 3868 2992 redundarit.

2251 3040 2384 3094 Non
2403 3052 2546 3108 ergo
2569 3034 2710 3106 quid
2747 3033 2983 3088 fastidio
3005 3045 3251 3101 expuas,
3277 3029 3392 3084 sed
3427 3029 3696 3100 quantum
3716 3023 3869 3077 devo-

2249 3129 2407 3183 tione
2424 3125 2720 3192 eont‘eras,
2748 3119 3154 3177 aestimandum
3179 3120 3288 3172 est.
3315 3117 3582 3188 Denique
3605 3113 3746 3168 nulla
3759 3109 3868 3182 plus

474 3198 706 3271 νίνείηί
737 3214 938 3254 comes
960 3199 1206 3270 Ριιάονίε
1226 3199 1594 3270 εάᾶιιηείίιιν-
1620 3199 1746 3253 Νθθ
1775 3198 2010 3252 inﬂatu“
2031 3195 2138 3286 ῡρ·
2165 3187 2226 3260 σ
2249 3216 2458 3272 tribuit
2484 3229 2659 3286 quam
2700 3187 2797 3266 illa
2827 3227 2960 3281 quae
3011 3209 3082 3263 de
3115 3207 3376 3262 ﬁliorum
3421 3187 3703 3259 alimentis
3742 3197 3874 3270 pavit

474 3289 840 3359 minimater,
861 3289 1032 3360 quasi
1055 3305 1264 3344 secura
1287 3289 1359 3344 de
1383 3287 1608 3343 meritis
1632 3304 1644 3343 :
1681 3287 1788 3342 sed
1819 3301 1935 3358 quo
1958 3285 2138 3339 meri-

476 3381 596 3434 tum
626 3378 818 3450 magis
848 3379 1108 3450 agnovit,
1134 3393 1204 3434 eo
1229 3381 1424 3434 votum
1443 3377 1688 3432 uberius
1706 3375 1981 3441 exsolvit,
2006 3373 2136 3428 otti-

477 3467 634 3522 cium
681 3467 984 3538 cepiosius
1041 3467 1265 3534 detulit,
1324 3483 1540 3523 munus
1583 3466 1907 3538 religiosus
1955 3463 2134 3532 vexit,

475 3557 791 3630 mysticum
821 3560 1052 3628 tempus
1085 3556 1364 3627 implevit.

545 3661 634 3719 26.
657 3661 882 3729 Quanto
906 3663 1085 3736 igitur
1103 3679 1210 3718 vos
1227 3662 1416 3734 magis
1440 3661 1712 3717 convenit
1727 3661 1981 3715 intentas
1999 3673 2138 3714 esse

477 3753 671 3808 studio
695 3753 1002 3820 castitatis,
1029 3767 1102 3806 ne
1135 3752 1328 3807 locum
1347 3751 1608 3806 sinistrae
1637 3749 1984 3821 relinquatis
2009 3747 2140 3818 opi-

476 3841 667 3910 nioni,
700 3857 834 3912 quae
863 3840 1161 3912 pudicitiae
1189 3841 1590 3896 testimonium
1636 3839 1695 3894 in
1726 3838 1874 3894 solis
1908 3836 2138 3892 habetis

475 3927 776 3988 moribus!
815 3931 994 4002 Virgo
1025 3931 1177 3985 enim
1197 3972 1211 4000 ,
1243 3930 1379 3984 licet
1408 3930 1469 3984 in
1499 3945 1564 3984 ea
1599 3943 1834 4000 quoque
1853 3925 2044 3998 major
2063 3925 2142 3980 sit

476 4035 704 4076 morum
728 4019 1122 4091 praerogativa
1144 4035 1316 4090 quam
1355 4019 1644 4088 corporis,
1685 4015 2037 4071 calumniam
2060 4017 2143 4067 ta-

478 4123 614 4164 men
631 4107 963 4179 integritate
981 4108 1178 4162 carnis
1199 4107 1466 4179 abjurat;
1496 4107 1692 4174 vidua,
1727 4121 1860 4176 quae
1884 4103 2143 4174 proban-

479 4195 570 4250 (ιω
588 4195 922 4251 subsidium
945 4196 1302 4269 virginitatis
1319 4195 1603 4264 amiserit,
1645 4210 1760 4248 non
1784 4193 1841 4247 in
1859 4207 2011 4246 voce.
2033 4191 2143 4246 ob-

479 4285 762 4354 stetricis,
795 4285 903 4340 sed
933 4285 991 4340 in
1023 4285 1152 4340 suis
1184 4285 1450 4340 moribus
1482 4284 1656 4338 habet
1689 4281 1974 4337 castitatis
1999 4296 2144 4334 exa-

478 4389 633 4430 men.
658 4374 870 4429 Docuit
903 4374 1084 4446 igitur
1112 4373 1413 4444 Scriptura
1445 4388 1619 4444 quam
1663 4374 1918 4426 attentus
1951 4368 2144 4424 vidua)

479 4479 618 4524 esse
650 4463 858 4519 debeat
886 4467 944 4520 et
969 4462 1292 4536 religiosus
1322 4460 1590 4518 affectus.

1055 4571 1198 4654 193
1228 4595 1480 4652 CAPUT
1511 4595 1580 4650 v.

481 4705 702 4762 Libera
710 4706 898 4762 litatis
911 4723 1053 4778 erga
1060 4721 1135 4778 pa
1143 4721 1356 4778 uperes
1367 4701 1694 4778 exemplum
1707 4701 1768 4755 in
1787 4699 1958 4778 vidua
1973 4716 2004 4754 e
2015 4716 2148 4778 [an-

550 4778 742 4850 geliea
767 4771 1138 4850 propoiiitur,
1173 4771 1338 4850 cuius
1379 4775 1491 4830 duo
1516 4771 1750 4850 minuta,
1771 4771 2144 4850 largioribus

553 4842 803 4903 divitum
836 4842 1008 4903 donis
1051 4842 1444 4903 ostenduntur
1477 4861 1611 4900 esse
1652 4845 1905 4916 potiora.
1938 4842 2143 4916 ___Doee-

555 4921 844 4973 turetium
877 4919 1043 4973 hisce
1059 4919 1287 4973 duobus
1317 4917 1561 4970 minutis
1589 4913 1894 4986 utrumque
1934 4913 2144 4986 Testa-

551 4993 808 5044 mentum
823 4990 1116 5060 signatum
1131 5006 1285 5043 esse.
1306 4987 1450 5053 Quis
1463 4987 1565 5042 ille
1585 4985 1902 5040 thesaurus
1915 4985 2142 5060 sit,_un-

554 5061 629 5115 de
641 5054 939 5131 magoruin
953 5060 1220 5131 exemplo
1234 5060 1351 5114 tria
1385 5074 1626 5131 munera
1635 5098 1651 5131 ._
1665 5063 1762 5131 aut
1783 5073 1813 5109 (ι
1827 5054 2144 5131 ινθηῃορσέθ

559 5124 758 5187 viduae
779 5131 992 5200 instar,
1027 5124 1140 5185 due
1159 5147 1280 5184 aera
1322 5130 1592 5202 depromi
1615 5124 1966 5201 jubeaumr?
1995 5124 2144 5179 Post

553 5273 668 5342 (29)
714 5272 1036 5344 Disciplina
1067 5272 1212 5327 nihil
1272 5271 1387 5328 hoc
1416 5272 1548 5344 loco
1605 5269 1763 5324 aliud
1793 5271 1904 5344 est,
1963 5283 2140 5344 quam

483 5339 766 5412 inetituta,
828 5339 1016 5416 leges,
1053 5347 1109 5398 et
1151 5343 1635 5409 consuetudines,
1668 5356 1801 5410 quae
1851 5341 2061 5416 vigent
2083 5339 2141 5392 in

484 5409 762 5473 Ecclesia
787 5409 1109 5483 catholica;
1158 5432 1292 5470 cum
1323 5429 1390 5469 ea
1419 5429 1536 5469 vox
1580 5409 1703 5468 non
1728 5427 1862 5466 raro
1893 5409 2000 5482 pro
2031 5409 2140 5465 do-

485 5490 670 5545 ctrina
701 5491 874 5545 atuue
905 5487 1233 5542 eruditione
1263 5489 1548 5540 sumatur.

551 5553 824 5632 (30)Cod.
845 5557 1551 5632 unuseColbertwrnupta
1584 5555 1644 5608 in
1671 5554 1976 5632 pomerio‘é
2007 5553 2142 5624 lege

484 5623 855 5703 in‘po'mario,
889 5629 1231 5703 et_intellige
1267 5623 1533 5703 Latinam
1557 5623 1762 5703 vocem
1787 5639 1908 5703 pro_
1934 5623 2142 5678 Graeca

482 5693 760 5775 paradiso
787 5693 1060 5774 ejusdem
1082 5693 1302 5756 sensus
1321 5697 1511 5754 fuisse
1532 5693 1866 5770 positamin
1893 5693 2009 5764 hoc
2039 5709 2144 5750 co-

1380 5786 1412 5810 ἱ

2165 4537 2236 4614 δ.

2249 3305 2614 3378 prophetam.
2649 3301 2721 3356 Et
2741 3300 2872 3354 ideo
2903 3299 3040 3370 quia
3070 3297 3246 3352 nulla.
3280 3295 3422 3366 plus
3453 3291 3706 3360 contulit,
3745 3285 3872 3343 nulla

2250 3395 2385 3466 plus
2415 3391 2645 3448 meruit.
2683 3389 2824 3444 Haec
2855 3387 3176 3443 moraliter.

2320 3500 2410 3555 29.
2435 3499 2560 3554 Nec
2577 3496 2825 3568 mystice
2841 3497 3034 3549 tamen
3054 3490 3410 3562 despexeris
3431 3489 3580 3544 hanc
3609 3484 3874 3541 mulierem

2253 3593 2312 3647 in
2343 3586 2826 3663 gazophylacium
2846 3584 2962 3639 duo
2985 3599 3104 3638 aera
3125 3581 3470 3636 mittentem.
3508 3578 3712 3649 Magna
3729 3573 3874 3663 plane

2252 3662 2490 3748 femina,
2523 3693 2656 3748 quae
2686 3675 2886 3730 divino
2929 3670 3160 3743 judicio
3188 3670 3408 3724 meruit
3456 3665 3722 3723 omnibus
3747 3662 3880 3716 ante-

2253 3769 2416 3825 ferri.
2449 3767 2540 3822 Ne
2572 3765 2720 3820 forte
2751 3763 2846 3818 illa
2869 3763 2948 3815 sit
2965 3776 3096 3832 quae
3116 3759 3188 3814 de
3211 3758 3324 3814 tlde
3357 3775 3467 3813 sua
3486 3757 3558 3810 ad
3586 3749 3881 3809 subsidium

2254 3857 2557 3914 hominum
2590 3853 2704 3908 duo
2734 3852 3082 3906 testamenta
3115 3847 3462 3902 contulerit:
3499 3848 3554 3900 et
3596 3843 3720 3896 ideo
3752 3835 3883 3893 nulla

2253 3947 2388 4020 plus
2409 3943 2566 3999 fecit.
2591 3941 2716 3996 Nec
2733 3940 3047 4012 quisquam
3079 3937 3384 3992 hominum
3420 3933 3795 4020 quantitatem
3805 3939 3885 3996 po-

2253 4016 2362 4091 tuit
2384 4031 2717 4089 collationis
2740 4027 2876 4100 ejus
2916 4041 3174 4098 aequare,
3199 4041 3333 4097 quae
3377 4025 3555 4080 ﬁdem
3577 4037 3704 4076 eum
3731 4016 3884 4072 mise-

2255 4121 2507 4180 ricordia
2540 4117 2852 4190 copulavit.
2907 4115 2978 4170 Et
3005 4119 3065 4169 tu
3112 4115 3295 4186 igitur
3341 4125 3708 4184 quaecunque
3737 4104 3884 4158 vitam

2257 4212 2454 4270 studio
2476 4208 2760 4264 vituitatis
2801 4220 3074 4272 exerces,
3099 4219 3172 4258 ne
3207 4201 3447 4257 dubites
3469 4201 3540 4255 ad
3564 4191 3888 4272 gazophyla-

2257 4303 2414 4358 cium
2441 4299 2557 4355 duo
2588 4313 2706 4353 aera
2735 4294 2989 4362 deferre,
3023 4292 3115 4347 vel
3149 4291 3286 4346 tidei
3314 4291 3513 4361 plena,
3565 4288 3658 4343 vel
3688 4281 3885 4358 gratiae.

2325 4409 2414 4465 30.
2449 4405 2610 4463 Felix
2640 4403 2736 4457 illa
2768 4417 2902 4474 quae
2933 4400 3004 4455 de
3034 4399 3314 4454 thesauro
3347 4413 3462 4452 suo
3493 4397 3771 4466 integram
3797 4389 3892 4442 Re-

2257 4498 2353 4571 gis
2383 4493 2700 4566 imaginem
2747 4489 2990 4562 profert.
3037 4487 3383 4543 Thesaurus
3428 4489 3569 4541 tuus
3615 4475 3890 4552 sapientia,

2255 4587 2574 4644 thesaurus
2591 4585 2730 4637 tuus
2751 4579 2994 4634 castitas
3024 4579 3200 4648 atque
3233 4575 3420 4647 justia
3455 4577 3570 4642 est,
3606 4571 3894 4648 thesaurus

2255 4641 2395 4732 tuus
2438 4671 2773 4728 intellectus
2811 4668 3038 4722 bonus:
3091 4641 3262 4736 quasi
3294 4665 3390 4718 ille
3424 4641 3739 4718 thesaurus
3771 4641 3894 4710 194

2257 4764 2384 4834 fuit,
2418 4763 2490 4817 de
2512 4775 2630 4832 quo
2652 4771 3000 4830 magnorum
3017 4753 3148 4822 viri,
3169 4768 3398 4820 aurum,
3418 4752 3582 4819 thus,
3603 4745 3894 4818 myrrham,

2259 4869 2393 4910 cum
2431 4851 2745 4906 adorarent
2793 4845 3124 4912 Dominum,
3174 4840 3547 4913 protulerunt
3591 4833 3818 4906 (Matth.
3846 4845 3896 4894 ιι,

2259 4943 2380 5011 ll):
2415 4954 2559 4994 auro
2581 4937 2745 5010 regis
2765 4934 3084 5007 potentiam
3106 4931 3499 4999 declat-antes,
3547 4928 3730 4982 Deum
3750 4921 3898 5011 thure

2257 5007 2632 5095 venerantes,
2651 5007 2892 5096 myrrha
2911 5019 3408 5078 resurrectionem
3431 5015 3702 5088 corporis
3735 5007 3900 5096 conti-

2255 5123 2469 5176 tentes.
2496 5093 2697 5172 Habes
2720 5093 2776 5170 et
2799 5116 2856 5168 tu
2879 5111 3227 5166 thesaurum
3262 5109 3420 5163 hunc
3465 5106 3520 5162 si
3551 5106 3611 5160 in
3641 5107 3695 5158 te
3726 5093 3902 5168 requi-

2263 5265 2443 5405 ὼῗὲί)
2467 5331 2651 5405 Omes
2699 5329 2860 5396 edit,
2895 5327 2994 5400 qui
3038 5324 3454 5405 devotionem,-
3497 5332 3704 5374 omnes
3746 5325 3898 5373 mss.,

2260 5395 2798 5480 quaedevotionein,
2835 5395 3041 5469 pe'mpe
3057 5395 3424 5480 "virginitas.
3438 5462 3462 5480 θ
3539 5463 3574 5480 η
3749 5455 3760 5467 0

2328 5453 2754 5546 ὣὲἶΝξιιιιιῦἱιί
2786 5453 2989 5540 mss;
3009 5467 3132 5523 sibi
3175 5453 3398 5540 ‘i'eliqui
3426 5462 3617 5524 fecit;
3667 5453 3904 5530 quidam,

2255 5549 2378 5606 sibi
2405 5545 2678 5602 retinuit.
2800 5613 2811 5615 _
2989 5611 2999 5615 _
3229 5614 3232 5615 ν
3355 5607 3368 5615 _
3421 5605 3441 5615 _
3480 5602 3514 5615 ,,

2297 5602 2442 5690 K33)
2472 5617 2690 5690 ()mnes
2747 5611 3286 5690 edit.,___fru_ment_a_
3329 5602 3908 5690 defoiiuntngwo‘mncs

2258 5672 2438 5761 mééi,’
2463 5688 2761 5744 frumenta
2792 5672 3118 5754 desiliunt;
3151 5679 3410 5758 quidam,
3451 5672 3782 5734 dissiliunt.
