  <div class='ocr_page' id='page_1' title='image "/cluster/home/n/w/nwhite01/storage/ocr_20150623/16/hvd.32044096580444/134.png"; bbox 0 0 4060 6158; ppageno 0'>
   <div class='ocr_carea' id='block_1_1' title="bbox 200 358 3592 456">
    <p class='ocr_par' dir='ltr' id='par_1_1' title="bbox 200 358 3592 456">
     <span class='ocr_line' id='line_1_1' title="bbox 200 358 3592 456; baseline -0.006 -18"><span class='ocrx_word' id='word_1_1' title='bbox 200 376 284 439; x_wconf 75' lang='lat'>257</span> <span class='ocrx_word' id='word_1_2' title='bbox 1415 363 1676 430; x_wconf 81' lang='lat' dir='ltr'>LIBER</span> <span class='ocrx_word' id='word_1_3' title='bbox 1702 361 1816 429; x_wconf 81' lang='lat' dir='ltr'>DE</span> <span class='ocrx_word' id='word_1_4' title='bbox 1849 360 2154 428; x_wconf 85' lang='lat' dir='ltr'>VlDUlS.</span> <span class='ocrx_word' id='word_1_5' title='bbox 2817 440 2834 456; x_wconf 33' lang='lat' dir='ltr'><strong>O</strong></span> <span class='ocrx_word' id='word_1_6' title='bbox 3464 358 3592 432; x_wconf 53' lang='grc' dir='ltr'>ωε</span> 
     </span>
    </p>
   </div>
   <div class='ocr_carea' id='block_1_2' title="bbox 190 554 3590 634">
    <p class='ocr_par' dir='ltr' id='par_1_2' title="bbox 190 554 3590 634">
     <span class='ocr_line' id='line_1_2' title="bbox 190 554 3590 634; baseline -0.003 -6"><span class='ocrx_word' id='word_1_7' title='bbox 190 588 294 629; x_wconf 84' lang='lat' dir='ltr'>ras:</span> <span class='ocrx_word' id='word_1_8' title='bbox 323 570 610 625; x_wconf 82' lang='lat' dir='ltr'>Habemus</span> <span class='ocrx_word' id='word_1_9' title='bbox 640 569 795 623; x_wconf 87' lang='lat' dir='ltr'>enim</span> <span class='ocrx_word' id='word_1_10' title='bbox 840 568 1180 623; x_wconf 78' lang='lat' dir='ltr'>thesaurum</span> <span class='ocrx_word' id='word_1_11' title='bbox 1209 567 1272 622; x_wconf 87' lang='lat' dir='ltr'>in</span> <span class='ocrx_word' id='word_1_12' title='bbox 1314 567 1476 622; x_wconf 83' lang='lat' dir='ltr'>vasis</span> <span class='ocrx_word' id='word_1_13' title='bbox 1522 565 1812 620; x_wconf 79' lang='lat' dir='ltr'>ﬁctilibus</span> <span class='ocrx_word' id='word_1_14' title='bbox 1839 554 1878 617; x_wconf 74' lang='grc' dir='ltr'>Α</span> <span class='ocrx_word' id='word_1_15' title='bbox 1928 564 2020 633; x_wconf 88' lang='lat' dir='ltr'>rii,</span> <span class='ocrx_word' id='word_1_16' title='bbox 2052 563 2386 618; x_wconf 77' lang='lat' dir='ltr'>mercedem</span> <span class='ocrx_word' id='word_1_17' title='bbox 2417 579 2651 634; x_wconf 89' lang='lat' dir='ltr'>quoque</span> <span class='ocrx_word' id='word_1_18' title='bbox 2673 578 2800 618; x_wconf 81' lang='lat' dir='ltr'>suae</span> <span class='ocrx_word' id='word_1_19' title='bbox 2830 578 3041 634; x_wconf 83' lang='lat' dir='ltr'>capere</span> <span class='ocrx_word' id='word_1_20' title='bbox 3059 564 3409 634; x_wconf 87' lang='lat' dir='ltr'>disciplinae.</span> <span class='ocrx_word' id='word_1_21' title='bbox 3445 566 3590 628; x_wconf 82' lang='lat'>195</span> 
     </span>
    </p>
   </div>
   <div class='ocr_carea' id='block_1_3' title="bbox 187 651 3591 731">
    <p class='ocr_par' dir='ltr' id='par_1_3' title="bbox 187 651 3591 731">
     <span class='ocr_line' id='line_1_3' title="bbox 187 651 3591 731; baseline -0.003 -14"><span class='ocrx_word' id='word_1_22' title='bbox 187 663 254 731; x_wconf 71' lang='lat' dir='ltr'>{II</span> <span class='ocrx_word' id='word_1_23' title='bbox 276 662 397 716; x_wconf 90' lang='lat' dir='ltr'>Cor.</span> <span class='ocrx_word' id='word_1_24' title='bbox 439 676 518 727; x_wconf 79' lang='lat' dir='ltr'>xv,</span> <span class='ocrx_word' id='word_1_25' title='bbox 551 658 623 727; x_wconf 81' lang='lat'>&#39;7).</span> <span class='ocrx_word' id='word_1_26' title='bbox 677 657 879 712; x_wconf 85' lang='lat' dir='ltr'>Habes</span> <span class='ocrx_word' id='word_1_27' title='bbox 911 673 1119 711; x_wconf 86' lang='lat' dir='ltr'>aurum</span> <span class='ocrx_word' id='word_1_28' title='bbox 1151 656 1308 728; x_wconf 90' lang='lat' dir='ltr'>quod</span> <span class='ocrx_word' id='word_1_29' title='bbox 1340 656 1654 713; x_wconf 86' lang='lat' dir='ltr'>conferas:</span> <span class='ocrx_word' id='word_1_30' title='bbox 1687 671 1806 710; x_wconf 90' lang='lat' dir='ltr'>non</span> <span class='ocrx_word' id='word_1_31' title='bbox 1928 651 2159 706; x_wconf 89' lang='lat' dir='ltr'>Etenim</span> <span class='ocrx_word' id='word_1_32' title='bbox 2187 668 2320 722; x_wconf 87' lang='lat' dir='ltr'>quae</span> <span class='ocrx_word' id='word_1_33' title='bbox 2350 651 2501 706; x_wconf 86' lang='lat' dir='ltr'>bene</span> <span class='ocrx_word' id='word_1_34' title='bbox 2532 651 2868 720; x_wconf 88' lang='lat' dir='ltr'>instituerit,</span> <span class='ocrx_word' id='word_1_35' title='bbox 2902 651 3053 706; x_wconf 84' lang='lat' dir='ltr'>bene</span> <span class='ocrx_word' id='word_1_36' title='bbox 3073 654 3358 708; x_wconf 79' lang='lat' dir='ltr'>erudierit</span> <span class='ocrx_word' id='word_1_37' title='bbox 3377 670 3591 708; x_wconf 87' lang='lat' dir='ltr'>nurum</span> 
     </span>
    </p>
   </div>
   <div class='ocr_carea' id='block_1_4' title="bbox 187 740 3592 816">
    <p class='ocr_par' dir='ltr' id='par_1_4' title="bbox 187 740 3592 816">
     <span class='ocr_line' id='line_1_4' title="bbox 187 740 3592 816; baseline -0.003 -12"><span class='ocrx_word' id='word_1_38' title='bbox 187 751 312 805; x_wconf 85' lang='lat' dir='ltr'>enim</span> <span class='ocrx_word' id='word_1_39' title='bbox 331 749 627 803; x_wconf 86' lang='lat' dir='ltr'>renitentis</span> <span class='ocrx_word' id='word_1_40' title='bbox 680 747 896 801; x_wconf 80' lang='lat' dir='ltr'>metalli</span> <span class='ocrx_word' id='word_1_41' title='bbox 927 747 1180 816; x_wconf 78' lang='lat' dir='ltr'>pretium</span> <span class='ocrx_word' id='word_1_42' title='bbox 1210 745 1281 800; x_wconf 90' lang='lat' dir='ltr'>de</span> <span class='ocrx_word' id='word_1_43' title='bbox 1312 749 1366 799; x_wconf 89' lang='lat' dir='ltr'>te</span> <span class='ocrx_word' id='word_1_44' title='bbox 1401 745 1560 798; x_wconf 91' lang='lat' dir='ltr'>Deus</span> <span class='ocrx_word' id='word_1_45' title='bbox 1601 744 1806 814; x_wconf 80' lang='lat' dir='ltr'>exigit,</span> <span class='ocrx_word' id='word_1_46' title='bbox 1929 757 2119 810; x_wconf 89' lang='lat' dir='ltr'>suam,</span> <span class='ocrx_word' id='word_1_47' title='bbox 2155 741 2312 795; x_wconf 81' lang='lat' dir='ltr'>Ruth</span> <span class='ocrx_word' id='word_1_48' title='bbox 2344 741 2396 794; x_wconf 91' lang='lat' dir='ltr'>ei</span> <span class='ocrx_word' id='word_1_49' title='bbox 2429 740 2643 794; x_wconf 89' lang='lat' dir='ltr'>deesse</span> <span class='ocrx_word' id='word_1_50' title='bbox 2676 755 2793 794; x_wconf 93' lang='lat' dir='ltr'>non</span> <span class='ocrx_word' id='word_1_51' title='bbox 2821 741 3052 810; x_wconf 90' lang='lat' dir='ltr'>poterit,</span> <span class='ocrx_word' id='word_1_52' title='bbox 3088 757 3220 811; x_wconf 88' lang='lat' dir='ltr'>quae</span> <span class='ocrx_word' id='word_1_53' title='bbox 3252 742 3592 796; x_wconf 84' lang='lat' dir='ltr'>viduitatem</span> 
     </span>
    </p>
   </div>
   <div class='ocr_carea' id='block_1_5' title="bbox 183 827 3592 906">
    <p class='ocr_par' dir='ltr' id='par_1_5' title="bbox 183 827 3592 906">
     <span class='ocr_line' id='line_1_5' title="bbox 183 827 3592 906; baseline -0.003 -13"><span class='ocrx_word' id='word_1_54' title='bbox 183 841 268 894; x_wconf 88' lang='lat' dir='ltr'>sed</span> <span class='ocrx_word' id='word_1_55' title='bbox 312 837 444 892; x_wconf 91' lang='lat' dir='ltr'>illud</span> <span class='ocrx_word' id='word_1_56' title='bbox 474 853 679 890; x_wconf 89' lang='lat' dir='ltr'>aurum</span> <span class='ocrx_word' id='word_1_57' title='bbox 709 836 866 906; x_wconf 90' lang='lat' dir='ltr'>quod</span> <span class='ocrx_word' id='word_1_58' title='bbox 898 836 955 888; x_wconf 90' lang='lat' dir='ltr'>in</span> <span class='ocrx_word' id='word_1_59' title='bbox 982 834 1192 904; x_wconf 78' lang='lat' dir='ltr'>judicii</span> <span class='ocrx_word' id='word_1_60' title='bbox 1226 834 1319 889; x_wconf 88' lang='lat' dir='ltr'>die</span> <span class='ocrx_word' id='word_1_61' title='bbox 1367 836 1621 904; x_wconf 89' lang='lat' dir='ltr'>nequeat</span> <span class='ocrx_word' id='word_1_62' title='bbox 1652 832 1810 904; x_wconf 84' lang='lat' dir='ltr'>ignis</span> <span class='ocrx_word' id='word_1_63' title='bbox 1927 845 2140 884; x_wconf 89' lang='lat' dir='ltr'>socrus</span> <span class='ocrx_word' id='word_1_64' title='bbox 2179 832 2436 899; x_wconf 61' lang='lat' dir='ltr'>paternae</span> <span class='ocrx_word' id='word_1_65' title='bbox 2483 829 2681 882; x_wconf 90' lang='lat' dir='ltr'>domui</span> <span class='ocrx_word' id='word_1_66' title='bbox 2713 827 2989 898; x_wconf 74' lang='lat' dir='ltr'>praeferat</span> <span class='ocrx_word' id='word_1_67' title='bbox 3023 845 3035 882; x_wconf 87' lang='lat'>:</span> <span class='ocrx_word' id='word_1_68' title='bbox 3069 833 3126 882; x_wconf 89' lang='lat' dir='ltr'>et</span> <span class='ocrx_word' id='word_1_69' title='bbox 3155 829 3206 882; x_wconf 92' lang='lat' dir='ltr'>si</span> <span class='ocrx_word' id='word_1_70' title='bbox 3237 829 3327 883; x_wconf 92' lang='lat' dir='ltr'>vir</span> <span class='ocrx_word' id='word_1_71' title='bbox 3357 845 3592 901; x_wconf 88' lang='lat' dir='ltr'>quoque</span> 
     </span>
    </p>
   </div>
   <div class='ocr_carea' id='block_1_6' title="bbox 181 917 3592 994">
    <p class='ocr_par' dir='ltr' id='par_1_6' title="bbox 181 917 3592 994">
     <span class='ocr_line' id='line_1_6' title="bbox 181 917 3592 994; baseline -0.003 -12"><span class='ocrx_word' id='word_1_72' title='bbox 181 943 413 982; x_wconf 82' lang='lat' dir='ltr'>exurere.</span> <span class='ocrx_word' id='word_1_73' title='bbox 450 926 572 980; x_wconf 88' lang='lat' dir='ltr'>Nec</span> <span class='ocrx_word' id='word_1_74' title='bbox 603 925 753 978; x_wconf 90' lang='lat' dir='ltr'>dona</span> <span class='ocrx_word' id='word_1_75' title='bbox 795 925 1055 994; x_wconf 88' lang='lat' dir='ltr'>pretiosa</span> <span class='ocrx_word' id='word_1_76' title='bbox 1104 923 1393 992; x_wconf 89' lang='lat' dir='ltr'>deposcit,</span> <span class='ocrx_word' id='word_1_77' title='bbox 1427 922 1531 976; x_wconf 90' lang='lat' dir='ltr'>sed</span> <span class='ocrx_word' id='word_1_78' title='bbox 1567 921 1809 974; x_wconf 87' lang='lat' dir='ltr'>odorem</span> <span class='ocrx_word' id='word_1_79' title='bbox 1927 918 2061 988; x_wconf 78' lang='lat' dir='ltr'>ejus</span> <span class='ocrx_word' id='word_1_80' title='bbox 2095 921 2361 973; x_wconf 86' lang='lat' dir='ltr'>mortuus</span> <span class='ocrx_word' id='word_1_81' title='bbox 2395 918 2587 987; x_wconf 82' lang='lat' dir='ltr'>fuerit,</span> <span class='ocrx_word' id='word_1_82' title='bbox 2628 934 2745 972; x_wconf 90' lang='lat' dir='ltr'>non</span> <span class='ocrx_word' id='word_1_83' title='bbox 2778 917 3069 988; x_wconf 73' lang='lat' dir='ltr'>relinquat</span> <span class='ocrx_word' id='word_1_84' title='bbox 3105 921 3320 986; x_wconf 91' lang='lat' dir='ltr'>tamen,</span> <span class='ocrx_word' id='word_1_85' title='bbox 3355 918 3469 972; x_wconf 85' lang='lat' dir='ltr'>alat</span> <span class='ocrx_word' id='word_1_86' title='bbox 3499 921 3592 972; x_wconf 86' lang='lat' dir='ltr'>in-</span> 
     </span>
    </p>
   </div>
   <div class='ocr_carea' id='block_1_7' title="bbox 177 1005 3588 1086">
    <p class='ocr_par' dir='ltr' id='par_1_7' title="bbox 177 1005 3588 1086">
     <span class='ocr_line' id='line_1_7' title="bbox 177 1005 3588 1086; baseline -0.003 -15"><span class='ocrx_word' id='word_1_87' title='bbox 177 1017 288 1071; x_wconf 83' lang='lat' dir='ltr'>ﬁdei</span> <span class='ocrx_word' id='word_1_88' title='bbox 307 1031 470 1086; x_wconf 89' lang='lat' dir='ltr'>quem</span> <span class='ocrx_word' id='word_1_89' title='bbox 503 1014 705 1068; x_wconf 85' lang='lat' dir='ltr'>altaria</span> <span class='ocrx_word' id='word_1_90' title='bbox 737 1015 820 1067; x_wconf 93' lang='lat' dir='ltr'>tui</span> <span class='ocrx_word' id='word_1_91' title='bbox 861 1013 1059 1068; x_wconf 88' lang='lat' dir='ltr'>cordis</span> <span class='ocrx_word' id='word_1_92' title='bbox 1092 1012 1386 1081; x_wconf 78' lang='lat' dir='ltr'>exhalent,</span> <span class='ocrx_word' id='word_1_93' title='bbox 1421 1015 1477 1065; x_wconf 90' lang='lat' dir='ltr'>et</span> <span class='ocrx_word' id='word_1_94' title='bbox 1508 1010 1807 1082; x_wconf 82' lang='lat' dir='ltr'>religiosae</span> <span class='ocrx_word' id='word_1_95' title='bbox 1928 1021 2119 1076; x_wconf 88' lang='lat' dir='ltr'>opem,</span> <span class='ocrx_word' id='word_1_96' title='bbox 2171 1006 2398 1060; x_wconf 86' lang='lat' dir='ltr'>soletur</span> <span class='ocrx_word' id='word_1_97' title='bbox 2443 1009 2809 1075; x_wconf 83' lang='lat' dir='ltr'>maerentem,</span> <span class='ocrx_word' id='word_1_98' title='bbox 2844 1020 2954 1060; x_wconf 91' lang='lat' dir='ltr'>nec</span> <span class='ocrx_word' id='word_1_99' title='bbox 3006 1005 3255 1059; x_wconf 90' lang='lat' dir='ltr'>dimissa</span> <span class='ocrx_word' id='word_1_100' title='bbox 3287 1005 3588 1060; x_wconf 87' lang='lat' dir='ltr'>discedat:</span> 
     </span>
    </p>
   </div>
   <div class='ocr_carea' id='block_1_8' title="bbox 177 1092 3594 1172">
    <p class='ocr_par' dir='ltr' id='par_1_8' title="bbox 177 1092 3594 1172">
     <span class='ocr_line' id='line_1_8' title="bbox 177 1092 3594 1172; baseline -0.003 -14"><span class='ocrx_word' id='word_1_101' title='bbox 177 1106 358 1160; x_wconf 87' lang='lat' dir='ltr'>mentis</span> <span class='ocrx_word' id='word_1_102' title='bbox 389 1105 572 1172; x_wconf 88' lang='lat' dir='ltr'>spiret</span> <span class='ocrx_word' id='word_1_103' title='bbox 602 1102 870 1156; x_wconf 81' lang='lat' dir='ltr'>affectus.</span> <span class='ocrx_word' id='word_1_104' title='bbox 1929 1095 2119 1149; x_wconf 87' lang='lat' dir='ltr'>nescit</span> <span class='ocrx_word' id='word_1_105' title='bbox 2150 1095 2304 1148; x_wconf 89' lang='lat' dir='ltr'>enim</span> <span class='ocrx_word' id='word_1_106' title='bbox 2327 1109 2504 1166; x_wconf 88' lang='lat' dir='ltr'>egere</span> <span class='ocrx_word' id='word_1_107' title='bbox 2528 1095 2743 1164; x_wconf 86' lang='lat' dir='ltr'>optima</span> <span class='ocrx_word' id='word_1_108' title='bbox 2765 1093 3098 1164; x_wconf 88' lang='lat' dir='ltr'>disciplina.</span> <span class='ocrx_word' id='word_1_109' title='bbox 3124 1092 3220 1148; x_wconf 90' lang='lat' dir='ltr'>Sic</span> <span class='ocrx_word' id='word_1_110' title='bbox 3252 1093 3350 1147; x_wconf 91' lang='lat' dir='ltr'>illa</span> <span class='ocrx_word' id='word_1_111' title='bbox 3383 1093 3594 1149; x_wconf 86' lang='lat' dir='ltr'>Noemi</span> 
     </span>
    </p>
   </div>
   <div class='ocr_carea' id='block_1_9' title="bbox 229 1182 3596 1263">
    <p class='ocr_par' dir='ltr' id='par_1_9' title="bbox 229 1182 3596 1263">
     <span class='ocr_line' id='line_1_9' title="bbox 229 1182 3596 1263; baseline -0.003 -15"><span class='ocrx_word' id='word_1_112' title='bbox 229 1194 305 1248; x_wconf 83' lang='lat' dir='ltr'>3t.</span> <span class='ocrx_word' id='word_1_113' title='bbox 336 1192 418 1246; x_wconf 84' lang='lat' dir='ltr'>Ex</span> <span class='ocrx_word' id='word_1_114' title='bbox 447 1192 560 1247; x_wconf 88' lang='lat' dir='ltr'>hoc</span> <span class='ocrx_word' id='word_1_115' title='bbox 590 1193 773 1263; x_wconf 78' lang='lat' dir='ltr'>igitur</span> <span class='ocrx_word' id='word_1_116' title='bbox 809 1190 1090 1245; x_wconf 84' lang='lat' dir='ltr'>thesauro</span> <span class='ocrx_word' id='word_1_117' title='bbox 1120 1205 1238 1244; x_wconf 91' lang='lat' dir='ltr'>non</span> <span class='ocrx_word' id='word_1_118' title='bbox 1270 1187 1465 1243; x_wconf 92' lang='lat' dir='ltr'>solum</span> <span class='ocrx_word' id='word_1_119' title='bbox 1497 1203 1807 1260; x_wconf 84' lang='lat' dir='ltr'>magorum</span> <span class='ocrx_word' id='word_1_120' title='bbox 1929 1183 2162 1238; x_wconf 91' lang='lat' dir='ltr'>duobus</span> <span class='ocrx_word' id='word_1_121' title='bbox 2195 1183 2469 1237; x_wconf 86' lang='lat' dir='ltr'>destituta</span> <span class='ocrx_word' id='word_1_122' title='bbox 2515 1182 2653 1236; x_wconf 82' lang='lat' dir='ltr'>ﬁliis</span> <span class='ocrx_word' id='word_1_123' title='bbox 2693 1187 2749 1236; x_wconf 91' lang='lat' dir='ltr'>et</span> <span class='ocrx_word' id='word_1_124' title='bbox 2781 1183 2987 1237; x_wconf 86' lang='lat' dir='ltr'>marito</span> <span class='ocrx_word' id='word_1_125' title='bbox 3035 1183 3219 1252; x_wconf 80' lang='lat' dir='ltr'>(Ruth</span> <span class='ocrx_word' id='word_1_126' title='bbox 3251 1200 3290 1253; x_wconf 82' lang='grc' dir='ltr'>ι,</span> <span class='ocrx_word' id='word_1_127' title='bbox 3340 1184 3414 1252; x_wconf 88' lang='grc'>5),</span> <span class='ocrx_word' id='word_1_128' title='bbox 3462 1199 3596 1254; x_wconf 68' lang='lat' dir='ltr'>quas</span> 
     </span>
    </p>
   </div>
   <div class='ocr_carea' id='block_1_10' title="bbox 175 1271 3596 1348">
    <p class='ocr_par' dir='ltr' id='par_1_10' title="bbox 175 1271 3596 1348">
     <span class='ocr_line' id='line_1_10' title="bbox 175 1271 3596 1348; baseline -0.004 -12"><span class='ocrx_word' id='word_1_129' title='bbox 175 1285 264 1336; x_wconf 85' lang='lat' dir='ltr'>tria</span> <span class='ocrx_word' id='word_1_130' title='bbox 291 1296 545 1348; x_wconf 85' lang='lat' dir='ltr'>munera,</span> <span class='ocrx_word' id='word_1_131' title='bbox 580 1279 690 1334; x_wconf 89' lang='lat' dir='ltr'>sed</span> <span class='ocrx_word' id='word_1_132' title='bbox 719 1281 894 1334; x_wconf 89' lang='lat' dir='ltr'>etiam</span> <span class='ocrx_word' id='word_1_133' title='bbox 924 1279 1040 1334; x_wconf 93' lang='lat' dir='ltr'>duo</span> <span class='ocrx_word' id='word_1_134' title='bbox 1070 1278 1264 1332; x_wconf 84' lang='lat' dir='ltr'>viduae</span> <span class='ocrx_word' id='word_1_135' title='bbox 1297 1293 1415 1332; x_wconf 73' lang='lat' dir='ltr'>aera</span> <span class='ocrx_word' id='word_1_136' title='bbox 1439 1280 1804 1348; x_wconf 89' lang='lat' dir='ltr'>promuntur,</span> <span class='ocrx_word' id='word_1_137' title='bbox 1929 1271 2159 1325; x_wconf 83' lang='lat' dir='ltr'>fructus</span> <span class='ocrx_word' id='word_1_138' title='bbox 2192 1271 2568 1325; x_wconf 80' lang='lat' dir='ltr'>fecunditatis</span> <span class='ocrx_word' id='word_1_139' title='bbox 2608 1271 2906 1341; x_wconf 88' lang='lat' dir='ltr'>amiserat,</span> <span class='ocrx_word' id='word_1_140' title='bbox 2940 1271 3172 1341; x_wconf 89' lang='lat' dir='ltr'>pietatis</span> <span class='ocrx_word' id='word_1_141' title='bbox 3204 1271 3596 1326; x_wconf 88' lang='lat' dir='ltr'>emolumenta</span> 
     </span>
    </p>
   </div>
   <div class='ocr_carea' id='block_1_11' title="bbox 172 1360 3598 1442">
    <p class='ocr_par' dir='ltr' id='par_1_11' title="bbox 172 1360 3598 1442">
     <span class='ocr_line' id='line_1_11' title="bbox 172 1360 3598 1442; baseline -0.004 -16"><span class='ocrx_word' id='word_1_142' title='bbox 172 1373 220 1426; x_wconf 88' lang='lat' dir='ltr'>in</span> <span class='ocrx_word' id='word_1_143' title='bbox 244 1371 442 1442; x_wconf 88' lang='lat' dir='ltr'>quibus</span> <span class='ocrx_word' id='word_1_144' title='bbox 473 1370 711 1439; x_wconf 86' lang='lat' dir='ltr'>integra</span> <span class='ocrx_word' id='word_1_145' title='bbox 750 1367 1013 1422; x_wconf 81' lang='lat' dir='ltr'>caelestis</span> <span class='ocrx_word' id='word_1_146' title='bbox 1070 1369 1266 1439; x_wconf 88' lang='lat' dir='ltr'>imago</span> <span class='ocrx_word' id='word_1_147' title='bbox 1311 1370 1475 1438; x_wconf 88' lang='lat' dir='ltr'>regis</span> <span class='ocrx_word' id='word_1_148' title='bbox 1507 1364 1809 1437; x_wconf 75' lang='lat' dir='ltr'>effulgent,</span> <span class='ocrx_word' id='word_1_149' title='bbox 1929 1375 2047 1414; x_wconf 90' lang='lat' dir='ltr'>non</span> <span class='ocrx_word' id='word_1_150' title='bbox 2077 1360 2363 1429; x_wconf 84' lang='lat' dir='ltr'>perdidit;</span> <span class='ocrx_word' id='word_1_151' title='bbox 2396 1376 2532 1414; x_wconf 90' lang='lat' dir='ltr'>nam</span> <span class='ocrx_word' id='word_1_152' title='bbox 2561 1363 2618 1414; x_wconf 91' lang='lat' dir='ltr'>et</span> <span class='ocrx_word' id='word_1_153' title='bbox 2669 1360 2944 1415; x_wconf 87' lang='lat' dir='ltr'>solatium</span> <span class='ocrx_word' id='word_1_154' title='bbox 2971 1360 3269 1430; x_wconf 84' lang='lat' dir='ltr'>maeroris,</span> <span class='ocrx_word' id='word_1_155' title='bbox 3312 1363 3368 1414; x_wconf 87' lang='lat' dir='ltr'>et</span> <span class='ocrx_word' id='word_1_156' title='bbox 3397 1360 3598 1414; x_wconf 86' lang='lat' dir='ltr'>subsi-</span> 
     </span>
    </p>
   </div>
   <div class='ocr_carea' id='block_1_12' title="bbox 172 1449 2738 1530">
    <p class='ocr_par' dir='ltr' id='par_1_12' title="bbox 172 1449 2738 1530">
     <span class='ocr_line' id='line_1_12' title="bbox 172 1449 2738 1530; baseline -0.004 -17"><span class='ocrx_word' id='word_1_157' title='bbox 172 1460 420 1530; x_wconf 88' lang='lat' dir='ltr'>splendor</span> <span class='ocrx_word' id='word_1_158' title='bbox 448 1459 662 1530; x_wconf 69' lang='lat' dir='ltr'>gloriae</span> <span class='ocrx_word' id='word_1_159' title='bbox 693 1456 849 1527; x_wconf 85' lang='lat' dir='ltr'>ejus,</span> <span class='ocrx_word' id='word_1_160' title='bbox 871 1456 1150 1528; x_wconf 71' lang='lat' dir='ltr'>etimago</span> <span class='ocrx_word' id='word_1_161' title='bbox 1172 1455 1544 1510; x_wconf 87' lang='lat' dir='ltr'>substantiae.</span> <span class='ocrx_word' id='word_1_162' title='bbox 1577 1455 1739 1508; x_wconf 89' lang='lat' dir='ltr'>Bona</span> <span class='ocrx_word' id='word_1_163' title='bbox 1752 1455 1810 1507; x_wconf 86' lang='lat' dir='ltr'>et</span> <span class='ocrx_word' id='word_1_164' title='bbox 1930 1449 2091 1503; x_wconf 91' lang='lat' dir='ltr'>dium</span> <span class='ocrx_word' id='word_1_165' title='bbox 2111 1449 2472 1520; x_wconf 86' lang='lat' dir='ltr'>paupertatis</span> <span class='ocrx_word' id='word_1_166' title='bbox 2496 1449 2738 1504; x_wconf 87' lang='lat' dir='ltr'>invenit.</span> 
     </span>
    </p>
   </div>
   <div class='ocr_carea' id='block_1_13' title="bbox 172 1537 3598 1618">
    <p class='ocr_par' dir='ltr' id='par_1_13' title="bbox 172 1537 3598 1618">
     <span class='ocr_line' id='line_1_13' title="bbox 172 1537 3598 1618; baseline -0.003 -16"><span class='ocrx_word' id='word_1_167' title='bbox 172 1549 248 1602; x_wconf 85' lang='lat' dir='ltr'>illa</span> <span class='ocrx_word' id='word_1_168' title='bbox 274 1549 433 1618; x_wconf 85' lang='lat' dir='ltr'>plane</span> <span class='ocrx_word' id='word_1_169' title='bbox 463 1547 770 1601; x_wconf 89' lang='lat' dir='ltr'>laboriosa</span> <span class='ocrx_word' id='word_1_170' title='bbox 802 1545 1093 1615; x_wconf 88' lang='lat' dir='ltr'>stipendia</span> <span class='ocrx_word' id='word_1_171' title='bbox 1108 1545 1417 1614; x_wconf 88' lang='lat' dir='ltr'>castitatis,</span> <span class='ocrx_word' id='word_1_172' title='bbox 1439 1560 1572 1614; x_wconf 83' lang='lat' dir='ltr'>quae</span> <span class='ocrx_word' id='word_1_173' title='bbox 1599 1543 1671 1597; x_wconf 90' lang='lat' dir='ltr'>de</span> <span class='ocrx_word' id='word_1_174' title='bbox 1693 1557 1804 1596; x_wconf 89' lang='lat' dir='ltr'>suo</span> <span class='ocrx_word' id='word_1_175' title='bbox 2001 1537 2089 1592; x_wconf 84' lang='lat'>34.</span> <span class='ocrx_word' id='word_1_176' title='bbox 2128 1538 2352 1592; x_wconf 84' lang='lat' dir='ltr'>Videtis</span> <span class='ocrx_word' id='word_1_177' title='bbox 2384 1538 2583 1608; x_wconf 88' lang='lat' dir='ltr'>igitur,</span> <span class='ocrx_word' id='word_1_178' title='bbox 2610 1541 2832 1593; x_wconf 85' lang='lat' dir='ltr'>sanctae</span> <span class='ocrx_word' id='word_1_179' title='bbox 2863 1538 3118 1608; x_wconf 84' lang='lat' dir='ltr'>feminae,</span> <span class='ocrx_word' id='word_1_180' title='bbox 3141 1553 3316 1610; x_wconf 89' lang='lat' dir='ltr'>quam</span> <span class='ocrx_word' id='word_1_181' title='bbox 3345 1537 3598 1594; x_wconf 81' lang='lat' dir='ltr'>fecunda</span> 
     </span>
    </p>
   </div>
   <div class='ocr_carea' id='block_1_14' title="bbox 174 1626 3600 1708">
    <p class='ocr_par' dir='ltr' id='par_1_14' title="bbox 174 1626 3600 1708">
     <span class='ocr_line' id='line_1_14' title="bbox 174 1626 3600 1708; baseline -0.002 -17"><span class='ocrx_word' id='word_1_182' title='bbox 174 1653 349 1708; x_wconf 86' lang='lat' dir='ltr'>opere,</span> <span class='ocrx_word' id='word_1_183' title='bbox 395 1635 860 1706; x_wconf 90' lang='lat' dir='ltr'>quotidianoque</span> <span class='ocrx_word' id='word_1_184' title='bbox 903 1649 1091 1704; x_wconf 89' lang='lat' dir='ltr'>penso</span> <span class='ocrx_word' id='word_1_185' title='bbox 1133 1634 1265 1702; x_wconf 79' lang='lat'>(34),</span> <span class='ocrx_word' id='word_1_186' title='bbox 1309 1632 1575 1687; x_wconf 88' lang='lat' dir='ltr'>conferat</span> <span class='ocrx_word' id='word_1_187' title='bbox 1611 1631 1806 1700; x_wconf 87' lang='lat' dir='ltr'>vidua,</span> <span class='ocrx_word' id='word_1_188' title='bbox 1932 1627 2009 1680; x_wconf 89' lang='lat' dir='ltr'>sit</span> <span class='ocrx_word' id='word_1_189' title='bbox 2039 1627 2216 1680; x_wconf 88' lang='lat' dir='ltr'>vidua</span> <span class='ocrx_word' id='word_1_190' title='bbox 2237 1626 2401 1696; x_wconf 91' lang='lat' dir='ltr'>prole</span> <span class='ocrx_word' id='word_1_191' title='bbox 2418 1628 3201 1698; x_wconf 88' lang='lat' dir='ltr'>virtutum,meritorumque</span> <span class='ocrx_word' id='word_1_192' title='bbox 3232 1644 3478 1683; x_wconf 86' lang='lat' dir='ltr'>suorum</span> <span class='ocrx_word' id='word_1_193' title='bbox 3507 1644 3600 1683; x_wconf 92' lang='lat' dir='ltr'>so-</span> 
     </span>
    </p>
   </div>
   <div class='ocr_carea' id='block_1_15' title="bbox 177 1716 3596 1795">
    <p class='ocr_par' dir='ltr' id='par_1_15' title="bbox 177 1716 3596 1795">
     <span class='ocr_line' id='line_1_15' title="bbox 177 1716 3596 1795; baseline -0.002 -16"><span class='ocrx_word' id='word_1_194' title='bbox 177 1726 440 1780; x_wconf 87' lang='lat' dir='ltr'>nocturnis</span> <span class='ocrx_word' id='word_1_195' title='bbox 471 1725 699 1795; x_wconf 88' lang='lat' dir='ltr'>pariter</span> <span class='ocrx_word' id='word_1_196' title='bbox 741 1739 810 1777; x_wconf 90' lang='lat' dir='ltr'>ac</span> <span class='ocrx_word' id='word_1_197' title='bbox 858 1723 1087 1776; x_wconf 90' lang='lat' dir='ltr'>diurnis</span> <span class='ocrx_word' id='word_1_198' title='bbox 1113 1722 1250 1793; x_wconf 80' lang='lat' dir='ltr'>jugi</span> <span class='ocrx_word' id='word_1_199' title='bbox 1282 1737 1572 1776; x_wconf 90' lang='lat' dir='ltr'>exercens</span> <span class='ocrx_word' id='word_1_200' title='bbox 1605 1719 1807 1774; x_wconf 91' lang='lat' dir='ltr'>labore</span> <span class='ocrx_word' id='word_1_201' title='bbox 1929 1716 2236 1786; x_wconf 61' lang='lat' dir='ltr'>bole,fquae</span> <span class='ocrx_word' id='word_1_202' title='bbox 2249 1716 2442 1785; x_wconf 87' lang='lat' dir='ltr'>perire</span> <span class='ocrx_word' id='word_1_203' title='bbox 2468 1731 2584 1769; x_wconf 93' lang='lat' dir='ltr'>non</span> <span class='ocrx_word' id='word_1_204' title='bbox 2606 1716 2818 1786; x_wconf 91' lang='lat' dir='ltr'>possit.</span> <span class='ocrx_word' id='word_1_205' title='bbox 2837 1717 2999 1770; x_wconf 89' lang='lat' dir='ltr'>Bona</span> <span class='ocrx_word' id='word_1_206' title='bbox 3021 1717 3202 1788; x_wconf 87' lang='lat' dir='ltr'>igitur</span> <span class='ocrx_word' id='word_1_207' title='bbox 3223 1717 3397 1771; x_wconf 90' lang='lat' dir='ltr'>vidua</span> <span class='ocrx_word' id='word_1_208' title='bbox 3418 1732 3596 1789; x_wconf 88' lang='lat' dir='ltr'>egere</span> 
     </span>
    </p>
   </div>
   <div class='ocr_carea' id='block_1_16' title="bbox 177 1804 3596 1884">
    <p class='ocr_par' dir='ltr' id='par_1_16' title="bbox 177 1804 3596 1884">
     <span class='ocr_line' id='line_1_16' title="bbox 177 1804 3596 1884; baseline -0.002 -16"><span class='ocrx_word' id='word_1_209' title='bbox 177 1814 798 1884; x_wconf 85' lang='lat' dir='ltr'>pensatemporibus,et</span> <span class='ocrx_word' id='word_1_210' title='bbox 819 1811 1116 1882; x_wconf 68' lang='lat' dir='ltr'>pudicitia:</span> <span class='ocrx_word' id='word_1_211' title='bbox 1148 1815 1508 1881; x_wconf 76' lang='lat' dir='ltr'>quaestuosaa</span> <span class='ocrx_word' id='word_1_212' title='bbox 1530 1809 1807 1880; x_wconf 89' lang='lat' dir='ltr'>pervigili</span> <span class='ocrx_word' id='word_1_213' title='bbox 1931 1821 2049 1858; x_wconf 92' lang='lat' dir='ltr'>non</span> <span class='ocrx_word' id='word_1_214' title='bbox 2079 1805 2278 1858; x_wconf 87' lang='lat' dir='ltr'>novit:</span> <span class='ocrx_word' id='word_1_215' title='bbox 2315 1808 2374 1858; x_wconf 92' lang='lat' dir='ltr'>et</span> <span class='ocrx_word' id='word_1_216' title='bbox 2405 1804 2459 1858; x_wconf 92' lang='lat' dir='ltr'>si</span> <span class='ocrx_word' id='word_1_217' title='bbox 2502 1804 2684 1860; x_wconf 72' lang='lat' dir='ltr'>fessa:</span> <span class='ocrx_word' id='word_1_218' title='bbox 2735 1804 2912 1859; x_wconf 88' lang='lat' dir='ltr'>fuerit</span> <span class='ocrx_word' id='word_1_219' title='bbox 2956 1806 3164 1875; x_wconf 75' lang='lat' dir='ltr'>aetatis,</span> <span class='ocrx_word' id='word_1_220' title='bbox 3218 1810 3275 1859; x_wconf 90' lang='lat' dir='ltr'>et</span> <span class='ocrx_word' id='word_1_221' title='bbox 3303 1822 3596 1877; x_wconf 63' lang='lat' dir='ltr'>supremae</span> 
     </span>
    </p>
   </div>
   <div class='ocr_carea' id='block_1_17' title="bbox 177 1893 3597 1994">
    <p class='ocr_par' dir='ltr' id='par_1_17' title="bbox 177 1893 3597 1994">
     <span class='ocr_line' id='line_1_17' title="bbox 177 1893 3597 1994; baseline -0.002 -37"><span class='ocrx_word' id='word_1_222' title='bbox 177 1919 317 1973; x_wconf 83' lang='lat' dir='ltr'>Opere</span> <span class='ocrx_word' id='word_1_223' title='bbox 345 1903 684 1957; x_wconf 88' lang='lat' dir='ltr'>mercedem</span> <span class='ocrx_word' id='word_1_224' title='bbox 717 1915 1134 1972; x_wconf 83' lang='lat' dir='ltr'>congregans;</span> <span class='ocrx_word' id='word_1_225' title='bbox 1177 1903 1238 1953; x_wconf 91' lang='lat' dir='ltr'>ut</span> <span class='ocrx_word' id='word_1_226' title='bbox 1268 1899 1677 1954; x_wconf 87' lang='lat' dir='ltr'>intemeratum</span> <span class='ocrx_word' id='word_1_227' title='bbox 1707 1898 1808 1951; x_wconf 82' lang='lat' dir='ltr'>de-</span> <span class='ocrx_word' id='word_1_228' title='bbox 1837 1933 1888 1994; x_wconf 76' lang='grc' dir='ltr'>Β</span> <span class='ocrx_word' id='word_1_229' title='bbox 1932 1894 2322 1964; x_wconf 88' lang='lat' dir='ltr'>paupertatis,</span> <span class='ocrx_word' id='word_1_230' title='bbox 2373 1893 2720 1947; x_wconf 87' lang='lat' dir='ltr'>eruditionis</span> <span class='ocrx_word' id='word_1_231' title='bbox 2760 1897 2954 1948; x_wconf 90' lang='lat' dir='ltr'>tamen</span> <span class='ocrx_word' id='word_1_232' title='bbox 3001 1910 3127 1948; x_wconf 83' lang='lat' dir='ltr'>suae</span> <span class='ocrx_word' id='word_1_233' title='bbox 3185 1895 3336 1948; x_wconf 92' lang='lat' dir='ltr'>solet</span> <span class='ocrx_word' id='word_1_234' title='bbox 3378 1895 3597 1950; x_wconf 90' lang='lat' dir='ltr'>habere</span> 
     </span>
    </p>
   </div>
   <div class='ocr_carea' id='block_1_18' title="bbox 173 1981 3599 2063">
    <p class='ocr_par' dir='ltr' id='par_1_18' title="bbox 173 1981 3599 2063">
     <span class='ocr_line' id='line_1_18' title="bbox 173 1981 3599 2063; baseline -0.002 -18"><span class='ocrx_word' id='word_1_235' title='bbox 173 1992 324 2046; x_wconf 83' lang='lat' dir='ltr'>functi</span> <span class='ocrx_word' id='word_1_236' title='bbox 353 1991 639 2063; x_wconf 81' lang='lat' dir='ltr'>conjugis</span> <span class='ocrx_word' id='word_1_237' title='bbox 673 1990 867 2044; x_wconf 89' lang='lat' dir='ltr'>cubile</span> <span class='ocrx_word' id='word_1_238' title='bbox 891 1989 1204 2056; x_wconf 88' lang='lat' dir='ltr'>custodiat,</span> <span class='ocrx_word' id='word_1_239' title='bbox 1237 1988 1394 2042; x_wconf 88' lang='lat' dir='ltr'>alere</span> <span class='ocrx_word' id='word_1_240' title='bbox 1417 1987 1624 2042; x_wconf 92' lang='lat' dir='ltr'>dulces</span> <span class='ocrx_word' id='word_1_241' title='bbox 1655 1986 1807 2041; x_wconf 86' lang='lat' dir='ltr'>libe-</span> <span class='ocrx_word' id='word_1_242' title='bbox 1837 1981 1886 1994; x_wconf 88' lang='grc'>“”’</span> <span class='ocrx_word' id='word_1_243' title='bbox 1932 1983 2284 2036; x_wconf 88' lang='lat' dir='ltr'>mercedem.</span> <span class='ocrx_word' id='word_1_244' title='bbox 2321 1981 2447 2036; x_wconf 86' lang='lat' dir='ltr'>Etsi</span> <span class='ocrx_word' id='word_1_245' title='bbox 2495 1983 2750 2052; x_wconf 83' lang='lat' dir='ltr'>proximi</span> <span class='ocrx_word' id='word_1_246' title='bbox 2800 1982 3110 2051; x_wconf 83' lang='lat' dir='ltr'>defuerint,</span> <span class='ocrx_word' id='word_1_247' title='bbox 3145 1983 3365 2038; x_wconf 89' lang='lat' dir='ltr'>invenit</span> <span class='ocrx_word' id='word_1_248' title='bbox 3406 1989 3599 2039; x_wconf 90' lang='lat' dir='ltr'>tamen</span> 
     </span>
    </p>
   </div>
   <div class='ocr_carea' id='block_1_19' title="bbox 174 2072 3598 2150">
    <p class='ocr_par' dir='ltr' id='par_1_19' title="bbox 174 2072 3598 2150">
     <span class='ocr_line' id='line_1_19' title="bbox 174 2072 3598 2150; baseline -0.002 -17"><span class='ocrx_word' id='word_1_249' title='bbox 174 2097 253 2134; x_wconf 87' lang='lat' dir='ltr'>ros</span> <span class='ocrx_word' id='word_1_250' title='bbox 271 2082 468 2150; x_wconf 90' lang='lat' dir='ltr'>possit,</span> <span class='ocrx_word' id='word_1_251' title='bbox 505 2080 846 2134; x_wconf 88' lang='lat' dir='ltr'>ministrare</span> <span class='ocrx_word' id='word_1_252' title='bbox 876 2077 1257 2148; x_wconf 86' lang='lat' dir='ltr'>pauperibus.</span> <span class='ocrx_word' id='word_1_253' title='bbox 1293 2077 1438 2132; x_wconf 70' lang='lat' dir='ltr'>Haec</span> <span class='ocrx_word' id='word_1_254' title='bbox 1469 2080 1561 2130; x_wconf 90' lang='lat' dir='ltr'>est</span> <span class='ocrx_word' id='word_1_255' title='bbox 1590 2075 1807 2146; x_wconf 57' lang='lat' dir='ltr'>prafe-</span> <span class='ocrx_word' id='word_1_256' title='bbox 1930 2075 2246 2126; x_wconf 88' lang='lat' dir='ltr'>extraneos</span> <span class='ocrx_word' id='word_1_257' title='bbox 2284 2072 2386 2142; x_wconf 89' lang='lat' dir='ltr'>qui</span> <span class='ocrx_word' id='word_1_258' title='bbox 2416 2075 2660 2126; x_wconf 90' lang='lat' dir='ltr'>matrem</span> <span class='ocrx_word' id='word_1_259' title='bbox 2701 2072 2914 2140; x_wconf 92' lang='lat' dir='ltr'>colant,</span> <span class='ocrx_word' id='word_1_260' title='bbox 2964 2077 3346 2126; x_wconf 89' lang='lat' dir='ltr'>revereantur</span> <span class='ocrx_word' id='word_1_261' title='bbox 3380 2089 3598 2142; x_wconf 89' lang='lat' dir='ltr'>paren-</span> 
     </span>
    </p>
   </div>
   <div class='ocr_carea' id='block_1_20' title="bbox 174 2159 3599 2238">
    <p class='ocr_par' dir='ltr' id='par_1_20' title="bbox 174 2159 3599 2238">
     <span class='ocr_line' id='line_1_20' title="bbox 174 2159 3599 2238; baseline -0.002 -15"><span class='ocrx_word' id='word_1_262' title='bbox 174 2169 322 2224; x_wconf 85' lang='lat' dir='ltr'>renda</span> <span class='ocrx_word' id='word_1_263' title='bbox 349 2169 637 2223; x_wconf 86' lang='lat' dir='ltr'>divitibus</span> <span class='ocrx_word' id='word_1_264' title='bbox 673 2167 837 2222; x_wconf 68' lang='lat' dir='ltr'>:hrec</span> <span class='ocrx_word' id='word_1_265' title='bbox 869 2171 960 2221; x_wconf 91' lang='lat' dir='ltr'>est</span> <span class='ocrx_word' id='word_1_266' title='bbox 988 2165 1352 2238; x_wconf 73' lang='lat' dir='ltr'>quaeChristi</span> <span class='ocrx_word' id='word_1_267' title='bbox 1380 2164 1671 2236; x_wconf 83' lang='lat' dir='ltr'>judicium</span> <span class='ocrx_word' id='word_1_268' title='bbox 1688 2180 1807 2220; x_wconf 92' lang='lat' dir='ltr'>non</span> <span class='ocrx_word' id='word_1_269' title='bbox 1930 2164 2066 2229; x_wconf 91' lang='lat' dir='ltr'>tem,</span> <span class='ocrx_word' id='word_1_270' title='bbox 2091 2159 2408 2230; x_wconf 91' lang='lat' dir='ltr'>parvisque</span> <span class='ocrx_word' id='word_1_271' title='bbox 2451 2159 2860 2214; x_wconf 88' lang='lat' dir='ltr'>alimentorum</span> <span class='ocrx_word' id='word_1_272' title='bbox 2896 2161 3230 2230; x_wconf 85' lang='lat' dir='ltr'>sumptibus</span> <span class='ocrx_word' id='word_1_273' title='bbox 3268 2162 3599 2216; x_wconf 88' lang='lat' dir='ltr'>mercedem</span> 
     </span>
    </p>
   </div>
   <div class='ocr_carea' id='block_1_21' title="bbox 172 2248 3598 2320">
    <p class='ocr_par' dir='ltr' id='par_1_21' title="bbox 172 2248 3598 2320">
     <span class='ocr_line' id='line_1_21' title="bbox 172 2248 3598 2320; baseline -0.002 -10"><span class='ocrx_word' id='word_1_274' title='bbox 172 2258 381 2312; x_wconf 88' lang='lat' dir='ltr'>timebit.</span> <span class='ocrx_word' id='word_1_275' title='bbox 1932 2250 2168 2320; x_wconf 86' lang='lat' dir='ltr'>cupiant</span> <span class='ocrx_word' id='word_1_276' title='bbox 2197 2265 2323 2303; x_wconf 86' lang='lat' dir='ltr'>suae</span> <span class='ocrx_word' id='word_1_277' title='bbox 2355 2249 2882 2303; x_wconf 88' lang='lat' dir='ltr'>commendationis</span> <span class='ocrx_word' id='word_1_278' title='bbox 2924 2251 3232 2320; x_wconf 90' lang='lat' dir='ltr'>acquirere</span> <span class='ocrx_word' id='word_1_279' title='bbox 3282 2248 3428 2319; x_wconf 84' lang='lat'>(36);</span> <span class='ocrx_word' id='word_1_280' title='bbox 3466 2250 3598 2320; x_wconf 87' lang='lat' dir='ltr'>plus</span> 
     </span>
    </p>
   </div>
   <div class='ocr_carea' id='block_1_22' title="bbox 227 2336 3599 2415">
    <p class='ocr_par' dir='ltr' id='par_1_22' title="bbox 227 2336 3599 2415">
     <span class='ocr_line' id='line_1_22' title="bbox 227 2336 3599 2415; baseline -0.002 -14"><span class='ocrx_word' id='word_1_281' title='bbox 227 2347 486 2401; x_wconf 61' lang='lat' dir='ltr'>Sillanc</span> <span class='ocrx_word' id='word_1_282' title='bbox 509 2344 1439 2415; x_wconf 68' lang='lat' dir='ltr'>aemulaniini,filim:Bonumest</span> <span class='ocrx_word' id='word_1_283' title='bbox 1460 2343 1808 2397; x_wconf 71' lang='lat' dir='ltr'>enimaemu-</span> <span class='ocrx_word' id='word_1_284' title='bbox 1934 2339 2089 2394; x_wconf 90' lang='lat' dir='ltr'>enim</span> <span class='ocrx_word' id='word_1_285' title='bbox 2136 2338 2340 2392; x_wconf 69' lang='lat' dir='ltr'>viduae&#39;</span> <span class='ocrx_word' id='word_1_286' title='bbox 2394 2338 2725 2408; x_wconf 87' lang='lat' dir='ltr'>rependunt</span> <span class='ocrx_word' id='word_1_287' title='bbox 2791 2339 2996 2392; x_wconf 90' lang='lat' dir='ltr'>merita</span> <span class='ocrx_word' id='word_1_288' title='bbox 3042 2336 3176 2410; x_wconf 83' lang='lat'>(3&#39;7).</span> <span class='ocrx_word' id='word_1_289' title='bbox 3241 2338 3390 2392; x_wconf 89' lang='lat' dir='ltr'>Nam</span> <span class='ocrx_word' id='word_1_290' title='bbox 3431 2339 3599 2394; x_wconf 86' lang='lat' dir='ltr'>cibos</span> 
     </span>
    </p>
   </div>
   <div class='ocr_carea' id='block_1_23' title="bbox 174 2427 1825 2504">
    <p class='ocr_par' dir='ltr' id='par_1_23' title="bbox 174 2431 1808 2504">
     <span class='ocr_line' id='line_1_23' title="bbox 174 2431 1808 2504; baseline -0.002 -15"><span class='ocrx_word' id='word_1_291' title='bbox 174 2435 268 2489; x_wconf 84' lang='lat' dir='ltr'>lari</span> <span class='ocrx_word' id='word_1_292' title='bbox 293 2437 349 2489; x_wconf 88' lang='lat' dir='ltr'>in</span> <span class='ocrx_word' id='word_1_293' title='bbox 377 2435 527 2490; x_wconf 89' lang='lat' dir='ltr'>bono</span> <span class='ocrx_word' id='word_1_294' title='bbox 564 2434 788 2504; x_wconf 87' lang='lat' dir='ltr'>(Galat.</span> <span class='ocrx_word' id='word_1_295' title='bbox 844 2450 924 2502; x_wconf 83' lang='lat' dir='ltr'>1v,</span> <span class='ocrx_word' id='word_1_296' title='bbox 977 2433 1090 2504; x_wconf 85' lang='grc'>18).</span> <span class='ocrx_word' id='word_1_297' title='bbox 1123 2431 1519 2487; x_wconf 69' lang='grc' dir='ltr'>ίΕιηιιΙαιῃίηί</span> <span class='ocrx_word' id='word_1_298' title='bbox 1561 2431 1808 2487; x_wconf 82' lang='lat' dir='ltr'>meliora</span> 
     </span>
    </p>
   </div>
   <div class='ocr_carea' id='block_1_24' title="bbox 1988 2427 2802 2504">
    <p class='ocr_par' dir='ltr' id='par_1_24' title="bbox 1988 2427 2802 2498">
     <span class='ocr_line' id='line_1_24' title="bbox 1988 2427 2802 2498; baseline 0 -17"><span class='ocrx_word' id='word_1_299' title='bbox 1988 2427 2164 2497; x_wconf 73' lang='lat' dir='ltr'>merit,</span> <span class='ocrx_word' id='word_1_300' title='bbox 2201 2429 2471 2498; x_wconf 91' lang='lat' dir='ltr'>sumptus</span> <span class='ocrx_word' id='word_1_301' title='bbox 2502 2427 2802 2497; x_wconf 90' lang='lat' dir='ltr'>impendit.</span> 
     </span>
    </p>
   </div>
   <div class='ocr_carea' id='block_1_25' title="bbox 181 2514 3600 2593">
    <p class='ocr_par' dir='ltr' id='par_1_25' title="bbox 181 2514 3600 2593">
     <span class='ocr_line' id='line_1_25' title="bbox 181 2514 3600 2593; baseline -0.002 -15"><span class='ocrx_word' id='word_1_302' title='bbox 181 2525 504 2579; x_wconf 82' lang='lat' dir='ltr'>charismata</span> <span class='ocrx_word' id='word_1_303' title='bbox 526 2524 585 2593; x_wconf 92' lang='grc'>(1</span> <span class='ocrx_word' id='word_1_304' title='bbox 619 2524 754 2579; x_wconf 89' lang='lat' dir='ltr'>Cor.</span> <span class='ocrx_word' id='word_1_305' title='bbox 794 2540 897 2592; x_wconf 85' lang='lat' dir='ltr'>xu,</span> <span class='ocrx_word' id='word_1_306' title='bbox 941 2520 1056 2586; x_wconf 78' lang='lat'>3&#39;1).</span> <span class='ocrx_word' id='word_1_307' title='bbox 1090 2521 1324 2592; x_wconf 87' lang='lat' dir='ltr'>Spectat</span> <span class='ocrx_word' id='word_1_308' title='bbox 1353 2537 1463 2576; x_wconf 91' lang='lat' dir='ltr'>vos</span> <span class='ocrx_word' id='word_1_309' title='bbox 1522 2521 1808 2576; x_wconf 89' lang='lat' dir='ltr'>Dominus</span> <span class='ocrx_word' id='word_1_310' title='bbox 2010 2514 2098 2570; x_wconf 85' lang='grc'>35.</span> <span class='ocrx_word' id='word_1_311' title='bbox 2142 2517 2259 2572; x_wconf 89' lang='lat' dir='ltr'>Sed</span> <span class='ocrx_word' id='word_1_312' title='bbox 2289 2517 2491 2570; x_wconf 88' lang='lat' dir='ltr'>tristes</span> <span class='ocrx_word' id='word_1_313' title='bbox 2523 2516 2757 2570; x_wconf 90' lang='lat' dir='ltr'>videtur</span> <span class='ocrx_word' id='word_1_314' title='bbox 2807 2516 3022 2571; x_wconf 88' lang='lat' dir='ltr'>ducere</span> <span class='ocrx_word' id='word_1_315' title='bbox 3054 2516 3203 2586; x_wconf 90' lang='lat' dir='ltr'>dies,</span> <span class='ocrx_word' id='word_1_316' title='bbox 3238 2519 3293 2571; x_wconf 91' lang='lat' dir='ltr'>et</span> <span class='ocrx_word' id='word_1_317' title='bbox 3322 2517 3600 2588; x_wconf 74' lang='lat' dir='ltr'>lacrymis</span> 
     </span>
    </p>
   </div>
   <div class='ocr_carea' id='block_1_26' title="bbox 178 2605 3601 2685">
    <p class='ocr_par' dir='ltr' id='par_1_26' title="bbox 178 2605 3601 2685">
     <span class='ocr_line' id='line_1_26' title="bbox 178 2605 3601 2685; baseline -0.002 -18"><span class='ocrx_word' id='word_1_318' title='bbox 178 2630 408 2683; x_wconf 83' lang='lat' dir='ltr'>semper;</span> <span class='ocrx_word' id='word_1_319' title='bbox 432 2615 686 2685; x_wconf 88' lang='lat' dir='ltr'>spectat,</span> <span class='ocrx_word' id='word_1_320' title='bbox 713 2612 972 2683; x_wconf 89' lang='lat' dir='ltr'>inquam,</span> <span class='ocrx_word' id='word_1_321' title='bbox 1012 2611 1215 2679; x_wconf 83' lang='lat' dir='ltr'>Jesus,</span> <span class='ocrx_word' id='word_1_322' title='bbox 1242 2626 1374 2664; x_wconf 92' lang='lat' dir='ltr'>cum</span> <span class='ocrx_word' id='word_1_323' title='bbox 1406 2609 1479 2664; x_wconf 91' lang='lat' dir='ltr'>ad</span> <span class='ocrx_word' id='word_1_324' title='bbox 1507 2611 1810 2682; x_wconf 75' lang='lat' dir='ltr'>gazophy-</span> <span class='ocrx_word' id='word_1_325' title='bbox 1936 2608 2170 2675; x_wconf 89' lang='lat' dir='ltr'>tempus</span> <span class='ocrx_word' id='word_1_326' title='bbox 2199 2605 2461 2676; x_wconf 90' lang='lat' dir='ltr'>exigere.</span> <span class='ocrx_word' id='word_1_327' title='bbox 2505 2605 2634 2660; x_wconf 83' lang='lat' dir='ltr'>Hoc</span> <span class='ocrx_word' id='word_1_328' title='bbox 2683 2605 2928 2676; x_wconf 87' lang='lat' dir='ltr'>beatior,</span> <span class='ocrx_word' id='word_1_329' title='bbox 2978 2605 3136 2676; x_wconf 90' lang='lat' dir='ltr'>quod</span> <span class='ocrx_word' id='word_1_330' title='bbox 3173 2610 3455 2676; x_wconf 89' lang='lat' dir='ltr'>perpetua</span> <span class='ocrx_word' id='word_1_331' title='bbox 3485 2606 3601 2661; x_wconf 88' lang='lat' dir='ltr'>sibi</span> 
     </span>
    </p>
   </div>
   <div class='ocr_carea' id='block_1_27' title="bbox 172 2694 3602 2770">
    <p class='ocr_par' dir='ltr' id='par_1_27' title="bbox 172 2694 3602 2770">
     <span class='ocr_line' id='line_1_27' title="bbox 172 2694 3602 2770; baseline -0.001 -15"><span class='ocrx_word' id='word_1_332' title='bbox 172 2702 345 2758; x_wconf 86' lang='lat' dir='ltr'>lacium</span> <span class='ocrx_word' id='word_1_333' title='bbox 374 2703 608 2758; x_wconf 88' lang='lat' dir='ltr'>accedit</span> <span class='ocrx_word' id='word_1_334' title='bbox 635 2702 768 2770; x_wconf 77' lang='grc'>(35),</span> <span class='ocrx_word' id='word_1_335' title='bbox 828 2703 885 2754; x_wconf 91' lang='lat' dir='ltr'>et</span> <span class='ocrx_word' id='word_1_336' title='bbox 927 2701 997 2754; x_wconf 90' lang='lat' dir='ltr'>de</span> <span class='ocrx_word' id='word_1_337' title='bbox 1041 2701 1333 2754; x_wconf 91' lang='lat' dir='ltr'>bonorum</span> <span class='ocrx_word' id='word_1_338' title='bbox 1365 2715 1610 2769; x_wconf 83' lang='lat' dir='ltr'>Operum</span> <span class='ocrx_word' id='word_1_339' title='bbox 1641 2715 1800 2754; x_wconf 91' lang='lat' dir='ltr'>mer-</span> <span class='ocrx_word' id='word_1_340' title='bbox 1937 2695 2154 2766; x_wconf 84' lang='lat' dir='ltr'>gaudia</span> <span class='ocrx_word' id='word_1_341' title='bbox 2185 2695 2422 2765; x_wconf 84' lang='lat' dir='ltr'>exiguis</span> <span class='ocrx_word' id='word_1_342' title='bbox 2455 2694 2692 2749; x_wconf 85' lang='lat' dir='ltr'>ﬂetibus</span> <span class='ocrx_word' id='word_1_343' title='bbox 2736 2695 2895 2763; x_wconf 87' lang='lat' dir='ltr'>emit,</span> <span class='ocrx_word' id='word_1_344' title='bbox 2927 2696 3247 2766; x_wconf 88' lang='lat' dir='ltr'>parvisque</span> <span class='ocrx_word' id='word_1_345' title='bbox 3289 2696 3602 2750; x_wconf 87' lang='lat' dir='ltr'>momentis</span> 
     </span>
    </p>
   </div>
   <div class='ocr_carea' id='block_1_28' title="bbox 181 2783 3594 2862">
    <p class='ocr_par' dir='ltr' id='par_1_28' title="bbox 181 2783 3594 2862">
     <span class='ocr_line' id='line_1_28' title="bbox 181 2783 3594 2862; baseline 0.001 -28"><span class='ocrx_word' id='word_1_346' title='bbox 181 2792 383 2846; x_wconf 46' lang='lat' dir='ltr'>aedibus</span> <span class='ocrx_word' id='word_1_347' title='bbox 440 2793 663 2862; x_wconf 63' lang='lat' dir='ltr'>stipem</span> <span class='ocrx_word' id='word_1_348' title='bbox 723 2790 940 2860; x_wconf 74' lang='lat' dir='ltr'>putatis</span> <span class='ocrx_word' id='word_1_349' title='bbox 990 2789 1306 2860; x_wconf 76' lang='lat' dir='ltr'>egentibus</span> <span class='ocrx_word' id='word_1_350' title='bbox 1364 2788 1824 2843; x_wconf 56' lang='lat' dir='ltr'>conferendam,</span> <span class='ocrx_word' id='word_1_351' title='bbox 1936 2789 2200 2853; x_wconf 88' lang='lat' dir='ltr'>tempora</span> <span class='ocrx_word' id='word_1_352' title='bbox 2252 2783 2503 2853; x_wconf 89' lang='lat' dir='ltr'>acquirit</span> <span class='ocrx_word' id='word_1_353' title='bbox 2541 2787 2779 2837; x_wconf 62' lang='lat' dir='ltr'>aeterna.</span> <span class='ocrx_word' id='word_1_354' title='bbox 2838 2783 3068 2847; x_wconf 90' lang='lat' dir='ltr'>Quibus</span> <span class='ocrx_word' id='word_1_355' title='bbox 3117 2784 3269 2838; x_wconf 89' lang='lat' dir='ltr'>bene</span> <span class='ocrx_word' id='word_1_356' title='bbox 3321 2784 3540 2838; x_wconf 90' lang='lat' dir='ltr'>dicitur</span> <span class='ocrx_word' id='word_1_357' title='bbox 3582 2799 3594 2839; x_wconf 93' lang='lat'>:</span> 
     </span>
    </p>
   </div>
   <div class='ocr_carea' id='block_1_29' title="bbox 175 2872 3605 2951">
    <p class='ocr_par' dir='ltr' id='par_1_29' title="bbox 175 2872 3605 2951">
     <span class='ocr_line' id='line_1_29' title="bbox 175 2872 3605 2951; baseline -0.002 -17"><span class='ocrx_word' id='word_1_358' title='bbox 175 2878 418 2944; x_wconf 86' lang='lat' dir='ltr'>Quantum</span> <span class='ocrx_word' id='word_1_359' title='bbox 458 2884 554 2934; x_wconf 88' lang='lat' dir='ltr'>est</span> <span class='ocrx_word' id='word_1_360' title='bbox 587 2879 767 2951; x_wconf 87' lang='lat' dir='ltr'>igitur</span> <span class='ocrx_word' id='word_1_361' title='bbox 795 2882 855 2932; x_wconf 91' lang='lat' dir='ltr'>ut</span> <span class='ocrx_word' id='word_1_362' title='bbox 877 2894 994 2932; x_wconf 82' lang='lat' dir='ltr'>aera</span> <span class='ocrx_word' id='word_1_363' title='bbox 1033 2882 1130 2931; x_wconf 89' lang='lat' dir='ltr'>tua</span> <span class='ocrx_word' id='word_1_364' title='bbox 1162 2877 1458 2945; x_wconf 83' lang='lat' dir='ltr'>conferas,</span> <span class='ocrx_word' id='word_1_365' title='bbox 1493 2880 1550 2931; x_wconf 90' lang='lat' dir='ltr'>et</span> <span class='ocrx_word' id='word_1_366' title='bbox 1577 2876 1800 2930; x_wconf 84' lang='lat' dir='ltr'>Christi</span> <span class='ocrx_word' id='word_1_367' title='bbox 1939 2873 2132 2926; x_wconf 66' lang='lat' dir='ltr'>Beata:</span> <span class='ocrx_word' id='word_1_368' title='bbox 2155 2873 2378 2942; x_wconf 89' lang='lat' dir='ltr'>tristes,</span> <span class='ocrx_word' id='word_1_369' title='bbox 2397 2873 2544 2942; x_wconf 87' lang='lat' dir='ltr'>ipsae</span> <span class='ocrx_word' id='word_1_370' title='bbox 2574 2872 3012 2926; x_wconf 89' lang='lat' dir='ltr'>enimridebitis</span> <span class='ocrx_word' id='word_1_371' title='bbox 3044 2873 3209 2942; x_wconf 89' lang='lat' dir='ltr'>(Luc.</span> <span class='ocrx_word' id='word_1_372' title='bbox 3231 2891 3309 2943; x_wconf 79' lang='lat' dir='ltr'>vx,</span> <span class='ocrx_word' id='word_1_373' title='bbox 3343 2873 3605 2944; x_wconf 72' lang='lat' dir='ltr'>21).Quis</span> 
     </span>
    </p>
   </div>
   <div class='ocr_carea' id='block_1_30' title="bbox 182 2961 3606 3041">
    <p class='ocr_par' dir='ltr' id='par_1_30' title="bbox 182 2961 3606 3041">
     <span class='ocr_line' id='line_1_30' title="bbox 182 2961 3606 3041; baseline -0.001 -19"><span class='ocrx_word' id='word_1_374' title='bbox 182 2985 362 3040; x_wconf 64' lang='lat' dir='ltr'>corpus</span> <span class='ocrx_word' id='word_1_375' title='bbox 390 2969 674 3041; x_wconf 89' lang='lat' dir='ltr'>acquiras</span> <span class='ocrx_word' id='word_1_376' title='bbox 701 2967 712 3022; x_wconf 90' lang='lat' dir='ltr'>l</span> <span class='ocrx_word' id='word_1_377' title='bbox 748 2967 881 3022; x_wconf 84' lang='lat' dir='ltr'>Noli</span> <span class='ocrx_word' id='word_1_378' title='bbox 913 2983 1058 3038; x_wconf 90' lang='lat' dir='ltr'>ergo</span> <span class='ocrx_word' id='word_1_379' title='bbox 1093 2982 1278 3020; x_wconf 90' lang='lat' dir='ltr'>vacua</span> <span class='ocrx_word' id='word_1_380' title='bbox 1311 2966 1546 3036; x_wconf 88' lang='lat' dir='ltr'>prodire</span> <span class='ocrx_word' id='word_1_381' title='bbox 1576 2966 1635 3019; x_wconf 90' lang='lat' dir='ltr'>in</span> <span class='ocrx_word' id='word_1_382' title='bbox 1668 2982 1814 3020; x_wconf 92' lang='lat' dir='ltr'>con-</span> <span class='ocrx_word' id='word_1_383' title='bbox 1939 2962 2118 3033; x_wconf 89' lang='lat' dir='ltr'>igitur</span> <span class='ocrx_word' id='word_1_384' title='bbox 2149 2961 2332 3014; x_wconf 79' lang='lat' dir='ltr'>falsas</span> <span class='ocrx_word' id='word_1_385' title='bbox 2364 2961 2746 3031; x_wconf 66' lang='lat' dir='ltr'>praesentium</span> <span class='ocrx_word' id='word_1_386' title='bbox 2779 2962 3070 3032; x_wconf 87' lang='lat' dir='ltr'>imagines</span> <span class='ocrx_word' id='word_1_387' title='bbox 3116 2963 3487 3034; x_wconf 85' lang='lat' dir='ltr'>gaudiorum,</span> <span class='ocrx_word' id='word_1_388' title='bbox 3509 2963 3606 3018; x_wconf 79' lang='lat' dir='ltr'>fu-</span> 
     </span>
    </p>
   </div>
   <div class='ocr_carea' id='block_1_31' title="bbox 180 3050 3604 3127">
    <p class='ocr_par' dir='ltr' id='par_1_31' title="bbox 180 3050 3604 3127">
     <span class='ocr_line' id='line_1_31' title="bbox 180 3050 3604 3127; baseline -0.001 -16"><span class='ocrx_word' id='word_1_389' title='bbox 180 3063 406 3127; x_wconf 80' lang='lat' dir='ltr'>5pectum</span> <span class='ocrx_word' id='word_1_390' title='bbox 433 3057 672 3113; x_wconf 88' lang='lat' dir='ltr'>Domini</span> <span class='ocrx_word' id='word_1_391' title='bbox 697 3057 800 3110; x_wconf 92' lang='lat' dir='ltr'>Dei</span> <span class='ocrx_word' id='word_1_392' title='bbox 823 3055 923 3124; x_wconf 89' lang='lat' dir='ltr'>tui,</span> <span class='ocrx_word' id='word_1_393' title='bbox 947 3071 1131 3108; x_wconf 89' lang='lat' dir='ltr'>vacua</span> <span class='ocrx_word' id='word_1_394' title='bbox 1155 3054 1602 3123; x_wconf 67' lang='lat' dir='ltr'>misericordiae,</span> <span class='ocrx_word' id='word_1_395' title='bbox 1629 3070 1814 3107; x_wconf 87' lang='lat' dir='ltr'>vacua</span> <span class='ocrx_word' id='word_1_396' title='bbox 1940 3054 2088 3105; x_wconf 69' lang='lat' dir='ltr'>turze</span> <span class='ocrx_word' id='word_1_397' title='bbox 2119 3050 2455 3104; x_wconf 87' lang='lat' dir='ltr'>securitatis</span> <span class='ocrx_word' id='word_1_398' title='bbox 2499 3050 2777 3120; x_wconf 87' lang='lat' dir='ltr'>praeferat</span> <span class='ocrx_word' id='word_1_399' title='bbox 2810 3050 3092 3122; x_wconf 87' lang='lat' dir='ltr'>voluptati</span> <span class='ocrx_word' id='word_1_400' title='bbox 3129 3054 3158 3107; x_wconf 69' lang='grc' dir='ltr'>ξ)</span> <span class='ocrx_word' id='word_1_401' title='bbox 3204 3054 3296 3106; x_wconf 87' lang='lat' dir='ltr'>An</span> <span class='ocrx_word' id='word_1_402' title='bbox 3326 3053 3604 3123; x_wconf 88' lang='lat' dir='ltr'>despica-</span> 
     </span>
    </p>
   </div>
   <div class='ocr_carea' id='block_1_32' title="bbox 184 3139 3606 3214">
    <p class='ocr_par' dir='ltr' id='par_1_32' title="bbox 184 3139 3606 3214">
     <span class='ocr_line' id='line_1_32' title="bbox 184 3139 3606 3214; baseline -0.001 -15"><span class='ocrx_word' id='word_1_403' title='bbox 184 3146 310 3214; x_wconf 84' lang='lat' dir='ltr'>ﬁdei,</span> <span class='ocrx_word' id='word_1_404' title='bbox 340 3164 523 3202; x_wconf 87' lang='lat' dir='ltr'>vacua</span> <span class='ocrx_word' id='word_1_405' title='bbox 551 3146 842 3199; x_wconf 73' lang='lat' dir='ltr'>castitatis</span> <span class='ocrx_word' id='word_1_406' title='bbox 870 3160 883 3212; x_wconf 94' lang='lat'>;</span> <span class='ocrx_word' id='word_1_407' title='bbox 918 3160 1034 3198; x_wconf 92' lang='lat' dir='ltr'>non</span> <span class='ocrx_word' id='word_1_408' title='bbox 1067 3145 1221 3197; x_wconf 88' lang='lat' dir='ltr'>enim</span> <span class='ocrx_word' id='word_1_409' title='bbox 1252 3144 1460 3198; x_wconf 89' lang='lat' dir='ltr'>inanes</span> <span class='ocrx_word' id='word_1_410' title='bbox 1505 3143 1813 3212; x_wconf 91' lang='lat' dir='ltr'>Dominus,</span> <span class='ocrx_word' id='word_1_411' title='bbox 1939 3140 2078 3193; x_wconf 88' lang='lat' dir='ltr'>bilis</span> <span class='ocrx_word' id='word_1_412' title='bbox 2116 3139 2290 3193; x_wconf 91' lang='lat' dir='ltr'>nobis</span> <span class='ocrx_word' id='word_1_413' title='bbox 2321 3143 2526 3193; x_wconf 89' lang='lat' dir='ltr'>auctor</span> <span class='ocrx_word' id='word_1_414' title='bbox 2555 3139 2808 3208; x_wconf 90' lang='lat' dir='ltr'>videtur,</span> <span class='ocrx_word' id='word_1_415' title='bbox 2851 3141 2947 3194; x_wconf 90' lang='lat' dir='ltr'>ille</span> <span class='ocrx_word' id='word_1_416' title='bbox 2997 3141 3287 3196; x_wconf 91' lang='lat' dir='ltr'>Dominici</span> <span class='ocrx_word' id='word_1_417' title='bbox 3335 3141 3606 3210; x_wconf 90' lang='lat' dir='ltr'>corporis</span> 
     </span>
    </p>
   </div>
   <div class='ocr_carea' id='block_1_33' title="bbox 179 3228 3608 3303">
    <p class='ocr_par' dir='ltr' id='par_1_33' title="bbox 179 3228 3608 3303">
     <span class='ocr_line' id='line_1_33' title="bbox 179 3228 3608 3303; baseline -0.001 -16"><span class='ocrx_word' id='word_1_418' title='bbox 179 3235 264 3288; x_wconf 90' lang='lat' dir='ltr'>sed</span> <span class='ocrx_word' id='word_1_419' title='bbox 306 3237 625 3290; x_wconf 87' lang='lat' dir='ltr'>virtutibus</span> <span class='ocrx_word' id='word_1_420' title='bbox 673 3235 898 3303; x_wconf 85' lang='lat' dir='ltr'>Opimas</span> <span class='ocrx_word' id='word_1_421' title='bbox 948 3236 1216 3302; x_wconf 88' lang='lat' dir='ltr'>spectare</span> <span class='ocrx_word' id='word_1_422' title='bbox 1260 3233 1441 3286; x_wconf 79' lang='lat' dir='ltr'>Jesus</span> <span class='ocrx_word' id='word_1_423' title='bbox 1491 3235 1548 3285; x_wconf 92' lang='lat' dir='ltr'>et</span> <span class='ocrx_word' id='word_1_424' title='bbox 1577 3232 1815 3286; x_wconf 87' lang='lat' dir='ltr'>laudare</span> <span class='ocrx_word' id='word_1_425' title='bbox 1860 3295 1894 3303; x_wconf 38' lang='grc' dir='ltr'><em>Α</em></span> <span class='ocrx_word' id='word_1_426' title='bbox 1941 3235 2145 3283; x_wconf 89' lang='lat' dir='ltr'>auctor</span> <span class='ocrx_word' id='word_1_427' title='bbox 2175 3229 2421 3297; x_wconf 86' lang='lat' dir='ltr'>electus,</span> <span class='ocrx_word' id='word_1_428' title='bbox 2455 3228 2554 3299; x_wconf 91' lang='lat' dir='ltr'>qui</span> <span class='ocrx_word' id='word_1_429' title='bbox 2585 3230 2844 3283; x_wconf 91' lang='lat' dir='ltr'>cinerem</span> <span class='ocrx_word' id='word_1_430' title='bbox 2867 3230 3020 3283; x_wconf 90' lang='lat' dir='ltr'>sicut</span> <span class='ocrx_word' id='word_1_431' title='bbox 3058 3246 3268 3300; x_wconf 87' lang='lat' dir='ltr'>panem</span> <span class='ocrx_word' id='word_1_432' title='bbox 3300 3231 3608 3284; x_wconf 88' lang='lat' dir='ltr'>manduca-</span> 
     </span>
    </p>
   </div>
   <div class='ocr_carea' id='block_1_34' title="bbox 180 3295 3607 3390">
    <p class='ocr_par' dir='ltr' id='par_1_34' title="bbox 180 3295 3607 3390">
     <span class='ocr_line' id='line_1_34' title="bbox 180 3295 3607 3390; baseline -0.001 -15"><span class='ocrx_word' id='word_1_433' title='bbox 180 3327 470 3379; x_wconf 85' lang='lat' dir='ltr'>consuevit.</span> <span class='ocrx_word' id='word_1_434' title='bbox 497 3295 794 3377; x_wconf 48' lang='lat' dir='ltr'>Videat-te</span> <span class='ocrx_word' id='word_1_435' title='bbox 825 3295 1266 3375; x_wconf 71' lang='lat' dir='ltr'>adolescentula</span> <span class='ocrx_word' id='word_1_436' title='bbox 1296 3321 1680 3390; x_wconf 88' lang='lat' dir='ltr'>laborantem,</span> <span class='ocrx_word' id='word_1_437' title='bbox 1721 3321 1815 3372; x_wconf 90' lang='lat' dir='ltr'>vi-</span> <span class='ocrx_word' id='word_1_438' title='bbox 1843 3295 1897 3364; x_wconf 66' lang='grc' dir='ltr'><strong>θ</strong></span> <span class='ocrx_word' id='word_1_439' title='bbox 1941 3319 2059 3387; x_wconf 91' lang='lat' dir='ltr'>bat,</span> <span class='ocrx_word' id='word_1_440' title='bbox 2110 3321 2166 3372; x_wconf 88' lang='lat' dir='ltr'>et</span> <span class='ocrx_word' id='word_1_441' title='bbox 2211 3295 2419 3388; x_wconf 85' lang='lat' dir='ltr'>potum</span> <span class='ocrx_word' id='word_1_442' title='bbox 2445 3295 2577 3372; x_wconf 71' lang='lat' dir='ltr'>cum</span> <span class='ocrx_word' id='word_1_443' title='bbox 2618 3318 2755 3372; x_wconf 82' lang='lat' dir='ltr'>ﬂetu</span> <span class='ocrx_word' id='word_1_444' title='bbox 2801 3295 3104 3387; x_wconf 72' lang='lat' dir='ltr'>miscebat,</span> <span class='ocrx_word' id='word_1_445' title='bbox 3165 3322 3220 3372; x_wconf 90' lang='lat' dir='ltr'>et</span> <span class='ocrx_word' id='word_1_446' title='bbox 3250 3319 3607 3388; x_wconf 90' lang='lat' dir='ltr'>vespertinis</span> 
     </span>
    </p>
   </div>
   <div class='ocr_carea' id='block_1_35' title="bbox 182 3407 3609 3480">
    <p class='ocr_par' dir='ltr' id='par_1_35' title="bbox 182 3407 3609 3480">
     <span class='ocr_line' id='line_1_35' title="bbox 182 3407 3609 3480; baseline -0.001 -16"><span class='ocrx_word' id='word_1_447' title='bbox 182 3411 287 3466; x_wconf 88' lang='lat' dir='ltr'>deat</span> <span class='ocrx_word' id='word_1_448' title='bbox 331 3415 786 3467; x_wconf 90' lang='lat' dir='ltr'>ministrantem.</span> <span class='ocrx_word' id='word_1_449' title='bbox 841 3410 986 3464; x_wconf 67' lang='lat' dir='ltr'>Haec</span> <span class='ocrx_word' id='word_1_450' title='bbox 1027 3414 1120 3465; x_wconf 90' lang='lat' dir='ltr'>est</span> <span class='ocrx_word' id='word_1_451' title='bbox 1167 3411 1322 3464; x_wconf 90' lang='lat' dir='ltr'>enim</span> <span class='ocrx_word' id='word_1_452' title='bbox 1372 3425 1603 3464; x_wconf 90' lang='lat' dir='ltr'>merces</span> <span class='ocrx_word' id='word_1_453' title='bbox 1643 3425 1818 3480; x_wconf 89' lang='lat' dir='ltr'>quam</span> <span class='ocrx_word' id='word_1_454' title='bbox 1943 3407 2222 3478; x_wconf 72' lang='lat' dir='ltr'>lacrymis</span> <span class='ocrx_word' id='word_1_455' title='bbox 2255 3407 2553 3461; x_wconf 76' lang='lat' dir='ltr'>matutinae</span> <span class='ocrx_word' id='word_1_456' title='bbox 2601 3407 2719 3460; x_wconf 86' lang='lat' dir='ltr'>sibi</span> <span class='ocrx_word' id='word_1_457' title='bbox 2757 3407 3016 3460; x_wconf 67' lang='lat' dir='ltr'>laetitiam</span> <span class='ocrx_word' id='word_1_458' title='bbox 3057 3407 3478 3477; x_wconf 89' lang='lat' dir='ltr'>redemptionis</span> <span class='ocrx_word' id='word_1_459' title='bbox 3506 3423 3609 3460; x_wconf 92' lang='lat' dir='ltr'>ac-</span> 
     </span>
    </p>
   </div>
   <div class='ocr_carea' id='block_1_36' title="bbox 183 3495 3610 3571">
    <p class='ocr_par' dir='ltr' id='par_1_36' title="bbox 183 3495 3610 3571">
     <span class='ocr_line' id='line_1_36' title="bbox 183 3495 3610 3571; baseline -0.001 -16"><span class='ocrx_word' id='word_1_460' title='bbox 183 3500 279 3556; x_wconf 85' lang='lat' dir='ltr'>Deo</span> <span class='ocrx_word' id='word_1_461' title='bbox 307 3503 506 3571; x_wconf 89' lang='lat' dir='ltr'>debes,</span> <span class='ocrx_word' id='word_1_462' title='bbox 533 3505 600 3555; x_wconf 87' lang='lat' dir='ltr'>ut</span> <span class='ocrx_word' id='word_1_463' title='bbox 629 3501 700 3554; x_wconf 90' lang='lat' dir='ltr'>de</span> <span class='ocrx_word' id='word_1_464' title='bbox 733 3500 979 3553; x_wconf 87' lang='lat' dir='ltr'>aliarum</span> <span class='ocrx_word' id='word_1_465' title='bbox 1015 3515 1250 3570; x_wconf 90' lang='lat' dir='ltr'>quoque</span> <span class='ocrx_word' id='word_1_466' title='bbox 1279 3499 1644 3568; x_wconf 87' lang='lat' dir='ltr'>profectibus</span> <span class='ocrx_word' id='word_1_467' title='bbox 1668 3514 1818 3552; x_wconf 90' lang='lat' dir='ltr'>mer—</span> <span class='ocrx_word' id='word_1_468' title='bbox 1945 3496 2215 3568; x_wconf 85' lang='lat' dir='ltr'>quirebat</span> <span class='ocrx_word' id='word_1_469' title='bbox 2246 3495 2434 3564; x_wconf 87' lang='lat' dir='ltr'>(Psal.</span> <span class='ocrx_word' id='word_1_470' title='bbox 2468 3511 2544 3565; x_wconf 84' lang='lat' dir='ltr'>Cl,</span> <span class='ocrx_word' id='word_1_471' title='bbox 2571 3495 2659 3564; x_wconf 88' lang='grc'>10)</span> <span class='ocrx_word' id='word_1_472' title='bbox 2689 3497 2717 3549; x_wconf 88' lang='lat'>‘?</span> <span class='ocrx_word' id='word_1_473' title='bbox 2742 3495 2907 3549; x_wconf 85' lang='lat' dir='ltr'>Unde</span> <span class='ocrx_word' id='word_1_474' title='bbox 2933 3496 3113 3567; x_wconf 89' lang='lat' dir='ltr'>igitur</span> <span class='ocrx_word' id='word_1_475' title='bbox 3139 3496 3455 3566; x_wconf 85' lang='lat' dir='ltr'>plurimum</span> <span class='ocrx_word' id='word_1_476' title='bbox 3471 3512 3610 3568; x_wconf 88' lang='lat' dir='ltr'>gau-</span> 
     </span>
    </p>
   </div>
   <div class='ocr_carea' id='block_1_37' title="bbox 182 3584 3607 3658">
    <p class='ocr_par' dir='ltr' id='par_1_37' title="bbox 182 3584 3607 3658">
     <span class='ocr_line' id='line_1_37' title="bbox 182 3584 3607 3658; baseline -0.001 -16"><span class='ocrx_word' id='word_1_477' title='bbox 182 3591 353 3645; x_wconf 88' lang='lat' dir='ltr'>cedem</span> <span class='ocrx_word' id='word_1_478' title='bbox 372 3596 530 3645; x_wconf 90' lang='lat' dir='ltr'>tuam</span> <span class='ocrx_word' id='word_1_479' title='bbox 557 3591 680 3644; x_wconf 90' lang='lat' dir='ltr'>Deo</span> <span class='ocrx_word' id='word_1_480' title='bbox 695 3588 990 3643; x_wconf 89' lang='lat' dir='ltr'>conferas.</span> <span class='ocrx_word' id='word_1_481' title='bbox 1012 3587 1184 3641; x_wconf 90' lang='lat' dir='ltr'>Nulla</span> <span class='ocrx_word' id='word_1_482' title='bbox 1207 3604 1437 3643; x_wconf 89' lang='lat' dir='ltr'>merces</span> <span class='ocrx_word' id='word_1_483' title='bbox 1451 3589 1572 3643; x_wconf 88' lang='lat' dir='ltr'>Deo</span> <span class='ocrx_word' id='word_1_484' title='bbox 1587 3587 1814 3658; x_wconf 91' lang='lat' dir='ltr'>melior,</span> <span class='ocrx_word' id='word_1_485' title='bbox 1948 3587 2086 3640; x_wconf 87' lang='lat' dir='ltr'>dere</span> <span class='ocrx_word' id='word_1_486' title='bbox 2119 3585 2349 3653; x_wconf 89' lang='lat' dir='ltr'>meruit,</span> <span class='ocrx_word' id='word_1_487' title='bbox 2408 3585 2525 3638; x_wconf 90' lang='lat' dir='ltr'>nisi</span> <span class='ocrx_word' id='word_1_488' title='bbox 2572 3585 2708 3655; x_wconf 88' lang='lat' dir='ltr'>quia</span> <span class='ocrx_word' id='word_1_489' title='bbox 2753 3584 3068 3654; x_wconf 88' lang='lat' dir='ltr'>plurimum</span> <span class='ocrx_word' id='word_1_490' title='bbox 3099 3585 3277 3654; x_wconf 84' lang='lat' dir='ltr'>flevit,</span> <span class='ocrx_word' id='word_1_491' title='bbox 3328 3588 3607 3655; x_wconf 88' lang='lat' dir='ltr'>tanquam</span> 
     </span>
    </p>
   </div>
   <div class='ocr_carea' id='block_1_38' title="bbox 183 3672 3613 3751">
    <p class='ocr_par' dir='ltr' id='par_1_38' title="bbox 183 3672 3613 3751">
     <span class='ocr_line' id='line_1_38' title="bbox 183 3672 3613 3751; baseline -0.001 -18"><span class='ocrx_word' id='word_1_492' title='bbox 183 3693 326 3748; x_wconf 86' lang='lat' dir='ltr'>quam</span> <span class='ocrx_word' id='word_1_493' title='bbox 346 3696 409 3735; x_wconf 88' lang='lat' dir='ltr'>ea</span> <span class='ocrx_word' id='word_1_494' title='bbox 437 3695 579 3751; x_wconf 75' lang='lat' dir='ltr'>quae</span> <span class='ocrx_word' id='word_1_495' title='bbox 604 3679 780 3733; x_wconf 86' lang='lat' dir='ltr'>habet</span> <span class='ocrx_word' id='word_1_496' title='bbox 810 3677 1042 3748; x_wconf 89' lang='lat' dir='ltr'>pietatis</span> <span class='ocrx_word' id='word_1_497' title='bbox 1074 3692 1336 3732; x_wconf 88' lang='lat' dir='ltr'>munera.</span> <span class='ocrx_word' id='word_1_498' title='bbox 1919 3675 2333 3744; x_wconf 77' lang='lat' dir='ltr'>‘lacrymarum</span> <span class='ocrx_word' id='word_1_499' title='bbox 2356 3673 2542 3743; x_wconf 88' lang='lat' dir='ltr'>pretio</span> <span class='ocrx_word' id='word_1_500' title='bbox 2574 3689 2817 3727; x_wconf 87' lang='lat' dir='ltr'>suarum</span> <span class='ocrx_word' id='word_1_501' title='bbox 2849 3672 3060 3728; x_wconf 70' lang='lat' dir='ltr'>futuras</span> <span class='ocrx_word' id='word_1_502' title='bbox 3094 3674 3210 3728; x_wconf 90' lang='lat' dir='ltr'>sibi</span> <span class='ocrx_word' id='word_1_503' title='bbox 3240 3674 3449 3745; x_wconf 84' lang='lat' dir='ltr'>gloriae</span> <span class='ocrx_word' id='word_1_504' title='bbox 3471 3691 3613 3746; x_wconf 82' lang='lat' dir='ltr'>gra-</span> 
     </span>
    </p>
   </div>
   <div class='ocr_carea' id='block_1_39' title="bbox 1113 3763 2521 3832">
    <p class='ocr_par' dir='ltr' id='par_1_39' title="bbox 1113 3763 2521 3832">
     <span class='ocr_line' id='line_1_39' title="bbox 1113 3763 2521 3832; baseline -0.004 -12"><span class='ocrx_word' id='word_1_505' title='bbox 1113 3820 1152 3832; x_wconf 72' lang='grc'>,,</span> <span class='ocrx_word' id='word_1_506' title='bbox 1943 3765 2082 3817; x_wconf 87' lang='lat' dir='ltr'>tiam</span> <span class='ocrx_word' id='word_1_507' title='bbox 2114 3763 2473 3832; x_wconf 87' lang='lat' dir='ltr'>comparavit</span> <span class='ocrx_word' id='word_1_508' title='bbox 2493 3763 2521 3815; x_wconf 82' lang='lat'>‘?</span> 
     </span>
    </p>
   </div>
   <div class='ocr_carea' id='block_1_40' title="bbox 795 3820 3614 3921">
    <p class='ocr_par' dir='ltr' id='par_1_40' title="bbox 795 3820 3614 3921">
     <span class='ocr_line' id='line_1_40' title="bbox 795 3820 3614 3921; baseline 0.006 -31"><span class='ocrx_word' id='word_1_509' title='bbox 795 3820 1047 3875; x_wconf 70' lang='lat' dir='ltr'>CAPUT</span> <span class='ocrx_word' id='word_1_510' title='bbox 1081 3820 1174 3874; x_wconf 59' lang='grc' dir='ltr'>Ἧι</span> <span class='ocrx_word' id='word_1_511' title='bbox 2016 3852 2086 3905; x_wconf 83' lang='lat'>36</span> <span class='ocrx_word' id='word_1_512' title='bbox 2136 3820 2327 3904; x_wconf 75' lang='lat' dir='ltr'>Habet</span> <span class='ocrx_word' id='word_1_513' title='bbox 2363 3851 2545 3921; x_wconf 90' lang='lat' dir='ltr'>igitur</span> <span class='ocrx_word' id='word_1_514' title='bbox 2597 3851 2774 3905; x_wconf 90' lang='lat' dir='ltr'>vidua</span> <span class='ocrx_word' id='word_1_515' title='bbox 2821 3851 3035 3907; x_wconf 85' lang='lat' dir='ltr'>bonam</span> <span class='ocrx_word' id='word_1_516' title='bbox 3083 3851 3614 3908; x_wconf 89' lang='lat' dir='ltr'>commendationis</span> 
     </span>
    </p>
   </div>
   <div class='ocr_carea' id='block_1_41' title="bbox 187 3939 3620 4017">
    <p class='ocr_par' dir='ltr' id='par_1_41' title="bbox 187 3939 3620 4017">
     <span class='ocr_line' id='line_1_41' title="bbox 187 3939 3620 4017; baseline 0 -21"><span class='ocrx_word' id='word_1_517' title='bbox 187 3943 236 3997; x_wconf 87' lang='lat' dir='ltr'>In</span> <span class='ocrx_word' id='word_1_518' title='bbox 261 3947 460 4002; x_wconf 76' lang='lat' dir='ltr'>Noemi</span> <span class='ocrx_word' id='word_1_519' title='bbox 509 3945 843 4017; x_wconf 80' lang='lat' dir='ltr'>exemplum</span> <span class='ocrx_word' id='word_1_520' title='bbox 895 3946 1084 3999; x_wconf 72' lang='lat' dir='ltr'>vidua:</span> <span class='ocrx_word' id='word_1_521' title='bbox 1131 3961 1209 3998; x_wconf 72' lang='lat' dir='ltr'>ex</span> <span class='ocrx_word' id='word_1_522' title='bbox 1237 3945 1493 4017; x_wconf 76' lang='lat' dir='ltr'>nui-uad</span> <span class='ocrx_word' id='word_1_523' title='bbox 1538 3946 1818 4017; x_wconf 78' lang='lat' dir='ltr'>virtutem</span> <span class='ocrx_word' id='word_1_524' title='bbox 1949 3939 2274 4008; x_wconf 89' lang='lat' dir='ltr'>materiam,</span> <span class='ocrx_word' id='word_1_525' title='bbox 2301 3943 2380 4009; x_wconf 90' lang='lat' dir='ltr'>ut,</span> <span class='ocrx_word' id='word_1_526' title='bbox 2414 3941 2552 3994; x_wconf 90' lang='lat' dir='ltr'>dum</span> <span class='ocrx_word' id='word_1_527' title='bbox 2600 3940 2794 3994; x_wconf 89' lang='lat' dir='ltr'>virum</span> <span class='ocrx_word' id='word_1_528' title='bbox 2827 3940 3010 4012; x_wconf 83' lang='lat' dir='ltr'>fuget,</span> <span class='ocrx_word' id='word_1_529' title='bbox 3043 3942 3176 3996; x_wconf 83' lang='lat' dir='ltr'>fleat</span> <span class='ocrx_word' id='word_1_530' title='bbox 3205 3943 3526 3997; x_wconf 84' lang='lat' dir='ltr'>saeculum:</span> <span class='ocrx_word' id='word_1_531' title='bbox 3550 3958 3620 3996; x_wconf 87' lang='lat' dir='ltr'>ac</span> 
     </span>
    </p>
   </div>
   <div class='ocr_carea' id='block_1_42' title="bbox 241 4016 3620 4100">
    <p class='ocr_par' dir='ltr' id='par_1_42' title="bbox 241 4016 3620 4100">
     <span class='ocr_line' id='line_1_42' title="bbox 241 4016 3620 4100; baseline -0.001 -12"><span class='ocrx_word' id='word_1_532' title='bbox 241 4018 334 4100; x_wconf 51' lang='grc' dir='ltr'>ᾆδε</span> <span class='ocrx_word' id='word_1_533' title='bbox 359 4016 1017 4100; x_wconf 49' lang='grc' dir='ltr'>ξςίηειίςεζίῆίὶπιοιυηπ</span> <span class='ocrx_word' id='word_1_534' title='bbox 1041 4016 1418 4100; x_wconf 56' lang='grc' dir='ltr'>οεψίςηξίξοὺ</span> <span class='ocrx_word' id='word_1_535' title='bbox 1442 4016 1637 4100; x_wconf 63' lang='grc'>(30⁸108</span> <span class='ocrx_word' id='word_1_536' title='bbox 1658 4016 1822 4100; x_wconf 60' lang='lat'>1391&quot;&quot;</span> <span class='ocrx_word' id='word_1_537' title='bbox 1946 4031 2008 4083; x_wconf 89' lang='lat' dir='ltr'>in</span> <span class='ocrx_word' id='word_1_538' title='bbox 2038 4032 2311 4100; x_wconf 86' lang='lat' dir='ltr'>promptu</span> <span class='ocrx_word' id='word_1_539' title='bbox 2355 4028 2474 4082; x_wconf 89' lang='lat' dir='ltr'>sint</span> <span class='ocrx_word' id='word_1_540' title='bbox 2521 4029 2796 4099; x_wconf 70' lang='lat' dir='ltr'>lacrymte</span> <span class='ocrx_word' id='word_1_541' title='bbox 2840 4031 3286 4100; x_wconf 86' lang='lat' dir='ltr'>redemptrices,</span> <span class='ocrx_word' id='word_1_542' title='bbox 3339 4032 3477 4085; x_wconf 92' lang='lat' dir='ltr'>dum</span> <span class='ocrx_word' id='word_1_543' title='bbox 3505 4032 3620 4085; x_wconf 88' lang='lat' dir='ltr'>im-</span> 
     </span>
    </p>
   </div>
   <div class='ocr_carea' id='block_1_43' title="bbox 244 4087 3540 4174">
    <p class='ocr_par' dir='ltr' id='par_1_43' title="bbox 244 4087 3540 4174">
     <span class='ocr_line' id='line_1_43' title="bbox 244 4087 3540 4174; baseline -0 1"><span class='ocrx_word' id='word_1_544' title='bbox 244 4096 327 4142; x_wconf 64' lang='lat' dir='ltr'>mr</span> <span class='ocrx_word' id='word_1_545' title='bbox 334 4091 509 4144; x_wconf 67' lang='grc' dir='ltr'>Ἠίηθ</span> <span class='ocrx_word' id='word_1_546' title='bbox 527 4089 710 4174; x_wconf 50' lang='grc' dir='ltr'><em>9011ίὲ</em></span> <span class='ocrx_word' id='word_1_547' title='bbox 714 4091 838 4174; x_wconf 70' lang='lat' dir='ltr'>&quot;.&quot;f‘.</span> <span class='ocrx_word' id='word_1_548' title='bbox 852 4104 1138 4174; x_wconf 29' lang='lat'>&quot;&quot;27&quot;?&quot;</span> <span class='ocrx_word' id='word_1_549' title='bbox 1153 4087 1266 4174; x_wconf 46' lang='lat'>{1.6!</span> <span class='ocrx_word' id='word_1_550' title='bbox 1261 4093 1428 4174; x_wconf 39' lang='lat' dir='ltr'>in?!”</span> <span class='ocrx_word' id='word_1_551' title='bbox 1443 4087 1479 4140; x_wconf 54' lang='grc' dir='ltr'><strong>ὁ</strong></span> <span class='ocrx_word' id='word_1_552' title='bbox 1485 4104 1608 4174; x_wconf 58' lang='grc' dir='ltr'>Ψῖίθ</span> <span class='ocrx_word' id='word_1_553' title='bbox 1633 4088 1821 4174; x_wconf 58' lang='grc' dir='ltr'>Ῡίώῖῗθ</span> <span class='ocrx_word' id='word_1_554' title='bbox 1947 4087 2284 4174; x_wconf 71' lang='lat' dir='ltr'>penduntur</span> <span class='ocrx_word' id='word_1_555' title='bbox 2313 4120 2583 4174; x_wconf 87' lang='lat' dir='ltr'>mortuis.</span> <span class='ocrx_word' id='word_1_556' title='bbox 2617 4087 2956 4172; x_wconf 74' lang='lat' dir='ltr'>viventibus</span> <span class='ocrx_word' id='word_1_557' title='bbox 2988 4087 3333 4174; x_wconf 60' lang='lat' dir='ltr'>profuturae.</span> <span class='ocrx_word' id='word_1_558' title='bbox 3371 4121 3540 4174; x_wconf 81' lang='lat' dir='ltr'>Paret</span> 
     </span>
    </p>
   </div>
   <div class='ocr_carea' id='block_1_44' title="bbox 243 4135 3618 4222">
    <p class='ocr_par' dir='ltr' id='par_1_44' title="bbox 243 4135 3618 4222">
     <span class='ocr_line' id='line_1_44' title="bbox 243 4135 3618 4222; baseline -0.001 -12"><span class='ocrx_word' id='word_1_559' title='bbox 243 4135 892 4215; x_wconf 47' lang='grc' dir='ltr'>ιιθοεῖεέδιήεῖνειιῖεἰιιίθ.</span> <span class='ocrx_word' id='word_1_560' title='bbox 923 4135 1083 4222; x_wconf 66' lang='lat' dir='ltr'>Quod</span> <span class='ocrx_word' id='word_1_561' title='bbox 1112 4159 1167 4210; x_wconf 85' lang='lat' dir='ltr'>si</span> <span class='ocrx_word' id='word_1_562' title='bbox 1189 4159 1428 4211; x_wconf 76' lang='lat' dir='ltr'>tristior</span> <span class='ocrx_word' id='word_1_563' title='bbox 1450 4158 1722 4211; x_wconf 81' lang='lat' dir='ltr'>videatur</span> <span class='ocrx_word' id='word_1_564' title='bbox 1743 4158 1816 4210; x_wconf 89' lang='lat' dir='ltr'>il-</span> <span class='ocrx_word' id='word_1_565' title='bbox 1947 4135 2595 4222; x_wconf 48' lang='lat' dir='ltr'>P&quot;?““““}‘f.m,°,&quot;,“‘sa</span> <span class='ocrx_word' id='word_1_566' title='bbox 2617 4135 3333 4222; x_wconf 35' lang='lat' dir='ltr'>V‘VQE},{°ES_P&quot;°‘“‘P“‘B-</span> <span class='ocrx_word' id='word_1_567' title='bbox 3371 4135 3618 4220; x_wconf 49' lang='lat' dir='ltr'>&quot;anius</span> 
     </span>
    </p>
   </div>
   <div class='ocr_carea' id='block_1_45' title="bbox 243 4207 1825 4300">
    <p class='ocr_par' dir='ltr' id='par_1_45' title="bbox 243 4207 1820 4300">
     <span class='ocr_line' id='line_1_45' title="bbox 243 4207 1820 4300; baseline -0.002 -18"><span class='ocrx_word' id='word_1_568' title='bbox 243 4230 342 4284; x_wconf 80' lang='lat' dir='ltr'>[ius</span> <span class='ocrx_word' id='word_1_569' title='bbox 375 4236 512 4300; x_wconf 75' lang='lat' dir='ltr'>vita,</span> <span class='ocrx_word' id='word_1_570' title='bbox 559 4239 694 4284; x_wconf 86' lang='lat' dir='ltr'>tunc</span> <span class='ocrx_word' id='word_1_571' title='bbox 729 4207 1057 4284; x_wconf 48' lang='lat' dir='ltr'>beatiorem</span> <span class='ocrx_word' id='word_1_572' title='bbox 1097 4229 1256 4281; x_wconf 84' lang='lat' dir='ltr'>illam</span> <span class='ocrx_word' id='word_1_573' title='bbox 1296 4245 1450 4296; x_wconf 82' lang='lat' dir='ltr'>esse,</span> <span class='ocrx_word' id='word_1_574' title='bbox 1485 4245 1611 4281; x_wconf 87' lang='lat' dir='ltr'>cum</span> <span class='ocrx_word' id='word_1_575' title='bbox 1643 4229 1765 4300; x_wconf 80' lang='lat' dir='ltr'>ipsi</span> <span class='ocrx_word' id='word_1_576' title='bbox 1779 4244 1820 4300; x_wconf 87' lang='lat' dir='ltr'>_a</span> 
     </span>
    </p>
   </div>
   <div class='ocr_carea' id='block_1_46' title="bbox 1988 4207 3624 4300">
    <p class='ocr_par' dir='ltr' id='par_1_46' title="bbox 1988 4207 3624 4278">
     <span class='ocr_line' id='line_1_46' title="bbox 1988 4207 3624 4278; baseline 0.001 -17"><span class='ocrx_word' id='word_1_577' title='bbox 1988 4213 2041 4261; x_wconf 89' lang='lat' dir='ltr'>st</span> <span class='ocrx_word' id='word_1_578' title='bbox 2071 4207 2474 4261; x_wconf 79' lang='lat' dir='ltr'>incesbitudini</span> <span class='ocrx_word' id='word_1_579' title='bbox 2504 4207 2713 4261; x_wconf 83' lang='lat' dir='ltr'>animae</span> <span class='ocrx_word' id='word_1_580' title='bbox 2737 4209 2848 4278; x_wconf 81' lang='lat'>(38)</span> <span class='ocrx_word' id='word_1_581' title='bbox 2883 4209 3055 4262; x_wconf 86' lang='lat' dir='ltr'>ﬂetus</span> <span class='ocrx_word' id='word_1_582' title='bbox 3078 4209 3384 4264; x_wconf 90' lang='lat' dir='ltr'>oculorum</span> <span class='ocrx_word' id='word_1_583' title='bbox 3419 4209 3624 4263; x_wconf 88' lang='lat' dir='ltr'>:mise-</span> 
     </span>
    </p>
   </div>
   <div class='ocr_carea' id='block_1_47' title="bbox 245 4295 3621 4374">
    <p class='ocr_par' dir='ltr' id='par_1_47' title="bbox 245 4295 3621 4374">
     <span class='ocr_line' id='line_1_47' title="bbox 245 4295 3621 4374; baseline -0.001 -20"><span class='ocrx_word' id='word_1_584' title='bbox 245 4301 468 4374; x_wconf 84' lang='lat' dir='ltr'>Domino</span> <span class='ocrx_word' id='word_1_585' title='bbox 494 4295 713 4374; x_wconf 64' lang='lat' dir='ltr'>gaudia</span> <span class='ocrx_word' id='word_1_586' title='bbox 727 4302 853 4374; x_wconf 76' lang='lat' dir='ltr'>sint</span> <span class='ocrx_word' id='word_1_587' title='bbox 871 4299 1168 4374; x_wconf 80' lang='lat' dir='ltr'>promissa</span> <span class='ocrx_word' id='word_1_588' title='bbox 1190 4320 1206 4352; x_wconf 92' lang='lat'><em>:</em></span> <span class='ocrx_word' id='word_1_589' title='bbox 1231 4316 1339 4370; x_wconf 84' lang='lat' dir='ltr'>quo</span> <span class='ocrx_word' id='word_1_590' title='bbox 1379 4295 1502 4354; x_wconf 75' lang='lat' dir='ltr'>toea</span> <span class='ocrx_word' id='word_1_591' title='bbox 1545 4295 1820 4352; x_wconf 72' lang='lat' dir='ltr'>nonnulla</span> <span class='ocrx_word' id='word_1_592' title='bbox 1946 4299 2262 4356; x_wconf 85' lang='lat' dir='ltr'>ricordiam</span> <span class='ocrx_word' id='word_1_593' title='bbox 2293 4295 2585 4366; x_wconf 88' lang='lat' dir='ltr'>conciliat,</span> <span class='ocrx_word' id='word_1_594' title='bbox 2617 4296 2880 4351; x_wconf 89' lang='lat' dir='ltr'>laborem</span> <span class='ocrx_word' id='word_1_595' title='bbox 2914 4298 3139 4367; x_wconf 88' lang='lat' dir='ltr'>minuit,</span> <span class='ocrx_word' id='word_1_596' title='bbox 3174 4297 3435 4353; x_wconf 89' lang='lat' dir='ltr'>dolorem</span> <span class='ocrx_word' id='word_1_597' title='bbox 3455 4298 3621 4352; x_wconf 89' lang='lat' dir='ltr'>able-</span> 
     </span>
    </p>
   </div>
   <div class='ocr_carea' id='block_1_48' title="bbox 245 4371 1825 4460">
    <p class='ocr_par' dir='ltr' id='par_1_48' title="bbox 245 4371 1425 4446">
     <span class='ocr_line' id='line_1_48' title="bbox 245 4371 1425 4446; baseline -0.001 -20"><span class='ocrx_word' id='word_1_598' title='bbox 245 4373 308 4426; x_wconf 84' lang='lat' dir='ltr'>de</span> <span class='ocrx_word' id='word_1_599' title='bbox 329 4371 720 4446; x_wconf 59' lang='lat' dir='ltr'>lacryinarum</span> <span class='ocrx_word' id='word_1_600' title='bbox 745 4372 1000 4425; x_wconf 82' lang='lat' dir='ltr'>utilitate</span> <span class='ocrx_word' id='word_1_601' title='bbox 1029 4371 1425 4442; x_wconf 80' lang='lat' dir='ltr'>disputantur.</span> 
     </span>
    </p>
   </div>
   <div class='ocr_carea' id='block_1_49' title="bbox 1988 4371 3617 4460">
    <p class='ocr_par' dir='ltr' id='par_1_49' title="bbox 1992 4385 3617 4460">
     <span class='ocr_line' id='line_1_49' title="bbox 1992 4385 3617 4460; baseline -0.004 -16"><span class='ocrx_word' id='word_1_602' title='bbox 1992 4393 2067 4460; x_wconf 88' lang='lat' dir='ltr'>at,</span> <span class='ocrx_word' id='word_1_603' title='bbox 2104 4390 2303 4443; x_wconf 86' lang='lat' dir='ltr'>servat</span> <span class='ocrx_word' id='word_1_604' title='bbox 2331 4386 2654 4456; x_wconf 88' lang='lat' dir='ltr'>pudorem;</span> <span class='ocrx_word' id='word_1_605' title='bbox 2685 4401 2796 4440; x_wconf 84' lang='lat' dir='ltr'>nec</span> <span class='ocrx_word' id='word_1_606' title='bbox 2813 4385 2938 4457; x_wconf 79' lang='lat' dir='ltr'>jam</span> <span class='ocrx_word' id='word_1_607' title='bbox 2969 4388 3187 4441; x_wconf 89' lang='lat' dir='ltr'>misera</span> <span class='ocrx_word' id='word_1_608' title='bbox 3219 4387 3336 4440; x_wconf 92' lang='lat' dir='ltr'>sibi</span> <span class='ocrx_word' id='word_1_609' title='bbox 3368 4387 3617 4454; x_wconf 88' lang='lat' dir='ltr'>videtur,</span> 
     </span>
    </p>
   </div>
   <div class='ocr_carea' id='block_1_50' title="bbox 1952 4470 3620 4551">
    <p class='ocr_par' dir='ltr' id='par_1_50' title="bbox 1952 4470 3620 4551">
     <span class='ocr_line' id='line_1_50' title="bbox 1952 4470 3620 4551; baseline -0.004 -17"><span class='ocrx_word' id='word_1_610' title='bbox 1952 4496 2085 4551; x_wconf 78' lang='lat' dir='ltr'>quae</span> <span class='ocrx_word' id='word_1_611' title='bbox 2128 4470 2593 4532; x_wconf 84' lang='lat' dir='ltr'>consolationem</span> <span class='ocrx_word' id='word_1_612' title='bbox 2649 4476 2710 4529; x_wconf 93' lang='lat' dir='ltr'>in</span> <span class='ocrx_word' id='word_1_613' title='bbox 2748 4476 3027 4546; x_wconf 72' lang='lat' dir='ltr'>lacrymis</span> <span class='ocrx_word' id='word_1_614' title='bbox 3068 4475 3263 4545; x_wconf 89' lang='lat' dir='ltr'>habet,</span> <span class='ocrx_word' id='word_1_615' title='bbox 3298 4475 3357 4528; x_wconf 94' lang='lat' dir='ltr'>in</span> <span class='ocrx_word' id='word_1_616' title='bbox 3403 4474 3620 4546; x_wconf 89' lang='lat' dir='ltr'>quibus</span> 
     </span>
    </p>
   </div>
   <div class='ocr_carea' id='block_1_51' title="bbox 1952 4563 3333 4634">
    <p class='ocr_par' dir='ltr' id='par_1_51' title="bbox 1952 4563 3333 4634">
     <span class='ocr_line' id='line_1_51' title="bbox 1952 4563 3333 4634; baseline -0.005 -10"><span class='ocrx_word' id='word_1_617' title='bbox 1952 4572 2090 4624; x_wconf 91' lang='lat' dir='ltr'>sunt</span> <span class='ocrx_word' id='word_1_618' title='bbox 2122 4567 2425 4622; x_wconf 88' lang='lat' dir='ltr'>charitatis</span> <span class='ocrx_word' id='word_1_619' title='bbox 2455 4565 2746 4634; x_wconf 88' lang='lat' dir='ltr'>stipendia</span> <span class='ocrx_word' id='word_1_620' title='bbox 2776 4567 2833 4619; x_wconf 90' lang='lat' dir='ltr'>et</span> <span class='ocrx_word' id='word_1_621' title='bbox 2851 4565 3088 4634; x_wconf 90' lang='lat' dir='ltr'>pietatis</span> <span class='ocrx_word' id='word_1_622' title='bbox 3112 4563 3333 4618; x_wconf 80' lang='lat' dir='ltr'>ofﬁcia.</span> 
     </span>
    </p>
   </div>
   <div class='ocr_carea' id='block_1_52' title="bbox 245 4512 1821 4570">
    <p class='ocr_par' dir='ltr' id='par_1_52' title="bbox 245 4512 1821 4570">
     <span class='ocr_line' id='line_1_52' title="bbox 245 4512 1821 4570; baseline -0.001 -2"><span class='ocrx_word' id='word_1_623' title='bbox 245 4515 322 4569; x_wconf 83' lang='lat'>33.</span> <span class='ocrx_word' id='word_1_624' title='bbox 369 4519 456 4570; x_wconf 82' lang='lat' dir='ltr'>An</span> <span class='ocrx_word' id='word_1_625' title='bbox 511 4531 658 4569; x_wconf 91' lang='lat' dir='ltr'>vero</span> <span class='ocrx_word' id='word_1_626' title='bbox 705 4513 1022 4568; x_wconf 87' lang='lat' dir='ltr'>mediocris</span> <span class='ocrx_word' id='word_1_627' title='bbox 1071 4513 1176 4567; x_wconf 87' lang='lat' dir='ltr'>tibi</span> <span class='ocrx_word' id='word_1_628' title='bbox 1225 4513 1401 4566; x_wconf 87' lang='lat' dir='ltr'>vidua</span> <span class='ocrx_word' id='word_1_629' title='bbox 1443 4512 1541 4566; x_wconf 88' lang='lat' dir='ltr'>illa</span> <span class='ocrx_word' id='word_1_630' title='bbox 1588 4513 1821 4567; x_wconf 88' lang='lat' dir='ltr'>videtur</span> 
     </span>
    </p>
   </div>
   <div class='ocr_carea' id='block_1_53' title="bbox 191 4601 1828 4676">
    <p class='ocr_par' dir='ltr' id='par_1_53' title="bbox 191 4601 1828 4676">
     <span class='ocr_line' id='line_1_53' title="bbox 191 4601 1828 4676; baseline 0.001 -21"><span class='ocrx_word' id='word_1_631' title='bbox 191 4601 392 4674; x_wconf 79' lang='lat' dir='ltr'>Noemi,</span> <span class='ocrx_word' id='word_1_632' title='bbox 417 4622 553 4676; x_wconf 74' lang='lat' dir='ltr'>quae</span> <span class='ocrx_word' id='word_1_633' title='bbox 575 4604 916 4657; x_wconf 87' lang='lat' dir='ltr'>viduitatem</span> <span class='ocrx_word' id='word_1_634' title='bbox 930 4618 1097 4656; x_wconf 90' lang='lat' dir='ltr'>suam</span> <span class='ocrx_word' id='word_1_635' title='bbox 1113 4602 1332 4656; x_wconf 89' lang='lat' dir='ltr'>messis</span> <span class='ocrx_word' id='word_1_636' title='bbox 1357 4602 1671 4672; x_wconf 88' lang='lat' dir='ltr'>manipulis</span> <span class='ocrx_word' id='word_1_637' title='bbox 1697 4617 1828 4656; x_wconf 90' lang='lat' dir='ltr'>sus-</span> 
     </span>
    </p>
   </div>
   <div class='ocr_carea' id='block_1_54' title="bbox 191 4668 2995 4763">
    <p class='ocr_par' dir='ltr' id='par_1_54' title="bbox 191 4668 2995 4763">
     <span class='ocr_line' id='line_1_54' title="bbox 191 4668 2995 4763; baseline 0.003 -20"><span class='ocrx_word' id='word_1_638' title='bbox 191 4668 678 4762; x_wconf 47' lang='lat' dir='ltr'>tentabat-alienae,</span> <span class='ocrx_word' id='word_1_639' title='bbox 721 4708 894 4763; x_wconf 88' lang='lat' dir='ltr'>quam</span> <span class='ocrx_word' id='word_1_640' title='bbox 934 4707 1062 4746; x_wconf 62' lang='lat' dir='ltr'>aevo</span> <span class='ocrx_word' id='word_1_641' title='bbox 1113 4706 1355 4763; x_wconf 86' lang='lat' dir='ltr'>gravem</span> <span class='ocrx_word' id='word_1_642' title='bbox 1403 4668 1595 4744; x_wconf 75' lang='lat' dir='ltr'>alebat</span> <span class='ocrx_word' id='word_1_643' title='bbox 1639 4668 1898 4745; x_wconf 80' lang='lat' dir='ltr'>nurusD</span> <span class='ocrx_word' id='word_1_644' title='bbox 2591 4706 2842 4760; x_wconf 71' lang='lat' dir='ltr'>CAPUT</span> <span class='ocrx_word' id='word_1_645' title='bbox 2878 4707 2995 4760; x_wconf 75' lang='lat' dir='ltr'><strong>V11,</strong></span> 
     </span>
    </p>
   </div>
   <div class='ocr_carea' id='block_1_55' title="bbox 193 4779 1828 4852">
    <p class='ocr_par' dir='ltr' id='par_1_55' title="bbox 193 4779 1828 4852">
     <span class='ocr_line' id='line_1_55' title="bbox 193 4779 1828 4852; baseline -0.004 -14"><span class='ocrx_word' id='word_1_646' title='bbox 193 4779 347 4838; x_wconf 78' lang='lat' dir='ltr'>(Ruth</span> <span class='ocrx_word' id='word_1_647' title='bbox 377 4801 430 4851; x_wconf 83' lang='grc' dir='ltr'>ιι,</span> <span class='ocrx_word' id='word_1_648' title='bbox 465 4784 498 4836; x_wconf 69' lang='lat'>9.</span> <span class='ocrx_word' id='word_1_649' title='bbox 532 4789 589 4836; x_wconf 87' lang='lat' dir='ltr'>et</span> <span class='ocrx_word' id='word_1_650' title='bbox 622 4784 772 4852; x_wconf 87' lang='lat' dir='ltr'>seq.)</span> <span class='ocrx_word' id='word_1_651' title='bbox 802 4784 830 4834; x_wconf 67' lang='grc' dir='ltr'><strong>ἱ)</strong></span> <span class='ocrx_word' id='word_1_652' title='bbox 859 4781 1009 4834; x_wconf 84' lang='lat' dir='ltr'>Nam</span> <span class='ocrx_word' id='word_1_653' title='bbox 1040 4780 1152 4834; x_wconf 87' lang='lat' dir='ltr'>hoc</span> <span class='ocrx_word' id='word_1_654' title='bbox 1174 4795 1410 4851; x_wconf 85' lang='lat' dir='ltr'>quoque</span> <span class='ocrx_word' id='word_1_655' title='bbox 1433 4782 1491 4833; x_wconf 89' lang='lat' dir='ltr'>et</span> <span class='ocrx_word' id='word_1_656' title='bbox 1519 4780 1591 4832; x_wconf 88' lang='lat' dir='ltr'>ad</span> <span class='ocrx_word' id='word_1_657' title='bbox 1622 4780 1828 4834; x_wconf 91' lang='lat' dir='ltr'>subsi-</span> 
     </span>
    </p>
   </div>
   <div class='ocr_carea' id='block_1_56' title="bbox 195 4827 3620 4942">
    <p class='ocr_par' dir='ltr' id='par_1_56' title="bbox 195 4827 3620 4942">
     <span class='ocr_line' id='line_1_56' title="bbox 197 4827 3620 4857; baseline -0.002 -11"><span class='ocrx_word' id='word_1_658' title='bbox 468 4827 498 4836; x_wconf 90' lang='lat'>-</span> <span class='ocrx_word' id='word_1_659' title='bbox 533 4827 588 4836; x_wconf 68' lang='grc' dir='ltr'>ν-</span> <span class='ocrx_word' id='word_1_660' title='bbox 811 4827 820 4834; x_wconf 88' lang='grc'>.</span> <span class='ocrx_word' id='word_1_661' title='bbox 1177 4827 1407 4851; x_wconf 55' lang='grc' dir='ltr'>πηγ-</span> <span class='ocrx_word' id='word_1_662' title='bbox 1438 4827 1488 4833; x_wconf 75' lang='grc'>--</span> <span class='ocrx_word' id='word_1_663' title='bbox 1520 4827 1591 4832; x_wconf 63' lang='grc' dir='ltr'><strong><em>η</em></strong></span> <span class='ocrx_word' id='word_1_664' title='bbox 1623 4827 1792 4834; x_wconf 65' lang='grc' dir='ltr'>η---</span> <span class='ocrx_word' id='word_1_665' title='bbox 2117 4836 2125 4845; x_wconf 88' lang='grc'><strong>,</strong></span> <span class='ocrx_word' id='word_1_666' title='bbox 2247 4834 2256 4843; x_wconf 93' lang='grc'><strong><em>.</em></strong></span> <span class='ocrx_word' id='word_1_667' title='bbox 2459 4832 2467 4841; x_wconf 92' lang='grc'><strong>.</strong></span> <span class='ocrx_word' id='word_1_668' title='bbox 2563 4831 2572 4840; x_wconf 95' lang='grc'><em>.</em></span> <span class='ocrx_word' id='word_1_669' title='bbox 2981 4830 2991 4839; x_wconf 92' lang='grc'><strong>.</strong></span> <span class='ocrx_word' id='word_1_670' title='bbox 3177 4830 3186 4839; x_wconf 94' lang='grc'><strong>.</strong></span> <span class='ocrx_word' id='word_1_671' title='bbox 3491 4829 3500 4839; x_wconf 94' lang='grc'><strong>.</strong></span> <span class='ocrx_word' id='word_1_672' title='bbox 3609 4842 3620 4857; x_wconf 67' lang='grc'><em>,</em></span> 
     </span>
     <span class='ocr_line' id='line_1_57' title="bbox 195 4827 3620 4942; baseline -0.001 4"><span class='ocrx_word' id='word_1_673' title='bbox 195 4867 401 4924; x_wconf 72' lang='grc' dir='ltr'>ἀίιιωει</span> <span class='ocrx_word' id='word_1_674' title='bbox 430 4872 500 4925; x_wconf 76' lang='lat' dir='ltr'>ad</span> <span class='ocrx_word' id='word_1_675' title='bbox 533 4872 781 4942; x_wconf 69' lang='lat' dir='ltr'>gratiam</span> <span class='ocrx_word' id='word_1_676' title='bbox 811 4869 1041 4939; x_wconf 68' lang='lat' dir='ltr'>proﬁcit</span> <span class='ocrx_word' id='word_1_677' title='bbox 1070 4870 1400 4937; x_wconf 71' lang='lat' dir='ltr'>viduarum.</span> <span class='ocrx_word' id='word_1_678' title='bbox 1434 4871 1497 4922; x_wconf 72' lang='lat' dir='ltr'>ut</span> <span class='ocrx_word' id='word_1_679' title='bbox 1544 4868 1620 4921; x_wconf 69' lang='lat' dir='ltr'>ita</span> <span class='ocrx_word' id='word_1_680' title='bbox 1657 4868 1830 4922; x_wconf 74' lang='lat' dir='ltr'>insti-</span> <span class='ocrx_word' id='word_1_681' title='bbox 1953 4827 3620 4942; x_wconf 52' lang='grc' dir='ltr'>Ὲοέζῗέῗέἐίῖἔξὲἷῖξἐῖῖίῖἒέῗῗ39ἔέἵὲίιῗιῖἷὶξηίίίξὲἱ¹¹νῗὲἑῗῗξ¹ἐἔῖἴέ</span> 
     </span>
    </p>
   </div>
   <div class='ocr_carea' id='block_1_57' title="bbox 2025 4901 3627 4978">
    <p class='ocr_par' dir='ltr' id='par_1_57' title="bbox 2025 4901 3627 4978">
     <span class='ocr_line' id='line_1_58' title="bbox 2025 4901 3627 4978; baseline -0.003 -18"><span class='ocrx_word' id='word_1_682' title='bbox 2025 4924 2094 4960; x_wconf 88' lang='lat' dir='ltr'>cu</span> <span class='ocrx_word' id='word_1_683' title='bbox 2090 4908 2122 4978; x_wconf 56' lang='grc' dir='ltr'><em>,Ι</em></span> <span class='ocrx_word' id='word_1_684' title='bbox 2128 4922 2195 4978; x_wconf 87' lang='lat' dir='ltr'>us</span> <span class='ocrx_word' id='word_1_685' title='bbox 2219 4909 2384 4978; x_wconf 79' lang='lat' dir='ltr'>veste</span> <span class='ocrx_word' id='word_1_686' title='bbox 2398 4901 2566 4978; x_wconf 48' lang='lat' dir='ltr'>acie;</span> <span class='ocrx_word' id='word_1_687' title='bbox 2577 4901 2734 4978; x_wconf 83' lang='lat' dir='ltr'>uniis</span> <span class='ocrx_word' id='word_1_688' title='bbox 2750 4901 3627 4978; x_wconf 40' lang='lat' dir='ltr'>commemoratisgiescribitur</span> 
     </span>
    </p>
   </div>
   <div class='ocr_carea' id='block_1_58' title="bbox 195 4957 3623 5048">
    <p class='ocr_par' dir='ltr' id='par_1_58' title="bbox 195 4957 3623 5048">
     <span class='ocr_line' id='line_1_59' title="bbox 195 4957 3623 5048; baseline -0.002 -40"><span class='ocrx_word' id='word_1_689' title='bbox 195 4959 331 5012; x_wconf 84' lang='lat' dir='ltr'>tuant</span> <span class='ocrx_word' id='word_1_690' title='bbox 348 4977 528 5014; x_wconf 87' lang='lat' dir='ltr'>nurus</span> <span class='ocrx_word' id='word_1_691' title='bbox 562 4976 727 5028; x_wconf 89' lang='lat' dir='ltr'>suas,</span> <span class='ocrx_word' id='word_1_692' title='bbox 755 4974 872 5028; x_wconf 88' lang='lat' dir='ltr'>quo</span> <span class='ocrx_word' id='word_1_693' title='bbox 889 4958 1122 5028; x_wconf 87' lang='lat' dir='ltr'>possint</span> <span class='ocrx_word' id='word_1_694' title='bbox 1144 4959 1201 5011; x_wconf 92' lang='lat' dir='ltr'>in</span> <span class='ocrx_word' id='word_1_695' title='bbox 1225 4959 1320 5012; x_wconf 88' lang='lat' dir='ltr'>his</span> <span class='ocrx_word' id='word_1_696' title='bbox 1345 4961 1586 5011; x_wconf 55' lang='lat' dir='ltr'>maturae</span> <span class='ocrx_word' id='word_1_697' title='bbox 1610 4957 1828 5048; x_wconf 88' lang='lat' dir='ltr'>habere</span> <span class='ocrx_word' id='word_1_698' title='bbox 2027 4957 2291 5048; x_wconf 50' lang='lat' dir='ltr'>éﬁgaem</span> <span class='ocrx_word' id='word_1_699' title='bbox 2308 4975 2370 5027; x_wconf 64' lang='lat' dir='ltr'>in</span> <span class='ocrx_word' id='word_1_700' title='bbox 2393 4957 2826 5048; x_wconf 44' lang='grc' dir='ltr'>ῌοῄοῷιιθνηᾷιη</span> <span class='ocrx_word' id='word_1_701' title='bbox 2845 4957 3475 5048; x_wconf 41' lang='grc' dir='ltr'>ριτθρπδηοίρηᾷηὲα</span> <span class='ocrx_word' id='word_1_702' title='bbox 3489 4971 3623 5048; x_wconf 56' lang='grc' dir='ltr'>ί·υᾷ-</span> 
     </span>
    </p>
   </div>
   <div class='ocr_carea' id='block_1_59' title="bbox 193 5043 3625 5120">
    <p class='ocr_par' dir='ltr' id='par_1_59' title="bbox 193 5043 3625 5120">
     <span class='ocr_line' id='line_1_60' title="bbox 193 5043 3625 5120; baseline -0.001 -21"><span class='ocrx_word' id='word_1_703' title='bbox 193 5048 492 5104; x_wconf 89' lang='lat' dir='ltr'>subsidium</span> <span class='ocrx_word' id='word_1_704' title='bbox 525 5050 849 5104; x_wconf 88' lang='lat' dir='ltr'>senectutis</span> <span class='ocrx_word' id='word_1_705' title='bbox 871 5064 885 5118; x_wconf 93' lang='lat'>;</span> <span class='ocrx_word' id='word_1_706' title='bbox 910 5052 964 5102; x_wconf 91' lang='lat' dir='ltr'>et</span> <span class='ocrx_word' id='word_1_707' title='bbox 982 5049 1153 5120; x_wconf 88' lang='lat' dir='ltr'>quasi</span> <span class='ocrx_word' id='word_1_708' title='bbox 1171 5049 1529 5118; x_wconf 87' lang='lat' dir='ltr'>stipendium</span> <span class='ocrx_word' id='word_1_709' title='bbox 1547 5047 1826 5119; x_wconf 87' lang='lat' dir='ltr'>magiste-</span> <span class='ocrx_word' id='word_1_710' title='bbox 2026 5043 2111 5102; x_wconf 75' lang='lat' dir='ltr'>rit</span> <span class='ocrx_word' id='word_1_711' title='bbox 2127 5049 2181 5118; x_wconf 70' lang='lat' dir='ltr'>ej</span> <span class='ocrx_word' id='word_1_712' title='bbox 2192 5062 2257 5100; x_wconf 89' lang='lat' dir='ltr'>us</span> <span class='ocrx_word' id='word_1_713' title='bbox 2279 5047 2729 5115; x_wconf 87' lang='lat' dir='ltr'>castitas,atque</span> <span class='ocrx_word' id='word_1_714' title='bbox 2750 5043 2812 5097; x_wconf 87' lang='lat' dir='ltr'>in</span> <span class='ocrx_word' id='word_1_715' title='bbox 2835 5043 3278 5098; x_wconf 83' lang='lat' dir='ltr'>commentanda</span> <span class='ocrx_word' id='word_1_716' title='bbox 3291 5044 3390 5114; x_wconf 89' lang='lat' dir='ltr'>pia</span> <span class='ocrx_word' id='word_1_717' title='bbox 3409 5043 3625 5097; x_wconf 78' lang='lat' dir='ltr'>fraude</span> 
     </span>
    </p>
   </div>
   <div class='ocr_carea' id='block_1_60' title="bbox 257 5184 3627 5262">
    <p class='ocr_par' dir='ltr' id='par_1_60' title="bbox 257 5184 3627 5262">
     <span class='ocr_line' id='line_1_61' title="bbox 257 5184 3627 5262; baseline -0.002 -16"><span class='ocrx_word' id='word_1_718' title='bbox 257 5191 682 5262; x_wconf 37' lang='lat' dir='ltr'>(‘34)Manjfesta</span> <span class='ocrx_word' id='word_1_719' title='bbox 736 5192 979 5246; x_wconf 86' lang='lat' dir='ltr'>imitatio</span> <span class='ocrx_word' id='word_1_720' title='bbox 1013 5191 1320 5262; x_wconf 77' lang='lat' dir='ltr'>Virgiliani</span> <span class='ocrx_word' id='word_1_721' title='bbox 1369 5190 1624 5261; x_wconf 83' lang='lat' dir='ltr'>hujusce</span> <span class='ocrx_word' id='word_1_722' title='bbox 1663 5189 1832 5262; x_wconf 87' lang='lat' dir='ltr'>locie</span> <span class='ocrx_word' id='word_1_723' title='bbox 2031 5189 2138 5262; x_wconf 82' lang='lat'>(36)</span> <span class='ocrx_word' id='word_1_724' title='bbox 2168 5188 2311 5244; x_wconf 83' lang='lat' dir='ltr'>Cod.</span> <span class='ocrx_word' id='word_1_725' title='bbox 2340 5185 2509 5256; x_wconf 88' lang='lat' dir='ltr'>Vall.,</span> <span class='ocrx_word' id='word_1_726' title='bbox 2546 5185 2758 5241; x_wconf 84' lang='lat' dir='ltr'>bonam</span> <span class='ocrx_word' id='word_1_727' title='bbox 2774 5186 3335 5242; x_wconf 85' lang='lat' dir='ltr'>commendationem</span> <span class='ocrx_word' id='word_1_728' title='bbox 3356 5184 3627 5240; x_wconf 73' lang='lat' dir='ltr'>materiae</span> 
     </span>
    </p>
   </div>
   <div class='ocr_carea' id='block_1_61' title="bbox 203 5255 2100 5333">
    <p class='ocr_par' dir='ltr' id='par_1_61' title="bbox 203 5255 2100 5333">
     <span class='ocr_line' id='line_1_62' title="bbox 203 5255 2100 5333; baseline 0.004 -23"><span class='ocrx_word' id='word_1_729' title='bbox 203 5255 286 5314; x_wconf 85' lang='lat' dir='ltr'>lib.</span> <span class='ocrx_word' id='word_1_730' title='bbox 315 5255 408 5316; x_wconf 76' lang='lat' dir='ltr'>vni</span> <span class='ocrx_word' id='word_1_731' title='bbox 440 5255 689 5318; x_wconf 67' lang='lat' dir='ltr'>xEneid.</span> <span class='ocrx_word' id='word_1_732' title='bbox 715 5264 818 5317; x_wconf 92' lang='lat' dir='ltr'>ubi</span> <span class='ocrx_word' id='word_1_733' title='bbox 846 5264 917 5317; x_wconf 91' lang='lat' dir='ltr'>de</span> <span class='ocrx_word' id='word_1_734' title='bbox 958 5255 1170 5333; x_wconf 55' lang='lat' dir='ltr'>pudic&#39;a</span> <span class='ocrx_word' id='word_1_735' title='bbox 1200 5255 1471 5331; x_wconf 65' lang='lat' dir='ltr'>muliere;</span> <span class='ocrx_word' id='word_1_736' title='bbox 1499 5261 1835 5332; x_wconf 53' lang='lat' dir='ltr'>praemissis</span> <span class='ocrx_word' id='word_1_737' title='bbox 1960 5255 2100 5320; x_wconf 65' lang='lat' dir='ltr'>sua}.</span> 
     </span>
    </p>
   </div>
   <div class='ocr_carea' id='block_1_62' title="bbox 208 5326 3626 5408">
    <p class='ocr_par' dir='ltr' id='par_1_62' title="bbox 208 5326 3626 5408">
     <span class='ocr_line' id='line_1_63' title="bbox 208 5326 3626 5408; baseline -0.002 -23"><span class='ocrx_word' id='word_1_738' title='bbox 208 5334 476 5389; x_wconf 88' lang='lat' dir='ltr'>nonnullis</span> <span class='ocrx_word' id='word_1_739' title='bbox 515 5336 589 5389; x_wconf 84' lang='lat' dir='ltr'>ita</span> <span class='ocrx_word' id='word_1_740' title='bbox 617 5337 811 5407; x_wconf 89' lang='lat' dir='ltr'>pergit</span> <span class='ocrx_word' id='word_1_741' title='bbox 842 5351 854 5389; x_wconf 92' lang='lat'>:</span> <span class='ocrx_word' id='word_1_742' title='bbox 958 5326 977 5333; x_wconf 80' lang='grc'><strong>’</strong></span> <span class='ocrx_word' id='word_1_743' title='bbox 1454 5326 1462 5331; x_wconf 76' lang='grc'><em>’</em></span> <span class='ocrx_word' id='word_1_744' title='bbox 1501 5326 1522 5332; x_wconf 77' lang='grc'><em>’</em></span> <span class='ocrx_word' id='word_1_745' title='bbox 2031 5333 2145 5404; x_wconf 80' lang='lat'>(3&#39;7)</span> <span class='ocrx_word' id='word_1_746' title='bbox 2175 5330 2560 5408; x_wconf 40' lang='lat' dir='ltr'>Omnesﬂedit.</span> <span class='ocrx_word' id='word_1_747' title='bbox 2588 5329 3100 5408; x_wconf 53' lang='lat' dir='ltr'>eum_mss._]‘ell.,</span> <span class='ocrx_word' id='word_1_748' title='bbox 3137 5326 3468 5408; x_wconf 76' lang='lat' dir='ltr'>rependunt</span> <span class='ocrx_word' id='word_1_749' title='bbox 3498 5340 3626 5408; x_wconf 73' lang='lat' dir='ltr'>me-</span> 
     </span>
    </p>
   </div>
   <div class='ocr_carea' id='block_1_63' title="bbox 278 5399 3628 5484">
    <p class='ocr_par' dir='ltr' id='par_1_63' title="bbox 278 5399 3628 5484">
     <span class='ocr_line' id='line_1_64' title="bbox 278 5399 3628 5484; baseline -0.006 -16"><span class='ocrx_word' id='word_1_750' title='bbox 278 5421 481 5472; x_wconf 71' lang='lat' dir='ltr'>Noctem</span> <span class='ocrx_word' id='word_1_751' title='bbox 515 5399 712 5472; x_wconf 66' lang='lat' dir='ltr'>addens</span> <span class='ocrx_word' id='word_1_752' title='bbox 729 5399 904 5484; x_wconf 57' lang='lat' dir='ltr'>bperi,</span> <span class='ocrx_word' id='word_1_753' title='bbox 946 5421 1276 5482; x_wconf 80' lang='lat' dir='ltr'>famulasque</span> <span class='ocrx_word' id='word_1_754' title='bbox 1297 5421 1359 5469; x_wconf 81' lang='lat' dir='ltr'>ad</span> <span class='ocrx_word' id='word_1_755' title='bbox 1388 5421 1587 5470; x_wconf 83' lang='lat' dir='ltr'>lumina</span> <span class='ocrx_word' id='word_1_756' title='bbox 1617 5421 1775 5484; x_wconf 85' lang='lat' dir='ltr'>longo</span> <span class='ocrx_word' id='word_1_757' title='bbox 1960 5399 2101 5474; x_wconf 82' lang='lat' dir='ltr'>rita,</span> <span class='ocrx_word' id='word_1_758' title='bbox 2126 5399 2310 5476; x_wconf 31' lang='lat' dir='ltr'>&#39;quam</span> <span class='ocrx_word' id='word_1_759' title='bbox 2343 5402 2512 5456; x_wconf 86' lang='lat' dir='ltr'>cibus</span> <span class='ocrx_word' id='word_1_760' title='bbox 2547 5401 2758 5473; x_wconf 66' lang='lat' dir='ltr'>quaerit</span> <span class='ocrx_word' id='word_1_761' title='bbox 2801 5420 2820 5467; x_wconf 83' lang='lat'>,&#39;</span> <span class='ocrx_word' id='word_1_762' title='bbox 2870 5401 2968 5454; x_wconf 82' lang='lat' dir='ltr'>alii</span> <span class='ocrx_word' id='word_1_763' title='bbox 3017 5416 3165 5455; x_wconf 82' lang='lat' dir='ltr'>mss.</span> <span class='ocrx_word' id='word_1_764' title='bbox 3201 5403 3260 5454; x_wconf 88' lang='lat' dir='ltr'>ut</span> <span class='ocrx_word' id='word_1_765' title='bbox 3289 5399 3350 5453; x_wconf 91' lang='lat' dir='ltr'>in</span> <span class='ocrx_word' id='word_1_766' title='bbox 3381 5399 3628 5452; x_wconf 83' lang='lat' dir='ltr'>contex-</span> 
     </span>
    </p>
   </div>
   <div class='ocr_carea' id='block_1_64' title="bbox 282 5484 2042 5547">
    <p class='ocr_par' dir='ltr' id='par_1_64' title="bbox 282 5484 2042 5547">
     <span class='ocr_line' id='line_1_65' title="bbox 282 5484 2042 5547; baseline 0.001 -16"><span class='ocrx_word' id='word_1_767' title='bbox 282 5484 486 5547; x_wconf 67' lang='lat' dir='ltr'>ljlxercet</span> <span class='ocrx_word' id='word_1_768' title='bbox 508 5501 687 5547; x_wconf 85' lang='lat' dir='ltr'>penso,</span> <span class='ocrx_word' id='word_1_769' title='bbox 725 5491 928 5533; x_wconf 87' lang='lat' dir='ltr'>castum</span> <span class='ocrx_word' id='word_1_770' title='bbox 961 5490 1018 5533; x_wconf 90' lang='lat' dir='ltr'>ut</span> <span class='ocrx_word' id='word_1_771' title='bbox 1043 5499 1253 5532; x_wconf 77' lang='lat' dir='ltr'>servare</span> <span class='ocrx_word' id='word_1_772' title='bbox 1293 5485 1466 5534; x_wconf 84' lang='lat' dir='ltr'>cubile</span> <span class='ocrx_word' id='word_1_773' title='bbox 1960 5484 2042 5533; x_wconf 86' lang='lat' dir='ltr'>tu.</span> 
     </span>
    </p>
   </div>
   <div class='ocr_carea' id='block_1_65' title="bbox 283 5535 3627 5619">
    <p class='ocr_par' dir='ltr' id='par_1_65' title="bbox 283 5535 3627 5619">
     <span class='ocr_line' id='line_1_66' title="bbox 283 5535 3627 5619; baseline -0.001 -25"><span class='ocrx_word' id='word_1_774' title='bbox 283 5535 545 5611; x_wconf 75' lang='lat' dir='ltr'>Conjugis,</span> <span class='ocrx_word' id='word_1_775' title='bbox 583 5556 630 5596; x_wconf 84' lang='lat' dir='ltr'>et</span> <span class='ocrx_word' id='word_1_776' title='bbox 652 5535 824 5612; x_wconf 73' lang='lat' dir='ltr'>possit</span> <span class='ocrx_word' id='word_1_777' title='bbox 851 5561 1042 5610; x_wconf 83' lang='lat' dir='ltr'>parvos</span> <span class='ocrx_word' id='word_1_778' title='bbox 1066 5548 1290 5596; x_wconf 85' lang='lat' dir='ltr'>educere</span> <span class='ocrx_word' id='word_1_779' title='bbox 1323 5553 1498 5596; x_wconf 86' lang='lat' dir='ltr'>natos.</span> <span class='ocrx_word' id='word_1_780' title='bbox 1942 5571 1944 5573; x_wconf 51' lang='grc'>&gt;</span> <span class='ocrx_word' id='word_1_781' title='bbox 2176 5545 2328 5600; x_wconf 86' lang='lat' dir='ltr'>Edit.</span> <span class='ocrx_word' id='word_1_782' title='bbox 2354 5558 2590 5619; x_wconf 6' lang='lat' dir='ltr'>acqmss.</span> <span class='ocrx_word' id='word_1_783' title='bbox 2623 5541 3093 5619; x_wconf 28' lang='lat' dir='ltr'>Tang-Paratus</span> <span class='ocrx_word' id='word_1_784' title='bbox 3111 5545 3206 5619; x_wconf 58' lang='lat' dir='ltr'>est</span> <span class='ocrx_word' id='word_1_785' title='bbox 3239 5540 3434 5619; x_wconf 63' lang='lat' dir='ltr'>(Bon).</span> <span class='ocrx_word' id='word_1_786' title='bbox 3460 5535 3627 5619; x_wconf 39' lang='lat' dir='ltr'>delet</span> 
     </span>
    </p>
   </div>
   <div class='ocr_carea' id='block_1_66' title="bbox 266 5605 3629 5699">
    <p class='ocr_par' dir='ltr' id='par_1_66' title="bbox 266 5605 3629 5699">
     <span class='ocr_line' id='line_1_67' title="bbox 266 5605 3629 5699; baseline -0.005 -19"><span class='ocrx_word' id='word_1_787' title='bbox 266 5625 365 5695; x_wconf 76' lang='lat'>(35)</span> <span class='ocrx_word' id='word_1_788' title='bbox 387 5605 487 5684; x_wconf 71' lang='lat' dir='ltr'>Sic</span> <span class='ocrx_word' id='word_1_789' title='bbox 519 5605 722 5684; x_wconf 76' lang='lat' dir='ltr'>omnes</span> <span class='ocrx_word' id='word_1_790' title='bbox 755 5605 902 5684; x_wconf 78' lang='lat' dir='ltr'>mss.</span> <span class='ocrx_word' id='word_1_791' title='bbox 937 5631 1187 5698; x_wconf 85' lang='lat' dir='ltr'>excepto</span> <span class='ocrx_word' id='word_1_792' title='bbox 1220 5627 1376 5699; x_wconf 72' lang='lat' dir='ltr'>Tell.</span> <span class='ocrx_word' id='word_1_793' title='bbox 1395 5642 1531 5683; x_wconf 88' lang='lat' dir='ltr'>cum</span> <span class='ocrx_word' id='word_1_794' title='bbox 1559 5642 1676 5699; x_wconf 92' lang='lat' dir='ltr'>quo</span> <span class='ocrx_word' id='word_1_795' title='bbox 1697 5627 1835 5682; x_wconf 86' lang='lat' dir='ltr'>edit.</span> <span class='ocrx_word' id='word_1_796' title='bbox 1942 5605 2050 5675; x_wconf 75' lang='lat' dir='ltr'>vit</span> <span class='ocrx_word' id='word_1_797' title='bbox 2100 5605 2215 5699; x_wconf 72' lang='lat' dir='ltr'>est)</span> <span class='ocrx_word' id='word_1_798' title='bbox 2244 5615 2651 5672; x_wconf 68' lang='lat' dir='ltr'>maestitudine</span> <span class='ocrx_word' id='word_1_799' title='bbox 2712 5605 2934 5682; x_wconf 75' lang='lat' dir='ltr'>animi;</span> <span class='ocrx_word' id='word_1_800' title='bbox 2967 5614 3161 5689; x_wconf 87' lang='lat' dir='ltr'>magis</span> <span class='ocrx_word' id='word_1_801' title='bbox 3218 5605 3366 5666; x_wconf 83' lang='lat' dir='ltr'>scite</span> <span class='ocrx_word' id='word_1_802' title='bbox 3410 5605 3629 5681; x_wconf 79' lang='lat' dir='ltr'>reliqui</span> 
     </span>
    </p>
   </div>
   <div class='ocr_carea' id='block_1_67' title="bbox 211 5691 2581 5776">
    <p class='ocr_par' dir='ltr' id='par_1_67' title="bbox 211 5691 2581 5776">
     <span class='ocr_line' id='line_1_68' title="bbox 211 5691 2581 5776; baseline -0.002 -26"><span class='ocrx_word' id='word_1_803' title='bbox 211 5691 405 5776; x_wconf 53' lang='lat' dir='ltr'>amnes,</span> <span class='ocrx_word' id='word_1_804' title='bbox 439 5701 837 5776; x_wconf 54' lang='lat' dir='ltr'>acceditis&quot;...</span> <span class='ocrx_word' id='word_1_805' title='bbox 867 5691 1131 5774; x_wconf 80' lang='lat' dir='ltr'>portatis</span> <span class='ocrx_word' id='word_1_806' title='bbox 1146 5697 1487 5776; x_wconf 82' lang='lat' dir='ltr'>egentibus,</span> <span class='ocrx_word' id='word_1_807' title='bbox 1513 5691 1627 5756; x_wconf 73' lang='lat' dir='ltr'>etc.</span> <span class='ocrx_word' id='word_1_808' title='bbox 1656 5714 1672 5773; x_wconf 88' lang='lat'>;</span> <span class='ocrx_word' id='word_1_809' title='bbox 1707 5713 1837 5757; x_wconf 82' lang='lat' dir='ltr'>mss</span> <span class='ocrx_word' id='word_1_810' title='bbox 1962 5706 2112 5751; x_wconf 81' lang='lat' dir='ltr'>mes.</span> <span class='ocrx_word' id='word_1_811' title='bbox 2145 5691 2209 5748; x_wconf 86' lang='lat' dir='ltr'>ut</span> <span class='ocrx_word' id='word_1_812' title='bbox 2237 5703 2348 5747; x_wconf 82' lang='lat' dir='ltr'>nos</span> <span class='ocrx_word' id='word_1_813' title='bbox 2381 5701 2581 5767; x_wconf 86' lang='lat' dir='ltr'>supra.</span> 
     </span>
    </p>
   </div>
   <div class='ocr_carea' id='block_1_68' title="bbox 211 5763 1041 5854">
    <p class='ocr_par' dir='ltr' id='par_1_68' title="bbox 211 5763 1041 5854">
     <span class='ocr_line' id='line_1_69' title="bbox 211 5763 1041 5854; baseline 0.005 -27"><span class='ocrx_word' id='word_1_814' title='bbox 211 5763 363 5850; x_wconf 61' lang='lat' dir='ltr'>Pint,</span> <span class='ocrx_word' id='word_1_815' title='bbox 386 5763 625 5835; x_wconf 74' lang='lat' dir='ltr'>accedit.</span> <span class='ocrx_word' id='word_1_816' title='bbox 653 5772 778 5832; x_wconf 82' lang='lat' dir='ltr'>Sed</span> <span class='ocrx_word' id='word_1_817' title='bbox 799 5763 892 5854; x_wconf 66' lang='lat' dir='ltr'>de&#39;,</span> <span class='ocrx_word' id='word_1_818' title='bbox 927 5776 1041 5835; x_wconf 81' lang='lat' dir='ltr'>etc.</span> 
     </span>
    </p>
   </div>
  </div>
