4060 6158
201 377 276 442 251
1492 373 1746 437 LIBER.
1787 373 1898 436 DE
1939 353 2253 438 VinUis.

194 579 448 650 complecti
475 594 697 648 omnes,
741 579 1088 650 cognoscite
1118 578 1349 650 aliquas
1381 579 1515 647 (46),
1549 583 1607 633 et
1637 596 1796 650 prae-
1830 565 1887 630 Α
1917 596 2158 648 mecum,
2193 595 2304 633 non
2340 578 2458 648 ibo,
2494 577 2626 649 quia
2661 592 2774 631 non
2807 578 2946 632 novi
2968 578 3124 632 diem
3142 579 3203 631 in
3227 594 3334 649 qua
3366 577 3579 649 dirigit

194 673 324 740 cipue
368 669 708 735 Debboram,
745 667 921 738 cujus
974 668 1150 722 nobis
1199 668 1454 738 prodidit
1499 668 1801 738 Scriptura

188 760 412 812 virtutem
441 757 657 820 (Judic.
691 773 768 823 iv,
803 757 875 823 4).

239 847 312 900 44.
345 846 474 898 Haec
505 847 658 898 enim
689 845 888 898 docuit
919 860 1036 898 non
1069 845 1262 899 solum
1294 845 1404 899 viri
1447 847 1668 900 auxilio
1717 847 1803 899 vi-

185 937 303 989 duas
330 950 435 988 non
463 949 660 1005 egere,
696 949 902 987 verum
932 933 1105 987 etiam
1126 935 1276 988 viris
1315 950 1454 990 esse
1493 935 1798 990 subsidio:

185 1040 289 1095 quae
315 1039 412 1077 nec
437 1038 620 1076 sexus
646 1022 979 1076 infirmitate
998 1027 1292 1092 revocata,
1321 1024 1518 1077 munia
1539 1024 1804 1078 virorum

188 1111 413 1167 obeunda
443 1111 728 1180 suscepit,
765 1115 821 1165 et
852 1115 1132 1182 suscepta
1165 1112 1503 1166 cumulavit.
1541 1113 1804 1183 Denique

183 1217 287 1255 cum
309 1198 770 1270 Judaeijudicum
801 1204 1153 1272 regerentur
1181 1201 1446 1270 arbitrio,
1477 1185 1612 1271 quia
1649 1201 1802 1254 virili

183 1305 275 1343 non
293 1291 540 1358 poterant
561 1287 658 1342 vel
687 1288 960 1358 aequitate
989 1288 1136 1360 regi,
1158 1289 1252 1343 vel
1291 1290 1505 1344 virtute
1545 1289 1800 1360 defendi,

181 1377 324 1432 bellis
340 1377 466 1432 hinc
481 1378 617 1431 inde
641 1377 1006 1446 ardentibus,
1027 1378 1359 1433 Debboram
1375 1377 1803 1448 (41)sibicujus

181 1470 488 1537 regerentur
525 1465 786 1537 judicio,
839 1469 1188 1537 coeptarunt
1248 1467 1427 1537 (Ibid.
1479 1469 1553 1535 5).
1606 1467 1804 1538 Itaque

181 1554 324 1607 multa
367 1553 540 1607 millia
578 1546 724 1609 198
753 1555 1018 1608 virorum
1066 1571 1182 1609 una
1230 1556 1405 1610 vidua
1457 1559 1512 1610 et
1558 1556 1617 1609 in
1661 1572 1804 1626 pace

183 1643 320 1711 rexit,
341 1645 392 1696 et
427 1643 500 1697 ab
525 1643 700 1698 hoste
729 1643 1009 1698 defendit.
1037 1644 1201 1698 Mulli
1230 1644 1468 1715 judices
1508 1645 1568 1698 in
1599 1644 1802 1713 Israel,

184 1731 264 1785 sed
291 1730 434 1785 nulla
465 1735 600 1786 ante
638 1730 828 1803 judex
878 1732 1128 1787 femina:
1181 1733 1346 1787 multi
1387 1732 1624 1804 judices
1672 1737 1808 1803 post

186 1819 368 1889 Jesum,
409 1821 513 1875 sed
547 1820 750 1874 nullus
780 1821 1087 1891 propheta.
1123 1821 1193 1875 Et
1225 1822 1356 1876 ideo
1387 1822 1602 1877 lectum
1631 1823 1805 1877 istius

182 1913 290 1979 puto
328 1924 457 1962 esse
497 1908 818 1979 judicium,
853 1914 909 1963 et
956 1913 1126 1982 gesta
1176 1909 1310 1981 ejus
1360 1911 1616 1966 arbitror
1666 1927 1806 1966 esse

180 1998 469 2068 descripta;
503 2013 579 2052 ne
614 1998 894 2053 mulieres
916 2015 949 2052 a
980 1999 1216 2053 virtutis
1251 1999 1469 2070 officio,
1495 2000 1804 2055 muliebris

179 2101 330 2140 sexus
355 2086 691 2141 infirmitate
723 2092 1095 2142 revocentur.
1132 2088 1318 2142 Vidua
1348 2089 1600 2160 populos
1631 2091 1804 2161 regit,

179 2174 322 2228 vidua
365 2175 521 2229 ducit
569 2177 892 2245 exercitus,
943 2177 1121 2232 vidua
1169 2178 1352 2241 duces
1395 2178 1579 2250 eligit,
1631 2179 1807 2233 vidua

179 2261 304 2316 bella
330 2263 608 2335 disponit,
641 2266 878 2319 mandat
897 2266 1251 2337 triumphos.
1285 2267 1416 2321 Non
1435 2283 1580 2340 ergo
1603 2271 1810 2322 natura

178 2367 257 2405 rea
282 2355 366 2406 est
407 2354 622 2424 culpae,
666 2370 775 2408 nec
823 2355 1141 2410 inﬁrmitati
1191 2356 1480 2411 obnoxia:
1530 2361 1808 2412 strenuos

181 2456 274 2495 non
301 2458 496 2513 sexus,
523 2443 639 2497 sed
668 2445 858 2498 virtus
890 2444 1048 2499 facit.

229 2530 303 2584 45.
335 2530 400 2586 Et
427 2532 486 2586 in
513 2547 664 2603 pace
696 2532 933 2603 quidem
978 2533 1136 2587 nulla
1186 2535 1573 2606 querimonia,
1607 2536 1807 2591 nullus

182 2632 318 2673 error
332 2620 600 2675 mulieris
624 2622 945 2676 invenitur:
990 2638 1122 2676 cum
1144 2623 1410 2694 plerique
1441 2641 1558 2679 non
1593 2626 1811 2680 medio-

183 2707 335 2763 crium
379 2714 761 2780 peccatorum
821 2715 1095 2766 auetores
1142 2713 1356 2781 populo
1422 2729 1532 2768 suo
1573 2713 1812 2785 judices

183 2799 532 2854 exstitissent.
563 2799 681 2853 Ubi
705 2815 845 2854 vero
866 2799 1202 2869 (Jhananaei,
1224 2817 1375 2872 gens
1398 2802 1568 2856 ferox
1583 2803 1809 2874 praelia,

184 2889 224 2938 et
248 2886 601 2943 afﬂuentium
637 2888 936 2958 copiarum
981 2890 1176 2960 opima
1217 2906 1529 2960 successu,
1564 2891 1813 2948 hostiles

184 2973 228 3026 in
259 2978 518 3046 populum
569 2977 913 3032 Judteorum
963 2979 1194 3032 animos
1243 2981 1596 3050 extulerunt,
1639 2982 1814 3036 vidua

184 3078 279 3133 prae
296 3068 520 3121 caeteris
549 3065 804 3120 bellicos
822 3067 1057 3120 instruit
1079 3073 1414 3138 apparatus.
1442 3069 1512 3123 Et
1534 3073 1591 3124 ut
1615 3071 1814 3125 discas

183 3169 276 3207 non
301 3155 552 3224 publicis
590 3156 778 3224 copiis
810 3156 1169 3210 domesticas
1203 3158 1593 3213 necessitates
1627 3159 1815 3214 fuisse

185 3242 458 3312 subnixas,
493 3244 609 3298 sed
639 3245 984 3299 domesticis
1017 3245 1348 3315 disciplinis
1381 3264 1594 3302 munus
1625 3249 1815 3318 publi-

183 3345 288 3384 cum
316 3334 727 3404 gubernatum,
760 3334 931 3388 domo
961 3335 1196 3404 propria
1220 3336 1401 3389 tilium
1433 3336 1642 3392 ducem
1675 3355 1815 3408 pro-

183 3417 313 3473 ducit
335 3424 637 3476 exercitus
663 3423 847 3490 (Ibid.
883 3423 959 3492 6),
984 3427 1045 3476 ut
1083 3426 1424 3494 agnoscatis
1448 3427 1603 3496 quod
1627 3428 1818 3496 possit

183 3507 451 3566 instituere
469 3512 651 3565 vidua
670 3511 1014 3566 bellatorem
1037 3513 1149 3582 (48)
1176 3529 1188 3567 :
1223 3529 1396 3584 quem
1429 3516 1604 3585 quasi
1633 3520 1818 3570 mater

183 3599 385 3668 erudiit,
416 3601 595 3671 quasi
629 3599 816 3670 judex
849 3601 1191 3671 praeposuit,
1225 3605 1396 3673 quasi
1440 3604 1610 3659 fortis
1651 3605 1818 3659 insti-

184 3687 286 3756 tuit,
317 3690 478 3759 quasi
512 3689 897 3760 prophetissa
927 3691 1192 3745 victoriae
1243 3698 1420 3746 certa:
1466 3696 1814 3749 transmisit.

239 3775 314 3830 46.
345 3779 609 3850 Denique
657 3780 718 3832 in
761 3779 1027 3833 mulieris
1075 3795 1251 3834 manu
1294 3796 1583 3836 summam
1627 3782 1819 3838 fuisse

185 3865 410 3922 victoriae
434 3869 612 3923 docet
633 3867 860 3922 Barach
880 3867 1036 3922 ﬁlius
1056 3868 1260 3924 dicens
1287 3886 1298 3925 :
1331 3870 1473 3925 Nisi
1491 3877 1552 3924 tu
1580 3873 1821 3927 veneris

241 3991 335 4059 (i6)
365 3993 509 4047 Mss.
539 3992 781 4063 aliquot,
816 3995 1153 4063 cognoscite
1183 3993 1350 4049 alias.

242 4063 337 4130 (Π)
366 4065 509 4118 Mss.
558 4080 676 4118 non
715 4065 906 4132 pauci,
951 4065 1060 4118 sed
1100 4065 1256 4118 nulla
1302 4072 1439 4120 ante
1477 4066 1684 4122 Juditb
1725 4067 1818 4122 fe-

187 4132 351 4209 mina;
381 4151 622 4209 unus...
651 4135 988 4189 Debboram
1015 4135 1264 4209 femina.
1313 4137 1599 4192 Convenit
1641 4155 1818 4208 porro

187 4206 726 4278 interiAmbrosium
776 4211 950 4278 atque
1012 4207 1436 4278 Hieronymum
1487 4206 1820 4264 Debboram

188 4272 552 4352 Israelitarum
584 4272 899 4352 praefuisse
925 4276 1170 4352 judiciis
1188 4295 1207 4352 _:
1244 4272 1435 4333 utrum
1461 4296 1596 4335 vero
1617 4282 1821 4336 eadem

191 4345 332 4418 vidua
360 4345 672 4416 exstiterit,
705 4365 772 4402 ac
791 4345 974 4402 mater
999 4349 1243 4418 Barach,
1281 4367 1398 4404 non
1422 4354 1818 4406 consentiunt.

190 4412 382 4491 Etenim
435 4412 834 4489 Hieronymus
886 4421 1056 4488 epist.
1091 4421 1177 4490 10,
1226 4412 1301 4474 ad
1331 4421 1590 4491 Furiam,
1625 4424 1701 4476 ita
1730 4425 1820 4477 lo-

223 4487 390 4544 uitur:
447 4515 466 4536 «
505 4487 755 4554 Quidam
795 4487 1062 4560 imperite
1093 4487 1522 4546 et'Debboram
1551 4487 1702 4548 inter
1730 4495 1822 4548 vi-

223 4573 313 4612 uas
331 4566 671 4626 memorant,
697 4563 1074 4632 ducemqueB
1096 4563 1272 4616 arach
1291 4564 1649 4618 arbitrantur
1670 4566 1823 4620 Deb-

189 4625 326 4702 borae
381 4634 583 4699 tilium,
630 4625 761 4686 cum
811 4625 967 4687 aliud
1022 4633 1324 4702 Scriptura
1383 4641 1818 4690 commemoret.

191 4696 353 4778 Nobis
379 4704 448 4778 ad
501 4696 615 4778 hoc
648 4705 1064 4778 nominabitur,
1097 4696 1254 4774 quod
1285 4707 1660 4778 prophetissa
1701 4707 1824 4762 fue-

191 4773 266 4850 rit,
297 4776 346 4850 et
377 4774 431 4827 in
464 4775 670 4850 ordine
689 4775 955 4850 judicum
987 4773 1354 4850 supputetur.
1379 4773 1414 4824 »ἶ
1430 4777 1659 4850 Quibus
1689 4795 1826 4833 ver-

193 4838 271 4918 bis
314 4843 617 4918 imperitiae
679 4838 1474 4901 Ambrosium-insimulari—
1502 4849 1826 4918 Spencaeus

193 4915 437 4991 autumat.
491 4917 670 4991 Favet
720 4917 1172 4991 saneiopinioni
1211 4918 1366 4991 ejus,
1417 4915 1572 4990 quod
1623 4922 1826 4976 eadem

196 4987 412 5061 epistola
462 4988 682 5061 scripta
739 4987 1078 5061 fueritwnon
1122 4990 1303 5044 multo
1355 4987 1489 5060 post
1535 4993 1706 5061 epist.
1759 4994 1828 5046 50

196 5057 438 5131 θλυειὶβηι
485 5059 724 5114 Hieron.
779 5060 853 5113 ad
897 5060 1257 5127 Feminae/2.,
1309 5057 1402 5114 an.
1456 5057 1822 5131 393_datam,

198 5137 292 5192 qua
342 5127 522 5199 hujus
580 5132 770 5200 ipsius
839 5131 1250 5186 Ambrosianm
1319 5127 1827 5188 commentationis

198 5199 517 5274 mentionem
550 5199 706 5256 facit.
746 5203 853 5256 Hic
903 5203 1084 5273 igitur
1122 5204 1360 5274 ingenio
1401 5220 1511 5258 suo
1551 5221 1826 5258 nonnun-

199 5280 344 5389 quam
384 5271 556 5340 paulo
595 5271 1018 5328 vehementiori
1067 5271 1390 5328 obsecutus
1443 5279 1534 5329 est
1584 5280 1826 5330 sanctus

200 5337 279 5389 lle
309 5340 484 5389 Pater-
521 5347 616 5389 ant
648 5345 850 5389 saltem
886 5345 1070 5389 smlnm
1106 5345 1415 5389 Hebr-niam.
1465 5345 1684 5389 Iinonm
1719 5347 1826 5389 im-

200 5337 616 5418 illehtfatertaut
637 5345 853 5418 saltem
885 5345 1072 5418 solam
1106 5345 1415 5418 Hebraicze
1464 5345 1684 5418 linguae
1717 5347 1828 5400 im-

201 5413 434 5488 peritiam
463 5415 841 5488 significavit.
873 5415 1038 5480 Quod
1071 5420 1265 5488 autem
1312 5417 1372 5470 in
1403 5433 1469 5471 ea
1500 5413 1829 5488 quaestione

202 5477 422 5546 palmam
463 5477 819 5559 Hieronymo
867 5477 1126 5542 tribuere
1176 5487 1408 5542 videtur
1451 5477 1604 5543 idem
1647 5489 1832 5559 Spen-

205 5564 516 5630 9mus_,_non
535 5558 587 5611 ei
617 5559 767 5630 adeo,
795 5559 966 5630 facile
987 5559 1086 5613 alii
1120 5560 1471 5630 interpretes
1494 5558 1831 5614 assentien-

207 5622 301 5701 ειη.
321 5624 474 5701 ﬁam
506 5629 638 5683 licet
670 5629 1004 5685 Debboram
1044 5622 1346 5701 Scriptu'ra
1385 5634 1558 5685 vocet
1590 5646 1831 5686 uxorem

206 5688 482 5765 Lapidoth,
515 5716 639 5755 eam
661 5705 854 5756 tamen
887 5688 1247 5757 contendunt
1266 5702 1503 5757 viduam
1522 5706 1682 5757 recte
1714 5702 1832 5756 dici

272 5781 381 5846 sse,
396 5770 490 5847 vel
509 5773 660 5845 quod
680 5788 714 5827 a
733 5773 1022 5846 Lapidoth
1043 5788 1218 5847 quem
1233 5773 1504 5847 eumdem
1516 5788 1584 5828 ac
1603 5772 1832 5847 Barach

231 5835 374 5899 uisse
397 5835 609 5927 putant,
643 5835 914 5926 separata
952 5835 1112 5929 quo’d
1130 5843 1205 5908 ad
1233 5846 1428 5920 torum
1447 5844 1671 5908 viveret
1693 5860 1705 5910 :
1737 5843 1833 5911 vel

1912 669 2196 723 Dominus
2227 666 2497 738 angelum
2543 682 2707 718 suum
2752 682 2974 719 mecum
3023 667 3240 732 (Judic.
3295 683 3372 736 1v,
3423 666 3475 735 8,
3506 666 3582 736 9).

1915 756 2138 820 Quanta
2187 771 2333 826 ergo
2387 753 2623 809 feminae
2665 754 2842 808 istius
2892 755 3101 822 virtus,
3141 756 3230 808 cui
3283 755 3404 808 dux
3445 755 3586 809 dicit

1914 844 2242 899 exercitus:
2270 843 2412 898 Nisi
2431 850 2491 896 tu
2511 843 2752 897 veneris
2772 858 2882 896 non
2898 841 3034 896 ibo?
3053 842 3298 912 Quanta,
3323 843 3580 913 inquam,

1913 934 2108 988 viduae
2133 933 2429 1000 fortitudo,
2451 948 2582 1003 quze
2601 947 2632 985 a
2657 931 2938 1002 periculis
2973 931 3152 984 filium
3184 946 3293 985 nec
3321 935 3583 987 materno

1915 1025 2155 1077 revocat
2215 1020 2465 1090 affeotu;
2517 1021 2632 1075 imo
2682 1021 2753 1073 ad
2805 1020 3108 1074 victoriam
3160 1020 3342 1074 filium
3391 1021 3583 1076 studio

1917 1112 2124 1166 matris
2156 1111 2441 1179 hortatur,
2485 1111 2690 1164 dicens
2723 1109 2880 1180 quod
2920 1110 2977 1162 in
3010 1124 3184 1162 manu
3215 1108 3480 1162 mulieris
3510 1109 3587 1162 sit

1918 1216 2149 1254 summa
2179 1199 2443 1254 victoriae
2464 1201 2492 1252 ἱ)

1989 1289 2076 1343 4⁸7.
2123 1287 2395 1342 Debbora
2440 1303 2586 1359 ergo
2635 1286 2825 1356 praelii
2872 1285 3243 1357 prophetavit
3289 1288 3583 1356 eventum,

1922 1377 2150 1431 Barach
2167 1376 2386 1448 jussus
2407 1375 2683 1447 produxit
2700 1376 3022 1429 exercitum
3040 1391 3052 1429 :
3078 1375 3202 1429 Jael
3217 1376 3369 1445 cepit
3386 1375 3589 1429 trium-

1919 1465 2142 1537 phum;
2185 1465 2323 1519 huic
2363 1465 2519 1519 enim
2558 1464 2883 1535 prophetiae
2936 1465 2994 1518 in
3051 1463 3324 1519 Debbora
3370 1463 3587 1518 milita-

1916 1555 2000 1608 vit
2031 1554 2165 1624 (49),
2199 1570 2330 1625 quae
2376 1554 2624 1625 mystice
2672 1553 2846 1608 nobis
2898 1556 3089 1608 ortum
3121 1557 3480 1608 surrectura:
3513 1569 3588 1608 ex

1919 1644 2199 1715 gentibus
2230 1643 2516 1698 Ecclesia:
2547 1643 2851 1711 relevavit,
2888 1642 2979 1696 cui
3027 1642 3359 1712 triumphus
3390 1642 3461 1696 de
3490 1641 3586 1696 Si-

1919 1748 2053 1786 sara
2097 1732 2365 1802 spiritali,
2401 1732 2512 1786 hoc
2543 1735 2634 1786 est
2669 1731 2740 1786 de
2772 1731 3135 1785 adversariis
3171 1732 3585 1802 potestatibus,

1920 1824 2306 1892 quaereretur.
2323 1820 2512 1874 Nobis
2537 1820 2718 1891 igitur
2731 1819 3152 1890 prophetarum
3175 1819 3411 1874 oracula
3426 1819 3591 1874 dimi-

1841 1942 1889 2002 Β
1922 1913 2146 1979 carunt,
2180 1910 2354 1964 nobis
2385 1908 2482 1962 illa
2512 1908 2930 1979 prephetarum
2956 1907 3182 1979 judicia
3231 1911 3286 1962 et
3315 1924 3476 1962 arma
3504 1909 3590 1962 vi-

1924 2003 2148 2054 cerunt.
2187 1999 2258 2052 Et
2288 1999 2419 2053 ideo
2451 2014 2569 2052 non
2600 1998 2852 2068 populus
2893 1997 3254 2063 Judaeorum,
3288 1997 3392 2051 sed
3417 1997 3590 2051 etiam

1924 2088 2051 2142 Jael
2082 2088 2388 2142 victoriam
2433 2088 2504 2141 de
2537 2087 2707 2141 hoste
2740 2087 3034 2157 quaesivit.
3068 2086 3278 2140 Infelix
3320 2102 3463 2158 ergo
3496 2102 3594 2157 po-

1921 2177 2121 2247 pulus,
2164 2177 2266 2247 qui
2314 2176 2547 2230 hostem
2600 2192 2774 2247 quem
2828 2175 3073 2246 fugavit,
3116 2176 3396 2245 persequi
3454 2176 3589 2229 fidei

1923 2267 2137 2320 virtute
2155 2281 2273 2320 non
2293 2265 2499 2336 potuit.
2533 2264 2732 2335 Itaque
2764 2263 2997 2318 illorum
3019 2263 3230 2317 delicto
3261 2264 3424 2318 salus
3447 2279 3591 2335 gen-

1923 2354 2122 2423 tibus;
2157 2354 2391 2408 illorum
2423 2353 2648 2407 desidia
2680 2352 2854 2407 nobis
2905 2356 3139 2406 servata
3181 2352 3425 2406 victoria
3475 2355 3585 2407 est.

1998 2443 2084 2498 48.
2119 2441 2244 2497 Jael
2276 2457 2420 2514 ergo
2475 2441 2796 2512 prostravit
2843 2440 3124 2509 Sisaram,
3176 2457 3352 2512 quem
3394 2445 3590 2497 tamen

1927 2547 2179 2588 corusco
2237 2531 2406 2600 duce,
2469 2530 2581 2584 hoc
2638 2528 2792 2583 enim
2842 2529 3140 2600 significat
3189 2529 3588 2599 interpretatio

1927 2621 2176 2690 Barach,
2213 2635 2422 2673 manus
2452 2621 2716 2672 veterum
2747 2617 3056 2689 fugaverat
3075 2618 3418 2673 Judmorum
3445 2620 3588 2690 (50):

1932 2702 2074 2765 199
2106 2710 2449 2780 frequenter
2489 2706 2666 2776 enim,
2709 2709 2771 2760 ut
2809 2706 3086 2779 legimus,
3126 2708 3492 2762 orationibus
3537 2713 3594 2764 et

1927 2799 2153 2854 meritis
2184 2797 2603 2868 prophetarum
2635 2795 2897 2850 coelestia
2927 2796 3194 2865 patribus
3208 2797 3422 2851 aduere
3445 2797 3594 2852 sub-

1929 2887 2099 2942 sidia.
2135 2886 2251 2942 Sed
2291 2886 2384 2939 his
2432 2885 2556 2956 jam
2596 2888 2734 2939 tunc
2775 2885 2846 2938 de
2893 2885 3171 2956 nequitiis
3225 2886 3592 2955 spiritalibus

1927 2976 2173 3030 victoria
2223 2974 2561 3044 parabatur,
2600 2973 2819 3044 quibus
2869 2973 3082 3028 dicitur
3129 2974 3190 3027 in
3232 2973 3590 3046 Evangelio:

1940 3065 2167 3133 Venite,
2193 3064 2498 3117 benedicti
2511 3063 2720 3116 Patris
2731 3063 2865 3122 mei,
2883 3063 3189 3133 possidete
3199 3071 3472 3134 paratum
3493 3082 3594 3121 vo-

1928 3154 2026 3209 bis
2038 3170 2284 3225 regnum
2300 3169 2330 3206 a
2345 3151 2766 3206 constitutione
2778 3151 3008 3219 mundi(
3008 3152 3597 3221 Mattb.xxv,34).Er-

1930 3259 2006 3315 go
2021 3242 2374 3314 principium
2388 3241 2650 3295 victoriae
2665 3255 2697 3292 a
2716 3238 3210 3310 majoribusﬁnis
3225 3241 3282 3294 in
3299 3241 3587 3295 Ecclesia.

2001 3333 2088 3386 49.
2123 3331 2391 3385 Ecclesia
2422 3333 2615 3383 autem
2639 3344 2755 3383 non
2784 3329 2965 3382 armis
2987 3329 3377 3384 smcularibus
3410 3331 3591 3385 vincit

1929 3422 2303 3476 adversaries
2335 3422 2677 3489 potestates,
2710 3418 2818 3471 sed
2838 3418 3019 3471 armis
3050 3419 3436 3491 spiritalibus,
3457 3439 3591 3494 quae

1931 3514 2069 3566 sunt
2105 3509 2277 3564 fortia
2301 3509 2421 3562 Deo
2443 3508 2516 3560 ad
2545 3507 2936 3561 destruendus
2974 3508 3351 3578 munitiones,
3377 3515 3435 3565 et
3465 3512 3592 3566 alti-

1929 3601 2191 3654 tudinem
2237 3597 2514 3668 nequitiae
2563 3596 2847 3666 spiritalis
2896 3596 2982 3666 (Il
3018 3597 3152 3652 Cor.
3196 3615 3254 3667 x,
3303 3599 3356 3669 4,
3402 3602 3477 3671 5).
3524 3603 3594 3658 Et

1930 3690 2062 3743 ideo
2093 3689 2313 3742 Sisarae
2345 3687 2478 3740 sitis
2510 3686 2680 3739 lactis
2711 3685 2924 3755 poculo
2955 3686 3346 3758 restinguitur
3374 3690 3589 3760 (Judic.

1930 3796 2009 3849 iv,
2052 3778 2162 3847 l9),
2209 3777 2347 3848 quia
2395 3775 2619 3830 ratione
2669 3778 2984 3845 superatur
3026 3775 3178 3846 (51);
3229 3779 3387 3849 quod
3436 3781 3592 3838 enim

1931 3867 2105 3923 nobis
2139 3865 2394 3920 salutare
2426 3865 2499 3918 ad
2533 3879 2753 3934 escam,
2787 3863 2900 3918 hoc
2929 3864 3288 3922 adversariae
3319 3873 3593 3939 potestati

1931 3992 2088 4067 quod
2124 3989 2420 4067 _Lapidotb
2452 4004 2570 4043 non
2619 3987 2732 4042 viri
2777 4004 3033 4067 nomen,
3048 3991 3163 4067 sed
3206 3993 3350 4048 artis
3390 4000 3591 4067 esset;

1930 4061 2297 4134 proindeque
2344 4076 2462 4134 non
2493 4075 2765 4134 uxorem_
2792 4061 3106 4131 Lapidoth,
3139 4079 3347 4118 verum
3381 4061 3595 4122 mulie-l

1932 4131 2057 4190 i'em
2089 4131 2485 4206 Lyehnariam
2526 4131 2873 4206 vertendum
2923 4137 3186 4203 censent,
3240 4151 3373 4206 quae
3412 4139 3593 4194 multo

1934 4205 2301 4279 communior
2331 4203 2528 4272 opinio
2560 4206 2670 4279 est.
2706 4203 2832 4256 Nos
2863 4207 3057 4279 tamen
3088 4203 3403 4279 Ambrosio
3425 4209 3597 4279 Lapi-

1933 4278 2093 4332 doth.
2132 4275 2420 4348 Debbora
2453 4273 2643 4348 mariti
2673 4289 2886 4328 nomen
2929 4274 3120 4348 fuisse
3163 4273 3593 4348 existimamus,

1934 4349 2040 4403 sed
2071 4347 2303 4414 mortui,
2335 4349 2508 4415 atque
2557 4345 2702 4399 adeo
2741 4361 2980 4399 uxorem
3020 4347 3308 4417 Lapidotb
3339 4345 3598 4417 positum

1933 4436 2040 4490 pro
2079 4419 2309 4490 viduam
2351 4417 3597 4490 Lapidolb,3u0d_scriptoribusnonest

1934 4487 2222 4544 insolens.
2257 4487 2423 4552 Quod
2455 4491 2646 4540 autem
2678 4487 2904 4540 Barach
2929 4487 3218 4541 Debborae
3243 4489 3424 4541 tilium
3454 4489 3598 4543 dicit

1933 4560 2310 4627 Ambrosius,
2345 4559 2582 4629 neganti
2615 4558 2850 4627 quidem
2879 4557 3242 4629 Hieronymo
3274 4559 3475 4628 plures
3507 4576 3596 4615 as-

1843 4663 1900 4726 Β
1936 4634 2294 4726 sentiuntur;
2323 4627 2541 4726 Selii—Ade
2572 4628 2666 4682 his
2716 4627 2990 4682 omnibus
3019 4627 3595 4700 turmam’interpre-

1936 4708 2054 4758 tum
2088 4701 2367 4757 consulas
2400 4700 2552 4753 licet.

2005 4774 2118 4844 (48)
2159 4773 2233 4826 Ut
2266 4770 2605 4844 agnoscatis
2637 4769 2786 4844 quod
2826 4775 3019 4844 pessit
3065 4770 3389 4844 instituere
3425 4773 3596 4828 vidua

1934 4840 2318 4912 bellatorem,
2343 4843 2402 4895 in
2433 4841 2581 4913 solis
2608 4842 2743 4894 edit.
2766 4845 2825 4913 et
2853 4840 3000 4895 Tell.
3027 4841 3157 4895 cod.
3191 4843 3499 4913 reperitur.
3526 4844 3600 4899 Et

1934 4921 2069 4986 post
2089 4911 2299 4988 pauca,
2318 4913 2417 4988 ubi
2439 4912 2662 4988 eaedem
2685 4911 2820 4966 edit.
2847 4927 2980 4988 cum
3003 4913 3210 4988 eodem
3251 4911 3404 4988 cod,
3431 4918 3599 4988 quasi

1929 4983 2243 5059 prolﬂietis
2278 4984 2542 5059 victoriae
2586 4989 2771 5059 certa,
2807 4983 3016 5059 reliqui
3051 5000 3197 5059 mss.
3231 4989 3293 5038 ut
3320 4986 3389 5059 in
3411 4983 3595 5059 textu.

2007 5054 2118 5127 (49)
2147 5057 2364 5127 omnes
2397 5054 2557 5127 edit_.,
2584 5054 2898 5127 prop/retia
2949 5055 3244 5110 Debborae
3281 5057 3596 5123 militavit;

1936 5122 2299 5192 mS's.'TelI.,
2337 5122 2652 5195 prophetia
2695 5122 2978 5180 Debbora
3025 5127 3347 5192 militavit;
3398 5122 3598 5185 cmteri

1937 5203 2157 5256 nostrae
2187 5196 2424 5253 lectioni
2451 5195 2860 5265 astipulantur.
3582 5209 3584 5211 '

2008 5272 2131 5344 (50)_
2153 5269 2298 5323 Mss.
2333 5268 2572 5337 aliquot,
2587 5268 3028 5344 _interpretatio
3045 5268 3225 5324 Balac
3247 5286 3472 5344 manus,
3504 5286 3600 5329 ve-

1937 5333 2065 5398 rum
2095 5333 2234 5412 I‘uga
2246 5345 2413 5394 verat
2429 5333 2514 5412 _ga
2523 5333 2622 5391 udi
2627 5354 2716 5390 um
2741 5333 3100 5412 Judteorum.

2008 5414 2121 5483 (51)
2153 5409 2372 5466 Omnes
2405 5409 2860 5483 edit.,__oratio_ne
2881 5418 3216 5483 superatur,
3235 5410 3389 5467 haud
3407 5410 3556 5467 male
3582 5424 3595 5468 :

1938 5480 2284 5540 intra—enim
2324 5496 2486 5536 arma
2541 5480 2834 5534 Ecclesiae
2889 5480 3082 5536 oratio
3121 5489 3248 5546 est;
3297 5487 3354 5536 at
3393 5495 3599 5537 omnes

1939 5572 2112 5625 mss.,
2142 5556 2376 5608 ratione
2407 5558 2744 5625 superatur.
2778 5551 3001 5625 Ibidem
3050 5569 3192 5608 vero
3236 5552 3363 5625 haec
3393 5553 3596 5625 verba,

1939 5621 2125 5683 Arma
2142 5621 2616 5705 Ece_1_esiae_lides,
2630 5637 2765 5705 quia
2789 5622 3078 5705 habentur
3091 5625 3151 5705 in
3164 5621 3598 5705 omnibus‘edit;

1941 5713 2010 5780 eo
2041 5712 2189 5752 mss.
2222 5697 2463 5780 aliquot,
2495 5695 2555 5780 in
2593 5692 2726 5752 aliis
2757 5693 2938 5756 multo
2968 5695 3238 5776 pluribus
3264 5692 3603 5780 vetustiorig

1941 5769 2176 5846 basque
2205 5767 2636 5832 desiderantur.
2968 5767 2991 5776 '
3593 5769 3603 5786 '
