3932 6152
459 350 580 422 263

1725 322 1734 330 ’
1780 351 1848 416 s.
1880 343 2324 424 AMBROSII.

3746 360 3848 426 264

461 555 675 613 lethale
703 553 777 610 ad
807 553 1222 609 infirmitatem.
1257 553 1434 606 Arma
1482 551 1769 607 Ecclesia:
1817 550 1988 621 fides,
2038 567 2131 604 ar-
2154 532 2207 594 Α
2249 550 2414 620 (Luc.
2451 567 2531 621 ιν,
2563 550 2676 620 39).

461 661 556 700 ma
585 643 871 698 Ecclesiae
905 643 1088 698 oratio
1121 644 1234 711 est,
1289 657 1420 712 quae
1468 640 1878 696 adversarium
1923 641 2124 693 vincit.

533 732 622 788 50.
668 731 828 804 Ergo
878 731 1206 786 secundum
1249 729 1558 784 historiam
1601 729 1674 783 ad
1715 728 2128 798 provocandos

461 821 692 877 animos
724 820 1076 874 feminarum
1106 817 1324 872 femina
1349 817 1657 888 judicavit,
1684 817 1900 871 femina
1929 816 2130 886 dispo-

461 911 601 980 suit,
648 908 864 963 femina
910 907 1302 978 prophetavit,
1351 906 1566 960 femina
1606 906 2022 976 triumphavit,
2077 908 2134 960 et

461 997 840 1070 praeliaribus
871 995 1201 1050 intermista
1235 993 1446 1065 copiis,
1479 994 1726 1064 imperio
1749 993 1912 1048 viros
1935 993 2135 1048 docuit

461 1087 710 1141 militare
744 1085 1018 1140 femineo.
1053 1083 1394 1140 Secundum
1424 1083 1784 1162 mysterium.
1807 1099 1944 1136 vero
1993 1082 2130 1136 ﬁdei

461 1175 684 1230 militia.
721 1173 1006 1228 Ecclesiae
1027 1173 1276 1228 victoria
1307 1176 1400 1228 est
1429 1173 1562 1243 (5‘2).

529 1263 620 1318 5t.
661 1261 796 1317 Non
825 1277 972 1334 ergo
1003 1263 1237 1317 habetis
1269 1262 1426 1333 quod
1458 1277 1566 1332 per
1593 1264 1864 1316 naturam
1894 1276 2004 1315 vos
2027 1275 2134 1314 ex-

463 1350 709 1422 cusetis,
743 1350 995 1405 femmze.
1041 1351 1175 1406 Non
1205 1351 1464 1420 habetis,
1506 1351 1718 1421 viduae,
1752 1350 1911 1422 quod
1939 1350 2012 1403 ad
2043 1349 2136 1403 in-

463 1439 796 1494 firmitatem
825 1455 1032 1509 sexus,
1067 1442 1166 1494 aut
1211 1441 1285 1494 ad
1316 1439 1703 1494 amissionem
1732 1438 1985 1494 subsidii
2015 1453 2137 1491 ma-

463 1528 678 1598 ritalis,
712 1527 1096 1582 mobilitatem
1129 1532 1388 1584 vestram
1437 1528 1663 1583 referre
1710 1527 1958 1598 possitis
2000 1525 2134 1596 (53),

463 1616 618 1673 Satis
669 1617 987 1687 unicuique
1036 1617 1302 1687 praesidii
1351 1620 1462 1684 est,
1515 1617 1569 1676 si
1616 1617 1804 1670 virtus
1835 1631 1952 1670 non
1983 1615 2138 1668 desit

465 1705 701 1761 animae.
737 1705 807 1760 Et
837 1706 967 1774 ipse
999 1707 1058 1759 in
1089 1705 1286 1759 viduis
1316 1705 1598 1776 frequens
1632 1721 1958 1775 processus
1991 1707 2135 1758 aeta-

463 1796 542 1850 tis
572 1795 872 1850 munimen
900 1795 1144 1865 pudoris
1176 1798 1296 1862 est;
1329 1798 1385 1848 et
1415 1795 1544 1864 ipse
1592 1794 1800 1848 amissi
1851 1792 2132 1863 conjugis

2315 639 2404 694 54.
2446 640 2708 711 Magnis,
2744 639 2956 710 inquit,
2993 638 3304 694 tenebatur
3331 640 3608 712 febribus,
3638 652 3688 699 et
3714 664 3845 719 roga-

2248 734 2459 782 verunt
2487 728 2648 782 illum
2673 744 2786 800 pro
2816 745 2902 783 ea.
2938 728 3009 782 Et
3037 731 3098 782 tu
3120 728 3302 784 babes
3325 731 3628 801 proximos,
3652 737 3736 805 qui
3754 753 3838 806 pro

2241 819 2297 871 te
2320 817 2671 887 supplicent.
2696 817 2898 872 I-Iabcs
2917 817 3219 887 apostolos
3235 819 3524 887 proximos
3547 821 3668 891 (5'7),
3692 823 3845 879 habes

2241 909 2531 976 martyres
2560 907 2883 976 proximos,
2920 906 2974 960 si
3005 906 3064 959 in
3098 907 3227 975 ipsa
3256 908 3594 977 martyribus
3629 910 3843 966 devotio-

2242 993 2337 1048 nis
2369 995 2668 1064 societate,
2701 994 3132 1049 misericordiae
3155 1009 3383 1066 quoque
3413 997 3728 1052 muneribus
3753 1016 3838 1070 ap-

2241 1083 2625 1155 prOpinques,
2660 1084 2966 1154 proximus
2999 1087 3092 1138 est
3121 1085 3277 1137 enim
3307 1084 3406 1154 qui
3433 1085 3844 1142 misericordiam

2247 1172 2405 1226 facit.
2439 1172 2553 1226 Fac
2583 1176 2640 1226 et
2671 1176 2728 1226 tu
2762 1172 3232 1227 misericordiam
3271 1173 3431 1242 (Luc.
3463 1190 3518 1243 x,
3547 1173 3652 1241 3'7),
3683 1179 3733 1229 et
3755 1179 3850 1230 eris

2245 1262 2418 1316 Petro
2469 1261 2756 1331 proxima.
2812 1261 2946 1316 Non
2990 1261 3305 1332 sanguinis
3351 1263 3724 1333 necessitudo,
3768 1267 3850 1318 sed

2245 1350 2481 1404 virtutis
2515 1349 2790 1422 cognatio
2824 1349 2964 1404 facit
2992 1349 3327 1419 proximos;
3359 1350 3490 1420 quia
3519 1351 3696 1404 nonin
3712 1367 3852 1407 carne

2246 1439 2637 1508 ambulamus,
2671 1439 2776 1492 sed
2809 1439 2870 1492 in
2901 1438 3133 1508 spiritu.
3167 1439 3314 1493 Ama
3343 1453 3484 1510 ergo
3512 1439 3853 1510 propinquita-

2246 1531 2364 1581 tem
2407 1527 2584 1596 Petri,
2635 1527 2978 1582 affinitatem
3021 1527 3306 1596 Andreae;
3357 1530 3417 1580 ut
3447 1543 3547 1596 pro
3577 1531 3628 1581 te
3661 1532 3846 1599 rogent,

2249 1619 2305 1671 et
2335 1616 2611 1670 recedant
2642 1617 2991 1686 cupiditates
3023 1619 3159 1670 tuae.
3192 1615 3384 1669 Verbo
3411 1615 3510 1668 Dei
3531 1615 3738 1684 pulsata
3757 1632 3850 1669 sur-

2254 1721 2363 1776 ges
2395 1704 2572 1774 illico,
2605 1721 2738 1776 quae
2768 1705 2829 1757 in
2857 1704 3033 1758 terris
3057 1703 3326 1774 jacebas,
3370 1707 3430 1757 ut
3457 1701 3678 1758 Christo
3712 1705 3848 1756 mini-

2250 1797 2426 1848 stres.
2449 1793 2674 1848 Nostra
2698 1793 2854 1847 enim
2879 1793 3259 1847 conversatio
3281 1794 3340 1845 in
3361 1791 3524 1846 oculis
3541 1798 3644 1861 est,
3671 1792 3796 1846 unde
3814 1799 3858 1845 et

467 1883 654 1954 dolor,
685 1899 834 1938 usus
867 1884 1086 1954 operis,
1152 1883 1362 1936 domus
1413 1898 1572 1952 cura,
1620 1881 1956 1936 sollicitudo
1985 1881 2138 1934 libe-
2167 1905 2216 1966 Β
2252 1882 2627 1936 Salvatorom
2652 1889 3064 1952 exspectamus
3084 1881 3390 1934 Dominum
3412 1881 3601 1934 Jesum
3621 1879 3856 1950 (Philipp.

465 1989 686 2043 rerum,
720 1971 958 2026 noxiam
988 1971 1200 2041 pudori
1231 1971 1384 2026 solet
1418 1986 1623 2025 arcere
1655 1971 1962 2024 lasciviam
1997 1986 2008 2024 :
2043 1971 2133 2023 at—

467 2077 582 2133 que
611 2062 741 2132 ipse
772 2061 1046 2131 lugubris
1079 2059 1336 2128 habitus,
1370 2075 1582 2130 pompa
1623 2059 1914 2128 funebris,
1963 2059 2138 2112 fletus

467 2149 769 2218 assiduus,
822 2152 879 2204 et
922 2151 1152 2202 maestae
1201 2147 1382 2202 fronti
1424 2147 1793 2202 inarantibus
1821 2148 1934 2218 (5t)
1966 2149 2134 2218 rugis

467 2239 760 2309 impressa
791 2237 1046 2308 tristitia,
1079 2237 1463 2307 petulantium
1495 2235 1706 2306 premit
1738 2235 1968 2305 oculos,
2001 2251 2138 2290 res-

467 2326 686 2400 tinguit
713 2326 1016 2395 libidines,
1050 2341 1336 2396 procaces
1368 2325 1581 2380 avertit
1601 2328 1901 2395 aspectus.
1937 2324 2138 2379 Bonus

468 2419 672 2472 custos
705 2415 970 2486 pudoris,
1003 2414 1236 2484 pietatis
1269 2414 1438 2470 dolor
1472 2430 1484 2468 :
1520 2429 1638 2468 non
1669 2413 1899 2483 obrepit
1945 2413 2137 2484 culpa,

469 2505 522 2561 si
552 2521 694 2560 cura
723 2519 840 2560 non
878 2503 1053 2560 desit.

1113 2646 1364 2700 CAPUT
1404 2645 1503 2700 IX.

472 2770 699 2828 Earum
733 2787 857 2844 quae
889 2769 1260 2844 dictitarent,
1295 2769 1669 2844 sibi_1_uelius
1696 2769 1845 2844 fore
1889 2771 1946 2824 si
1965 2769 2144 2844 laetis

545 2840 926 2898 successibus
957 2841 1350 2909 abundarent,
1384 2840 1704 2911 objectioni
1735 2843 2016 2910 occurrit,
2054 2855 2144 2911 os-

547 2914 800 2968 tendens
831 2929 863 2967 e
893 2915 1090 2966 sacris
1134 2913 1390 2966 Litteris
1425 2910 1696 2965 Subsidia
1744 2913 1939 2966 viduis
1977 2910 2144 2983 ing/i-

544 2984 650 3039 liis
675 2985 1036 3056 generisque
1067 2990 1384 3056 suppetere
1415 3003 1431 3035 :
1455 2983 1605 3054 quod
1619 2989 1926 3056 postquam
1951 2999 2144 3037 exem-

543 3056 644 3127 plo
672 3053 880 3109 socrus
897 3053 1160 3127 Simonis
1177 3053 1580 3127 confirmatum
1611 3059 1722 3127 est,
1750 3053 1850 3107 eos
1867 3055 2141 3127 hortatur

547 3124 608 3181 ut
637 3127 714 3180 ad
743 3125 1034 3197 apostolos
1065 3132 1342 3197 tanquam
1367 3125 1442 3178 ad
1465 3125 1772 3197 proximos
1801 3132 1974 3196 atque
2005 3124 2140 3178 afﬁ-

546 3212 656 3251 nes
685 3196 1058 3266 eonfugiant;
1106 3197 1206 3250 ubi
1237 3196 1646 3266 pulcherrime
1684 3196 1758 3249 de
1803 3202 2139 3249 sanctorum

545 3269 918 3322 invocatione
931 3267 1202 3322 disserit.
1241 3267 1478 3334 Postea,
1505 3268 1892 3338 querimoniis
1913 3266 2144 3338 quibus-
2173 3267 2225 3330 C

543 3339 676 3393 dam
724 3339 798 3392 de
846 3338 1168 3392 solitudine
1217 3354 1284 3391 ae
1338 3337 1688 3409 patrimonii
1743 3337 2145 3391 conservandi

546 3410 908 3464 necessitate
948 3409 1250 3478 refutatis,
1285 3410 1835 3462 indecentissimum
1868 3425 2002 3463 esse
2034 3409 2134 3462 de-

544 3487 837 3535 monstrat
887 3481 1116 3552 viduam
1155 3480 1425 3552 eui/ilia)
1449 3480 1576 3551 jam
1617 3479 1853 3534 nubilos
1893 3487 1989 3534 aut
2015 3479 2142 3552 jam

546 3557 740 3622 nuptae
767 3553 910 3622 sint,
943 3551 1132 3606 adhuc
1162 3551 1408 3606 nubere.

544 3667 633 3722 52.
676 3666 981 3721 Didieistis
1025 3665 1226 3739 igitur,
1277 3667 1492 3736 viduae,
1541 3667 1812 3722 subsidio
1863 3683 1973 3722 vos
2020 3684 2139 3723 non

474 3771 654 3829 egere
688 3759 934 3826 naturae,
975 3760 1030 3810 et
1059 3771 1242 3826 posse
1273 3756 1679 3810 salubritatem
1710 3759 1910 3810 tenere
1942 3757 2144 3811 consi-

473 3845 566 3915 lii;
617 3861 728 3900 nec
779 3844 1106 3899 domestico
1155 3844 1422 3917 indigere
1471 3845 1774 3915 praesidio,
1809 3861 1942 3916 quae
1973 3845 2145 3900 etiam

473 3935 732 4007 publicae
764 3934 1014 4004 potestis
1045 3933 1272 4003 apicem
1300 3935 1575 4004 potentia
1607 3935 1929 3989 vindicare.

545 4024 634 4078 53.
677 4023 794 4078 Sed
824 4021 1080 4076 fortasse
1111 4023 1252 4076 dicit
1279 4022 1494 4094 aliqua,
1521 4023 1576 4076 ei
1603 4023 1970 4078 tolerabilem
1995 4024 2142 4088 200

473 4111 817 4166 viduitatem
863 4111 956 4165 cui
1000 4111 1290 4181 proﬂuunt
1339 4127 1436 4166 res
1487 4112 1766 4166 secundae
1816 4128 1828 4167 :
1871 4112 2143 4166 adversis

472 4215 618 4256 vero
649 4200 860 4254 viduas
892 4200 1007 4254 cito
1039 4200 1254 4272 frangi,
1276 4199 1447 4254 facile
1473 4201 1885 4256 succumbere.
1921 4201 2004 4254 De
2026 4217 2143 4272 quo

474 4289 608 4358 etsi,
640 4289 771 4360 ipso
801 4289 1120 4342 doceamur
1151 4305 1286 4359 usu,
1319 4289 1452 4342 laeta
1481 4289 1678 4343 viduis
1699 4289 1927 4344 lubrica
1949 4289 2144 4360 magis

473 4394 614 4434 esse
665 4394 840 4450 quam
883 4378 1040 4432 seria
1089 4380 1229 4447 (55);
1267 4381 1463 4432 tamen
1521 4377 1958 4448 Scripturarum
2011 4379 2141 4432 ins-

472 4469 726 4522 truimur
773 4467 1060 4537 exemplis
1129 4467 1180 4535 (I
1229 4467 1372 4521 Tim.
1416 4485 1472 4522 v.
1523 4467 1631 4536 16),
1703 4467 2143 4522 inﬁrmitatibus

475 4571 711 4628 quoque
742 4555 1054 4610 viduarum
1084 4571 1201 4611 non
1233 4557 1446 4610 deesse
1478 4556 1672 4610 solere
1704 4556 1971 4610 subsidia
2007 4573 2021 4627 ;
2055 4556 2146 4610 fa-

477 4644 768 4717 ciliusque
800 4661 975 4717 quam
1005 4646 1238 4700 caeteris
1269 4645 1467 4700 divina
1497 4648 1670 4716 atque
1701 4646 1953 4699 humana
1996 4661 2143 4716 sup-
2165 4629 2220 4691 D

474 4735 696 4803 petere,
741 4734 794 4788 si
843 4733 996 4788 bene
1045 4734 1200 4789 filios
1249 4734 1574 4803 instituant,
1624 4750 1882 4805 generos
1923 4735 2140 4806 legant.

478 4819 743 4890 Denique
775 4837 909 4875 cum
941 4839 1155 4877 socrus
1185 4822 1445 4877 Simonis
1470 4823 1702 4894 magnis
1733 4823 2003 4878 febribus
2035 4823 2140 4878 de-

477 4905 780 4976 tineretur,
813 4908 1023 4963 Petrus
1054 4913 1111 4964 et
1139 4910 1410 4965 Andreas
1448 4915 1812 4983 rogaverunt
1833 4913 2016 4966 Deum
2039 4927 2144 4982 pro

477 5008 547 5049 ea
579 5009 592 5049 :
624 4995 707 5048 Et
739 5002 908 5051 stans
952 5013 1132 5068 super
1169 4997 1351 5068 illam,
1395 5002 1713 5072 imperavit
1743 5001 1926 5070 febri,
1961 5009 2019 5054 et
2053 5017 2151 5055 re-

477 5084 644 5139 misit
671 5083 852 5155 illam,
888 5092 946 5140 et
977 5101 1198 5140 eonnuo
1229 5103 1487 5160 surgens
1505 5089 1890 5143 ministrabat
1924 5089 2017 5143 illi
2036 5088 2148 5159 (56)

549 5225 850 5299 (52)_Mss.
887 5227 1243 5299 complures,
1279 5229 1447 5284 docet
1479 5230 1742 5285 militare
1783 5231 2142 5286 femina......

485 5307 626 5353 Vero
655 5297 799 5353 ﬁdei
826 5297 1310 5355 militi’EeeleSia
1349 5302 1596 5355 victoria
1630 5309 1740 5356 est.

551 5369 662 5443 (53)
703 5370 877 5443 Edit.,
917 5377 1486 5443 vestramrastruere
1508 5374 1780 5443 possitis.

550 5439 663 5521 (5.4)
702 5439 864 5521 Idem
893 5457 1066 5521 mss,
1099 5442 1416 5521 habiturus
1430 5439 1696 5521 pompam
1719 5443 1954 5499 funeris
1973 5446 2152 5501 [lctus

479 5512 774 5580 assiduus,
809 5519 868 5566 et
899 5515 1090 5566 mistze
1121 5515 1344 5568 frontis
1373 5512 1776 5580 in'ai'antibus,
1805 5521 1917 5571 etc.

441 5590 493 5657 -_
550 5577 666 5652 (55)
703 5577 786 5657 Ita
835 5583 972 5657 edit.
1017 5600 1233 5657 omnes
1279 5600 1348 5657 ac
1397 5601 1544 5640 mss.
1577 5577 1800 5657 aliquot
1831 5603 1843 5642 :
1877 5587 1975 5640 alii
2005 5603 2149 5644 vero

475 5649 655 5725 longe
700 5653 956 5736 plurimi,
1003 5654 1175 5712 thas
1227 5655 1434 5712 viduas
1474 5649 1742 5714 lubricas
1781 5659 1974 5732 magis
2011 5675 2147 5716 esse

481 5737 653 5800 quae
681 5737 898 5800 sarras-

549 5790 662 5878 (56)
691 5791 764 5856 Et
779 5795 1052 5860 continuo
1070 5811 1330 5878 surgens
1347 5797 1734 5868 ministrabat
1754 5799 1898 5876 illis,
1923 5799 2094 5862 abest
2112 5817 2148 5866 α

2249 1988 2332 2040 ιιι,
2363 1969 2473 2040 20),
2507 1971 2695 2025 Nemo
2725 1972 2882 2024 enim
2907 1969 3120 2044 jacens
3153 1971 3391 2025 Christo
3437 1970 3726 2023 ministrat.
3767 1969 3854 2020 Mi-

2250 2060 2435 2114 nistra
2466 2061 2730 2129 pauperi,
2778 2063 2834 2112 et
2877 2059 3188 2113 ministrati
3237 2059 3472 2113 Christo
3509 2073 3521 2112 :
3559 2057 3708 2122 Quod
3741 2057 3865 2111 enim

2259 2150 2358 2202 uni
2368 2149 2572 2202 horum
2586 2149 2842 2217 fecistis,
2861 2148 3028 2217 mihi,
3045 2148 3252 2219 inquit,
3267 2147 3506 2202 fecistis
3523 2146 3736 2215 (Matth.
3751 2161 3864 2213 xxv,

2248 2239 2360 2306 40).
2395 2237 2638 2292 Habetis
2670 2253 2834 2308 ergo,
2870 2237 3084 2305 viduae,
3119 2237 3424 2305 auxilium,
3457 2235 3512 2290 si
3539 2235 3675 2289 tales
3723 2233 3865 2288 vobis

2249 2343 2526 2398 generos,
2561 2326 2888 2396 posteritati
2919 2328 3136 2380 vestrae
3177 2329 3478 2396 patrones,
3519 2323 3658 2378 tales
3697 2322 3864 2393 proxi-

2252 2433 2383 2471 mos
2415 2415 2671 2486 eligatis.

2323 2506 2411 2559 55.
2455 2504 2612 2576 Ergo
2649 2506 3007 2575 rogaverunt
3035 2519 3142 2574 pro
3175 2503 3354 2558 vidua
3383 2505 3589 2558 Petrus
3614 2503 3666 2556 et
3685 2499 3867 2554 Andre-

2254 2610 2340 2648 as.
2376 2593 2610 2648 Utinam
2641 2593 2892 2647 exsistat
2921 2593 3138 2664 aliquis
3169 2593 3271 2664 qui
3302 2597 3416 2647 tam
3448 2592 3558 2646 cito
3586 2589 3760 2661 possit
3783 2604 3864 2642 ro-

2255 2698 2397 2754 gare
2428 2699 2533 2753 pro
2556 2681 2748 2747 nobis,
2773 2681 2868 2735 vel
2904 2684 3062 2736 certe
3082 2682 3179 2736 isti
3211 2681 3312 2752 qui
3350 2697 3457 2752 pro
3480 2695 3651 2735 socru
3676 2680 3866 2750 rogant,

2257 2773 2487 2840 Petrus,
2522 2774 2579 2826 et
2609 2771 2878 2825 Andreas
2911 2770 3092 2825 frater
3121 2769 3288 2842 ejus;
3338 2774 3476 2825 tunc
3507 2770 3654 2824 enim
3680 2783 3772 2838 pro
3797 2765 3870 2818 af-

2256 2861 2371 2915 ﬁne
2401 2863 2668 2931 poterant
2698 2861 2833 2930 (58),
2865 2876 3022 2914 nunc
3045 2859 3170 2931 jam
3201 2862 3460 2930 possunt
3487 2874 3588 2929 pro
3618 2855 3790 2922 nobis,
3828 2856 3870 2908 et

2254 2966 2362 3021 pro
2394 2949 2670 3004 omnibus
2701 2949 3031 3019 impetrare.
3073 2947 3300 3002 Videtis
3331 2950 3486 3002 enim
3517 2945 3666 3018 quod
3691 2957 3867 3014 magno

2253 3042 2494 3109 peccato
2528 3039 2804 3107 obnoxia,
2839 3037 3014 3091 minis
3046 3037 3255 3092 idonea
3289 3037 3366 3091 sit
3399 3053 3529 3108 quae
3559 3051 3660 3106 pro
3687 3049 3746 3088 se
3771 3046 3878 3102 pre-

2257 3132 2440 3198 cetur,
2474 3131 2632 3181 certe
2673 3143 2805 3197 quae
2840 3141 2946 3196 pro
2983 3141 3048 3180 se
3085 3127 3377 3196 impetret.
3421 3125 3702 3180 Adhibeat
3729 3121 3876 3192 igitur

2256 3217 2329 3270 ad
2354 3216 2644 3270 medicum
2668 3216 2818 3269 alios
2841 3219 3170 3285 pecatores.
3212 3215 3390 3286 .«Egri
3416 3215 3571 3268 enim
3591 3211 3698 3266 nisi
3713 3209 3776 3264 ad
3795 3223 3876 3262 eos

2256 3305 2503 3359 aliorum
2543 3305 2821 3374 precibus
2864 3304 3130 3358 medicus
3163 3302 3343 3358 fuerit
3371 3304 3663 3370 invitatus,
3699 3313 3791 3370 pro
3826 3310 3877 3348 se

2257 3410 2471 3466 rogare
2512 3410 2630 3448 non
2669 3397 2942 3463 possunt.
2982 3392 3218 3446 Inﬁrma
3255 3396 3350 3447 est
3390 3408 3546 3461 caro,
3571 3405 3728 3444 mens
3747 3400 3879 3457 aegra

2257 3487 2369 3552 est,
2393 3489 2448 3538 et
2471 3488 2845 3554 peccatorum
2881 3482 3136 3535 vinculis
3171 3481 3472 3552 impedita,
3521 3480 3590 3534 ad
3621 3477 3806 3533 medici
3824 3473 3883 3526 il-

2255 3573 2372 3626 lius
2410 3573 2611 3627 sedem
2652 3572 2844 3625 debile
2881 3587 2996 3626 non
3039 3574 3234 3641 potest
3257 3571 3556 3640 explicare
3583 3565 3881 3637 vestigium.

2255 3661 2618 3716 Obsecrandi
2639 3665 2777 3714 sunt
2799 3659 2991 3731 angeli
3015 3675 3122 3730 pro
3141 3659 3339 3728 nobis,
3367 3660 3467 3731 qui
3491 3658 3658 3712 nobis
3680 3655 3744 3709 ad
3766 3667 3884 3723 pree-

2255 3751 2474 3804 sidium
2513 3751 2628 3804 dati
2671 3751 2840 3804 sunt:
2897 3751 3186 3818 martyres
3238 3747 3616 3814 obsecrandi,
3673 3755 3884 3815 quorum

2253 3839 2526 3893 videmur
2561 3838 2734 3893 nobis
2774 3838 3028 3908 quodam
3071 3839 3344 3906 corporis
3379 3838 3628 3910 pignore
3661 3829 3883 3904 patroci-

2254 3929 2416 3982 nium
2435 3927 2757 3982 vindicare.
2787 3928 3046 3981 Possunt
3083 3943 3190 3996 pro
3223 3926 3488 3996 peccatis
3524 3937 3725 3996 rogare
3768 3931 3886 3972 nos-

2255 4017 2384 4086 tris,
2409 4018 2509 4087 qui
2531 4017 2770 4086 proprio
2807 4016 3120 4087 sanguine,
3145 4017 3318 4070 etiam
3359 4015 3412 4070 si
3449 4031 3564 4086 qua
3597 4008 3884 4067 habuerunt

2255 4109 2515 4175 peccata,
2553 4105 2856 4176 laverunt;
2916 4105 3013 4158 isti
3067 4105 3222 4158 enim
3265 4109 3407 4159 sunt
3463 4103 3570 4158 Dei
3619 4102 3886 4168 martyres,

2255 4196 2445 4249 nostri
2517 4194 2831 4264 praesules,
2899 4193 3306 4263 speculatores
3372 4194 3512 4248 vitae
3577 4197 3887 4256 actuumque

2254 4287 2616 4340 nostrorum.
2673 4283 2804 4336 Non
2861 4283 3288 4336 erubescamus
3343 4298 3452 4336 eos
3495 4281 3886 4335 intercessores

2256 4379 2477 4430 nostrae
2534 4373 2888 4427 inﬁrmitatis
2941 4367 3255 4440 adhibere,
3308 4372 3450 4442 quia
3509 4369 3622 4441 ipsi
3670 4361 3888 4421 infirmi-

2255 4467 2404 4518 tates
2447 4463 2736 4533 corporis,
2781 4463 2954 4516 etiam
2989 4477 3123 4514 cum
3158 4461 3468 4516 vincerent
3519 4459 3650 4530 (59),
3705 4465 3893 4524 cogno-

2255 4555 2490 4608 verunt.

2327 4642 2416 4695 56.
2457 4640 2682 4696 Invenit
2706 4655 2850 4712 ergo
2873 4639 3030 4693 Petri
3053 4655 3266 4694 socrus
3287 4639 3388 4710 qui
3411 4653 3521 4708 pro
3541 4653 3607 4692 se
3629 4629 3890 4706 rogarent.

2260 4731 2329 4784 Et
2368 4734 2449 4799 tu,
2493 4731 2688 4798 vidua,
2731 4729 2964 4782 invenis
3004 4729 3104 4800 qui
3133 4745 3237 4798 pro
3271 4731 3325 4783 te
3359 4727 3693 4798 supplicent
3727 4737 3738 4778 :
3767 4715 3888 4784 201

2257 4821 2309 4875 si
2345 4821 2516 4891 quasi
2554 4835 2696 4874 vere
2727 4819 2904 4872 vidua
2943 4822 2999 4872 et
3039 4818 3301 4874 desolata
3344 4819 3406 4872 in
3463 4818 3649 4871 Deum
3688 4821 3889 4881 speres,

2257 4910 2446 4963 instes
2485 4908 3001 4962 obsecrationibus
3056 4907 3189 4977 (60),
3247 4907 3496 4961 insistas
3537 4897 3890 4960 orationibus,

2257 4999 2486 5052 afficias
2524 5013 2741 5067 corpus
2783 5000 2944 5050 tuum
2984 4997 3152 5067 quasi
3209 4996 3470 5066 quotidie
3529 4993 3798 5054 moriens,
3849 4982 3896 5035 ut

2259 5087 2563 5142 moriendo
2583 5086 2911 5141 reviviscas
2939 5101 2950 5140 :
2979 5086 3176 5157 fugias
3194 5085 3460 5155 delicias,
3487 5082 3732 5138 utetiam
3755 5085 3891 5146 aegra

2258 5231 2508 5284 maxima
2529 5233 2690 5299 parte
2713 5245 2860 5282 mss.

2328 5302 2442 5372 (57)
2484 5293 2629 5354 Vide
2670 5301 2828 5371 quod
2863 5316 3043 5370 supra
3079 5299 3138 5352 in
3160 5297 3574 5372 Admonitione
3599 5294 3668 5349 de
3689 5293 3898 5346 invoca-

2260 5375 2488 5427 cationc
2514 5377 2854 5425 sanctorum
2877 5371 3350 5425 observavimus.

2329 5445 2438 5512 (58)
2479 5443 2697 5496 Omnes
2730 5443 2890 5510 edit.,
2919 5459 3032 5514 pro
3063 5441 3354 5496 affinitate
3376 5443 3689 5512 poterant;
3717 5441 3898 5488 Omnes

2257 5531 2429 5580 Inss.,
2459 5531 2570 5584 pro
2602 5515 2780 5568 ufline
2806 5519 3106 5584 potermd,
3145 5518 3253 5566 elc.

2330 5583 2760 5655 (59,)7Qumdam
2791 5583 2951 5655 edit.,
2987 5585 3166 5639 etiam
3189 5601 3314 5640 eum
3353 5583 3652 5655 viverent.

2331 5647 2442 5729 (60)
2483 5647 2757 5732 Plerique
2787 5647 2958 5730 mssf,
2991 5656 3053 5714 in
3075 5655 3258 5714 Deum
3287 5651 3702 5732 spiritualibus
3729 5647 3900 5704 instes

2259 5727 2796 5790 obSecrationibus.
