4060 6158
256 313 354 380 εδδ

1575 282 1833 375 LIBER
1871 308 1990 403 DE,
2025 308 2336 374 VIDUIS.

3538 319 3660 384 266

251 515 447 573 saneris
478 532 490 569 :
524 513 673 571 Nam
719 529 843 587 quae
873 514 937 569 in
968 512 1209 569 deliciis
1254 517 1366 579 est,
1408 512 1623 568 vivens
1651 518 1880 567 mortua
1905 492 1959 555 Α
1998 508 2085 564 ria
2125 509 2204 564 ita
2247 508 2466 582 dignus
2515 508 2842 581 desiderio,
2894 511 3114 585 dignus
3156 513 3331 570 etiam
3374 514 3659 574 charitate

260 611 334 661 est
356 604 405 674 (1
437 604 572 659 Tim.
602 620 658 668 v,
693 603 769 674 6).

311 693 387 748 5‘7.
426 692 658 748 Sublata
703 694 795 746 est
834 691 943 746 tibi
989 706 1170 745 causa
1213 690 1495 761 nubendi,
1549 688 1735 745 habes
1782 690 1883 762 qui

254 798 341 853 pro
367 785 417 836 te
442 781 820 836 intercedant.
846 779 936 834 Ne
956 779 1183 834 dixeris
1209 794 1221 834 :
1247 778 1535 834 Destituta
1556 795 1708 835 sum.
1730 778 1882 845 Que-

250 871 350 927 rela
374 875 630 941 nuptura
658 872 769 924 est.
802 869 892 923 Ne
923 867 1149 923 dixeris
1186 884 1198 923 :
1233 867 1371 923 Sola
1401 883 1514 941 ego
1557 885 1711 923 sum.
1742 868 1882 924 Cas-

249 960 361 1014 titas
388 959 752 1014 solitudinem
782 958 996 1030 qumrit
1028 972 1040 1012 :
1073 957 1288 1028 pudica
1317 961 1644 1029 secretum,
1685 959 1880 1031 impu-

248 1050 355 1104 dica
384 1051 747 1104 conventum.
797 1046 915 1102 Sed
962 1047 1267 1118 negotium
1312 1045 1499 1100 habes
1536 1062 1548 1101 ε
1596 1046 1784 1103 habes
1825 1051 1882 1104 et

248 1140 694 1193 intercessorem.
749 1135 1174 1191 Adversarium
1218 1135 1449 1190 vereris
1497 1135 1611 1207 (61)
1663 1152 1676 1193 :
1726 1138 1881 1208 apud

247 1226 474 1299 judicem
500 1242 608 1299 pro
652 1229 708 1280 te
738 1224 1028 1280 Dominus
1075 1224 1392 1279 intervenit
1419 1225 1626 1280 dicens
1660 1241 1673 1281 :
1710 1226 1880 1282 Judi-

248 1323 356 1370 cate
374 1314 620 1387 pupillo,
656 1321 714 1369 et
732 1312 1065 1387 justib'cate
1099 1313 1330 1368 viduam
1362 1313 1499 1383 (Isa.
1537 1332 1571 1381 ι,
1609 1314 1716 1385 17).

301 1403 379 1459 58.
409 1404 522 1459 Sed
553 1406 612 1459 et
640 1403 1054 1475 patrimonium
1082 1402 1177 1457 vis
1208 1402 1379 1458 tueri.
1409 1402 1604 1474 Majus
1633 1404 1880 1475 pudoris

243 1497 319 1548 est
344 1493 767 1564 patrimonium,
820 1492 978 1563 quod
1025 1491 1238 1547 melius
1289 1491 1440 1563 regit
1482 1493 1661 1547 vidua
1705 1510 1879 1565 quam

243 1585 415 1653 nupta.
444 1580 672 1637 Servus
702 1582 989 1657 peccavit.
1022 1580 1276 1653 Ignosce
1301 1596 1317 1651 ;
1348 1580 1562 1635 melius
1603 1585 1694 1636 est
1725 1582 1880 1637 enim

243 1671 456 1726 alterius
486 1670 722 1742 culpam
753 1670 911 1726 feras
929 1713 943 1739 ,
975 1686 1150 1742 quam
1180 1673 1337 1724 tuam
1366 1668 1605 1741 prodas.
1640 1670 1756 1725 Sed
1785 1671 1880 1727 vis

241 1760 438 1815 nubere
464 1760 598 1830 (62).
632 1759 818 1815 Licet.
852 1759 987 1814 Non
1017 1758 1195 1814 habet
1225 1759 1450 1814 crimen
1482 1759 1737 1830 simplex
1770 1776 1879 1815 vo-

239 1848 429 1904 luntas.
462 1849 719 1904 Causam
767 1863 887 1903 non
916 1864 1120 1919 quaero
1152 1863 1165 1903 :
1200 1862 1308 1902 cur
1349 1848 1634 1920 ﬁngitur?
1664 1848 1724 1903 Si
1768 1849 1871 1904 ho-

245 1940 444 1992 nestam
488 1942 688 2009 putas,
744 1937 928 1993 fatere
982 1953 994 1990 :
1048 1936 1099 1991 si
1150 1937 1559 2010 incongruam,
1606 1938 1737 1993 sile.
1792 1939 1879 1994 Ne

240 2042 466 2082 accuses
499 2028 710 2096 Deum,
743 2042 816 2081 ne
844 2041 1098 2081 accuses
1119 2027 1509 2098 propinquos,
1542 2027 1701 2098 quod
1729 2044 1881 2099 prae-

241 2116 371 2170 sidia
397 2116 500 2170 tibi
547 2116 781 2186 desint;
812 2116 1032 2170 utinam
1078 2132 1196 2170 non
1228 2115 1383 2170 desit
1407 2115 1713 2173 voluntas!
1756 2117 1881 2173 Nec

239 2208 286 2259 te
314 2205 621 2261 consulere
669 2204 874 2261 liberis
905 2204 1070 2259 dicas
1095 2246 1109 2275 ,
1143 2204 1363 2277 quibus
1395 2208 1637 2260 matrem
1675 2207 1878 2277 eripis.

297 2291 376 2348 59.
408 2294 512 2349 Est
542 2294 718 2350 etiam
750 2293 908 2366 quod
956 2292 1229 2348 facultate
1260 2294 1415 2364 licet,
1460 2298 1515 2349 et
1565 2298 1733 2350 aetate
1764 2312 1883 2351 non

239 2381 374 2437 licet.
402 2382 521 2438 Cur
554 2385 836 2438 materna:
868 2386 1150 2453 parantur
1190 2383 1409 2453 nuptiae
1455 2383 1609 2439 inter
1645 2386 1880 2457 nuptias

240 2470 487 2542 ﬁliarum,
538 2476 598 2527 et
645 2471 991 2544 plerumque
1022 2475 1159 2543 post
1204 2472 1484 2542 nuptias?
1525 2472 1644 2528 Cur
1686 2474 1882 2529 adulta

237 2558 337 2615 tilia
365 2561 538 2616 discit
568 2562 739 2632 prius
771 2576 1059 2632 sponsum
1089 2561 1295 2615 matris
1327 2577 1501 2633 quam
1538 2578 1712 2618 suum
1744 2579 1882 2619 eru-

236 2648 502 2705 bescere?
550 2650 866 2706 Suasimus
891 2693 906 2720 ,
958 2649 1147 2705 fateor
1166 2693 1181 2721 ,
1214 2653 1278 2705 ut
1321 2653 1553 2706 vestem
1582 2655 1842 2708 mutares
1864 2696 1879 2725 ,

238 2754 337 2795 non
366 2742 424 2796 ut
473 2740 813 2795 ﬂammeum
844 2755 1117 2794 sumeres
1151 2757 1163 2793 :
1212 2743 1338 2794 uta
1392 2740 1671 2811 sepulcro
1718 2758 1883 2797 rece-

237 2828 424 2899 deres,
474 2846 599 2884 non
658 2832 722 2883 ut
768 2829 1087 2882 thalamum
1126 2845 1517 2900 prmparares.
1563 2829 1716 2895 Quid
1766 2831 1884 2886 sibi

238 2917 339 2972 vult
368 2935 519 2973 nova
570 2922 774 2989 nupta,
823 2921 959 2988 post
986 2919 1291 2989 generos?
1318 2919 1501 2984 Quam
1540 2920 1886 2975 indecorum

235 3010 310 3060 est
330 3007 607 3079 juniores
638 3006 857 3061 habere
887 3006 1129 3076 liberos,
1164 3023 1338 3078 quam
1371 3012 1618 3079 nepotes
1650 3009 1763 3080 (63)
1798 3008 1811 3064 l

872 3095 1125 3151 CAPUT
1162 3097 1235 3151 Χ.

234 3186 319 3239 Ad
339 3186 648 3240 Christum
671 3185 852 3253 redit,
878 3186 971 3257 cui
980 3200 1047 3239 us
1066 3201 1346 3240 summam
1367 3186 1429 3240 in
1452 3187 1744 3245 adeundis
1773 3188 1887 3242 mi-

1997 597 2320 653 Dominicae
2352 597 2411 652 in
2442 597 2739 670 singulos,
2770 599 3128 670 dignationis
3158 602 3427 676 affectus,
3459 608 3517 661 et
3545 606 3662 662 fac-

1994 691 2054 742 ta
2084 686 2373 749 miranda.
2418 686 2674 741 Visitare
2721 687 2932 743 viduas
2976 705 3094 745 non
3137 691 3492 767 dedignatur
3517 693 3653 766 (64),

1996 778 2053 830 et
2082 774 2302 847 tugurii
2322 774 2459 829 vilis
2481 775 2800 845 penetralia
2820 781 3074 849 angusta
3104 781 3448 838 succedere.
3477 782 3662 849 Quasi

1997 863 2158 918 Deus
2189 864 2453 934 imperat,
2488 864 2661 934 quasi
2691 864 2868 920 homo
2898 866 3152 923 visistat.

2065 952 2154 1007 6t.
2201 952 2431 1007 Gratias
2475 952 2798 1025 Evangelia
2841 970 2949 1025 per
2976 956 3135 1027 quod
3182 956 3357 1014 etiam
3406 974 3517 1016 nos
3559 963 3661 1033 qui

1996 1042 2188 1096 oculis
2216 1041 2443 1096 nostris
2473 1043 2808 1098 venientem
2838 1044 2899 1098 in
2929 1044 3086 1100 hunc
3116 1046 3399 1103 mundum
3428 1064 3549 1105 non
3574 1052 3663 1105 vi-

1995 1130 2191 1185 dimus
2221 1129 2542 1198 Christum,
2574 1131 2848 1187 videmur
2875 1134 2953 1204 ei,
2984 1133 3125 1189 dum
3154 1134 3307 1190 facta
3337 1134 3472 1209 ejus
3505 1137 3660 1211 legi-

1993 1235 2148 1289 mus,
2183 1220 2507 1289 interesse;
2541 1222 2603 1275 ut
2648 1221 2805 1276 sicut
2849 1221 2931 1276 illi
2962 1222 3181 1294 quibus
3220 1226 3662 1299 appropinqua-

1994 1309 2116 1378 bat,
2148 1308 2324 1364 fidem
2346 1310 2764 1365 mutuabantur
2793 1326 2870 1366 ex
2899 1326 3001 1381 eo;
3034 1312 3111 1367 ita
3133 1313 3329 1386 nobis,
3360 1315 3499 1371 dum
3530 1331 3666 1390 ges-

1992 1398 2072 1453 tis
2106 1398 2242 1470 ejus
2272 1398 2592 1463 credimus,
2625 1400 3074 1473 appropinquat.

2063 1488 2153 1542 62.
2188 1487 2372 1542 Vides
2401 1488 2596 1559 qualia
2626 1488 2804 1543 habet
2834 1505 3054 1560 genera
3084 1491 3439 1549 sanitatum?
3467 1494 3662 1567 Impe-

1995 1580 2085 1630 rat
2127 1576 2302 1646 febri,
2352 1576 2601 1647 imperat
2628 1577 2939 1647 spiritibus
2968 1581 3310 1653 immundis,
3360 1583 3503 1639 alibi
3528 1585 3661 1655 ipse

1993 1681 2204 1720 manus
2235 1665 2501 1736 imponit.
2535 1666 2670 1722 Non
2687 1666 2881 1722 solum
2902 1668 3085 1740 igitur
3110 1669 3316 1741 verbo,
3349 1672 3457 1728 sed
3486 1674 3662 1729 etiam

1990 1756 2150 1809 tactu
2180 1770 2380 1827 aegros
2411 1770 2619 1810 curare
2651 1758 2980 1812 consuevit.
3013 1757 3084 1812 Et
3110 1762 3172 1814 tu
3202 1760 3385 1832 igitur
3411 1777 3546 1834 quae
3568 1778 3664 1818 va-

1914 1871 1965 1935 Β
1994 1843 2100 1935 riis
2131 1844 2573 1935 mundiaestuas
2606 1845 3047 1935 cupiditatibus,
3078 1848 3175 1902 vel
3204 1848 3394 1905 forma
3422 1852 3536 1906 viri
3554 1852 3660 1907 ali-

1994 1931 2171 2004 cujus
2211 1937 2398 2003 capta,
2450 1933 2544 1988 vel
2574 1934 2846 2005 pecunia,
2892 1951 3041 2008 roga
3070 1935 3391 2010 Christum,
3442 1940 3659 1997 adhibe

1991 2021 2307 2090 medicum,
2341 2022 2581 2095 porrige
2629 2022 2684 2077 ei
2714 2023 3017 2079 dexteram
3062 2029 3251 2097 tuam,
3282 2030 3484 2101 tangat
3511 2029 3662 2085 inte-

1991 2110 2151 2165 riora
2177 2114 2277 2165 tua
2308 2111 2414 2165 Dei
2443 2127 2677 2183 manus,
2713 2111 3009 2185 Verbique
3042 2115 3305 2172 caalestis
3344 2117 3535 2190 gratia
3562 2118 3659 2174 in-

1992 2199 2277 2254 teriorum
2319 2215 2504 2254 venas
2553 2203 2852 2256 scrutetur
2896 2202 3255 2275 animorum,
3304 2205 3502 2277 pulset
3551 2206 3657 2263 Dei

1994 2289 2235 2343 deutera
2298 2292 2531 2344 secreta
2580 2289 2800 2345 cordis.
2854 2291 3005 2346 Aliis
3055 2293 3263 2348 oculos
3317 2294 3440 2351 luto
3485 2295 3660 2353 lllinit

1993 2377 2186 2446 (αἴθρη.
2218 2394 2299 2448 rx,
2333 2378 2386 2448 5,
2419 2377 2496 2448 ’l),
2527 2380 2590 2432 ut
2618 2379 2819 2434 videre
2848 2381 3101 2453 possint,
3136 2381 3496 2455 Creatorque
3527 2401 3657 2440 om-

1994 2466 2157 2522 nium
2188 2467 2359 2522 docet
2387 2482 2499 2522 nos
2539 2470 2761 2524 nostrae
2792 2483 3087 2526 memores
3118 2470 3336 2529 debere
3376 2488 3516 2529 esse
3547 2490 3656 2530 na-

1994 2558 2162 2625 turae,
2208 2559 2266 2611 et
2312 2556 2580 2628 corporis
2633 2572 2878 2614 cernere
2922 2559 3234 2633 vilitatem;
3278 2576 3452 2618 nemo
3500 2563 3658 2620 enim

1994 2644 2188 2718 magis
2238 2648 2433 2715 potest
2472 2634 2677 2701 videre
2728 2647 2954 2718 divina,
3002 2648 3121 2704 nisi
3163 2651 3264 2722 qui
3310 2651 3656 2709 humilitatis

1997 2734 2361 2789 conscientia
2390 2751 2517 2790 suae
2548 2733 2662 2807 (65)
2707 2738 2898 2792 nescit
2926 2738 3131 2794 attolli.
3163 2739 3334 2796 Alius
3365 2742 3664 2799 sacerdoti

1996 2839 2063 2878 se
2094 2823 2305 2879 offerre
2355 2824 2717 2897 praecipitur,
2766 2830 2829 2881 ut
2859 2843 3062 2884 carere
3107 2829 3167 2884 in
3196 2833 3545 2903 perpetuum
3572 2833 3663 2888 le-

1995 2929 2119 2984 prae
2148 2914 2341 2984 possit
2368 2914 2603 2970 exuviis
2627 2915 2789 2987 (Luc.
2821 2932 2879 2988 v,
2913 2916 3023 2988 t4).
3055 2917 3233 2975 Solus
3261 2920 3419 2975 enim
3447 2922 3662 2978 mentis

1997 3005 2055 3057 et
2081 3003 2259 3057 animi
2308 3007 2502 3073 potest
2551 3020 2796 3059 servare
2826 3008 3193 3080 munditiam,
3243 3010 3347 3081 qui
3378 3011 3434 3066 ei
3465 3026 3665 3067 sacer-

1999 3092 2118 3146 doti
2149 3108 2216 3147 se
2267 3093 2432 3147 novit
2477 3092 2725 3163 offerre,
2760 3111 2935 3167 quem
2980 3113 3087 3168 pro
3130 3099 3392 3169 peccatis
3440 3101 3665 3158 nostris

1958 3182 2345 3258 iaccepimus
2391 3182 2763 3249 advocatum,
2811 3184 2977 3239 illum
3022 3186 3225 3258 utique
3257 3188 3354 3243 cui
3399 3188 3662 3247 dicitur:

295 3259 448 3334 seris
469 3241 1301 3334 quibuslibetbenignitatem
1317 3258 1584 3334 laud_8_!lS,
1609 3276 1891 3334 eampcll-
1924 3241 1977 3305 Ο
2010 3270 2088 3325 Tu
2102 3241 2169 3326 es
2184 3272 2468 3326 sacerdos
2487 3274 2548 3327 in
2568 3278 2858 3329 aeternum
2879 3241 3200 3330 secunddm
3222 3276 3494 3333 ordinem
3521 3278 3669 3334 Meb

294 3328 366 3401 lis
386 3327 642 3401 nostris
676 3327 1022 3401 Evangelii
1044 3328 1335 3383 beneficio
1364 3329 1691 3401 subiectam
1719 3332 1887 3387 dicit.

295 3398 412 3453 Sub
443 3400 575 3455 haec
625 3402 843 3462 varias,
864 3398 1091 3472 ’quibus
1117 3401 1180 3453 in
1219 3398 1481 3455 curando
1511 3402 1669 3456 idem
1698 3404 1891 3458 medi-

296 3486 393 3524 cus
418 3478 637 3526 noster
658 3486 797 3525 usus
820 3473 1104 3538 noscitur,
1135 3473 1404 3526 rationes
1442 3480 1650 3526 narrat
1670 3493 1689 3539 ί
1734 3475 1895 3529 dein-

298 3542 365 3615 de
412 3543 750 3596 curationis
792 3540 1085 3613 praedicat
1130 3542 1540 3615 celeritatem,
1588 3544 1895 3600 dummodo

297 3613 580 3668 invocare
631 3615 918 3668 medicum
966 3629 1079 3668 non
1114 3614 1482 3685 negligamus
1510 3613 1531 3666 ἐ
1561 3616 1702 3671 istis
1748 3618 1893 3671 sub-

298 3686 475 3738 nectit
504 3685 795 3739 moralem
818 3686 891 3738 de
918 3685 1211 3740 voluntate
1231 3702 1398 3757 quam
1428 3687 1491 3740 in
1523 3702 1698 3742 socru
1718 3688 1897 3743 Petri

300 3771 650 3838 expressam
690 3757 1335 3838 docethacception-em
1388 3775 1399 3812 :
1446 3764 1750 3838 postremo
1797 3760 1897 3815 ubi

301 3829 569 3898 exposuit
596 3827 820 3899 qualem
847 3827 1082 3882 Clu-isti
1098 3827 1462 3896 ministrum,
1473 3831 1729 3885 maxime
1756 3848 1898 3887 vero

298 3901 633 3976 episcopum
683 3915 821 3976 esse
857 3900 1086 3967 deccat,
1134 3900 1395 3970 ipsorum
1444 3903 1527 3955 ait
1579 3919 1715 3959 esse
1752 3920 1895 3976 pro-

288 3972 479 4044 prium
503 3987 629 4043 per
655 3971 914 4041 gratiam
944 3987 1219 4042 surgere.

285 4063 369 4117 60.
422 4062 547 4117 Sed
604 4060 675 4114 ad
709 4060 1077 4130 propositum
1126 4065 1512 4134 revertamur,
1562 4080 1753 4137 neque
1785 4082 1896 4122 no-

238 4153 482 4207 strorum
499 4150 779 4206 dolentes
801 4150 1047 4205 vulnera
1067 4155 1463 4224 peccatorum,
1488 4157 1782 4210 medicum
1804 4172 1898 4210 re-

236 4240 570 4314 linquamus
599 4256 611 4295 :
635 4245 693 4294 et
724 4239 863 4293 dum
892 4239 1104 4294 alienis
1134 4241 1439 4297 medemur
1464 4243 1790 4316 ulceribus,
1820 4247 1903 4301 ul-

239 4344 363 4385 cera
380 4335 593 4386 nostra
614 4329 1004 4384 cumulemus.
1042 4329 1309 4402 Rogatur
1329 4348 1473 4404 ergo
1497 4333 1592 4388 hic
1610 4336 1898 4391 medicus.

239 4418 317 4475 Ne
344 4421 583 4490 timeas,
622 4420 760 4491 quia
788 4433 1044 4491 magnus
1076 4423 1170 4475 est
1199 4420 1485 4478 Dominus
1509 4467 1523 4493 ,
1557 4427 1613 4479 et
1644 4425 1902 4483 fortasse

239 4509 303 4563 ad
322 4526 551 4583 aegram
575 4509 930 4581 dedignetur
951 4510 1186 4580 venire,
1214 4513 1375 4566 venit
1394 4514 1551 4569 enim
1568 4517 1640 4571 ad
1662 4536 1773 4575 nos
1798 4533 1909 4584 sae,

2001 3360 2322 3416 cliisedeeli
2354 3360 2540 3432 (Psal.
2578 3378 2696 3433 cxx,
2727 3364 2804 3433 4).

2071 3449 2161 3505 63.
2194 3449 2319 3506 Nec
2352 3466 2598 3507 vereare
2644 3469 2869 3508 moram
2898 3453 3153 3527 aliquam
3182 3456 3476 3514 sanitatis.
3507 3458 3668 3514 Nes-

2003 3539 2081 3593 cit
2111 3538 2591 3610 impedimentum
2620 3542 2720 3613 qui
2752 3546 2996 3599 sanatur
3021 3560 3056 3599 a
3085 3544 3343 3602 Christo.
3382 3546 3545 3620 Opus
3576 3551 3671 3604 est

2003 3630 2067 3682 ut
2120 3628 2447 3684 remedium
2500 3630 2827 3702 adhibeas,
2885 3634 3044 3705 quod
3098 3637 3435 3709 acceperis;
3491 3638 3670 3694 simul

2004 3717 2161 3772 enim
2191 3721 2252 3772 ut
2281 3724 2643 3790 praeceptum
2672 3720 2916 3788 dederit,
2952 3740 3151 3779 caecus
3180 3725 3366 3797 videt,
3395 3727 3671 3798 paralyti-

2007 3822 2114 3862 cus
2146 3807 2399 3877 ambula,
2432 3812 2629 3864 mutus
2650 3809 2928 3882 loquitur,
2954 3814 3175 3869 surdus
3198 3815 3379 3887 audit,
3404 3805 3671 3873 febriens

2007 3895 2319 3966 ministrat,
2354 3897 2647 3953 lunaticus
2675 3900 2980 3958 liberatur.
3006 3902 3077 3958 Et
3098 3907 3159 3959 tu
3188 3904 3370 3976 igitur
3398 3921 3676 3978 quaecun-

2007 4000 2121 4056 que
2170 3986 2449 4041 indecore
2494 3988 2751 4061 alicujus
2809 3993 2898 4046 rei
2940 3993 3255 4064 cupiditate
3301 3995 3672 4068 languescis,

2009 4074 2260 4129 obsecra
2292 4075 2625 4147 Dominum,
2656 4079 2830 4134 fidem
2861 4080 3029 4136 defer
3073 4083 3206 4155 (66),
3238 4100 3349 4141 nec
3380 4086 3559 4141 ullam
3594 4087 3675 4141 ti-

2010 4179 2173 4218 meas
2221 4180 2465 4220 moram.
2519 4167 2635 4222 Ubi
2679 4169 2849 4225 adest
2894 4173 3115 4243 oratio,
3166 4175 3335 4230 adest
3384 4175 3674 4246 Verbum,

2012 4252 2254 4325 fugatur
2270 4254 2581 4327 cupiditas,
2606 4256 2787 4313 libido
2820 4259 3091 4317 discedit.
3116 4263 3242 4318 Nec
3272 4264 3674 4320 confessionis

2012 4342 2277 4397 verearis
2309 4342 2625 4417 offensam;
2672 4347 2789 4403 imo
2820 4352 3013 4423 magis
3041 4370 3338 4424 praesume
3366 4370 3675 4427 praeroga-

2009 4434 2188 4487 tivam
2223 4448 2235 4485 :
2270 4434 2653 4490 incontinenti
2684 4438 2840 4493 enim
2869 4456 3003 4512 quae
3034 4445 3302 4515 corporis
3331 4447 3538 4502 morbo
3566 4464 3676 4505 an-

2010 4525 2104 4577 tea
2135 4521 2471 4594 laborabas,
2503 4523 2740 4582 Christo
2771 4528 3022 4600 incipies
3055 4533 3410 4590 ministrare.

244 4614 310 4670 pe
332 4599 402 4655 de
424 4599 582 4655 cmlo
608 4614 752 4653 :nec
780 4597 976 4653 solum
1016 4598 1250 4670 divites,
1275 4601 1383 4657 sed
1404 4605 1578 4661 etiam
1611 4625 1904 4682 pauperes
1928 4606 1985 4671 D
2083 4611 2171 4666 64.
2207 4613 2408 4667 Potest
2446 4614 2621 4668 etiam
2652 4615 2765 4671 hoc
2786 4597 2918 4673 loco
2939 4619 3126 4675 videri
3161 4622 3317 4678 Petri
3337 4640 3552 4682 socrus
3585 4626 3677 4687 af-

243 4688 389 4744 solet
418 4692 475 4744 et
498 4688 780 4744 servulos
801 4703 1127 4758 pauperum
1158 4690 1422 4748 visitare.
1459 4694 1630 4751 Venit
1658 4702 1715 4753 et
1746 4717 1905 4758 nunc

242 4781 478 4849 rogatus
500 4778 579 4831 ad
602 4776 758 4832 Petri
780 4793 1019 4832 socrum
1035 4820 1049 4845 ,
1090 4785 1149 4834 et
1169 4785 1339 4836 stans
1354 4797 1535 4855 super
1546 4785 1735 4860 illam,
1756 4791 1904 4857 202

237 4866 449 4938 impera
460 4868 549 4921 vit
566 4865 745 4932 febri,
770 4873 827 4922 et
847 4869 1084 4924 remisit
1098 4869 1347 4928 illam-et
1367 4875 1641 4932 continuo
1652 4894 1910 4951 surgens

238 4955 625 5011 ministrabat
646 4955 773 5011 illis
792 4956 956 5027 (Luc.
989 4975 1069 5029 1v,
1093 4957 1205 5028 39).
1231 4960 1396 5017 Sicut
1426 4963 1646 5036 dignus
1680 4983 1906 5025 memo-

301 5097 528 5179 (61)_1ta
561 5115 707 5179 mss.
743 5107 1256 5179 qmnes,_ex_cepto
1288 5105 1433 5179 Tell.
1454 5147 1469 5174 ,
1504 5108 1626 5179 qui,
1662 5111 1819 5166 sicut
1849 5117 1907 5168 et

240 5165 469 5255 smerb.
497 5175 709 5255 'atque
749 5165 1194 5255 Erasq'isthaa'c
1237 5165 1479 5255 praefert
1512 5165 1683 5255 {Sed
1722 5165 1906 5255 nego;

242 5241 374 5293 tium
402 5241 616 5307 habes,
651 5249 711 5296 et
742 5243 1210 5300 intercessorem
1237 5241 1589 5305 adversarii
1624 5241 1863 5309 vereris
1888 5277 1905 5310 .·

242 5312 387 5389 apud
404 5313 695 5389 judiceni,
725 5315 1134 5389 etcLPessime
1155 5333 1296 5373 vero
1318 5320 1452 5374 Gill.
1479 5337 1549 5376 ac
1573 5323 1742 5379 Rom.
1762 5327 1901 5383 edit.

241 5382 295 5433 in
318 5382 473 5438 hunc
508 5385 746 5461 modum
771 5403 782 5461 ξ
819 5385 945 5440 Sed
973 5390 1271 5459 negotium
1294 5390 1503 5461 babes,
1529 5400 1587 5447 et
1604 5382 1905 5452 intereas?

242 5455 539 5538 soi-ginzad
551 5457 781 5538 versari
786 5474 875 5538 uin
899 5455 1134 5538 vereris
1148 5462 1332 5538 θρίων]
1337 5455 1584 5538 adiectu.
1592 5466 1717 5521 Pro
1730 5474 1907 5538 te,etc

308 5524 419 5601 (22)
450 5526 693 5601 Ament).
719 5531 777 5582 et
813 5528 982 5584 Rom.
1003 5524 1318 5601 edit.,'Sed
1345 5535 1437 5588 vis
1464 5536 1711 5593 nubere.
1737 5524 1906 5597 Licet

249 5574 358 5682 pob.
380 5574 568 5652 liabet
597 5599 823 5668 (Rom.,
855 5616 969 5655 non
998 5574 1238 5682 babe’at)
1269 5606 1497 5682 crimen
1518 5574 1905 5682 si135p75§‘¥~33

242 5663 449 5745 lautas,
484 5663 716 5729 causam
744 5663 859 5729 non
892 5688 1108 5749 quaero,
1142 5663 1255 5735 eté.
1290 5676 1487 5737 Minus
1518 5663 1829 5747 concinne;

520 5843 773 5916 Parant.
812 5847 975 5922 XVI.

2014 4700 2190 4756 fectio
2219 4702 2558 4775 voluntatis,
2605 4720 2681 4759 ex
2710 4722 2825 4778 qua
2872 4708 2990 4763 sibi
3019 4710 3178 4766 velut
3211 4728 3416 4770 semen
3462 4716 3677 4775 futura:

2013 4792 2375 4863 posteritatis
2398 4800 2837 4866 assumpserat;
2875 4799 3033 4869 quod
3055 4801 3371 4876 unicuique
3402 4806 3677 4865 voluntas

2014 4898 2125 4938 sua
2147 4882 2509 4952 posteritatis
2550 4886 2643 4937 est
2671 4888 2895 4941 auctor.
2940 4887 3029 4943 Ex
3060 4891 3358 4951 voluntate
3387 4900 3546 4956 enim
3576 4918 3679 4959 sa-

2011 4972 2231 5044 pientia
2261 4971 2544 5043 nascitur,
2567 4986 2742 5044 quam
2765 4977 3005 5047 sapiens
3028 4979 3088 5035 in
3105 4985 3540 5046 matrimonium
3570 4994 3679 5051 ad-

2084 5114 2197 5209 (6?)
2214 5115 2402 5209 .§‘°I‘l-
2418 5115 2773 5209 Elii-391%,.
2788 5119 2926 5209 7⁷³ιέ
2946 5122 3290 5209 indecora"?
3313 5137 3474 5189 θείη·
3510 5152 3677 5209 quam

2012 5195 2276 5277 nepotes.
2416 5186 2544 5277 haec
2575 5191 2836 5277 mutatio,
2891 5193 3026 5277 licet
3071 5198 3342 5277 levicula,

2012 5274 2302 5386 §etxxslzlum,t
2329 5263 2392 5313 ut
2437 5262 2634 5330 quivis
2676 5262 2773 5318 vel
2824 5262 3140 5324 mediocris
3191 5262 3416 5345 ingenii
3454 5262 3677 5350 per-sie

2012 5348 2071 5387 in
2100 5347 2131 5386 e
2181 5346 2276 5402 iga
2308 5371 2321 5385 .

2010 5348 2321 5402 intelligat.
3459 5348 3473 5350 θ

2019 5480 2033 5493 Α
2064 5402 2195 5493 (64)
2225 5401 2367 5457 Cod.
2402 5402 2583 5475 Vall.,
2617 5405 2698 5460 Et
2727 5406 2885 5465 facto
2920 5412 3170 5469 visitare
3212 5420 3419 5475 viduas
3462 5419 3676 5493 digna-

2013 5480 2196 5690 milii»)
2219 5544 2370 5601 Edit.
2397 5548 2454 5602 et
2473 5551 2645 5619 pauci
2668 5567 2813 5606 mss.
2823 5595 2837 5623 ,
2864 5553 3220 5616 humilitatis
3242 5564 3512 5618 conscius
3532 5578 3672 5619 sum.

2104 5617 2194 5690 66)
2226 5618 2372 5674 MSS.
2397 5619 2638 5690 aliquot,
2662 5622 2744 5676 Et
2776 5631 2836 5678 tu
2866 5624 3055 5690 igitur
3076 5633 3174 5690 qui
3201 5632 3548 5690 indecorem
3573 5634 3672 5690 οὺ..

2104 5617 2194 5690 66)
2224 5618 2372 5705 ales.
2397 5617 2638 5705 aliqum,
2662 5622 2744 5676 Et
2776 5617 2836 5705 tu
2853 5624 3055 5705 “igitur
3076 5633 3174 5705 qui
3201 5617 3548 5692 indecore...
3573 5617 3676 5692 οὺ..

2008 5705 2183 5751 sacra
2212 5690 2417 5753 Deum.
2454 5690 2526 5750 Si
2553 5690 2730 5751 {idem
2759 5690 2989 5771 dcl’e'rs,
3023 5690 3133 5762 etc.

3355 5885 3399 5958 9
