4060 6158
345 253 466 326 267

1706 329 1713 336 ,
1810 255 1876 318 s.
1923 252 2397 320 AMBROSII.‘

3685 247 3804 336 263

350 460 557 516 sciscit
587 457 725 526 sibi,
773 457 980 512 dicens
1017 471 1029 512 :
1063 456 1360 529 Proposui
1391 472 1499 528 ego
1530 456 1683 511 lianc
1728 456 2026 511 adducere
2047 438 2103 503 Ᾱ
2137 455 2396 526 nuptias,
2428 455 2535 510 sed
2567 471 2684 511 non
2717 455 3062 511 suademus.
3099 455 3228 511 Alia
3257 457 3351 510 est
3381 453 3536 510 enim
3565 452 3806 508 infirmi-

347 548 498 602 mihi
525 547 588 624 in
621 545 926 618 eory’ugum
956 545 1119 618 (Sap.
1155 562 1278 616 vm,
1312 545 1388 614 2).
1425 545 1584 618 Ergo
1615 545 1889 602 voluntas
1928 545 2026 600 illa

347 653 482 708 quae
511 635 702 706 primo
719 635 1018 690 variarum
1042 635 1424 706 capiditatum
1449 635 1698 690 aestibus
1729 634 2024 689 madefac-

348 728 405 778 ta
439 723 780 802 languebat,
832 728 1039 795 postea
1083 739 1192 796 per
1239 723 1607 794 apostolatus
1657 723 1920 778 officium
1966 723 2025 778 in

350 813 747 868 ministerium
777 813 996 889 Christi
1025 813 1150 886 jam
1181 813 1425 868 robusta
1455 813 1735 868 surrexit.

430 919 578 985 203
619 919 709 976 65.
762 919 948 978 Simul
999 919 1193 992 qualis
1243 935 1382 975 esse
1413 919 1625 975 debeat
1670 919 1772 992 qui
1815 919 2022 975 Cbisto

349 1007 667 1078 ministrat,
700 1009 1032 1064 ostenditur
1061 1007 1204 1078 (67);
1237 1011 1466 1079 oportet
1514 1009 1672 1062 enim
1701 1007 1891 1078 primo
1921 1023 2022 1062 ca-

349 1113 482 1154 rere
515 1099 814 1152 variarum
855 1098 1158 1154 illecebris
1188 1098 1582 1168 voluptatum,
1617 1097 1803 1152 vitare
1837 1096 2022 1152 inter-

354 1202 498 1242 num
541 1187 813 1258 corporis
861 1187 1158 1260 animique
1211 1186 1578 1260 languorem,
1611 1189 1674 1240 ut
1705 1201 1922 1257 corpus
1967 1188 2025 1241 et

351 1276 708 1348 sanguinem
756 1275 980 1331 Christi
1028 1275 1340 1330 ministret.
1376 1275 1586 1346 Neque
1634 1275 1791 1330 enim
1831 1278 2026 1346 potest

351 1365 668 1436 quisquam
711 1365 974 1435 peccatis
1009 1364 1140 1420 suis
1173 1380 1355 1436 aeger,
1406 1365 1764 1436 minimeque
1814 1379 2020 1434 sanus,

349 1453 766 1509 immortalium
797 1453 1116 1509 sanitatum
1167 1453 1427 1509 remedia
1475 1452 1832 1508 ministrare.
1877 1452 2024 1508 Vide

349 1541 491 1614 quid
539 1557 709 1614 agas,
745 1543 1064 1612 sacerdos,
1096 1557 1208 1598 nec
1256 1541 1532 1598 febrienti
1578 1557 1754 1596 manu
1802 1557 2022 1612 corpus

347 1631 571 1708 Christi
592 1632 870 1704 attingas.
900 1631 1072 1686 Prius
1103 1648 1332 1701 curare,
1357 1635 1420 1686 ut
1437 1631 1772 1686 ministrare
1795 1630 2020 1701 possis.

349 1720 414 1776 Si
461 1721 718 1776 mundus
751 1737 858 1776 eos
889 1722 1151 1792 quiante
1199 1721 1430 1776 fuerant
1458 1719 1702 1790 leprosi,
1748 1718 2024 1774 Christus

344 1808 520 1881 jubet
549 1825 867 1865 occurrere
891 1809 1306 1864 sacerdotibus
1335 1809 1499 1880 (Luc.
1522 1825 1664 1878 xvn,
1698 1809 1806 1878 14),
1841 1824 2026 1880 quan-
2056 1817 2104 1879 Β

349 1902 412 1956 to
442 1899 636 1971 magis
687 1899 970 1954 mundum
1012 1898 1210 1968 ipsum
1243 1899 1519 1953 convenit
1565 1913 1704 1954 esse
1747 1897 2027 1954 sacerdo-

349 1985 496 2044 tem!
533 1987 665 2043 Non
695 1987 870 2042 habet
891 1988 1072 2060 igitur
1091 1987 1248 2058 quod
1271 1987 1520 2042 moleste
1550 1986 1700 2042 ferat
1731 1987 1828 2042 illa
1851 1986 2028 2042 vidua

351 2077 510 2149 quod
527 2076 643 2134 sibi
676 2091 793 2132 non
827 2077 1212 2147 pepercerim,
1246 2077 1482 2148 quando
1511 2091 1621 2131 nec
1653 2075 1794 2130 mihi
1823 2091 2025 2146 parco.

421 2183 512 2240 66.
548 2183 821 2239 Surrexit
867 2185 1063 2255 itaque
1096 2184 1272 2253 Petri,
1308 2183 1517 2255 inquit,
1551 2197 1796 2252 socrus,
1829 2184 1886 2236 et
1917 2181 2028 2236 mi-

351 2272 792 2329 nistrabat'illis
823 2273 986 2344 (Luc.
1023 2289 1102 2344 ιν,
1153 2272 1265 2344 39).
1302 2271 1374 2327 Et
1419 2272 1571 2327 bene
1602 2271 1894 2341 surrexit;
1927 2286 2028 2324 sa-

353 2364 638 2418 cramenti
681 2363 837 2417 enim
881 2365 1087 2433 typum
1135 2361 1467 2432 apostolica
1510 2360 1636 2433 jam
1683 2360 1872 2434 gratia
1916 2359 2029 2414 mi-

352 2451 661 2508 nistrabat.
715 2451 1021 2522 Proprium
1084 2454 1176 2506 est
1241 2454 1436 2505 autem
1497 2465 1750 2522 surgere
1807 2449 2030 2504 Christi

353 2541 683 2610 ministros,
727 2539 899 2612 juxta
947 2540 1106 2612 quod
1155 2541 1441 2610 scriptum
1489 2545 1581 2594 est
1613 2555 1625 2594 :
1661 2539 1876 2611 Surge,
1933 2539 2033 2611 qui

354 2629 602 2700 dormis,
639 2635 697 2684 et
730 2645 990 2701 exsurge
1022 2645 1054 2683 a
1083 2629 1334 2683 mortuis
1355 2628 1602 2700 (Eplies.
1645 2643 1702 2698 v,
1738 2627 1847 2697 14).

1001 2733 1258 2790 CAPUT
1288 2735 1386 2790 Xl.

360 2839 572 2916 Causis
594 2859 720 2916 quae
740 2855 854 2915 pro
876 2841 1211 2916 nuptiarum
1234 2840 1556 2916 iteratione
1578 2839 1796 2916 all‘erri
1813 2838 2027 2916 solent,

429 2913 708 2987 explosis,
741 2913 1153 2987 proﬁtetura
1197 2928 1264 2966 se
1313 2929 1425 2987 non
1457 2913 1730 2987 damnari
1771 2913 2030 2987 secunda

427 2983 730 3058 cobjugia;
762 2983 1027 3058 'quorumr
1055 2983 1197 3058 licet
1225 2999 1304 3038 ex
1349 2983 1632 3058 Apostolo
1671 2983 2032 3058 incommoda

425 3051 768 3130 pefcufrrdt,
792 3051 1201 3130 conditionem
1232 3051 1426 3130 tamen
1456 3055 1718 3130 aﬂirmat
1745 3054 2030 3130 approba-

438 3126 555 3184 tam
586 3129 648 3182 in
679 3128 956 3183 Ecclesia
989 3149 1006 3182 :
1039 3143 1147 3199 quo
1175 3126 1300 3181 loco
1331 3127 1650 3199 haereticos
1681 3127 1780 3198 qui
1796 3141 1868 3199 ea
1883 3142 2030 3197 pro-

2133 544 2271 599 tatis
2304 544 2737 616 contemplatio,
2772 545 2887 600 alia
2919 545 3109 618 gratia
3142 544 3450 600 castitatis.
3475 543 3618 598 Plus
3650 541 3802 610 dico,

2139 649 2259 688 non
2287 633 2677 704 prohibemus
2697 633 2998 690 secundas
3029 633 3287 705 nuptias,
3318 632 3424 688 sed
3456 648 3576 688 non
3603 630 3811 702 proba-

2136 738 2270 777 mus
2303 737 2467 794 saepe
2499 723 2813 794 repetitas;
2845 738 3039 794 neque
3069 723 3225 778 enim
3256 721 3494 792 expedit
3524 718 3807 792 quidquid

2133 810 2272 866 licet
2303 811 2416 882 (69)
2451 827 2464 867 :
2501 810 2707 867 Omnia
2737 811 2887 866 milii
2913 811 3122 878 licent,
3153 810 3295 866 dicit
3322 809 3668 882 Apostolus,
3701 808 3810 862 sed

2137 915 2250 954 non
2299 900 2490 955 omnia
2535 907 2675 955 sunt
2721 899 2888 955 utilia
2935 899 2985 970 (l
3031 900 3168 954 Cor.
3213 915 3291 964 vr,
3345 898 3455 968 12).
3492 897 3563 952 Et
3607 897 3809 952 vinum

2139 987 2348 1043 bibere
2377 987 2532 1059 licet,
2567 1004 2635 1044 se
2663 988 2980 1060 plurimum
3014 1005 3130 1044 non
3163 987 3350 1043 decet.
3729 1048 3737 1056 ,

2207 1077 2300 1132 79.
2351 1077 2519 1132 Licet
2562 1093 2707 1151 ergo
2737 1077 2985 1145 nubere,
3039 1093 3106 1132 se
3141 1075 3450 1148 pulchrius
3493 1079 3586 1131 est
3622 1074 3814 1129 absti-

2140 1181 2316 1236 nere;
2365 1170 2506 1222 sunt
2554 1167 2710 1222 enim
2741 1166 2984 1222 vincula
3014 1165 3369 1237 nuptiarum.
3419 1164 3612 1220 Vultis
3655 1161 3816 1218 scire

2141 1271 2276 1327 quae
2323 1255 2600 1310 vincula?
2651 1255 2790 1322 Quae
2821 1255 2934 1311 sub
2989 1255 3120 1310 viro
3157 1260 3250 1310 est
3279 1253 3514 1318 mulier,
3575 1252 3816 1307 vivente

2145 1343 2276 1398 viro
2305 1342 2548 1416 alligata
2581 1350 2672 1400 est
2703 1343 2828 1416 legi
2849 1365 2866 1398 .·
2888 1344 2946 1398 si
2975 1349 3167 1398 autem
3196 1348 3462 1398 mortuus
3481 1341 3668 1397 fuerit
3696 1341 3810 1407 vir,

2141 1431 2292 1498 204
2321 1431 2511 1488 soluta
2543 1437 2636 1488 est
2683 1449 2716 1487 a
2746 1431 2882 1506 lege
2919 1431 3038 1487 viri
3062 1432 3252 1501 (Rom.
3303 1449 3405 1502 vn,
3455 1431 3532 1501 2).
3583 1429 3811 1486 Proba-

2137 1523 2264 1576 tum
2293 1524 2386 1576 est
2415 1521 2598 1593 igitur
2627 1521 2928 1577 vinculum
2959 1536 3098 1577 esse
3131 1519 3498 1592 conjugium,
3532 1534 3649 1591 quo
3680 1533 3815 1574 mu-

2139 1608 2251 1664 lier
2279 1608 2499 1681 ligatur
2547 1612 2604 1665 et
2645 1609 2920 1666 solvitur.
2954 1610 3117 1666 Bona
3149 1608 3334 1664 mutui
3375 1608 3596 1663 amoris
3625 1606 3817 1680 gratia

2139 1698 2273 1768 (70),
2307 1698 2414 1753 sed
2446 1696 2640 1770 major
2683 1702 2776 1754 est
2806 1699 3091 1754 servitus.
3143 1698 3351 1770 Neque
3395 1697 3552 1752 enim
3597 1695 3817 1751 mulier

2140 1787 2236 1842 sui
2265 1787 2535 1858 corporis
2557 1793 2914 1860 potestatem
2943 1787 3144 1856 liabet,
3177 1787 3289 1844 sed
3325 1786 3419 1842 vir
3445 1784 3503 1856 (Ι
3529 1785 3664 1841 Cor.
3697 1797 3779 1840 vn
3801 1827 3817 1856 ,

2141 1877 2219 1945 4).
2255 1875 2327 1930 Et
2357 1891 2432 1931 ne
2464 1876 2611 1931 forte
2642 1877 2749 1931 tibi
2782 1892 2902 1933 non
2932 1875 3200 1948 conjugii
3243 1875 3512 1931 videatur
3540 1874 3653 1930 ista
3683 1889 3818 1930 ser-

2141 1965 2302 2021 vitus
2335 1980 2494 2034 esse,
2543 1965 2649 2020 sed
2683 1981 2870 2021 sexus
2903 1982 2916 2022 :
2951 1964 3256 2021 Similiter
3305 1969 3364 2020 et
3413 1965 3508 2019 vir
3551 1963 3648 2018 sui
3681 1978 3820 2018 cor-

2141 2053 2311 2126 poris
2352 2059 2708 2126 potestatem
2753 2070 2866 2110 non
2916 2053 3120 2123 liabet,
3168 2053 3279 2108 sed
3319 2051 3538 2108 mulier
3582 2051 3810 2122 (Ibid.).

2145 2142 2370 2208 Quanta
2400 2143 2581 2215 igitur
2610 2142 2877 2216 conjugii
2905 2143 3262 2214 necessitas,
3297 2159 3432 2214 quin
3460 2139 3706 2212 subjicit
3733 2140 3817 2196 al-

2141 2231 2252 2286 teri
2275 2231 2448 2286 etiam
2470 2229 2804 2287 fortiorem!
2839 2231 3059 2286 Mutuis
3083 2231 3238 2286 enim
3261 2229 3722 2286 necessitatibus
3744 2229 3818 2285 ab

2144 2321 2393 2393 utroque
2422 2321 2700 2376 servitur.
2734 2320 2860 2376 Nec
2876 2321 3227 2392 temperanti
3257 2319 3394 2375 licet
3418 2317 3570 2392 jugo
3601 2317 3824 2374 subdu-

2145 2425 2281 2466 cere
2309 2413 2502 2481 caput,
2554 2426 2689 2465 cum
2731 2409 2982 2464 alterius
3035 2409 3505 2480 intemperantia:
3547 2408 3824 2464 servien-

2145 2499 2285 2554 dum
2329 2499 2427 2554 sit.
2477 2498 2713 2568 Pretio,
2765 2498 2989 2570 inquit,
3036 2499 3221 2570 empti
3266 2498 3434 2562 estis,
3472 2495 3656 2553 nolite
3684 2495 3830 2552 fieri

2143 2588 2315 2643 servi
2344 2587 2640 2643 hominum
2689 2586 2868 2658 (Ibid.
2918 2586 3034 2658 23).
3070 2586 3296 2642 Videtis
3348 2602 3523 2658 quam
3571 2585 3822 2642 evidens

2144 2679 2224 2732 sit
2281 2675 2619 2748 conjugalis
2669 2675 2932 2731 definitio
2973 2675 3299 2731 servitutis.
3355 2675 3488 2730 Non
3537 2690 3652 2748 ego
3711 2674 3830 2731 hoc

2147 2765 2302 2835 dico,
2338 2765 2448 2820 sed
2479 2764 2805 2836 Apostolus
2841 2781 2854 2820 :
2888 2779 2997 2820 nec
3028 2764 3146 2836 ille,
3177 2765 3284 2820 sed
3314 2763 3591 2819 Christus
3621 2763 3725 2836 qui
3745 2764 3828 2820 lo-

2146 2855 2438 2926 quebatur
2467 2853 2526 2908 in
2555 2869 2648 2909 eo.
2673 2854 2744 2909 Et
2763 2853 2914 2908 hanc
2945 2855 3146 2926 utique
3175 2853 3520 2910 servitutem
3539 2853 3612 2909 de
3640 2853 3822 2910 bonis

2147 2941 2512 3016 conjugibus
2559 2943 2845 2998 definivit.
2897 2943 3165 3016 Namque
3213 2959 3392 3016 supra
3444 2943 3534 2998 sic
3581 2931 3818 2999 habes:

2145 3032 2534 3088 Santi/icatus
2567 3039 2660 3088 est
2712 3033 2808 3088 vir
2839 3031 3104 3088 inﬁdelis
3127 3049 3242 3106 per
3270 3048 3512 3088 uxorem
3541 3031 3778 3089 fidelem
3800 3050 3821 3085 :

2147 3128 2205 3176 et
2237 3120 2606 3176 sanctificata
2634 3127 2727 3177 est
2756 3121 2974 3177 mulier
3003 3121 3271 3177 infidelis
3290 3137 3407 3194 per
3432 3121 3709 3177 maritum
3755 3121 3827 3177 li-

431 3181 756 3280 bibebant;
779 3181 1064 3280 ςθειίυρρῖ
1092 3197 1245 3280 Cyni
1267 3205 1462 3252 antem
1485 3197 1548 3280 glj
1558 3181 1748 3280 31ers}?
1769 3181 2036 3278 du'érso-
2063 3181 2116 3245 C
2149 3211 2341 3266 delem
2370 3209 2549 3280 (Ibid.
2583 3211 2692 3280 14).
2725 3210 2797 3265 Et
2825 3210 2976 3272 infra
3011 3227 3023 3265 :
3059 3208 3224 3276 Quod
3249 3181 3308 3265 si
3334 3209 3604 3266 inﬁdelis
3633 3211 3827 3267 disce-

426 3287 559 3326 rum
589 3271 712 3325 sint
748 3268 1342 3341 vires,'liincrl'actum
1375 3268 1613 3339 scribit,
1637 3275 1828 3322 utnon
1859 3269 2034 3341 impe-

426 3349 675 3397 raretur
702 3342 972 3410 castitas,
1006 3340 1118 3395 sed
1147 3341 1528 3396 suaderetur.

385 3462 393 3468 ‘
427 3448 517 3505 67.
563 3449 829 3503 Dicimus
875 3447 1058 3520 igitur
1087 3463 1198 3503 nec
1228 3446 1568 3518 sumptibus
1611 3462 1789 3519 egere
1820 3447 2033 3520 viduas

359 3537 491 3609 (68),
542 3553 674 3610 quae
726 3537 947 3594 donare
991 3537 1417 3592 consueverint
1451 3553 1464 3592 :
1497 3552 1607 3591 nec
1657 3533 1950 3606 subsidio,
2000 3553 2035 3590 a

359 3628 578 3701 quibus
611 3642 796 3698 saepe,
828 3627 886 3682 in
907 3627 1194 3698 periculis
1223 3625 1519 3696 maximis,
1553 3625 1815 3681 defensa:
1848 3626 2034 3698 copiae

363 3719 502 3772 sunt
547 3717 854 3771 virorum:
890 3715 1174 3770 maritalia
1224 3715 1299 3770 iis
1347 3731 1583 3788 quoque
1633 3715 1830 3772 officia
1879 3716 2034 3772 vela

363 3805 625 3878 generis,
676 3805 771 3860 vel
819 3821 849 3858 a
899 3805 1188 3874 proximis
1235 3804 1408 3860 facile
1457 3805 1654 3860 solere
1702 3806 1964 3876 reparari
2018 3821 2032 3862 :

363 3908 504 3948 esse
550 3894 723 3949 etiam
771 3895 831 3948 in
882 3909 985 3948 eas
1029 3894 1288 3948 divinam
1329 3893 1795 3948 misericordiam
1841 3911 2038 3966 prom-

363 3983 651 4055 ptiorem;
686 3985 743 4036 et
774 3983 906 4037 ideo
933 3999 1064 4037 cum
1085 3986 1400 4054 suppetere
1420 3999 1536 4038 non
1559 3983 1826 4038 videatur
1857 4000 2037 4040 causa

233 4095 255 4105 ο
367 4067 649 4142 nubendi,
687 4071 946 4126 studium
979 4071 1197 4126 abesse
1227 4071 1464 4128 debere.

382 4191 391 4208 ε
439 4178 529 4234 68.
579 4177 747 4244 Quod
797 4181 992 4233 tamen
1035 4193 1142 4249 pro
1191 4178 1440 4234 consilio
1473 4179 1746 4252 dicimus,
1780 4199 1896 4238 non
1928 4200 2036 4256 pro

369 4271 669 4340 praecepto
718 4267 1098 4338 imperamus,
1129 4272 1520 4338 provocantes
1553 4270 1748 4340 potius
1779 4273 2035 4344 viduam,

371 4372 544 4430 quam
575 4355 867 4429 ligentes;
914 4372 1104 4428 neque
1135 4357 1291 4412 enim
1323 4357 1708 4428 prohibemus
1740 4362 2038 4418 secundas

443 4499 558 4574 (67)
603 4499 822 4554 Omnes
869 4500 1006 4574 edit.
1041 4516 1174 4574 cum
1215 4500 1361 4555 Tell.
1416 4501 1571 4570 cod.,
1625 4519 1750 4574 quae
1798 4503 2042 4560 Christo

373 4546 699 4640 ministrat,
725 4572 1084 4626 ostenditur.
1111 4571 1355 4642 Oportet
1379 4588 1524 4635 eam,
1557 4546 1672 4627 ’etd.
1698 4574 1809 4628 Alii
1833 4546 2042 4631 omnes
2069 4546 2123 4610 θ

374 4658 546 4715 mss,
580 4642 678 4715 qui
711 4643 1021 4715 Christo...
1059 4648 1290 4713 Oportet
1322 4644 1500 4711 enim,
1547 4648 1660 4698 etc.
1695 4643 1922 4715 Optime
1971 4647 2046 4702 il-

377 4711 479 4766 lud
510 4711 778 4782 quidem;
809 4714 1026 4788 etenim
1059 4711 1599 4788 sermonemsuum
1633 4711 1934 4788 episcopis
1957 4719 2050 4772 vir

377 4788 629 4860 sanctus
646 4785 1068 4860 accommodat,
1090 4788 1370 4860 u_t_aperte
1392 4785 1692 4841 declarant
1715 4785 2042 4860 sequentia.

379 4853 506 4932 Nec
538 4853 786 4932 enim_in_
819 4853 1084 4932 Ecclesia
1126 4856 1180 4932 i_d
1211 4853 1470 4932 unquam
1505 4853 1860 4932 concessum
1890 4875 2052 4932 repe-

381 4926 637 5000 ritur._ut
653 4923 868 5000 Christi
887 4943 1106 4997 corpus
1126 4923 1362 5000 feminis
1383 4927 1892 5000 administrarent;
1917 4923 2051 4986 cum

378 4998 414 5051 ἒ
437 4995 731 5050 contrario
762 4994 1370 5066 legatur'prohibitum
1389 5015 1504 5054 non
1531 5001 1702 5056 modo
1726 5001 1782 5056 in
1811 4994 2050 5058 Consti-

381 5066 708 5144 tutionibus
739 5069 1105 5144 apostolicis,
1140 5068 1218 5124 lib
1242 5087 1324 5144 ni,
1349 5087 1401 5126 c.
1437 5071 1503 5124 15
1524 5076 1580 5144 et
1603 5088 1754 5144 seq,
1794 5089 1904 5130 nec
1931 5092 2050 5130 non

380 5138 484 5216 l_i_b.
520 5154 824 5216 νειμ-[ίῳ.Δ
857 5139 945 5207 ‘28,
982 5156 1189 5216 verum
1230 5138 1404 5216 etiam
1433 5143 1586 5216 apud
1621 5138 2008 5215 Epiphanium
2035 5189 2050 5216 ,

388 5210 621 5286 ﬂmresi
650 5209 739 5276 79,
774 5212 953 5286 atque
979 5211 1038 5286 in
1089 5212 1203 5286 ﬁne
1237 5209 1514 5286 Panarii':
1549 5215 1608 5268 in
1639 5209 1858 5286 quibus
1899 5209 2049 5273 locis

384 5281 477 5336 dia
488 5282 863 5336 conissarum
881 5282 1269 5338 ministerium
1289 5283 1409 5338 fere
1429 5285 1486 5338 in
1505 5281 1796 5342 exuendis
1811 5287 2052 5345 induen-

384 5353 555 5408 disve
589 5354 649 5407 in
677 5352 1024 5423 baptisteria
1055 5355 1293 5410 feminis
1324 5359 1508 5410 totum
1538 5356 1877 5412 collocatur.

455 5423 752 5500 (68)_Edit.
787 5439 862 5500 ac
897 5441 1043 5500 mss.
1077 5425 1246 5496 Tell.,
1293 5427 1626 5482 Didicimus
1655 5428 1880 5500 igitur;
1932 5447 2052 5486 ca:-

389 5495 516 5567 teri,
544 5495 810 5550 Dicimus
839 5497 1046 5567 igitur.

463 5565 576 5636 (69)
609 5567 715 5642 Sic_
730 5565 1122 5642 omnesmss.
1157 5570 1374 5642 praeter
1410 5567 1580 5640 Tell.,
1603 5570 1706 5642 qui
1728 5573 1786 5627 et
1819 5587 1952 5628 cum
1983 5589 2054 5628 eo

387 5642 618 5716 cuncta:
643 5638 786 5716 edit.
820 5639 1061 5716 prefert
1096 5653 1110 5696 :
1149 5638 1368 5716 Neun
1406 5638 1572 5716 enim
1595 5638 1879 5716 quidquid
1915 5643 2058 5704 licet

390 5713 450 5774 et
481 5708 672 5773 decet.
702 5707 872 5780 Quod
900 5713 1097 5768 autem
1131 5714 1211 5772 ait
1243 5707 1864 5792 Ambrosius'nup'tias
1895 5731 2058 5797 saepe

2147 3300 2257 3369 dit,
2291 3299 2582 3355 discedat.
2614 3299 2750 3355 Non
2783 3308 2876 3356 est
2905 3301 3195 3356 servituti
3221 3299 3462 3355 deditus
3489 3299 3688 3356 frater
3705 3300 3827 3371 (71)

2147 3395 2244 3443 aut
2275 3404 2450 3444 soror
2493 3389 2556 3442 in
2607 3387 2828 3444 talibus
2873 3388 3052 3458 (Ibid.
3099 3389 3208 3459 15).
3262 3388 3325 3444 Si
3371 3387 3552 3461 igitur
3598 3388 3827 3446 bonum

2149 3475 2499 3550 conjugium
2542 3478 2804 3532 servitus
2853 3481 2966 3545 est,
3023 3477 3243 3533 malum
3290 3477 3639 3550 conjugium
3686 3479 3837 3551 quid

2147 3569 2240 3621 est
2269 3565 2414 3637 ('72);
2443 3567 2682 3638 quando
2714 3570 3016 3638 nequeunt
3047 3583 3115 3622 se
3139 3567 3393 3622 invicem
3424 3567 3824 3640 sanctificare,

2148 3655 2256 3710 sed
2286 3655 2577 3726 perdere?

2217 3744 2306 3799 70.
2331 3743 2468 3815 Sed,
2493 3748 2554 3800 ut
2571 3740 2642 3799 ad
2663 3745 2910 3817 gratiam
2926 3745 3162 3802 virtutis
3185 3745 3394 3802 viduas
3417 3746 3824 3820 adhortamur,

2150 3833 2228 3888 ita
2276 3833 2450 3888 etiam
2510 3833 2584 3888 ad
2627 3834 3096 3890 ecclesiasticam
3142 3835 3518 3907 disciplinam
3570 3835 3826 3892 feminas

2149 3937 2578 3994 provocamus;
2610 3923 2746 3994 quia
2766 3923 3035 3979 Ecclesia
3058 3927 3289 3980 constat
3310 3940 3384 3980 ex
3414 3925 3692 3980 omnibus
3714 3925 3823 3980 Li-

2151 4016 2244 4068 cet
2272 4011 2492 4066 Christi
2542 4027 2693 4084 grex
2723 4012 2857 4082 (73),
2889 4016 3084 4068 tamen
3116 4013 3175 4068 in
3205 4013 3338 4068 aliis
3371 4014 3590 4084 pabulo
3619 4015 3829 4072 vesci-

2154 4101 2325 4169 citur,
2359 4101 2417 4155 in
2449 4101 2582 4155 aliis
2612 4101 2806 4156 adhuc
2835 4101 2985 4156 lacte
3015 4102 3296 4170 nutritur;
3329 4103 3548 4174 quibus
3579 4103 3700 4174 lupi
3743 4103 3830 4160 illi

2155 4189 2254 4262 qui
2285 4189 2465 4244 latent
2493 4191 2550 4245 in
2575 4190 2791 4245 vestitu
2811 4190 3036 4261 ovium,
3070 4194 3210 4246 sunt
3231 4191 3500 4262 cavendi,
3531 4192 3834 4249 abstinen-

2153 4281 2251 4334 tiae
2283 4279 2547 4350 speciem
2587 4279 3050 4350 praetendentes,
3086 4285 3480 4350 provocantes
3509 4284 3702 4336 autem
3733 4283 3833 4336 in-

2155 4367 2556 4439 temperantiae
2589 4367 2930 4424 foeditatem.
2966 4367 3196 4424 Etenim
3227 4369 3364 4440 quia
3395 4369 3592 4425 sciunt
3631 4370 3831 4427 valida

2155 4509 2432 4581 repetitas
2463 4525 2493 4563 a
2526 4525 2592 4565 se
2616 4525 2731 4565 non
2749 4510 3008 4581 probari,
3043 4511 3282 4567 mollius
3305 4511 3542 4638 quidem
3565 4513 3832 4585 loquitur

2157 4598 2333 4638 uuam
2365 4581 2530 4636 multi
2565 4581 2662 4635 alii
2713 4582 2939 4638 Patres.
2992 4583 3090 4638 aui
3140 4587 3202 4638 ut
3243 4585 3302 4638 in
3357 4583 3434 4638 ib.
3469 4600 3486 4638 ι
3517 4585 3593 4638 de
3630 4585 3832 4638 Abra-

2157 4598 2333 4654 quam
2365 4581 2530 4654 multi
2565 4581 2662 4654 alii
2713 4582 2939 4649 Patres,
2992 4583 3090 4654 qui
3140 4587 3202 4638 ut
3243 4585 3302 4638 in
3324 4581 3434 4639 lib.
3469 4600 3486 4638 ι
3517 4585 3593 4639 de
3630 4581 3832 4640 Abra-

2157 4652 2310 4723 liam,
2359 4668 2410 4706 c.
2462 4653 2514 4717 4,
2549 4652 2933 4708 observatum
2979 4652 3091 4722 est,
3143 4655 3382 4709 easdem
3417 4656 3829 4713 fornicationis

2156 4725 2288 4779 loco
2337 4727 2577 4796 tantum,
2606 4739 2725 4778 non
2769 4723 3046 4796 habenti:
3080 4729 3335 4780 attamen
3384 4726 3548 4796 ipsas
3600 4727 3712 4782 abs
3759 4743 3830 4783 se

2158 4809 2276 4872 non
2303 4795 2583 4872 damnari
2632 4799 2912 4872 tanquam
2951 4795 3224 4866 illicitas,
3258 4795 3492 4854 abunde
3541 4813 3616 4853 ex
3645 4798 3833 4872 hujus

2158 4864 2554 4939 loci__lectione
2585 4864 2872 4939 arguitur.

2229 4936 2342 5021 (71))
2377 4938 2524 5021 Mss.
2560 4936 2804 5021 aliquot,
2837 4937 3134 5021 Bona_vis
3173 4939 3652 5021 amorisgratia;
3683 4957 3832 5021 non-

2159 5009 2301 5084 nulli
2348 5009 2542 5084 etiam,
2585 5009 2816 5084 [lanam
2871 5009 2961 5084 vis
3001 5009 3230 5065 habere
3276 5009 3568 5084 gratiam;
3613 5012 3828 5070 melius

2159 5080 2255 5134 alii
2288 5087 2346 5134 et
2375 5080 2538 5146 edit.,
2573 5080 2734 5135 Bona
2764 5081 2968 5148 mutui,
3000 5085 3111 5136 etc.

2231 5151 2344 5219 (71)
2378 5152 2524 5206 Rom
2557 5152 2718 5219 edit.
2749 5153 3037 5207 servituti
3065 5151 3340 5208 addictus
3368 5151 3584 5210 frater.

2233 5221 2348 5291 (’72)
2380 5223 2663 5298 Plerique
2686 5238 2856 5291 mss.,
2903 5223 3116 5298 malum
3147 5224 3438 5298 quidAest;
3470 5225 3699 5298 quando
3729 5242 3831 5283 ne-

2167 5301 2403 5366 queunt,
2430 5310 2498 5350 se
2531 5293 2791 5366 invicem
2820 5293 3244 5350 sanctificar'e?
3271 5295 3396 5350 Sed
3432 5293 3508 5351 ad
3535 5297 3832 5354 Ecclesiae

2164 5364 2561 5438 disciplinam,
2595 5369 2721 5438 etc.
2740 5364 3031 5422 Continuo
3061 5381 3204 5420 vero
3222 5370 3377 5437 post,
3410 5367 3513 5422 ubi
3542 5367 3680 5424 edit.
3714 5384 3834 5425 om-

2165 5436 2412 5503 ncs,'Et
2455 5437 2623 5508 licet,
2649 5436 2885 5508 Christi
2923 5452 3084 5508 grex
3128 5436 3368 5493 constet
3405 5453 3486 5494 ex
3527 5440 3829 5507 omnibus;

2163 5524 2321 5579 grex
2360 5515 2554 5562 tamen
2601 5506 2664 5562 in
2694 5507 2852 5573 aliis,
2901 5506 3014 5563 etc.
3043 5522 3058 5576 ;
3091 5522 3298 5564 omnes
3345 5523 3495 5566 mss.
3546 5506 3831 5570 exhibent

2165 5593 2294 5635 eam
2327 5577 2659 5669 lectionem,
2692 5593 2826 5706 quae
2855 5595 2888 5634 a
2919 5579 3175 5664 nobisin
3194 5583 3420 5637 textum
3449 5587 3685 5656 recepta
3713 5586 3825 5642 est.

2233 5648 2346 5706 (‘78)
2377 5649 2553 5706 Edit..
2586 5649 2670 5705 Et
2721 5657 2844 5706 test
2875 5650 3109 5706 Christi
3140 5666 3298 5706 arex
3323 5657 3554 5706 constat
3589 5669 3671 5706 ex
3706 5666 3830 5706 om.

2255 5619 2670 5736 ξθῑξςιίῑιῖξὲξ
2693 5619 3685 5736 mafc‘ii‘i’iéii'3553355375?
3706 5619 3830 5717 δῖε

2163 5720 2360 5797 nibus,
2383 5720 2544 5802 grex
2563 5726 2776 5804 tamen,
2807 5726 2920 5786 etc.
