4060 6158
290 298 394 371 269

1598 296 1877 370 LIBER
1913 300 2033 369 DE
2066 300 2379 371 VIDUIS.

3600 311 3723 376 270

291 526 442 568 onera
483 509 792 579 castitatis;
839 524 973 565 cum
1018 508 1135 580 ipsi
1184 523 1253 563 ea
1301 508 1593 581 attingere
1644 508 1914 581 digitulis
1948 490 2006 552 Α
2036 511 2250 581 quatur
2280 507 2591 563 Dominum
2639 506 2815 578 (Ibid.
2846 500 2970 580 21);
3020 503 3150 566 haec
3196 509 3354 567 enim
3407 528 3527 570 non
3556 529 3718 586 prae-

290 616 388 655 non
414 601 633 671 queant,
665 598 740 653 ab
769 598 904 653 aliis
955 614 1136 669 supra
1183 598 1422 653 modum
1464 598 1731 670 exigunt,
1784 613 1917 653 cum

288 689 385 759 ipsi
410 703 641 743 servare
671 703 781 743 nec
819 687 1060 743 modum
1101 687 1355 758 possint,
1391 688 1499 742 sed
1539 686 1765 759 injusto
1806 686 1922 741 sub

284 778 424 832 fasce
451 776 832 832 succumbant
862 776 997 848 (⁸74).
1040 776 1317 831 Mensura
1364 776 1522 830 enim
1570 776 1770 834 oneris
1814 791 1921 846 pro

283 882 528 921 mensura
574 865 749 920 debet
795 881 935 921 esse
984 866 1298 938 gestantis,
1350 864 1613 936 alioquin
1661 864 1922 935 impositi

282 955 453 1010 oneris
483 954 544 1009 ﬁt
570 954 761 1024 ruina,
792 954 893 1009 ubi
924 954 1185 1010 vectoris
1217 954 1529 1008 infirmitas
1559 957 1682 1023 est;
1715 969 1849 1007 nam
1867 956 1924 1007 et

281 1042 557 1098 infantium
587 1042 793 1098 fauces
823 1042 1155 1114 strangulat
1185 1058 1324 1097 esca
1350 1042 1671 1098 robustior.

335 1132 415 1187 7i.
453 1131 522 1189 Et
547 1132 682 1187 ideo
715 1132 870 1187 sicut
901 1131 1210 1188 multitudo
1242 1134 1546 1187 vectorum
1576 1147 1694 1186 non
1715 1147 1927 1202 pauco—

275 1237 387 1277 rum
425 1221 653 1277 viribus
700 1222 1062 1278 aestimatur:
1108 1237 1220 1276 nec
1247 1224 1442 1277 tamen
1472 1221 1821 1277 fortioribus
1851 1222 1924 1276 de

277 1310 496 1365 aliorum
550 1310 887 1366 inﬁrmitate
944 1311 1376 1383 praescribitur,
1438 1311 1546 1367 sed
1603 1311 1924 1382 unicuique

276 1402 526 1471 quantum
557 1400 762 1456 oneris
793 1399 1000 1455 subire
1032 1401 1246 1471 cupiat,
1287 1400 1607 1470 relaxatur,
1651 1403 1923 1454 manente

272 1489 539 1544 mercedis
580 1489 819 1545 cumulo
858 1489 919 1544 in
958 1490 1194 1545 virtutis
1235 1491 1554 1562 augmento
1588 1504 1601 1544 :
1645 1488 1723 1542 ita
1752 1488 1924 1543 etiam

273 1576 483 1632 feminis
513 1594 632 1633 nan
660 1578 909 1650 laqueus
942 1577 1326 1650 injiciendus,
1370 1594 1489 1632 non
1539 1594 1720 1648 supra
1761 1578 1923 1633 vires

271 1666 623 1722 abstinentia:
652 1668 952 1740 gravioris
995 1670 1238 1723 vectura
1287 1666 1598 1723 subeunda
1645 1671 1737 1722 est
1770 1682 1783 1722 :
1817 1666 1925 1721 sed

267 1754 697 1829 relinquendum
728 1760 791 1811 ut
820 1772 1191 1828 unaquaeque
1232 1772 1300 1812 se
1346 1756 1581 1827 pendat,
1627 1772 1746 1811 non
1786 1772 1926 1811 auc-

2037 601 2207 668 cepto
2237 597 2620 668 imperantur,
2654 597 2762 651 sed
2792 613 2899 668 pro
2923 600 3174 654 consilio
3195 600 3561 657 deferuntur.
3597 603 3717 659 Du-

2035 687 2174 758 plex
2203 701 2455 757 namque
2497 684 2686 740 forma
2727 686 2982 740 mandati
3010 690 3103 741 est
3136 703 3149 742 :
3184 704 3299 743 una
3326 691 3705 761 preceptiva,

2032 776 2215 830 altera
2245 774 2594 830 voluntaria.
2643 773 2811 828 Unde
2850 777 2908 829 et
2947 775 3233 831 Dominus
3275 777 3336 832 in
3368 778 3489 845 alia
3519 779 3662 834 dicit
3694 794 3709 835 :

2030 864 2165 920 Non
2196 864 2432 918 occides
2461 864 2560 918 ubi
2594 863 2909 933 praecepit;
2942 862 3002 917 in
3030 863 3147 918 alia
3184 880 3197 919 :
3236 864 3307 919 Si
3345 867 3436 921 vis
3459 867 3708 938 perfec-

2034 959 2129 1007 tus
2159 969 2314 1021 esse,
2354 950 2543 1007 vende
2574 952 2766 1007 omnia
2812 958 2928 1006 tua.
2978 951 3139 1024 Ergo
3189 944 3286 1008 hic
3343 953 3497 1010 liber
3539 959 3631 1011 est
3675 972 3710 1011 a

2031 1045 2349 1113 praecepto,
2384 1042 2480 1096 cui
2508 1039 2771 1095 defertur
2800 1040 3108 1095 arbitrium
3140 1040 3275 1113 ('18).

2102 1130 2191 1186 '74.
2233 1132 2433 1202 Itaque
2475 1129 2578 1200 qui
2615 1132 2978 1201 praeceptum
3017 1130 3410 1201 impleverint,
3455 1136 3713 1203 possunt

2033 1220 2230 1275 dicere
2254 1235 2267 1274 :
2295 1219 2413 1274 Ser
2424 1220 2479 1273 vi
2498 1218 2745 1273 inutiles
2763 1235 2964 1273 sumus
2986 1239 3004 1273 :
3023 1218 3174 1291 quod
3195 1219 3525 1288 debuimus,
3559 1220 3714 1277 face.

2034 1325 2125 1378 re,
2149 1308 2398 1364 fecimus
2416 1308 2579 1379 (Luc.
2606 1308 2879 1378 xvu,10).
2914 1307 3043 1363 Hoc
3063 1309 3235 1380 virgo
3253 1325 3372 1365 non
3393 1309 3554 1381 dicit,
3592 1327 3713 1367 non

2036 1398 2177 1453 dicit
2207 1398 2304 1452 ille
2334 1397 2437 1468 qui
2468 1396 2623 1452 bona
2654 1412 2766 1451 sua
2793 1396 3059 1452 vendidit
3086 1397 3228 1452 :sed
3256 1399 3428 1471 quasi
3451 1400 3713 1470 reposita

2036 1488 2343 1557 exspectat
2371 1485 2633 1556 praemia,
2670 1485 2828 1539 sicut
2858 1488 3102 1540 sanctus
3131 1486 3440 1556 apostolus
3462 1487 3562 1559 qui
3590 1488 3671 1543 ait
3695 1504 3708 1545 :

2035 1576 2197 1630 Ecce
2219 1591 2325 1630 nos
2341 1574 2713 1647 reliquimus,
2734 1575 2946 1646 omnia,
2972 1581 3032 1629 et
3049 1575 3237 1630 seculi
3257 1592 3458 1631 sumus
3475 1583 3554 1648 te,
3571 1577 3714 1650 quid

2038 1680 2183 1737 ergo
2214 1663 2388 1719 nobis
2418 1665 2538 1718 erit
2558 1663 2798 1732 (Matth.
2829 1680 2953 1733 xix,
2988 1664 3110 1734 2‘7)?
3138 1664 3271 1719 Non
3294 1665 3469 1736 quasi
3484 1666 3713 1721 inutilis

2036 1768 2272 1821 servus,
2296 1752 2455 1824 quod
2476 1751 2680 1807 debuit
2712 1751 2931 1823 facere,
2964 1768 3033 1808 ea
3055 1752 3278 1808 fecisse
3303 1769 3371 1809 se
3388 1754 3542 1823 dixit
3561 1770 3577 1812 :
3599 1755 3711 1811 sed

266 1816 474 1901 toritate
522 1846 725 1918 aliqua
770 1816 977 1901 coacta
1030 1816 1366 1917 praecepti,-
1390 1846 1499 1901 sed
1558 1816 1920 1901 incremento
1953 1816 2006 1879 Β
2036 1841 2243 1915 quasis
2259 1816 2423 1896 utilis
2444 1840 2703 1911 domino,
2727 1841 2828 1912 qui
2852 1816 3534 1899 cdmmissasibitalenta
3551 1860 3711 1917 qum-

266 1934 450 2005 gratim
478 1937 819 2006 provocata.
854 1934 926 1988 Et
955 1935 1088 1989 ideo
1120 1935 1380 1990 diversis
1407 1934 1728 1990 virtutibus
1757 1950 1917 1989 mer-

265 2038 354 2077 ces
378 2024 614 2079 diversa
644 2025 949 2095 proposita
972 2027 1082 2078 est.
1116 2023 1240 2078 Nec
1261 2023 1420 2078 aliud
1441 2024 1919 2094 reprehenditur,

264 2115 318 2166 ut
356 2113 507 2168 aliud
554 2114 960 2185 praedicetur:
993 2113 1103 2168 sed
1147 2113 1342 2168 omnia
1387 2112 1806 2184 prmdicantur,
1861 2116 1925 2169 ut

263 2216 379 2272 qum
408 2202 655 2258 meliora
685 2205 844 2272 sunt,
875 2200 1287 2273 praeferantur.

776 2329 922 2393 205
965 2326 1219 2383 CAPUT
1259 2327 1386 2384 ΧΠ.

260 2442 532 2499 Nonnulla
566 2444 890 2500 traduntur
911 2445 1202 2516 praecepti
1231 2451 1403 2516 atque
1436 2443 1675 2516 consilii
1703 2444 1922 2500 discri-

320 2518 487 2582 mina,
523 2533 657 2589 quze
687 2522 746 2569 ut
778 2515 966 2589 adhuc
998 2515 1376 2589 innotescunt
1404 2515 1804 2589 manifestius,
1840 2517 1925 2571 di-

326 2588 460 2643 vitis
498 2586 935 2652 adolescentis,
981 2586 1146 2658 cuius
1181 2586 1580 2659 Evangelium
1628 2588 1918 2659 meminit,

317 2659 564 2713 historia
593 2678 613 2713 :
636 2674 746 2713 nee
768 2675 880 2713 non
897 2657 1279 2730 praemiorum
1301 2657 1550 2712 consilis
1561 2657 1923 2730 praeceptis?-

316 2745 417 2801 que
430 2731 875 2802 propositorum
908 2729 1243 2784 diversitas
1264 2736 1606 2785 enarratur.

256 2920 263 2925 .
316 2853 397 2909 7:2.
438 2854 807 2910 Honorabile
839 2854 1034 2925 itaque
1065 2852 1434 2927 conjugium,
1470 2854 1577 2910 sed
1600 2854 1919 2911 honorabi-

256 2940 353 2998 lior
367 2943 709 3017 integritas;
733 2959 869 2998 nam
889 2950 947 2997 et
970 2944 1069 3016 qui
1090 2944 1469 2998 matrimonio
1492 2944 1699 3016 jungit
1736 2946 1923 3018 virgi-

258 3048 371 3087 nem
392 3050 578 3103 suam,
608 3032 761 3087 bene
778 3031 923 3087 facit
949 3051 966 3085 :
982 3038 1040 3087 et
1059 3033 1158 3105 qui
1173 3032 1522 3105 nonjungit,
1539 3032 1753 3088 melius
1774 3033 1920 3089 facit

254 3120 303 3191 (Ι
318 3120 446 3178 Cor.
485 3139 594 3193 vix,
636 3121 750 3193 38).
788 3120 955 3185 Quod
987 3122 1170 3194 igitur
1187 3122 1410 3177 bonum
1430 3125 1544 3191 est,
1581 3138 1699 3178 non
1722 3123 1917 3178 vitan-

257 3209 376 3265 dum
405 3215 533 3267 est:
569 3211 733 3283 quod
769 3214 863 3266 est
896 3210 1130 3281 melius,
1175 3211 1515 3283 eligendum
1554 3215 1665 3267 est.
1720 3212 1917 3284 Itaque

254 3314 358 3355 non
386 3300 731 3372 imponitur,
766 3300 873 3355 sed
904 3298 1271 3371 praeponitur
1300 3298 1437 3371 ('75).
1476 3299 1545 3354 Et
1585 3300 1717 3356 ideo
1765 3301 1918 3356 bene

254 3388 564 3458 Apostolus
597 3388 743 3443 dixit
769 3405 782 3444 :
808 3389 895 3443 De
934 3388 1273 3460 virginibus
1296 3396 1659 3461 praeceptum
1682 3390 1921 3445 Domini

257 3492 356 3533 non
374 3478 588 3549 habeo,
622 3477 933 3533 consilium
973 3483 1166 3532 autem
1207 3478 1280 3533 do
1315 3477 1494 3547 (Ibid.
1532 3476 1644 3549 25).
1690 3478 1918 3535 Etenim

254 3572 607 3639 praeceptum
653 3569 714 3622 in
760 3567 1034 3622 subditos
1082 3567 1287 3639 fertur,
1340 3567 1655 3624 consilium
1711 3568 1918 3623 amicis

255 3653 426 3712 datur.
478 3657 601 3712 Ubi
629 3661 988 3728 praeceptum
1031 3661 1143 3728 est,
1175 3658 1258 3712 ibi
1287 3658 1386 3713 lex
1414 3662 1506 3713 est
1539 3674 1551 3714 :
1584 3658 1683 3713 ubi
1717 3658 1920 3713 consi-

255 3742 401 3817 lium,
452 3746 539 3801 ibi
587 3746 780 3818 gratia
825 3750 917 3801 est
960 3746 1093 3816 (76).
1142 3747 1528 3818 Praeceptum,
1561 3750 1623 3802 ut
1652 3746 1724 3802 ad
1755 3750 1921 3802 natu-

260 3849 370 3888 ram
400 3838 648 3890 revocet
680 3851 693 3890 :
726 3834 1064 3906 consilium,
1096 3839 1159 3893 ut
1200 3836 1273 3891 ad
1318 3836 1568 3909 gratiam
1616 3838 1917 3907 provocet.

256 3919 317 3975 Et
342 3924 471 3980 ideo
500 3924 607 3980 lex
637 3924 865 3979 Judazis
895 3925 1008 3979 lata
1034 3929 1149 4001 est,
1183 3927 1372 3998 gratia
1400 3929 1594 3980 autem
1624 3925 1920 3981 electiori-

255 4009 357 4066 bus
386 4016 700 4069 reservata
731 4016 844 4069 est.
877 4014 1023 4085 Lex,
1058 4017 1121 4069 ut
1150 4029 1182 4068 a
1213 4016 1436 4069 naturae
1467 4014 1686 4069 finibus
1731 4014 1921 4083 culpae

256 4102 436 4158 studio
468 4103 839 4173 demeantes,
872 4103 945 4157 ad
984 4106 1209 4158 naturae
1251 4103 1692 4158 observantiam
1728 4119 1919 4174 poenae

254 4190 464 4247 terrore
512 4194 872 4248 revocaret:
908 4193 1097 4265 gratia
1142 4195 1359 4264 autem,
1407 4197 1472 4248 ut
1514 4194 1736 4249 electos
1786 4209 1922 4248 cum

255 4281 435 4337 studio
464 4282 785 4354 bonorum,
815 4284 939 4337 tum
970 4283 1292 4354 propositis
1316 4283 1487 4338 etiam
1510 4283 1773 4354 praemiis
1794 4298 1924 4354 pro-

255 4373 499 4427 vocaret.

2037 1931 2171 1985 sitis
2193 1930 2601 2001 multiplicavit
2612 1930 2837 2000 usuris,
2863 1930 3197 1986 mercedem
3213 1931 3351 1987 ﬁdei
3383 1936 3557 2006 atque
3593 1935 3713 1991 vir-

2035 2019 2177 2074 tutis
2224 2020 2375 2074 bene
2419 2019 2537 2074 sibi
2582 2019 2886 2089 conscius,
2935 2021 3403 2093 meritorumque
3450 2038 3706 2081 securus

2035 2111 2362 2180 exspectat.
2421 2107 2493 2163 Et
2521 2108 2655 2163 ideo
2685 2108 2741 2163 ei
2773 2123 2908 2163 cum
2939 2109 3174 2164 caeteris
3220 2108 3438 2166 dicitur
3476 2126 3490 2168 :
3559 2114 3707 2179 206

2018 2197 2159 2253 ’νος
2187 2196 2285 2270 qui
2312 2198 2503 2253 secuti
2532 2198 2683 2253 estis
2708 2214 2801 2253 me
2828 2198 2892 2252 in
2926 2201 3407 2271 regeneratione,
3441 2217 3570 2257 eum
3609 2219 3713 2259 se-

2035 2287 2197 2343 derit
2226 2285 2420 2341 Filius
2448 2286 2705 2341 hominis
2733 2286 2795 2340 in
2827 2287 2972 2342 sede
2999 2287 3335 2359 maiestatis
3363 2305 3508 2359 sum,
3539 2292 3713 2347 sede-

2035 2376 2186 2431 bitis
2213 2382 2272 2431 et
2300 2376 2418 2447 ipsi
2448 2392 2626 2446 supra
2659 2374 2965 2431 duodecim
2995 2377 3195 2447 sedes,
3214 2376 3566 2449 judicantes
3599 2381 3714 2435 tri-

2035 2465 2148 2520 bus
2176 2464 2374 2520 Israel
2398 2462 2576 2535 (Ibid.
2610 2464 2722 2535 28).
2769 2467 2846 2519 At
2881 2480 3025 2520 vero
3058 2465 3140 2520 illi
3174 2466 3278 2538 qui
3316 2467 3533 2523 talenta
3575 2485 3712 2526 ser-

2033 2556 2295 2624 vaverat,
2328 2553 2439 2608 etsi
2473 2554 2735 2624 prmmia,
2769 2554 2997 2610 minora
3026 2557 3222 2611 tamen
3261 2556 3575 2626 pollicetur
3617 2559 3712 2614 di-

2037 2659 2182 2699 cens
2216 2660 2228 2699 :
2267 2637 2546 2709 Quoniam
2588 2659 2770 2715 super
2810 2658 2995 2715 pauca
3045 2644 3222 2700 fuisti
3265 2644 3486 2716 ﬁdelis,
3523 2663 3709 2719 supra

2034 2733 2213 2789 multa
2247 2740 2305 2788 te
2333 2734 2684 2788 constituam
2717 2733 2958 2802 (Matth.
2995 2750 3136 2805 xxv,
3170 2734 3283 2805 21).
3316 2734 3496 2791 Fides
3529 2736 3714 2809 igitur

2037 2840 2111 2879 ex
2138 2824 2356 2894 debito,
2392 2823 2801 2879 misericordia
2840 2824 2902 2879 in
2932 2824 3198 2895 praemio.
3242 2824 3355 2890 Qui
3397 2826 3551 2882 bene
3585 2841 3715 2882 cre-

2037 2914 2202 2980 didit,
2236 2916 2298 2968 ut
2326 2913 2381 2968 ei
2413 2913 2708 2982 credatur,
2762 2913 3012 2969 emeruit
3045 2929 3058 2969 :
3094 2914 3195 2986 qui
3237 2914 3391 2970 bene
3439 2916 3705 2988 contulit,

2038 3003 2316 3075 quoniam
2348 3017 2514 3058 suam
2547 3018 2667 3059 non
2697 3002 2995 3075 quaesivit,
3031 3002 3191 3074 quod
3220 3003 3465 3060 caeleste
3499 3009 3593 3062 est
3613 3006 3717 3061 im-

1960 3111 2012 3175 C
2039 3074 2307 3144 patravit.

2633 3162 2907 3220 CAPUT.
2949 3164 3103 3219 Xlll.

2036 3251 2236 3336 Allato
2265 3250 2590 3336 Evangelii
2617 3250 2744 3333 loco
2787 3251 2887 3334 de.
2909 3252 3288 3336 spadonibus,
3341 3268 3443 3336 aps
3464 3255 3585 3336 qui
3617 3252 3717 3336 vel

2109 3328 2319 3378 natura
2356 3323 2454 3378 vel
2477 3323 2773 3378 hominum
2829 3323 3108 3378 violentia
3155 3324 3307 3379 tales
3354 3323 3512 3379 facti
3549 3332 3707 3393 sunt,

2106 3410 2219 3470 non
2252 3410 2605 3470 magnopere
2636 3393 2708 3448 ob
2743 3394 2808 3448 id
2843 3394 3168 3470 laudandos
3199 3414 3216 3450 :
3249 3397 3351 3470 qui
3393 3413 3535 3470 vero
3564 3414 3712 3470 pro-

2102 3467 2273 3537 prias
2300 3481 2506 3519 manus
2536 3466 2598 3519 in
2638 3481 2706 3519 se
2744 3468 3176 3537 converterint,
3221 3466 3709 3535 damnados—ait;

2105 3536 2257 3591 hanc
2278 3537 2567 3610 actionem
2589 3536 2923 3610 ostendens
2953 3553 3139 3610 neque
3173 3538 3375 3594 utilem
3407 3554 3560 3607 esse,
3582 3556 3710 3596 eum

2104 3608 2324 3683 mentis
2354 3608 3171 3683 concupiscentiam_midime
3209 3615 3483 3683 auferat;
3524 3626 3713 3683 neque

2106 3679 2436 3763 honestam,
2484 3678 2612 3733 eum
2660 3678 3355 3763 certamininloeumnon
3384 3678 3708 3763 relinquat.

2107 3750 2281 3823 Solos
2308 3750 2501 3823 igitur,
2523 3750 2943 3823 prmdieaiidos
2968 3749 3108 3823 illos
3140 3752 3239 3823 qui
3261 3768 3376 3823 per
3404 3749 3712 3809 continen-

2107 3821 2248 3895 tiam
2281 3837 2349 3876 se
2378 3822 2498 3892 ipsi
2532 3822 2788 3895 vicerint
2820 3841 2837 3876 :
2870 3822 2979 3895 sed
3008 3821 3331 3895 cogendum
3360 3823 3437 3878 ad
3464 3825 3571 3879 hoc
3609 3841 3712 3880 ne-

2103 3894 2319 3948 minem
2351 3908 2503 3956 esse,
2544 3892 2772 3964 quando
2804 3909 2911 3948 nec
2940 3892 3259 3964 Apostolus
3288 3910 3397 3950 nec
3430 3895 3713 3952 Christus

2103 3967 2232 4037 ipse
2252 3971 2553 4037 praecepto
2584 3965 3019 4037 constrinxerit
3050 3981 3176 4020 eam
3212 3966 3523 4032 virtutem;
3558 3968 3713 4023 unde

2103 4035 2413 4111 intelligas
2462 4050 2573 4091 non
2597 4035 2953 4111 ‘improbari
2996 4037 3362 4093 matrimonii
3416 4044 3567 4111 vota,
3600 4040 3712 4094 sed

2107 4105 2409 4163 castitatis
2438 4105 2757 4162 anteferri.
3553 4105 3562 4111 ⁷
3660 4114 3664 4118 “

2104 4200 2194 4256 73.
2237 4199 2374 4254 Ideo
2417 4213 2562 4270 ergo
2600 4198 2963 4268 praeceptum
3001 4214 3121 4254 non
3157 4198 3347 4270 datur,
3391 4198 3709 4255 consilium

2034 4290 2239 4359 datur;
2289 4290 2650 4359 prmceptum
2690 4286 2846 4341 enim
2892 4287 3181 4342 castitatis
3230 4291 3341 4358 est,
3391 4288 3709 4343 consilium

2034 4377 2390 4452 integritatis
2416 4394 2427 4432 :
2455 4376 2578 4431 Sed
2600 4392 2712 4431 non
2744 4391 2946 4431 omnes
2975 4376 3211 4448 capiunt
3248 4376 3491 4431 verbum
3520 4375 3704 4445 istud,

314 4457 399 4513 73.
441 4459 533 4515 En
564 4459 674 4514 tibi
703 4460 977 4516 distantia
1008 4463 1284 4534 praecepti
1315 4465 1489 4535 atque
1524 4463 1756 4518 consilii
1779 4463 1918 4534 (77),
1951 4430 2006 4494 D
2415 4430 2612 4520 datum
2650 4430 2761 4520 est.
2794 4430 2946 4519 Sunt
2977 4430 3133 4519 edim
3171 4465 3464 4535 spadones
3497 4465 3597 4536 qui
3632 4430 3708 4518 de

257 4545 305 4599 si
328 4547 488 4604 illum
521 4550 881 4622 recorderis,
908 4552 1002 4606 cui
1031 4552 1092 4606 in
1123 4551 1450 4624 Evangelia
1479 4556 1612 4608 ante
1644 4552 1922 4623 praescri-

256 4632 420 4707 bitur,
444 4654 518 4693 ne
543 4638 927 4694 homicidium
952 4640 1146 4711 faciat,
1170 4657 1244 4696 ne
1264 4642 1617 4697 adulterium
1636 4643 1918 4711 admittat,

244 4732 323 4779 ‘ne
358 4725 578 4782 falsum
624 4728 1026 4784 testimonium
1056 4729 1211 4785 dicat
1240 4731 1481 4801 (Matth.
1516 4748 1639 4801 xix,
1678 4731 1762 4799 18,
1798 4731 1918 4802 19);

254 4821 608 4888 praeceptum
639 4818 855 4872 etenim
884 4818 967 4873 ibi
998 4824 1109 4889 est,
1141 4820 1243 4875 ubi
1274 4823 1367 4875 est
1386 4837 1559 4892 paena
1576 4822 1822 4892 peccati.
1847 4824 1921 4876 At

255 4917 387 4959 vero
416 4921 554 4960 cum
584 4921 651 4960 se
681 4910 977 4978 praecepta
995 4907 1153 4980 legis
1174 4914 1585 4980 memorasset,
1610 4910 1916 4983 implesse,

258 4994 565 5050 consilium
612 4996 803 5051 eidem
849 4997 1037 5070 datur,
1084 5001 1147 5053 ut
1188 5000 1404 5054 vendat
1451 5001 1666 5071 omnia,
1719 5005 1778 5057 et
1818 5020 1920 5059 se-

321 5136 429 5220 (Ἶυᾷ)
456 5137 709 5220 Injusto,
736 5140 792 5220 id
822 5141 1138 5220 est,_nim_io
1162 5146 1219 5197 et
1238 5143 1471 5220 viribus
1495 5145 1722 5220 majore
1749 5162 1761 5201 :
1784 5162 1919 5217 quae

257 5204 461 5264 locutio
493 5204 673 5281 petita
696 5204 793 5266 est
819 5228 851 5267 e
887 5204 1211 5285 Virgiliano
1241 5215 1342 5270 illo
1373 5231 1449 5271 ex
1480 5232 1541 5269 ιιι
1577 5204 1846 5289 ἄρον9.’;

496 5316 707 5377 Injusto
734 5318 833 5367 sub
861 5321 1005 5369 fasce
1034 5321 1173 5370 viam
1200 5321 1324 5370 dum
1352 5322 1537 5386 carpit,
1570 5330 1671 5375 etc.

266 5488 277 5501 ο
321 5417 432 5505 ('75)
468 5421 620 5505 Mss.
652 5427 990 5505 nonpauci,
1016 5428 1127 5483 sed
1140 5432 1510 5503 preponitur.
1546 5432 1726 5505 Iidem
1749 5433 1920 5505 etiam

264 5493 424 5576 infra,
449 5495 577 5576 “ubi
620 5493 947 5566 consilium,
978 5493 1266 5576 gratiam
1294 5510 1599 5576 provocat.
1652 5504 1733 5557 Et
1764 5504 1918 5574 ideo,

263 5566 363 5619 etc.
394 5565 511 5620 Alii
543 5581 682 5623 vero
714 5576 771 5626 et
800 5565 1024 5628 omnes'
1039 5575 1159 5629 edit
1188 5565 1501 5630 nobiscum
1532 5575 1775 5631 faciunt.

325 5634 447 5717 Uti)
472 5636 622 5694 Mss.
662 5657 781 5698 non
823 5645 1016 5717 pauci,
1049 5646 1139 5700 ibi
1174 5647 1279 5701 lex
1322 5653 1433 5715 est,
1472 5646 1572 5703 ubi
1612 5646 1921 5703 consilium

246 5713 508 5783 ἐυ-ρῳ]
536 5713 842 5781 provocat.
871 5716 954 5770 Et
983 5713 1137 5781 ideo,
1163 5722 1276 5775 etc.
1417 5713 1424 5715 ’
1732 5718 1735 5721 ’

327 5777 438 5857 (Π)
475 5777 562 5838 Ita
590 5800 736 5846 mss.
769 5787 931 5846 nullo
960 5777 1212 5867 excepto
1244 5810 1261 5850 :
1291 5792 1498 5852 contra
1541 5805 1681 5853 vero
1723 5805 1933 5858 omnes

2035 4558 2251 4613 matris
2284 4564 2452 4611 utero
2481 4558 2570 4610 sic
2602 4555 2728 4609 nati
2758 4559 2914 4608 sunt.
2948 4552 3186 4621 (Matth.
3217 4568 3341 4623 xix,
3377 4553 3464 4623 11,
3501 4552 3613 4624 12);
3645 4553 3708 4609 in

2035 4649 2256 4720 quibus
2289 4649 2514 4701 natura
2546 4642 2898 4711 necessitas,
2923 4657 3041 4695 non
3073 4641 3263 4695 virtus
3294 4643 3386 4696 est
3416 4642 3706 4698 castitatis

2034 4736 2376 4793 hominibus
2400 4734 2530 4804 (79).
2548 4733 2628 4786 Et
2648 4737 2784 4785 sunt
2803 4729 3096 4802 spadones
3113 4730 3211 4802 qui
3221 4746 3288 4785 se
3308 4732 3472 4802 ipsos
3484 4738 3707 4787 castra-

2041 4831 2282 4891 verunt;
2314 4824 2610 4878 voluntate
2641 4820 2862 4891 utique,
2894 4834 3012 4874 non
3044 4820 3421 4875 necessitate.
3454 4821 3536 4875 Et
3566 4828 3708 4877 sunt

2032 4916 2325 4988 spadones
2337 4914 2437 4985 qui
2444 4911 2593 4966 facti
2607 4915 2744 4964 sunt
2766 4908 2840 4963 ab
2859 4908 3216 4964 hominibus.
3241 4908 3314 4963 Et
3332 4909 3467 4966 ideo
3491 4926 3707 4984 magna

2031 5006 2178 5062 iniis
2193 5000 2565 5060 continentiae
2587 4998 2773 5072 gratia
2786 4998 2928 5071 (80);
2953 4999 3088 5071 quia
3111 4997 3382 5055 voluntas
3406 4998 3562 5072 facit,
3587 5016 3707 5059 non

2034 5147 2195 5217 edit.,
2251 5145 2332 5200 Et
2383 5132 2441 5217 ut
2489 5141 2794 5217 intelligas
2842 5142 3188 5217 distantiam
3245 5142 3482 5199 consilii
3532 5151 3705 5217 atque

2028 5213 2335 5293 praecepti,
2368 5214 2532 5293 illum
2561 5213 2928 5293 recorderis.

2127 5286 2430 5359 78)'Pauci
2459 5302 2631 5358 mss.,
2664 5286 2771 5343 sed
2800 5302 3007 5343 omnes
3030 5287 3192 5358 edit.,
3230 5287 3407 5359 quus
3428 5286 3705 5342 defertur

2037 5361 2315 5416 arbitrio.

2106 5432 2221 5501 ('79)
2259 5430 2477 5485 Omnes
2527 5430 2687 5500 edit.,
2743 5445 2855 5484 non
2910 5431 3102 5485 virtus
3142 5436 3232 5485 est
3263 5428 3580 5484 castitatis.
3620 5422 3704 5480 Et

2037 5502 2586 5578 ειιιίιβρεῑάοηθξι-
2921 5574 2930 5578 -
3091 5574 3100 5578 -
3335 5573 3343 5578 .
3529 5567 3539 5578 ο
3632 5564 3670 5578 η

2107 5567 2406 5648 (80)’Μεβ.
2441 5573 2728 5648 plerique,
2771 5574 3151 5648 continentia}
3181 5573 3394 5643 gratia,
3420 5567 3703 5648 ‘quiadi-

2046 5643 2171 5719 vini
2186 5643 2419 5719 aperis,
2445 5643 2564 5719 etc.
2599 5643 2715 5719 Sed
2746 5644 3055 5719 manifesta
3106 5643 3311 5719 lacuna
3344 5643 3454 5719 est,
3490 5643 3703 5719 cujus-

2039 5717 2197 5785 modi
2228 5709 2424 5789 inulta:
2455 5717 2514 5772 in
2544 5716 2733 5789 hujus
2760 5716 2967 5788 opellae
2999 5714 3238 5787 scriptis
3272 5710 3402 5769 cod.
3437 5709 3703 5786 antiqua.

2041 5790 2263 5852 riorum
2294 5788 2604 5848 oscitantia
2630 5786 2855 5845 relictae
2886 5788 3044 5845 sunt.
