4060 6158
351 337 467 404 2⁸71

1739 355 1750 367 ·
1808 325 1872 394 S.
1921 326 2366 396 AMBROSII.

3690 333 3808 397 272

349 539 660 596 inﬁrmitas
691 537 1106 592 continentem.
1139 534 1289 591 Nam
1319 534 1488 591 decet
1517 535 1811 608 integrum
1835 535 2018 590 divini
2053 517 2111 576 Α
2139 534 2326 590 dones
2356 534 2456 608 qui
2499 550 2567 590 se
2605 533 2768 606 ipsos
2815 541 3234 590 castraverunt
3272 539 3525 608 propter
3562 551 3807 608 regnum

351 627 550 699 operis
596 641 839 682 servare
889 641 1126 681 munus.
1174 625 1300 680 Nec
1345 625 1464 679 illis
1516 625 1665 680 forte
1709 640 1918 695 parum
1945 625 2024 679 sit

349 715 586 771 lubrico
633 714 906 786 corporis
954 730 1072 770 non
1119 715 1338 783 teneri;
1401 729 1535 768 nam
1582 714 1636 766 si
1685 717 1883 784 erepta
1935 715 2028 768 est

351 803 644 860 subeundi
670 804 846 859 istius
885 803 1078 874 palma
1102 801 1461 871 certaminis,
1485 805 1682 872 erepta
1705 803 1878 856 etiam
1901 817 2028 855 ma-

349 894 498 948 teria
542 892 836 964 periculi:
872 895 930 947 et
971 892 1242 964 quamvis
1293 907 1411 946 non
1461 894 1684 963 queunt
1731 891 2023 960 coronari,

351 997 468 1038 non
504 985 727 1054 queunt
755 984 950 1035 tamen
979 979 1156 1034 vinci.
1195 979 1425 1034 Habent
1454 979 1565 1034 alia
1596 995 1818 1051 genera
1847 979 2027 1034 virtu-

351 1075 496 1142 tum,
529 1070 750 1142 quibus
781 1069 1194 1124 commendare
1225 1085 1292 1124 se
1315 1069 1586 1139 debeant,
1613 1068 1663 1123 si
1689 1068 1838 1124 ﬁdes
1861 1068 2028 1123 ﬁrma

355 1160 453 1230 sit,
475 1159 701 1230 proflua
741 1159 1170 1229 misericordia,
1213 1158 1404 1214 aliena
1443 1158 1708 1228 avaritia,
1743 1157 2027 1229 frequens

353 1249 564 1322 gratia.
597 1248 715 1304 Sed
743 1247 804 1302 in
831 1247 967 1302 istis
997 1247 1156 1303 nulla
1189 1247 1393 1319 culpa;
1424 1247 1560 1319 quia
1588 1246 1726 1302 facti
1755 1247 2030 1319 ignoran-

353 1338 456 1394 tia.

424 1427 515 1482 76.
542 1426 676 1482 Non
697 1427 901 1482 eadem
927 1442 1108 1482 causa
1142 1441 1349 1482 eorum
1383 1426 1483 1498 qui
1509 1426 1566 1480 in
1590 1441 1656 1481 se
1678 1425 1847 1496 ipsos
1871 1424 2030 1480 ferro

355 1517 616 1585 utuntur,
670 1532 790 1588 quo
837 1532 956 1572 non
1004 1515 1410 1586 imprudenter
1455 1515 1842 1586 defleximus;
1893 1517 2032 1569 sunt

357 1605 513 1661 enim
544 1603 645 1676 qui
674 1606 909 1660 virtutis
939 1605 1072 1660 loco
1105 1607 1344 1674 ponant,
1380 1603 1539 1660 ferro
1587 1604 1818 1674 culpam
1867 1619 2032 1658 com-

355 1709 606 1766 pescere
637 1691 770 1764 (81).
805 1694 888 1749 De
921 1693 1140 1764 quibus
1171 1693 1284 1748 etsi
1317 1695 1580 1747 nostram
1612 1692 1888 1747 nolumus
1905 1707 2036 1762 pro-

357 1783 514 1838 ferre
546 1783 919 1850 sententiam,
951 1781 1224 1854 quamvis
1257 1782 1376 1836 sint
1415 1784 1628 1836 statuta
1659 1781 1806 1844 207
1839 1779 2028 1852 majo-

357 1886 520 1940 rum;
554 1869 935 1926 considerent
963 1873 1180 1937 tamen,
1228 1885 1302 1926 ne
1333 1869 1468 1941 quis
1501 1869 1558 1923 id
1589 1869 1660 1922 ad
1693 1868 2026 1939 professio-

357 1976 494 2016 nem
522 1959 878 2014 inﬁrmitatis
909 1959 1119 2028 trahat,
1155 1973 1272 2013 non
1303 1958 1377 2012 ad
1421 1957 1713 2012 ﬁrmitatis
1757 1957 2028 2030 gloriam.

359 2049 522 2121 Ergo
545 2064 716 2104 nemo
739 2049 852 2117 (82)
875 2047 1098 2114 militet,
1142 2063 1214 2100 ne
1251 2047 1566 2118 aliquando
1587 2047 1894 2102 vincatur:
1923 2061 2033 2102 nec

359 2139 531 2210 pedis
561 2141 759 2192 utatur
789 2137 1098 2206 obsequio,
1135 2137 1232 2207 qui
1265 2135 1574 2207 gradiendi
1595 2136 1919 2206 periculum
1941 2151 2036 2191 reo

361 2226 668 2297 formidat;
697 2241 808 2280 nec
841 2225 997 2280 oculi
1031 2225 1294 2278 intendat
1338 2223 1558 2294 ofﬁcio,
1609 2225 1710 2296 qui
1750 2225 2035 2295 concupi-

362 2315 610 2378 scentiis
659 2315 824 2369 timet
869 2314 1122 2385 lapsum.
1168 2312 1283 2368 Sed
1324 2313 1464 2384 quid
1514 2313 1758 2384 prodest
1797 2329 2036 2368 carnem

363 2405 737 2473 abscindere,
773 2419 908 2458 cum
943 2403 1117 2458 etiam
1148 2404 1319 2474 culpa
1360 2403 1437 2457 sit
1476 2403 1538 2458 in
1575 2403 1707 2473 ipse
1749 2405 2035 2474 aspectu?

361 2493 517 2550 Nam
550 2498 609 2548 et
640 2493 739 2564 qui
774 2492 999 2548 viderit
1039 2490 1354 2546 mulierum
1384 2491 1461 2546 ad
1490 2491 2036 2562 concupiscendum,

353 2581 482 2656 jam
511 2581 831 2637 maechatus
861 2585 954 2634 est
987 2595 1114 2634 eam
1145 2581 1207 2634 in
1241 2580 1422 2635 corde
1449 2596 1555 2635 suo
1575 2581 1813 2650 (Matth.
1834 2597 1890 2650 v,
1923 2579 2038 2643 ‘28).

365 2669 439 2726 Et
465 2685 600 2740 qua)
631 2668 906 2723 similiter
933 2668 1124 2722 virum
1159 2667 1217 2722 in
1240 2669 1781 2738 concupiscentiam
1805 2668 2037 2738 viderit,

368 2756 746 2814 adulteratur.
796 2756 1009 2810 Castus
1059 2772 1226 2828 ergo,
1276 2773 1392 2811 non
1441 2756 1709 2812 inﬁrmes
1760 2772 1899 2812 esse
1930 2773 2042 2812 nos

369 2845 673 2913 convenit;
706 2844 955 2914 pudicos
980 2843 1188 2898 oculos
1212 2844 1451 2914 habere,
1474 2860 1591 2899 non
1609 2845 1862 2900 debiles.

442 2931 531 2990 7'7.
577 2933 768 2988 Nemo
787 2933 988 3005 igitur,
1012 2935 1076 2988 ut
1094 2933 1360 3004 plerique
1379 2933 1756 3004 arbitrantur,
1782 2949 1849 2989 se
1871 2933 2046 2990 debet

371 3023 750 3093 abscindere,
784 3022 892 3077 sed
924 3023 1116 3094 magis
1147 3021 1421 3091 vincere;
1465 3023 1725 3078 victores
1758 3024 1912 3078 enim
1945 3040 2044 3080 re-

2063 1825 2114 1888 Β

2141 623 2418 680 cwlorum
2450 625 2688 692 (Matth.
2723 642 2847 696 χιχ,
2879 624 2992 691 12).

2207 713 2296 768 '78.
2338 713 2450 768 Sed
2483 713 2684 767 ethoc
2715 728 2832 768 non
2882 713 3158 768 omnibus
3205 714 3546 784 imperatur,
3590 713 3699 768 sed
3735 712 3807 768 ab

2137 801 2414 858 omnibus
2455 802 2773 874 flagitetur.
2818 800 3048 856 Etenim
3093 803 3192 874 qui
3233 803 3502 857 mandata
3545 803 3660 872 dat,
3704 802 3808 857 de-

2138 893 2436 946 cretorum
2466 905 2706 961 semper
2743 894 2946 946 tenere
2987 891 3164 946 debet
3201 907 3544 946 mensuram
3577 907 3591 946 :
3625 895 3680 946 et
3711 891 3812 962 qui

2133 995 2318 1050 pensa
2351 979 2671 1049 distribuit,
2717 979 3049 1052 mquitatem
3081 979 3256 1035 debet
3285 980 3577 1036 examinis
3611 995 3813 1034 reser-

2134 1085 2320 1124 vare:
2367 1067 2612 1124 Statcra
2653 1069 2808 1123 enim
2859 1067 3067 1138 fallax,
3125 1069 3484 1124 abominatio
3529 1075 3621 1122 est
3663 1069 3818 1142 apud

2135 1158 2339 1214 Deum.
2371 1157 2581 1227 (Prov.
2615 1175 2697 1226 χι,
2727 1155 2802 1230 l).
2837 1157 2944 1212 Est
2965 1173 3109 1230 ergo
3133 1159 3331 1213 minus
3354 1159 3587 1229 pondus
3607 1162 3664 1214 et
3691 1175 3813 1214 ma-

2103 1246 2235 1319 -jus
2269 1262 2282 1302 :
2318 1247 2426 1302 sed
2472 1249 2788 1319 utrumque
2830 1262 2950 1302 non
3001 1247 3208 1318 recipit
3251 1247 3538 1317 ecclesia;
3572 1246 3818 1303 Pondus

2138 1337 2294 1392 enim
2325 1336 2516 1408 majus
2546 1342 2604 1390 et
2633 1335 2955 1400 minimum,
2993 1341 3053 1390 et
3083 1352 3380 1391 mensurae
3401 1335 3684 1408 duplices,
3709 1337 3819 1391 im-

2137 1425 2428 1480 munda’in
2451 1431 2766 1496 conspectu
2785 1423 3025 1480 Domini
3046 1431 3291 1498 utraque
3310 1424 3526 1494 (Prov.
3558 1443 3660 1496 xx,
3698 1423 3808 1497 10).

2139 1514 2286 1570 Sunt.
2317 1529 2502 1585 pensa
2533 1530 2666 1585 quze
2696 1513 2905 1568 dividit
2933 1513 3256 1586 sapientia;
3308 1516 3365 1569 et
3407 1515 3484 1569 ita
3515 1514 3724 1570 dividit
3754 1517 3818 1569 ut

2137 1604 2434 1671 virtutem,
2485 1601 2767 1674 viresque
2819 1603 3072 1658 aestimet
3118 1603 3516 1676 singulorum.
3563 1602 3636 1658 Et
3678 1603 3815 1658 ideo

2139 1691 2280 1746 dicit
2305 1707 2317 1746 :
2346 1691 2458 1756 Qui
2479 1697 2678 1763 potest
2711 1707 2942 1763 capere,
2976 1692 3168 1764 capiat
3200 1692 3440 1754 (Matth.
3473 1701 3598 1762 xix,
3632 1691 3741 1762 12).

2213 1781 2304 1836 Ἷ9.
2326 1779 2413 1835 Sit
2433 1780 2590 1834 enim
2607 1779 2850 1836 Greater
2871 1781 3133 1836 omnium
3165 1779 3414 1837 allectus
3447 1797 3587 1836 esse
3615 1781 3818 1838 varios

2147 1869 2554 1942 singulorum;
2587 1873 2644 1924 et
2675 1869 2808 1924 ideo
2840 1869 3104 1940 praemiis
3137 1870 3413 1926 virtutem
3453 1871 3818 1942 provocavit,

2145 1974 2264 2013 non
2295 1957 2689 2013 inﬁrmitatem
2718 1959 2977 2013 vinculis
3007 1959 3288 2030 alligavit.
3324 1959 3448 2014 Scit
3477 1963 3535 2014 et
3556 1959 3652 2014 ille
3675 1975 3822 2032 gen-

2144 2049 2288 2102 tium
2327 2047 2557 2114 doctor,
2597 2047 2795 2102 bonus
2837 2063 3067 2102 morum
3107 2047 3316 2120 auriga
3354 2051 3716 2117 nostrorum,
3766 2051 3824 2104 et

2143 2136 2381 2206 quidam
2412 2135 2758 2190 interiorum
2788 2139 2986 2190 rector
3013 2135 3349 2206 affectuum,
3383 2137 3481 2209 qui
3505 2137 3578 2192 de
3601 2137 3820 2208 seipse

2143 2225 2428 2279 didicerat
2477 2223 2596 2297 legi
2644 2224 2858 2278 mentis
2902 2224 3098 2296 legem
3158 2226 3428 2296 corporis
3486 2242 3822 2298 repugnare

2145 2313 2334 2380 (Rom.
2368 2331 2425 2383 v,
2457 2310 2580 2382 23);
2615 2313 2880 2368 eamdem
2911 2316 3106 2368 tamen
3135 2311 3359 2370 Christi
3378 2314 3584 2386 gratim
3609 2315 3821 2370 cedere

2145 2403 2278 2470 scit,
2313 2403 2572 2474 inquam,
2609 2401 2810 2457 varios
2842 2401 3123 2457 incursus
3147 2403 3428 2458 mentium
3455 2419 3822 2476 repugnare;

2146 2495 2203 2547 et
2234 2491 2366 2546 ideo
2399 2506 2589 2563 neque
2620 2490 2680 2546 in
2710 2493 2934 2546 tantum
2966 2491 3435 2548 adhortationem
3467 2493 3822 2566 integritatis

2147 2580 2412 2648 intendit,
2462 2583 2523 2635 ut
2571 2579 2834 2635 aboleret
2876 2579 3127 2652 gratiam
3172 2581 3508 2650 nuptiarum
3559 2597 3572 2638 :
3631 2597 3823 2654 neque

2147 2669 2224 2722 ita
2255 2668 2602 2740 conjugium
2634 2667 2908 2739 prastulit,
2953 2671 3016 2723 ut
3054 2669 3248 2724 studia
3289 2670 3644 2742 integritatis
3675 2687 3821 2726 exs-

2146 2758 2465 2828 tingueret.
2499 2756 2614 2811 Sed
2643 2772 2676 2810 a
2701 2757 3076 2813 continentiae
3094 2759 3484 2829 persuasione
3505 2759 3818 2831 incipiens,

2149 2845 2222 2900 ad
2257 2845 2698 2900 incontinentize
2738 2846 2999 2902 remedia
3037 2846 3346 2902 descendit
3379 2864 3392 2904 :
3427 2851 3484 2903 ct
3525 2864 3660 2904 cum
3691 2848 3830 2904 bra-

2151 2936 2313 2989 vium
2344 2950 2621 3006 supernae
2664 2933 2994 2990 vocationis
3035 2933 3384 2992 fortioribus
3416 2937 3820 2995 demonstras-

2155 3027 2277 3093 set;
2309 3023 2564 3078 deiicere
2597 3025 2789 3078 tamen
2830 3021 2890 3078 in
2929 3023 3024 3078 via
3069 3025 3364 3081 neminem
3414 3042 3634 3096 passus
3683 3030 3776 3082 est
3808 3042 3822 3082 :

374 3111 513 3185 cipit
543 3111 833 3182 Ecclesia,
867 3127 985 3166 non
1009 3111 1221 3166 victos.
1245 3110 1317 3166 Et
1339 3111 1478 3183 quid
1501 3113 1868 3184 argumentis
1890 3119 2040 3184 utar,
2079 3131 2132 3194 ο
2159 3114 2235 3168 ita
2277 3112 2566 3183 plaudens
2614 3111 2936 3182 prioribus,
2987 3115 3050 3168 ut
3097 3129 3217 3170 non
3265 3115 3611 3186 despiceret.
3639 3119 3698 3171 et
3727 3132 3833 3172 se-

376 3217 510 3258 cum
551 3203 774 3273 praeste
819 3201 896 3254 sit
941 3200 1250 3272 apostalici
1299 3199 1484 3255 forma
1531 3202 1907 3272 praescripti?
1945 3201 2044 3258 Sic

375 3291 532 3347 enim
574 3289 762 3345 habes
797 3303 810 3344 :
847 3289 1082 3344 Utinam
1130 3292 1188 3344 et
1235 3289 1660 3344 abscindantur
1709 3291 1807 3362 qui
1841 3290 2047 3346 volunt

376 3395 488 3436 vos
521 3378 868 3436 circumcidi
899 3379 1249 3450 (83)(Gulal.
1277 3395 1332 3446 v,
1358 3376 1468 3450 12)!
1495 3377 1614 3434 Cur
1634 3381 1788 3434 enim
1812 3395 2048 3436 corona)

379 3469 637 3538 occasio,
663 3471 720 3522 et
750 3467 984 3523 virtutis
1007 3483 1156 3522 usus
1188 3467 1434 3538 eripitur
1469 3468 1710 3537 homini,
1748 3470 1846 3540 qui
1880 3473 2052 3525 natus

379 3558 454 3613 ad
483 3557 717 3612 laudem
748 3557 862 3626 est,
881 3555 954 3610 ad
979 3555 1283 3611 victoriam
1305 3561 1692 3628 praeparatus,
1731 3559 2050 3630 quipotius

377 3647 592 3702 virtute
621 3646 834 3700 animae
868 3649 1130 3700 castrare
1159 3661 1226 3700 se
1257 3646 1488 3716 possit?
1537 3645 1689 3700 Sunt
1732 3647 1888 3702 enim
1920 3663 2052 3720 spa-

451 3785 566 3863 (81)
607 3788 854 3863 lmitalio
887 3787 1210 3863 Virgiliana
1243 3803 1317 3841 ex
1361 3786 1490 3843 eod.
1534 3789 1738 3863 lib._m
1783 3790 2000 3863 Georg.
2036 3807 2049 3847 :

385 3858 918 3930 Continuoiculpam
947 3858 1117 3914 ferro
1147 3875 1464 3930 compesce,
1499 3865 1610 3915 clc.
1643 3861 1917 3916 Testatur
1948 3858 2056 3917 au-

379 3935 500 3985 tem
536 3930 649 3984 hoc
683 3929 815 3984 loco
853 3933 1096 3984 sanctus
1133 3929 1342 3984 ductor
1379 3930 1568 3986 fuisse
1611 3934 1890 3986 memoria
1922 3949 2050 4000 sua,

383 4001 484 4072 qui
521 4001 793 4072 corporis
829 4001 1087 4072 motibus
1125 4000 1459 4055 inhonestis
1499 4018 1615 4056 non
1651 4006 1872 4058 tantum
1918 4021 2054 4058 era-

382 4071 562 4140 tione,
585 4071 854 4142 jejuniis,
878 4071 1122 4144 vigiliis,
1149 4088 1357 4125 verum
1377 4072 1548 4126 etiam
1573 4073 1626 4126 vi
1659 4079 1833 4144 atque
1867 4091 2056 4129 arma-

381 4147 440 4197 ta
477 4143 1123 4214 manugoccurrendum
1177 4143 1616 4198 existimarent;
1663 4143 2050 4214 Epiphanius,

383 4214 602 4286 haeres.
624 4212 712 4283 58,
737 4215 1021 4286 memoret
1043 4213 1384 4286 frequenter
1417 4215 1616 4268 auditu
1649 4212 1730 4269 se
1745 4212 2054 4286 accepisse

386 4283 740 4340 Valesianos
775 4283 1088 4338 violentam
1113 4283 1264 4338 hanc
1287 4287 1738 4353 amputationem
1763 4283 1962 4342 non—in
1987 4303 2054 4343 se

382 4359 629 4426 tantum,
657 4355 762 4409 sed
785 4359 841 4409 et
863 4356 919 4408 in
947 4356 1297 4426 peregrinos
1321 4357 1602 4410 adhibere
1638 4359 2050 4414 consuevisse.

384 4401 802 4508 Xerumlamen
841 4401 977 4479 (ιιιιῆ
1009 4401 1279 4508 ejusdem
1315 4427 1682 4496 testimonio,
1745 4429 1827 4508 illi
1874 4445 1940 4484 se
1980 4429 2053 4484 ab
2081 4401 2136 4467 ι)

385 4498 657 4580 Ecclesia
691 4498 1162 4580 segregaverunt,
1187 4513 1312 4580 _nec
1343 4503 1617 4579 appareat
1652 4499 1898 4580 multum
1923 4517 2056 4580 pro:

383 4574 656 4641 pagatam
711 4568 928 4641 fuisse,
959 4568 1485 4641 istambaeresim.
1537 4568 1938 4626 verisimilius
1965 4575 2058 4626 est

386 4639 726 4713 quosdame
741 4640 1050 4694 catholicis
1073 4639 1318 4713 indicari
1337 4640 1410 4694 ab
1431 4641 1778 4713 Ambrosio;
1803 4658 2055 4713 eumque

385 4710 652 4784 haeipsa
669 4710 964 4784 depensa
1007 4727 1138 4784 cum
1181 4711 1297 4784 illis
1333 4726 1512 4783 agere
1553 4712 1902 4784 benignius;
1942 4710 2057 4768 nisi

362 4781 780 4852 ‘quismalitid
805 4781 1104 4852 Origcnis,
1139 4783 1314 4851 cujus
1348 4781 1567 4852 scripta
1604 4781 1838 4852 plurimi
1881 4785 2060 4840 facie-

385 4851 508 4922 bat,
532 4851 744 4906 honeri
762 4851 978 4907 datum.
998 4857 1288 4908 Caeterum
1314 4869 1430 4908 non
1447 4851 1705 4908 obscura
1716 4871 1768 4910 m
1792 4859 1882 4910 est
1903 4871 2062 4910 cras-

389 4939 518 4996 sam
541 4923 692 4996 hanc
711 4924 1038 4994 evangelici
1061 4924 1194 4992 loci,
1231 4941 1347 4996 quo
1369 4925 1450 4980 illi
1474 4926 1530 4979 in
1555 4941 1817 4981 errorem
1837 4927 2056 4982 inducti

388 4994 578 5064 fuere,
607 4994 1145 5064 interpretationem
1168 4996 1240 5049 ab
1253 4994 1397 5066 ipso
1425 5013 1541 5050 non
1566 4997 1761 5052 minus
1783 4999 2060 5054 condem-

389 5069 582 5138 natam
607 5080 744 5138 esse
768 5081 938 5138 quam
967 5065 1040 5119 ab
1063 5066 1196 5138 aliis
1225 5065 1516 5136 Patribus,
1537 5073 1670 5138 puta
1699 5084 1710 5124 :
1735 5069 1914 5124 Basil.
1954 5069 2056 5124 lib.

387 5135 479 5209 pe
507 5137 748 5209 νηπία,
787 5136 1097 5209 Chrysost.
1125 5137 1182 5191 in
1205 5154 1330 5209 cap.
1365 5155 1468 5192 xix
1489 5135 1679 5194 sancti
1705 5140 1978 5208 Mattbaai,
2003 5144 2060 5195 et

389 5207 634 5280 Hieron.
661 5207 832 5276 epist.
859 5208 944 5280 tib.
971 5207 1249 5272 Quaenam
1276 5207 1479 5264 autem
1517 5211 1806 5280 majorum
1845 5207 2060 5267 statuta

389 5279 488 5335 hic
547 5279 818 5344 citentur,
873 5279 1026 5334 haud
1061 5281 1208 5334 satis
1246 5283 1494 5335 constat.
1543 5279 1841 5337 Habemus
1879 5283 2056 5338 enim.

390 5351 502 5406 hac
534 5351 605 5404 de
636 5365 701 5404 re
734 5351 885 5405 inter
913 5367 1172 5405 canones
1205 5352 1564 5421 apostolicos
1613 5351 1702 5419 21,
1751 5352 1840 5422 22,
1889 5354 1958 5408 23
2005 5357 2063 5410 et

389 5421 480 5479 2t.
514 5437 666 5479 quos
699 5422 924 5478 Nicacni
971 5439 1138 5478 conc.
1189 5438 1412 5478 canone
1459 5428 1778 5477 renovatus
1808 5422 2062 5479 afﬁrmat

529 5437 666 5478 mes
699 5422 924 5478 Nicacni
971 5439 1138 5478 conc.
1189 5438 1412 5478 canone
1459 5428 1778 5477 renovatus
1808 5422 1942 5478 afﬁr

391 5425 480 5492 26,
514 5437 666 5492 quos
699 5425 924 5478 Nicacni
971 5439 1138 5478 conc.
1189 5438 1412 5478 canone
1459 5428 1778 5477 renovatus
1808 5425 2062 5480 afﬁrmat

391 5493 835 5567 eruditissimus
857 5493 1360 5567 'l‘baumassinus,
1379 5493 1628 5565 Discipl.
1650 5494 1816 5550 Eccl.
1843 5499 1990 5566 part.
2017 5512 2056 5567 ι,

370 5565 494 5640 llib.
519 5581 580 5635 ιι,
605 5566 732 5640 0,8.
754 5565 960 5637 Neque
983 5565 1178 5619 obstat
1211 5565 1365 5636 quod
1403 5580 1520 5640 non
1539 5565 2058 5640 canones‘apostoé

389 5637 651 5710 licerum
658 5635 985 5710 temporum
1007 5652 1125 5692 non
1137 5635 1282 5710 esse
1305 5635 1554 5710 probent
1592 5635 1890 5710 nonnulli;
1924 5655 2059 5697 cum

393 5723 501 5771 eos
532 5710 589 5766 et
615 5706 892 5796 Origeni
925 5707 1266 5772 exsectione
1294 5706 1682 5795 posteriores,
1709 5711 1766 5772 et
1795 5706 1926 5776 Nic.
1958 5726 2058 5807 βε-

2161 3205 2440 3274 quentes;
2493 3201 2777 3256 didicerat
2825 3201 2980 3257 enim
3025 3206 3082 3258 et
3129 3203 3288 3274 ipse,
3351 3206 3490 3276 quia
3541 3205 3833 3262 Dominus

2161 3291 2341 3346 Jesus
2373 3290 2507 3344 aliis
2537 3305 2748 3361 panem
2781 3290 3176 3347 hordeaceam
3209 3293 3397 3361 (Joan.
3431 3310 3510 3363 Vl,
3543 3293 3621 3363 9),
3664 3309 3738 3350 ne
3770 3294 3834 3350 in

2159 3380 2252 3434 via
2285 3379 2624 3448 deﬁcerent,
2657 3378 2793 3434 aliis
2822 3395 3042 3450 corpus
3069 3397 3244 3436 suum
3267 3382 3504 3449 (Matth.
3529 3399 3694 3453 xxw,
3714 3381 3831 3454 26).

2159 3473 2221 3524 ut
2251 3469 2320 3523 ad
2356 3484 2606 3540 regnum
2636 3468 3076 3539 contenderent,
3112 3469 3490 3527 ministravit.

2230 3558 2318 3612 80.
2357 3557 2482 3613 Nec
2504 3557 2790 3612 Dominus
2813 3557 2941 3628 ipse
2963 3562 3320 3630 praeceptum
3350 3559 3649 3632 imposuit,
3683 3560 3838 3628 208

2161 3646 2267 3702 sed
2316 3645 2672 3700 voluntatem
2724 3645 2990 3700 invitavit
3037 3646 3284 3716 (Matth.
3335 3663 3465 3718 xxx,
3512 3646 3616 3720 Si)
3659 3664 3672 3705 :
3723 3665 3837 3705 nec

2163 3789 2334 3862 nodo,
2365 3788 2720 3862 anteriores
2749 3786 2865 3862 dici
2901 3787 3059 3862 nihil
3102 3791 3276 3844 vetet.
3357 3790 3440 3862 De
3489 3789 3602 3862 hoc
3655 3806 3838 3862 porro

2166 3858 2759 3932 ejusdemAOrigenis
2800 3857 3064 3932 facinore
3103 3864 3322 3932 praeter
3362 3856 3684 3932 Eusebium
3729 3862 3836 3918 lib.

2165 3929 2246 3996 vi,
2280 3947 2406 4000 cap.
2440 3930 2509 3984 8:
2538 3929 2950 4000 Epiphanium,
2985 3929 3130 3984 hear.
3162 3931 3250 3998 64,
3273 3949 3430 3987 num.
3462 3931 3526 4000 3;
3557 3933 3836 3988 Theode-

2163 3999 2363 4058 retum’
2385 4001 2484 4056 lib.
2520 4018 2580 4066 ιι,
2614 3999 2742 4070 cap.
2775 4000 2863 4055 24.
2891 3999 3036 4056 Vide
3069 4002 3241 4058 etiam
3268 4003 3420 4061 Petri
3452 3999 3705 4059 Halloix.
3727 4004 3835 4061 lib.

2162 4073 2490 4193 xlgriggu.
2525 4071 2916 4142 defensionis,
2943 4073 3139 4128 Huetii
3170 4074 3272 4129 lib.
3304 4092 3320 4128 ι
3351 4075 3601 4148 Origen;
3633 4091 3762 4147 cap.
3792 4093 3835 4146 ι,

2166 4162 2326 4200 num.
2359 4162 2381 4197 Ἰ
2395 4162 2447 4198 ὃ.

2238 4216 2350 4284 (82)
2390 4214 2538 4290 Mss:
2573 4229 2791 4290 magno
2822 4229 3085 4283 numera,
3119 4233 3194 4270 ne
3223 4217 3363 4289 quid
3393 4218 3471 4272 sit
3505 4217 3581 4273 ad
3593 4217 3843 4290 profes-

2168 4288 2394 4343 sionem
2428 4286 2802 4339 inﬁrmitatis
2831 4301 2940 4356 ego
2968 4303 3155 4356 nemo,
3190 4286 3302 4343 etc.

2237 4358 2352 4427 (83)
2390 4358 2614 4412 (litatur
2664 4355 2930 4426 Apostoli
2977 4373 3226 4428 sensus,
3274 4376 3391 4414 non
3439 4360 3642 4419 verba.
3690 4360 3845 4416 Sunt

2169 4442 2360 4492 autem
2407 4453 2474 4491 ea
2521 4436 2579 4490 in
2608 4435 2817 4491 Graeco
2849 4434 3214 4506 bujusmodi,
3248 4431 3414 4511 ὄφελον
3435 4442 3522 4492 καὶ
3544 4436 3839 4511 ἀποκόψον-

2169 4536 2259 4571 ται
2290 4515 2338 4569 οἱ
2361 4517 2756 4588 ἀναστατοῦντες
2777 4513 2926 4588 ὑμᾶς,
2964 4515 3021 4588 id
3037 4523 3148 4588 est.
3171 4521 3391 4574 utinam
3410 4521 3762 4575 abscindunt
3772 4538 3845 4575 ur

2175 4590 2272 4662 qui
2309 4586 2816 4662 vesperturhant,
2868 4591 2929 4641 ut
2975 4586 3150 4662 liabet
3183 4589 3356 4662 vulg.
3391 4591 3551 4660 edit.,
3595 4591 3746 4657 sive,
3779 4595 3844 4648 ut

2170 4659 2281 4715 fert
2311 4659 2478 4714 verbi
2510 4659 2862 4730 proprietas,
2900 4659 2998 4730 qui
3025 4675 3126 4713 vos
3156 4661 3232 4714 ad
3263 4659 3368 4716 res
3402 4679 3587 4716 novas
3614 4662 3846 4717 sollici-

2170 4738 2316 4786 tant.
2355 4731 2538 4804 Porro
2571 4729 2963 4804 Ambrosiana
2986 4731 3372 4804 ratiocinatio
3403 4749 3470 4787 ea
3510 4737 3600 4788 est
3634 4749 3647 4788 :
3686 4736 3846 4804 Apo-

2169 4804 2361 4858 stolus
2423 4800 2570 4855 satis
2634 4799 2999 4855 demonstrat
3056 4801 3446 4858 voluntariam
3499 4799 3845 4874 genitalium

2169 4873 2622 4946 amputationem
2655 4887 2932 4946 magnum
2963 4874 3380 4946 essemalum,
3429 4873 3664 4946 quando
3711 4891 3843 4931 eam

2170 4943 2359 5016 poenae
2392 4943 2522 5016 loco
2557 4943 2913 5016 imprecatus
2944 4947 3036 5016 est
3065 4943 3184 4997 illis
3223 4947 3322 5016 qui
3365 4943 3842 5004 circumcisionis

2169 5013 2586 5070 necessitatem
2632 5013 2909 5068 ﬁdelibus
2960 5013 3261 5084 imponere
3310 5017 3722 5073 moliebantur.
3759 5018 3843 5072 De

2168 5087 2426 5142 virilium
2461 5085 2616 5140 enim
2647 5084 3092 5157 detruncatiene
3123 5088 3510 5157 apostolicam
3540 5089 3698 5144 illam
3730 5090 3844 5143 im-

2170 5157 2568 5230 precationem
2598 5155 2791 5230 vulgo
2814 5155 3272 5226 interpretantur
3299 5163 3554 5230 veteres,
3595 5164 3657 5214 ut
3697 5159 3844 5216 Hie-

2170 5228 2477 5300 i-onymas,
2509 5228 2996 5300 Chrysestomus,
3028 5232 3204 5299 atque
3235 5230 3354 5286 alii.
3390 5229 3500 5295 Qui
3529 5228 3672 5286 vero
3709 5244 3844 5286 cum

2169 5297 2612 5371 recentioribus
2642 5297 2929 5371 eumdem
2979 5297 3171 5371 locum
3229 5301 3301 5356 de
3349 5303 3720 5371 separatione
3769 5302 3843 5356 ab

2173 5372 2442 5428 Ecclesia
2504 5369 2817 5443 maluerint
2862 5369 3228 5443 intelligere,
3294 5369 3463 5443 ipsos
3527 5373 3844 5430 Ambrosio

2171 5446 2402 5516 oportet
2433 5441 2754 5518 attribuere
2785 5439 3132 5518 hujusmojdi
3162 5439 3428 5518 sensum.
3481 5443 3544 5518 _Si
3592 5459 3716 5518 eos
3743 5444 3844 5518 qui

2171 5511 2395 5588 tantum
2426 5511 2782 5588 pelli_cul_am_
2794 5511 3220 5588 circumcidere
3261 5513 3648 5588 imperabant,
3690 5511 3849 5588 Apo-

2177 5586 2372 5644 stolus
2393 5581 2594 5668 .e‘ptat.
2615 5583 2688 5666 ab
2737 5581 3006 5668 Ecclesia
3035 5585 3302 5668 separari
3324 5581 3844 5668 quante_'ma'gis

2173 5673 2280 5718 eos
2308 5656 2412 5736 qui
2439 5653 2738 5720 hominem
2763 5653 3000 5734 penitus
3031 5653 3262 5728 evirare
3290 5653 3668 5724 attehtarcntt
