4060 6158
262 316 371 383 273

1608 325 1865 392 LIBER
1906 326 2017 392 DE
2044 328 2370 396 ‘VIDUIS.

3580 339 3699 408 274

258 522 555 595 Apostolus
580 525 1203 613 prmceptum-statuit;
1238 525 1345 582 sed
1396 527 1712 584 concilium
1745 528 1910 584 dedit
1944 512 1976 571 \
2017 533 2320 589 hortorum
2352 534 2491 603 lilia,
2538 538 2771 607 quantae
2800 537 3001 594 aristae
3051 543 3345 613 segetum,
3396 536 3713 600 messium.

258 613 444 684 (lCor.
487 631 583 678 vii,
632 611 745 685 25).
778 613 893 668 Sed
926 630 1043 669 non
1078 615 1190 670 lioc
1222 616 1541 671 humanum
1590 619 1910 672 consilium

2019 624 2201 694 spicae
2230 624 2368 693 (85),
2401 626 2910 699 compluriumque
2943 631 3133 699 spatia
3173 647 3517 702 camporum
3542 635 3694 689 reci-

257 704 617 759 humanarum
683 702 897 757 virium
965 703 1184 760 habere
1253 721 1627 760 mensuram:
1690 707 1890 761 divina

2023 722 2247 792 piendis
2278 715 2423 779 209
2455 727 2728 794 aptantur
2791 726 3142 797 seminibus,
3206 745 3384 800 quam
3434 730 3684 787 redditis

256 809 447 847 munus
465 792 890 847 misericordiae
913 793 1224 848 confitetur
1253 795 1312 849 in
1334 810 1400 848 se
1424 810 1563 849 esse
1583 796 1860 850 collatum
1889 811 1903 866 ;

256 888 307 937 ut
343 882 585 936 fideliter
620 882 802 935 sciret
843 882 1027 952 prima
1053 882 1355 951 prmferre,
1404 884 1667 937 secunda
1701 885 1905 955 dispo-

253 987 395 1026 nere.
426 970 494 1024 Et
549 971 681 1025 ideo
712 970 1029 1037 Existimo,
1093 971 1300 1042 inquit,
1351 988 1469 1026 non
1518 976 1732 1041 statuo,
1790 974 1902 1028 sed

249 1061 504 1115 existimo
533 1060 744 1114 bonum
766 1075 903 1114 esse
928 1066 1177 1132 pmpter
1203 1062 1524 1116 instantem
1566 1064 1898 1117 necessita-

253 1155 353 1203 tem
377 1148 558 1211 (Ibid.
591 1149 704 1217 εδ).
1780 1132 1811 1158 ⁸

307 1238 387 1292 81.
407 1238 536 1293 Non
560 1255 707 1311 ergo
727 1239 935 1308 copula
958 1238 1237 1308 nuptialis
1270 1239 1626 1310 quasiculpa
1640 1241 1896 1310 vitanda,

249 1327 339 1381 sed
359 1328 525 1398 quasi
546 1328 928 1383 necessitatis
945 1329 1179 1381 sarcina
1201 1328 1575 1382 declinanda.
1601 1330 1723 1384 Lex
1746 1330 1902 1383 enim

244 1418 493 1471 astrinxit
517 1433 785 1483 uxorem,
811 1421 874 1471 ut
899 1418 958 1471 in
981 1416 1288 1471 laboribus
1310 1421 1369 1471 et
1410 1417 1468 1471 in
1487 1417 1721 1471 tristitia
1746 1418 1900 1472 ﬁlios

247 1511 486 1575 generet,
513 1510 569 1560 et
589 1507 906 1560 conversio
930 1505 1064 1575 ejus
1087 1505 1159 1558 ad
1185 1505 1374 1560 virum
1401 1507 1499 1574 sit,
1524 1506 1680 1577 quod
1701 1507 1754 1561 ei
1772 1507 1899 1576 ipse

244 1594 749 1665 dominetur((ien.
778 1613 859 1663 iu,
890 1596 995 1665 tti).
1018 1596 1174 1667 Ergo
1194 1596 1500 1649 laboribus
1519 1596 1900 1650 etdoloribus

241 1700 289 1736 in
311 1685 687 1754 generatione
712 1685 965 1739 filiorum
987 1685 1281 1739 addicitur
1302 1687 1498 1754 nupta,
1549 1701 1667 1739 non
1690 1685 1894 1740 vidua:

241 1775 288 1827 et
306 1772 624 1828 dominatui
648 1775 755 1827 viri
780 1775 907 1829 sola
932 1774 1206 1829 subditur
1227 1774 1516 1845 copulata,
1563 1789 1680 1827 non
1704 1774 1896 1845 virgo.

2016 813 2260 867 novales
2292 812 2584 867 fructibus
2609 813 2914 870 feriantur.

2085 901 2172 955 Si.
2199 902 2357 955 Bona
2381 918 2524 973 ergo
2550 903 2826 970 viduitas,
2853 921 2986 975 qum
3026 906 3202 960 toties
3225 908 3559 977 apostolico
3586 908 3692 981 ju-

2017 990 2169 1044 dicio
2190 992 2561 1060 praedicatur;
2588 992 2715 1046 hace.
2738 993 2894 1048 enim
2918 995 3201 1064 magistra
3223 996 3378 1062 fidei,
3404 999 3690 1069 magistra

2015 1083 2105 1132 est
2127 1081 2434 1134 castitatis.
2469 1081 2635 1135 l'nde
2659 1085 2714 1135 et
2736 1082 2820 1135 illi
2846 1083 2944 1153 qui
2966 1084 3212 1138 deorum
3253 1100 3498 1139 suorum
3521 1087 3687 1141 adul-

2016 1169 2159 1221 teria
2191 1174 2246 1223 et
2279 1170 2492 1238 probra
2524 1175 2900 1238 venerantur,
2937 1173 3248 1231 caelibatus
3280 1176 3336 1227 et
3386 1174 3687 1229 viduitatis

2013 1261 2269 1312 statuere
2289 1276 2494 1328 pmnas
2515 1260 2627 1328 (86)
2654 1276 2667 1325 ς
2699 1264 2761 1314 ut
2783 1261 2977 1315 aemuli
3011 1262 3322 1316 criminum
3372 1263 3688 1319 multarent

2014 1347 2206 1400 studia
2239 1348 2545 1403 virtutum:
2580 1349 2781 1419 specie
2812 1350 3049 1421 quidem
3083 1367 3199 1422 qua
3257 1351 3677 1406 fecunditatem

2014 1440 2369 1505 quaererent,
2403 1437 2509 1491 sed
2555 1438 2751 1492 studio
2799 1455 2917 1509 quo
2969 1440 3339 1510 propositum
3388 1441 3679 1495 castitatis

2013 1523 2333 1578 abolerent.
2371 1526 2516 1579 Nam
2552 1527 2841 1581 confectis
2874 1531 2929 1582 et
2962 1528 3131 1582 mites
3164 1529 3478 1599 stipendiis
3511 1545 3675 1584 arma

2013 1613 2269 1683 deponit,
2303 1618 2360 1669 et
2392 1615 2593 1670 relicto
2626 1616 2824 1671 ofticxo
2855 1616 3012 1687 quod
3045 1617 3309 1688 gerebat,
3334 1618 3406 1671 ad
3440 1618 3680 1689 prepria

2010 1706 2344 1757 veteramus
2363 1720 2498 1757 rura
2518 1704 2826 1758 dimittitur
2851 1720 2865 1773 ς
2902 1708 3038 1759 utet
3060 1705 3190 1776 ipse
3220 1706 3502 1762 exercitis
3518 1707 3685 1761 labo-

2010 1790 2178 1845 ribus
2209 1792 2345 1846 vitae
2378 1793 2642 1863 requiem
2690 1797 3109 1866 consequatur,
3146 1798 3202 1848 et
3241 1795 3413 1863 alios,
3447 1811 3554 1867 spe
3586 1796 3684 1851 fu-

239 1860 698 1917 Omniumautem
722 1863 932 1918 horum
969 1865 1140 1935 virgo
1164 1864 1350 1917 libera
1391 1865 1501 1931 est,
1536 1879 1669 1933 quae
1705 1863 1890 1917 Verbo

2023 1884 2157 1934 turre
2172 1881 2408 1951 quietis,
2426 1882 2755 1937 subeundis
2771 1882 3240 1953 faciatoperibus
3259 1886 3679 1956 promptiores,

242 1949 329 2004 Dei
359 1966 529 2005 suum
563 1953 884 2022 spopondit
914 1951 1208 2020 affectum,
1244 1968 1375 2023 qua:
1405 1967 1696 2021 sponsum
1717 1952 1899 2005 bene-

238 2038 493 2094 dictionis
538 2056 676 2094 cum
724 2041 957 2096 facibus
999 2044 1304 2112 exspectat
1349 2041 1590 2109 (.tlattli.
1643 2058 1783 2109 xxv,
1817 2041 1895 2109 4),

238 2127 390 2182 bona:
418 2128 642 2183 lumine
660 2130 978 2183 voluntatis
997 2146 1274 2184 accenso.
1304 2129 1517 2184 Etideo
1541 2133 1898 2201 provocatur

241 2217 514 2286 consiliis,
551 2234 674 2272 non
704 2218 962 2273 vinculis
994 2219 1273 2292 illigatur.

830 2361 1083 2417 CAPUT
1131 2362 1207 2417 XI
1219 2361 1285 2417 V.

233 2502 358 2559 Etsi
374 2504 544 2559 vidua
592 2522 708 2559 non
738 2506 1037 2577 acceperit
1060 2511 1436 2577 praeceptum,
1466 2505 1777 2562 consilium
1807 2510 1898 2560 ta-

294 2591 418 2629 men
443 2582 562 2630 tam
584 2577 874 2658 frequens
897 2584 953 2631 ta
963 2594 1127 2658 mque
1141 2578 1289 2658 utile
1305 2577 1469 2658 illam
1494 2577 1815 2658 accepisse,
1834 2582 1897 2658 ut

295 2648 780 2721 contemnendum
803 2665 915 2702 non
943 2648 1235 2721 videatur.
1259 2648 1433 2703 Nolle
1449 2648 1805 2721 sercuiquam
1821 2648 1897 2701 la-

295 2734 490 2791 queum
523 2720 799 2791 iiy'ieere,
834 2735 962 2773 cum
995 2720 1286 2774 Ecclesiae
1316 2736 1463 2790 ager
1512 2720 1894 2791 ipso’quoque

292 2789 838 2863 ditelurcmy'ugio:
861 2791 971 2844 sed
998 2791 1342 2845 viduitatem
1354 2789 1487 2863 quae
1525 2789 1894 2863 laudaturab

288 2860 588 2933 Apostolo,
617 2861 824 2915 bonum
858 2864 1069 2931 negari
1106 2860 1464 2933 nequaquam
1489 2878 1666 2932 posse
1686 2878 1703 2911 :
1741 2862 1895 2915 unde

291 2948 395 3006 non
412 2932 831 3006 perfunctorie
850 2933 924 2997 in
951 2949 1049 2986 eos
1088 2932 1232 3006 agit,
1260 2932 1499 3005 quorum
1535 2934 1785 3005 legimus
1816 2933 1893 2986 il-

289 3001 394 3059 lam
414 3001 683 3057 noverat
716 3020 851 3058 esse
878 3001 1302 3076 proscriptum.

289 3145 368 3200 82.
392 3145 508 3201 Sed
528 3162 642 3201 nec
663 3146 834 3201 vidua
865 3152 1224 3219 prmeeptum
1275 3147 1512 3218 accipit,
1546 3148 1657 3203 sed
1688 3147 1893 3202 consi-

2010 1970 2285 2041 Agricola
2318 1988 2555 2041 quoque
2590 1972 2869 2026 materior
2898 1973 3288 2043 torquendam
3310 1974 3443 2028 aliis
3467 1975 3682 2029 stivam

2011 2059 2333 2124 committit,
2369 2064 2425 2113 et
2451 2060 2689 2131 juvinili
2713 2065 2995 2132 gravatus
3028 2078 3227 2131 opera,
3253 2064 3683 2131 providentiam

2012 2163 2170 2202 curre
2203 2149 2411 2202 senilis
2458 2150 2761 2218 explorat:
2827 2149 3004 2203 vitem
3034 2150 3231 2204 facilis
3288 2152 3531 2207 tondere
3562 2152 3678 2223 (87)

2010 2253 2183 2308 quam
2215 2253 2503 2307 premere,
2540 2241 2600 2292 ut
2624 2236 3118 2307 juvenescentem
3169 2240 3463 2295 luxuriam
3496 2242 3683 2312 repri-

2011 2329 2147 2394 mat,
2172 2330 2228 2380 et
2250 2326 2688 2382 adolescentem
2709 2326 3016 2381 lasciviam
3044 2326 3192 2382 false
3214 2329 3502 2400 suecidat,
3546 2346 3681 2400 par-

2012 2432 2216 2470 corum
2234 2415 2547 2487 quamdam
2586 2419 2858 2486 partuum
2891 2416 3219 2471 castitatem
3243 2417 3467 2474 docens
3499 2420 3676 2475 etiam

2009 2504 2069 2557 in
2099 2504 2320 2558 vitibus
2351 2505 2763 2575 expetendam.

2080 2594 2167 2647 85.
2188 2594 2411 2648 Similis
2435 2594 2571 2647 huic
2594 2593 2769 2647 vidua
2789 2594 2946 2649 velut
2976 2595 3240 2650 emeritis
3261 2598 3540 2652 vaterana
3577 2598 3681 2652 stio

2007 2683 2242 2752 pendiis
2274 2683 2580 2752 castitatis,
2616 2684 2727 2738 etsi
2751 2684 3019 2755 conjugii
3050 2700 3211 2738 arma
3250 2686 3542 2756 deponat:
3578 2687 3684 2742 do-

2010 2788 2140 2825 mus
2172 2775 2364 2826 tamen
2409 2773 2589 2827 totius
2634 2788 2839 2843 pacem
2874 2774 3197 2844 gubernat:
3249 2775 3362 2829 etsi
3393 2776 3682 2831 vehendis

2008 2860 2291 2914 oneribus
2321 2862 2531 2929 otiosa,
2567 2861 2910 2916 maritandis
2943 2865 3137 2918 tamen
3163 2861 3509 2934 junioribus
3539 2881 3675 2935 pro-

2007 2949 2179 3004 vida:
2215 2950 2313 3004 ubi
2359 2950 2553 3005 cultus
2604 2950 2823 3019 utilior,
2878 2950 2976 3005 ubi
3022 2950 3254 3006 fructus
3307 2952 3550 3009 uberior
3580 2955 3679 3024 sit,

2007 3054 2253 3109 quarum
2277 3039 2484 3109 cepula
2508 3039 2716 3109 aptior,
2741 3038 2915 3095 senili
2939 3040 3234 3110 gravitate
3261 3042 3541 3111 disponit.
3568 3043 3677 3097 Ita-

2007 3144 2120 3199 que
2152 3128 2203 3182 si
2235 3128 2654 3183 maturioribus
2688 3129 2882 3197 potius
2938 3145 3114 3200 quam
3141 3128 3485 3201 junioribus
3519 3147 3679 3185 com-

232 3231 385 3289 lium:
420 3236 746 3291 consilium
764 3217 958 3291 autem
981 3217 1097 3292 non
1119 3238 1305 3292 semel
1331 3217 1547 3306 datum,
1583 3237 1691 3292 sed
1714 3252 1876 3307 saepe
1921 3254 1972 3315 α
2007 3217 2432 3315 ηξίξίίίυνξξθνν
2456 3220 2752 3315 (ξυιξνιιίοε
2776 3218 3324 3315 υίίιίονηηἮΠΡΜΨ
3342 3234 3481 3273 esse
3504 3235 3682 3315 (luam

233 3325 547 3392 repetitum.
587 3325 737 3380 Nam
784 3329 840 3380 et
868 3326 1057 3396 primo
1088 3327 1267 3381 dixit:
1331 3326 1554 3381 Bonum
1604 3332 1696 3381 est
1729 3326 1884 3380 enim

231 3414 520 3468 mulierem
546 3430 664 3467 non
684 3414 1143 3488 tangere(lCor.
1165 3432 1265 3484 vii,
1289 3414 1341 3485 1)
1367 3431 1381 3485 :,
1414 3416 1722 3470 etiterum:
1759 3414 1894 3469 Volo

232 3501 307 3554 sic
322 3518 520 3557 omnes
545 3503 817 3557 homines
835 3520 970 3559 esse
988 3505 1141 3558 sicut
1164 3511 1222 3559 et
1246 3503 1721 3576 meipsum(lbid.
1737 3504 1815 3573 '7);
1833 3506 1890 3558 et

229 3590 408 3645 tertio:
436 3591 666 3647 Bonum
704 3598 797 3648 est
815 3592 960 3664 illis,
1001 3594 1166 3647 sisic
1206 3598 1479 3649 maneant
1501 3595 1654 3648 sicut
1686 3599 1744 3648 et
1776 3609 1886 3665 ego

229 3677 386 3747 (Ibid.
410 3681 495 3750 8):,
534 3685 598 3736 et
626 3685 834 3753 quarto
860 3698 872 3736 :
908 3682 1132 3737 Bonum
1164 3688 1255 3737 est
1280 3688 1530 3755 prapter
1558 3682 1883 3736 instantem

235 3771 643 3825 necessitatem
669 3770 847 3839 (Ibid.
871 3771 995 3842 26):
1032 3775 1089 3826 et
1119 3771 1231 3826 hoc
1263 3772 1497 3842 placere
1533 3771 1802 3840 Domino,
1836 3775 1895 3826 et

232 3854 329 3912 hoc
373 3859 695 3914 honestum
727 3875 904 3915 esse:
957 3864 1259 3931 postremo
1291 3861 1613 3915 beatiorem
1662 3876 1800 3915 esse
1833 3860 1893 3915 in

234 3946 495 4004 viduitate
518 3949 1027 4019 perseverantiam
1048 3950 1185 4019 (8i),
1210 3966 1328 4004 non
1350 3952 1571 4005 tantum
1610 3966 1721 4004 suo
1746 3966 1891 4004 con-

232 4034 370 4105 silio,
392 4038 499 4092 sed
520 4038 700 4092 etiam
725 4037 825 4091 Dei
847 4040 1059 4109 spiritu
1082 4038 1365 4093 definivit.
1398 4037 1681 4104 Quaenam
1706 4038 1889 4111 igitur

233 4124 349 4179 talis
372 4126 681 4181 consiliari
698 4127 1121 4199 benignitatem
1162 4131 1420 4196 recuset,
1466 4128 1566 4199 qui
1588 4132 1644 4183 et
1674 4129 1888 4183 volun-

232 4213 318 4268 tati
346 4214 613 4270 habenas
650 4215 970 4287 indulgeat,
1005 4220 1061 4271 et
1090 4216 1149 4270 id
1181 4217 1425 4271 suadeat
1456 4217 1588 4271 aliis
1639 4217 1796 4288 quod
1829 4216 1890 4270 in

238 4315 293 4355 se
305 4308 584 4373 expertus
598 4305 736 4359 utile
749 4304 1058 4376 judicavit,
1085 4322 1201 4360 non
1226 4305 1419 4360 facilis
1443 4306 1888 4377 comprehendi,

234 4403 327 4444 nec
347 4392 719 4447 fastidiosius
744 4394 1008 4466 aequari?
1027 4394 1169 4459 Quae
1194 4395 1373 4466 igitur
1395 4394 1651 4467 refugiat
1681 4398 1888 4448 sancta

232 4476 345 4532 tleri
374 4497 625 4553 corpore
658 4486 714 4537 et
771 4482 1022 4553 spiritu;
1084 4500 1218 4538 cum
1250 4501 1430 4553 supra
1490 4480 1756 4538 laborem
1815 4483 1891 4537 sit

232 4570 540 4637 praemium,
563 4587 741 4640 supra
766 4587 937 4626 usum
958 4572 1166 4643 gratia,
1193 4589 1374 4642 supra
1408 4589 1559 4643 opus
1608 4587 1840 4626 merces
1861 4573 1891 4626 ἲν

292 4656 372 4711 83.
404 4660 596 4731 Atque
632 4659 743 4713 hoc
793 4660 868 4713 ita
901 4660 1054 4731 dico,
1089 4677 1207 4716 non
1257 4665 1317 4715 ut
1345 4662 1618 4732 laqueum
1652 4661 1886 4716 caeteris

235 4741 498 4817 injiciam,
516 4748 623 4803 sed
640 4751 699 4802 ut
712 4750 1017 4803 commissi
1032 4750 1171 4804 mihi
1187 4751 1341 4805 ruris
1357 4751 1664 4821 operarius
1677 4765 1887 4822 agrum

235 4831 373 4889 hunc
406 4836 692 4892 Ecclesiae
732 4837 984 4892 fertilem
1029 4855 1286 4909 cernam,
1341 4856 1495 4895 nunc
1527 4839 1883 4911 integritatis

237 4920 362 4977 ﬂore
376 4930 898 4996 vernantem,nunc
913 4927 1210 4982 viduitatis
1225 4929 1877 5000 gravitate,pollentem,

236 5026 373 5067 nunc
386 5016 559 5070 etiam
588 5016 885 5088 conjugiif
902 5017 1169 5072 ructibus
1183 5017 1626 5073 redundantem.
1649 5018 1797 5072 Nam
1823 5021 1879 5072 et

237 5101 283 5153 si
301 5102 533 5174 diversi,
573 5106 750 5160 unius
772 5108 966 5160 tamen
996 5108 1123 5178 agri
1146 5106 1372 5162 fructus
1394 5111 1565 5163 sunt:
1594 5123 1702 5162 nec
1722 5110 1879 5162 tanta

295 5244 570 5322 {84)_Edit.
596 5264 804 5303 omnes
827 5266 960 5303 cum
982 5249 1125 5322 Tell.
1152 5265 1323 5317 mss.,
1358 5258 1887 5322 perseverantem;

238 5316 445 5397 reliqui,
457 5335 636 5389 perse
649 5322 999 5397 vcrantiqm.
1016 5320 1173 5397 infra
1189 5316 1329 5376 vero
1345 5316 1442 5397 ubi
1456 5322 1595 5397 αξη.
1610 5339 1679 5376 ac
1711 5324 1882 5397 Rom.

238 5385 364 5465 edit.—
378 5385 507 5443 cuin
537 5407 705 5465 mss.,
733 5407 843 5444 non
880 5390 1080 5465 facilis
1102 5394 1544 5465 comprehendi.
1588 5410 1694 5449 nec
1717 5394 1884 5448 fasti-

236 5454 416 5535 diosus
433 5454 958 5535 mquarifAmerb.
1002 5466 1177 5535 atque
1208 5454 1731 5535 Erasediderant,
1771 5481 1881 5518 non

239 5525 396 5607 facile
413 5525 855 5607 comprehendi.
888 5549 995 5588 nec
1028 5525 1367 5590 fa’stidiosis
1394 5536 1641 5607 aequari.

296 5600 401 5725 (ἑὸ)
430 5600 714 5731 ,ιέθῗῗίιιιη
763 5606 962 5677 θρίου,
995 5608 1291 5676 reperitur
1339 5607 1398 5661 in
1432 5600 1580 5662 s'olis
1633 5606 1771 5661 edit.
1824 5610 1883 5662 et

296 5688 303 5719 l
341 5687 424 5728 100
502 5691 532 5730 θ
581 5717 593 5729 ι

242 5682 424 5728 conice
450 5682 593 5730 'l‘etl.

2007 3307 2243 3361 viduam
2265 3308 2293 3361 ‘2
2322 3306 2487 3371 Quod
2520 3308 2571 3361 si
2604 3311 3023 3377 persecutores
3055 3306 3213 3376 fidei,
3259 3310 3681 3377 persecutores

2006 3395 2242 3450 fuerunt
2258 3395 2433 3451 etiam
2463 3395 2798 3451 viduitatis:
2839 3395 3039 3467 utique
3078 3396 3250 3450 fidam
3285 3396 3679 3467 sequentibus

2003 3485 2260 3539 viduitas
2283 3501 2400 3540 non
2422 3501 2528 3556 pro
2548 3485 2840 3556 supplicio
2854 3484 3135 3557 fugienda
3152 3487 3264 3555 est,
3289 3484 3398 3540 sed
3414 3485 3671 3540 tenenda

2006 3590 2111 3644 pro
2143 3576 2408 3645 praemio.

2626 3680 2877 3737 CAPUT
2928 3681 3051 3736 XV.

2002 3788 2227 3843 Earum
2246 3807 2371 3862 quae
2394 3789 2721 3862 liberorum
2756 3789 3082 3862 obtendunt
3103 3788 3493 3862 desiderium,
3518 3788 3676 3862 tollit

2076 3860 2515 3916 excusationem
2546 3878 2563 3911 :
2604 3860 2715 3915 sed
2736 3861 3035 3931 priecipiLe
3064 3866 3330 3915 moratur
3358 3860 3520 3915 circa
3542 3860 3682 3916 illas

2076 3950 2201 4004 quae
2220 3950 2298 3987 ex
2311 3933 2508 4004 priori
2521 3932 2788 4004 coniugio
2800 3931 2956 3986 tilias
2978 3932 3230 4004 habent:
3252 3948 3363 4003 gra
3378 3948 3501 3985 rem
3520 3932 3677 3987 enim

2075 4003 2277 4058 earum
2309 4003 2686 4069 servitutem,
2711 4003 2947 4057 laturas
2972 4004 3136 4058 inter
3164 4003 3394 4058 liberos
3414 4004 3676 4059 inimici-

2076 4075 2194 4129 tias
2223 4092 2424 4129 raram
2454 4075 2709 4146 denique
2738 4076 2903 4129 inter
2931 4091 3213 4146 conjuges
3237 4075 3398 4145 ipsos
3429 4091 3677 4130 concor-

2073 4146 2230 4201 diam
2258 4146 2507 4218 pulchru
2537 4146 2828 4218 describit
2848 4165 2865 4199 :
2893 4153 3195 4218 postremo
3227 4163 3300 4201 ne
3333 4162 3440 4218 qua
3474 4146 3678 4217 Scrip-

2075 4222 2228 4273 tnrw
2258 4216 2550 4289 exemplis
2581 4216 2689 4271 lmc
2719 4217 2781 4270 in
2810 4231 2880 4271 re
2909 4217 3210 4286 abutatur,
3246 4216 3438 4272 cavet.

2072 4323 2160 4378 86.
2194 4323 2311 4379 Sed
2360 4324 2615 4379 fortasse
2645 4323 2948 4396 aliquibus
2976 4327 3218 4395 prepter
3248 4322 3671 4393 suscipiendos

2001 4412 2224 4467 liberos
2259 4411 2538 4485 conjugia
2570 4414 2831 4468 itcrauda
2862 4414 3193 4468 videantur.
3229 4411 3397 4477 Quod
3435 4411 3489 4465 si
3519 4410 3668 4464 lilio-

2000 4518 2128 4555 rum
2153 4501 2410 4556 studium
2430 4518 2608 4556 causa
2629 4501 2887 4556 nubendi
2906 4505 3016 4569 est,
3044 4502 3245 4570 utique
3276 4498 3376 4553 ubi
3400 4502 3492 4553 est
3521 4497 3676 4553 fruc~

2001 4593 2096 4645 tus
2122 4591 2393 4659 filiorum,
2420 4608 2598 4645 causa
2623 4607 2738 4645 non
2758 4590 3034 4661 suppetit.
3060 4588 3403 4659 Quanquam
3422 4585 3671 4659 cujusce

2001 4679 2235 4735 consilii
2260 4679 2462 4750 sit(88)
2486 4680 2695 4734 iterum
2719 4678 2991 4749 experire
3022 4677 3173 4731 velle
3224 4677 3447 4731 frustra
3478 4680 3654 4731 tenta-

1998 4764 2117 4824 tum
2150 4769 2584 4836 fecunditatem,
2610 4771 2709 4821 aut
2741 4766 2965 4835 subire,
2991 4782 3167 4838 quam
3207 4766 3546 4836 pertuleris,
3584 4782 3676 4821 or-

2000 4859 2287 4913 bitatem?
2326 4856 2468 4912 Haec
2501 4857 2655 4911 enim
2705 4855 2953 4910 iterandi
3002 4868 3183 4909 causa
3216 4858 3309 4909 est
3359 4855 3515 4911 filios
3550 4872 3670 4911 non

2001 4947 2378 5002 habentibus.

2071 5036 2157 5091 8'7.
2174 5035 2332 5108 Ergo
2351 5035 2446 5090 illa
2474 5052 2606 5108 quae
2629 5034 2852 5089 liberos
2876 5034 3144 5105 suscepit
3169 5037 3225 5089 et
3242 5032 3668 5105 pcrdidit(cum

1998 5126 2128 5198 ipsa
2151 5127 2306 5182 enim
2329 5124 2518 5197 major
2541 5124 2856 5193 contentio,
2882 5140 3015 5196 quae
3038 5140 3204 5195 spem
3230 5120 3552 5196 generandi
3569 5122 3669 5178 ha-

2070 5251 2182 5319 (86)
2218 5250 2503 5323 Intelligit
2534 5251 2737 5323 legem
2772 5249 3002 5323 iJuliam
3063 5252 3238 5320 atque
3301 5250 3536 5323 Papiam
3596 5249 3667 5304 de

1999 5323 2217 5393 quibus
2245 5322 2379 5377 vide
2410 5320 2551 5393 quid
2580 5320 2621 5393 a
2647 5322 2820 5377 nobis
2854 5322 3236 5376 observatum
3256 5322 3443 5376 estad
3474 5320 3575 5375 lib.
3600 5337 3666 5374 iii

2000 5391 2059 5447 in
2092 5394 2332 5461 Lucam,
2367 5391 2525 5447 num.
2562 5391 2648 5448 18.

2069 5462 2347 5527 (87).\lss.
2383 5465 2736 5537 complures,
2769 5464 3092 5537 torquenda
3124 5463 3263 5517 aliis
3281 5464 3493 5537 {estiva
3517 5476 3666 5515 com-

1999 5536 2251 5591 mittit...
2294 5536 2471 5590 vitem
2503 5536 2741 5590 t'aeilius
2757 5540 2848 5591 est
2884 5536 3152 5599 tondere,
3179 5538 3292 5590 etc.
3327 5536 3662 5602 Perperam.

2070 5607 2186 5678 (88)
2219 5607 2399 5665 Pauci
2430 5623 2601 5676 mss.,
2639 5606 2973 5686 Quanquam
3005 5605 3243 5665 consilii
3276 5620 3387 5663 non
3417 5603 3518 5659 sit.
