4060 6158
331 314 453 393 2ῗὸ
1716 362 1721 367 -
1849 322 1914 390 S.
1957 320 2399 388 AMBROSII.
3699 316 3806 386 276

332 529 476 601 bet),
501 528 620 598 illa,
644 525 903 599 inquam,
928 541 1124 583 nonne
1151 524 1269 582 sibi
1293 525 1545 597 videtur,
1583 525 1736 582 inter
1758 526 1886 598 ipsa
1906 543 2004 583 re—
2050 508 2109 567 Α
2158 529 2485 597 parentum.
2510 525 2807 582 Generare
2829 524 3052 581 liberos
3071 522 3187 594 vis,
3211 540 3328 581 non
3347 524 3558 581 fratres
3588 523 3804 583 futuros

334 620 645 692 petitarum
660 616 883 672 foedera
898 616 1253 687 nuptiarum,
1283 616 1642 671 amissorum
1673 607 1820 672 210
1847 633 2005 687 prae-

334 712 535 764 texere
555 706 764 762 funera
785 706 1080 761 ﬁliorum?
1106 706 1316 760 Nonne
1336 705 1546 760 iterum
1572 722 1825 777 passura
1848 706 2005 778 quod

335 796 568 868 repetit,
585 798 642 851 et
652 796 725 850 ad
739 796 905 866 ipsos
920 797 1189 850 votorum
1202 795 1460 849 tumulos
1475 794 1609 865 (89),
1627 799 2007 866 exceptarum

340 886 655 942 orbitatum
686 885 999 957 imagines,
1031 885 1422 939 lamentorum
1452 884 1735 955 strepitus
1754 885 2006 955 perhor-

338 975 563 1032 rescit?
606 974 712 1029 Vel
745 991 877 1030 cum
924 974 1200 1029 accensis
1248 973 1551 1029 funalibus
1602 990 1722 1029 nox
1751 974 2004 1043 ducitur,

338 1080 535 1121 nonne
604 1078 836 1135 pompae
904 1062 1173 1118 funebris
1217 1063 1537 1134 exsequias
1584 1063 1778 1134 magis
1825 1066 2005 1133 putat,

338 1170 516 1226 quam
542 1153 862 1208 thalamum
891 1153 1255 1224 praeparari?
1282 1152 1403 1207 Cur
1431 1152 1631 1225 igitur,
1664 1152 1802 1219 filia,
1838 1153 2007 1207 dolo-

338 1259 440 1298 res
485 1241 678 1314 magis
727 1256 878 1313 quos
908 1242 1103 1311 times,
1152 1242 1409 1313 repetis;
1453 1256 1627 1312 quam
1667 1241 1823 1295 filios
1855 1257 2007 1312 quos

332 1331 460 1405 iam
492 1347 611 1387 non
643 1346 873 1402 speras,
906 1330 1205 1403 requiris?
1233 1330 1295 1386 Si
1313 1330 1516 1403 gravis
1538 1332 1632 1385 est
1658 1330 1845 1401 dolor,
1867 1330 2007 1385 sub-

339 1420 716 1494 terfugienda
744 1436 925 1475 causa
956 1419 1092 1492 ejus
1120 1423 1233 1488 est,
1265 1436 1384 1475 non
1411 1420 1685 1491 petenda.

412 1510 501 1568 88.
534 1511 686 1565 Nam
714 1510 820 1564 tibi
846 1510 988 1581 quid
1039 1509 1273 1565 consilii
1304 1509 1575 1575 tribuam,
1617 1525 1752 1580 quae
1783 1509 2007 1565 liberos

339 1600 572 1655 habes?
602 1598 744 1663 Quae
766 1598 872 1653 tibi
895 1613 1076 1653 causa
1096 1598 1398 1653 nubendi?
1435 1598 1609 1653 Forte
1630 1598 1886 1653 levitatis
1918 1614 2009 1654 er-

338 1706 459 1760 ror,
493 1692 549 1745 et
579 1688 1042 1759 intemperantiae
1060 1703 1230 1758 usus,
1264 1690 1321 1742 et
1349 1687 1537 1743 saucii
1560 1688 1718 1759 cogit
1748 1688 2007 1758 pectoris

341 1778 724 1835 conscientia.
749 1778 866 1834 Sed
889 1777 1203 1832 consilium
1217 1777 1459 1847 sobriis,
1476 1793 1592 1831 non
1607 1777 1790 1831 ebriis
1806 1778 2002 1832 datur:

339 1871 396 1924 et
418 1869 549 1923 ideo
580 1867 736 1939 apud
764 1866 1013 1922 liberam
1041 1866 1466 1921 conscientiam
1496 1866 1639 1920 mihi
1671 1882 1867 1921 sermo
1891 1869 2003 1936 est,

340 1958 438 2013 cui
465 1960 780 2028 utrumque
829 1956 1125 2029 integrum
1157 1957 1268 2010 est.
1304 1954 1530 2010 Habeat
1577 1956 1779 2009 saucia
1811 1971 2005 2010 reme-

339 2047 521 2118 dium,
554 2046 804 2102 honesta
853 2045 1188 2101 consilium.
1231 2045 1339 2115 Tu,
1388 2044 1648 2116 inquam,
1694 2044 1834 2113 ﬁlia,
1866 2044 2007 2117 quid

337 2136 569 2192 moliris
580 2137 609 2190 ?
624 2134 1027 2191 Curhaaredes
1040 2134 1261 2206 quaeris
1280 2136 1619 2204 extraneos,
1636 2150 1769 2189 cum
1781 2134 2005 2190 habeas

336 2227 516 2281 tuos?
537 2225 671 2281 Non
692 2224 850 2279 ﬁlios
885 2223 1214 2293 desideras,
1238 2238 1391 2295 quos
1416 2223 1635 2279 habes:
1680 2224 1786 2279 sed
1817 2224 2006 2278 servi-

337 2317 541 2386 tutem,
556 2329 732 2387 quam
745 2329 860 2369 non
872 2313 1080 2371 habes.
1099 2314 1241 2370 Haec
1255 2315 1347 2369 est
1358 2312 1515 2368 enim
1544 2328 1685 2368 vera
1720 2313 2002 2383 servitus,

338 2405 402 2460 in
418 2420 533 2476 qua
570 2404 878 2460 infractior
908 2420 1091 2471 amor,
1118 2419 1294 2475 quem
1318 2418 1439 2458 non
1458 2401 1758 2457 defloratae
1785 2402 2006 2475 pignus

336 2493 720 2567 virginitatis,
752 2496 809 2549 ct
838 2492 1011 2564 plena
1042 2493 1232 2547 sancti
1261 2491 1507 2564 pudoris
1538 2494 1595 2547 et
1623 2491 1829 2564 gratim
1862 2495 2007 2546 aetas

336 2583 528 2655 prima
556 2582 962 2638 commendat:
997 2582 1099 2636 ubi
1121 2579 1349 2637 offensa
1372 2579 1632 2653 gravior,
1671 2580 2010 2651 suspectior

335 2670 675 2741 insolentia,
701 2670 1018 2727 concordia
1039 2670 1489 2743 infrequentior,
1510 2680 1689 2741 quam
1718 2685 1836 2725 non
1866 2672 2010 2724 tem-

336 2759 587 2832 poribus
608 2759 851 2815 inolitus
872 2775 1057 2830 amor,
1082 2775 1200 2815 non
1219 2759 1435 2832 vigens
1458 2759 1631 2813 annis
1654 2757 1844 2812 forma
1862 2774 2010 2813 con-

339 2849 518 2904 ciliat.
544 2849 790 2906 Molesta
809 2849 1018 2920 pietas,
1032 2852 1097 2904 ut
1109 2864 1305 2904 amare
1326 2847 1549 2903 liberos
1566 2851 1812 2916 metuas,
1845 2846 2009 2917 aspi-

340 2955 477 2996 cere
495 2939 719 2996 liberos
738 2938 1067 2995 erubescas
1081 2938 1226 3010 (90):
1252 2941 1427 3010 atque
1440 2937 1576 2993 inde
1589 2937 1812 2993 oriatur
1828 2952 2010 2992 causa

338 3028 681 3101 discordiis,
698 3029 855 3085 unde
880 3029 1033 3085 solet
1045 3031 1284 3085 mutuus
1299 3044 1465 3084 amor
1489 3027 1749 3084 mulcere
1761 3024 2009 3082 affectus

409 3171 527 3244 (89)
556 3172 703 3228 Tell.
738 3172 977 3244 cod.iet
1001 3172 1273 3244 quaedam
1321 3171 1458 3244 edit.
1492 3170 1705 3244 Paris,
1744 3173 2008 3244 votorum

341 3241 640 3299 tumultus.
683 3243 854 3298 Male.
886 3241 1044 3298 Infra
1093 3246 1288 3299 autem
1316 3243 1419 3297 ubi
1451 3243 1589 3297 edit.
1636 3241 1861 3296 eaedem
1893 3242 2007 3295 Pa-

335 3314 467 3384 ris.,
499 3315 771 3371 accensis
800 3313 1193 3383 funeralibus,
1226 3318 1283 3369 et
1312 3330 1459 3369 mss.
1492 3313 1731 3384 aliquot,
1767 3311 2009 3384 funabu-

335 3382 679 3469 {isiaptius
709 3386 921 3469 reliqui
950 3390 1206 3469 mssmet
1235 3384 1396 3467 edit.,
1448 3382 1861 3469 {finalibushid
1892 3386 2005 3465 est,

336 3454 572 3528 facibus
605 3454 894 3512 confectis
942 3474 975 3512 e
1006 3457 1250 3513 funibus
1297 3456 1428 3528 pice
1460 3456 1644 3525 illitis,
1693 3455 1913 3526 quibus
1947 3454 2008 3508 in

336 3526 653 3583 funeribus
682 3529 768 3583 uti
799 3528 938 3583 olim
967 3529 1153 3584 moris
1184 3526 1327 3583 erat.

410 3597 526 3672 (90)
542 3598 852 3672 Plerisque
876 3616 1048 3670 mss.,
1077 3605 1137 3672 ut
1159 3615 1360 3655 amare
1376 3598 1606 3672 liberos
1619 3597 1978 3672 erubescat"
1989 3638 2003 3651 .

342 3668 675 3740 unde'solet
703 3668 934 3726 m’utuos
970 3668 1250 3740 mulcere,
1303 3674 1415 3725 etc.
1450 3669 1647 3724 Minus
1677 3668 2004 3723 commode.

410 3739 523 3825 (tit)
573 3740 744 3797 Eras.
765 3758 867 3825 ‘ac
895 3741 1029 3825 (ξίιι.
1082 3741 1160 3825 ἱιι¹
1192 3739 1376 3825 textu,
1410 3746 1467 3797 et
1498 3757 1632 3823 cum
1679 3739 1810 3825 illis
1834 3740 2004 3795 Rom.

341 3810 512 3884 edit,
529 3828 717 3886 neque
735 3812 1042 3870 Abraham
1057 3819 1236 3887 pater
1256 3810 1451 3883 aliam,
1477 3812 1597 3868 nisi
1618 3828 1745 3868 cum
1764 3810 1976 3866 Suram
1988 3828 2007 3875 ;

2158 619 2412 683 tuorum,
2461 616 2568 670 sed
2617 615 2996 671 adversarios
3040 615 3317 670 filiorum.
3354 613 3505 680 Quid
3538 619 3627 670 est
3674 631 3807 688 ergo

2158 720 2445 776 generare
2492 705 2641 760 alios
2685 705 2930 775 liberos,
2965 705 3083 759 nisi
3143 704 3401 776 spoliare
3431 720 3580 775 quos
3635 704 3808 760 habes

2158 795 2380 849 liberos
2404 810 2416 848 :
2447 795 2665 865 quibus
2698 795 2919 865 pariter
2944 793 3295 849 auferuntur
3340 796 3397 847 et
3424 792 3653 863 pictatis
3682 793 3805 849 ofﬂ-

2159 884 2268 949 cia,
2290 888 2361 938 'et
2391 883 2737 953 compendia
2761 883 3104 938 facultatum
3127 884 3156 937 ?

2227 971 2316 1029 89.
2340 974 2464 1027 Lex
2495 972 2695 1027 divina
2724 973 2954 1028 caelesti
3002 972 3155 1027 inter
3185 986 3252 1027 se
3298 970 3591 1043 conjuges
3631 974 3816 1027 aucto-

2158 1062 2324 1117 ritate
2354 1062 2727 1131 constrinxit,
2768 1065 2825 1117 et
2855 1061 3097 1116 difficile
3128 1062 3322 1115 manet
3369 1062 3607 1115 mutuus
3638 1075 3811 1116 amor.

2157 1152 2313 1205 Tulit
2342 1151 2497 1205 enim
2536 1154 2762 1205 costam
2791 1151 2863 1205 de
2913 1150 3063 1219 viro,
3097 1153 3154 1205 et
3202 1148 3481 1203 formavit
3510 1148 3813 1206 feminam:

2157 1240 2348 1294 utsibi
2370 1255 2475 1295 eos
2498 1240 2751 1295 invicem
2772 1240 3095 1310 copularet,
3115 1239 3323 1293 dicens
3350 1253 3363 1293 :
3397 1237 3481 1292 Et
3512 1244 3686 1293 erunt
3715 1239 3819 1294 duo

2158 1330 2220 1384 in
2243 1346 2423 1384 carne
2448 1346 2557 1384 una
2579 1328 2752 1399 (Gen.
2779 1346 2838 1399 ιι,
2864 1328 2975 1399 24).
3001 1329 3134 1384 Non
3156 1327 3271 1383 hoc
3293 1328 3367 1382 de
3398 1327 3698 1397 secundis,
3718 1328 3818 1383 sed

2158 1420 2366 1490 primis
2389 1418 2609 1489 nuptiis
2629 1418 2806 1473 dixit:
2830 1433 3021 1490 neque
3041 1417 3198 1473 enim
3220 1416 3344 1471 Eva
3368 1415 3694 1471 secundum
3722 1433 3817 1471 ac-

2159 1514 2313 1584 cepit
2328 1514 2539 1583 virum,
2566 1529 2758 1584 neque
2777 1516 2981 1568 sancta
3000 1511 3270 1566 Ecclesia
3290 1512 3620 1566 secundum
3641 1527 3820 1583 agno-

2157 1603 2259 1672 vit,
2286 1602 2476 1657 virum
2498 1618 2509 1658 :
2532 1602 2981 1658 Sacramentum
3003 1601 3159 1657 enim
3182 1600 3330 1655 illud
3349 1617 3620 1672 magnum
3637 1606 3743 1671 est,
3764 1601 3820 1655 in

2163 1692 2406 1746 Christo
2423 1698 2482 1746 et
2506 1692 2567 1745 in
2589 1692 2864 1747 Ecclesia
2887 1691 3133 1763 (Ephes.
3158 1707 3214 1745 v.
3234 1688 3360 1759 3'2):
3395 1694 3453 1745 et
3482 1690 3613 1745 ideo
3643 1693 3823 1746 custo-

2160 1781 2437 1836 diendum
2471 1785 2581 1835 est.
2603 1780 2718 1835 Sed
2742 1796 2933 1852 neque
2969 1781 3134 1834 Isaac
3160 1779 3332 1833 aliam
3358 1782 3579 1850 praeter
3602 1780 3821 1836 Rebec-

2161 1888 2290 1927 cam
2334 1870 2511 1925 scivit
2556 1885 2803 1925 uxorem
2833 1870 3008 1939 (Gen.
3055 1885 3217 1937 xxxv,
3250 1868 3366 1938 67),
3401 1883 3593 1939 neque
3640 1869 3821 1924 Abra-

2159 1961 2293 2015 ham
2323 1964 2548 2031 patrem
2580 1975 2715 2014 cum
2744 1958 2858 2013 alia
2891 1958 3008 2013 nisi
3038 1957 3183 2013 Sara
3212 1957 3489 2028 sepelivit
3509 1973 3692 2012 uxore
3713 1957 3820 2029 (91)

2155 2051 2328 2121 (Gen.
2362 2066 2503 2119 xxv,
2539 2046 2649 2119 10).

2225 2140 2314 2194 90.
2341 2139 2492 2193 Nam
2513 2138 2573 2193 in
2597 2140 2802 2193 sancta
2841 2137 3067 2193 Rachel
3108 2137 3303 2210 magis
3339 2138 3535 2211 figura
3567 2136 3821 2209 mysterii

2157 2229 2285 2299 fuit,
2318 2244 2494 2301 quam
2523 2227 2668 2283 ordo
2702 2226 2991 2300 conjugii.
3026 2227 3098 2281 Et
3151 2230 3347 2282 tamen
3375 2228 3439 2282 in
3499 2243 3566 2282 ea
3596 2241 3818 2299 quoque

2157 2319 2467 2387 habemus,
2501 2317 2658 2389 quod
2690 2316 2764 2370 ad
2794 2316 2965 2388 primi
2998 2315 3267 2389 conjugii
3297 2316 3552 2389 gratiam
3607 2314 3818 2370 referre

2157 2408 2505 2480 possimus;
2552 2406 2606 2461 si
2638 2422 2815 2477 quam
2854 2406 3044 2476 primo
3095 2421 3384 2477 sponsam
3435 2404 3654 2475 habuit,
3686 2403 3814 2475 plus

2158 2497 2393 2565 amavit,
2444 2511 2554 2552 nec
2596 2496 2761 2549 fraus
2799 2494 3055 2550 exclusit
3095 2493 3394 2565 affectum,
3447 2510 3558 2549 nec
3587 2507 3817 2565 sponsa

2159 2602 2419 2641 amorem
2451 2583 2717 2656 conjugii
2766 2584 3133 2639 interventus
3164 2582 3427 2638 abolevit
3458 2582 3633 2647 (Gen.
3663 2598 3816 2650 xxxx,

2160 2676 2229 2731 28
2259 2676 2436 2747 seq.).
2497 2675 2697 2745 Itaque
2748 2676 2994 2728 sanctus
3051 2672 3387 2743 patriarcha
3446 2687 3556 2727 nos
3611 2670 3816 2739 docuit,

2160 2767 2442 2836 quantum
2488 2762 2721 2817 deferre
2782 2762 2990 2833 primis
3039 2761 3259 2832 nuptiis
3310 2761 3660 2830 debeamus,
3699 2774 3824 2814 cum

2160 2856 2381 2907 tantum
2427 2851 2636 2922 primis
2665 2852 3052 2922 sponsalibus
3102 2852 3231 2922 ipse
3265 2850 3570 2907 detulerit.
3624 2850 3825 2904 Cavete

2160 2942 2359 3014 igitur,
2393 2941 2551 3011 filiae,
2602 2957 2675 2996 ne
2706 2944 2763 2996 et
2809 2941 3057 3014 gratiam
3109 2940 3456 3012 nuptiarum
3499 2943 3697 2997 tenere
3726 2953 3824 2993 ne-

2160 3031 2410 3103 queatis,
2448 3033 2505 3086 et
2533 3030 2839 3086 molestias
2861 3029 3152 3103 augeatis.

2164 3177 2355 3239 Rom.,
2382 3174 2504 3230 nisi
2526 3174 2759 3241 Suram,
2784 3172 3066 3245 sepelivit
3089 3189 3351 3229 uxorem.
3370 3173 3444 3229 In
3466 3189 3651 3244 marg.
3670 3186 3820 3238 vero,

2161 3248 2316 3302 sicut
2345 3249 2402 3301 et
2434 3246 2673 3301 Ainerb.
2724 3246 2785 3300 in
2813 3248 2976 3300 textu
3012 3261 3147 3299 cum
3176 3260 3326 3299 mss.
3374 3245 3656 3300 omnibus
3688 3258 3819 3297 nos-

2160 3322 2307 3373 tram
2366 3318 2649 3372 exhibent
2705 3317 3038 3373 lectionem.
3097 3314 3267 3380 Quod
3324 3319 3527 3373 autem
3585 3331 3710 3386 pro,
3766 3314 3825 3367 in

2162 3395 2367 3445 sancta
2417 3387 2733 3444 Rachel....
2787 3389 2849 3442 in
2890 3403 2958 3459 eo
3015 3402 3255 3459 quoque,
3290 3390 3435 3457 etc.,
3488 3386 3626 3444 edit.
3664 3387 3822 3459 Rom.

2161 3461 2379 3532 posuit,
2413 3461 2475 3514 in
2504 3465 2715 3532 sancto,
2748 3456 3039 3532 Jae_ob...._
3055 3458 3116 3512 In
3136 3456 3228 3513 _eo
3258 3456 3506 3531 quoque,
3539 3461 3649 3514 etc.
3672 3456 3822 3532 :__hoc

2161 3527 2406 3603 perinde
2456 3547 2589 3586 cum
2621 3530 2755 3585 aliis
2798 3530 2937 3603 edit.
2961 3533 3156 3603 atque
3187 3527 3333 3603 cum
3369 3527 3524 3603 inss.
3559 3527 3821 3603 omnibus

2161 3600 2403 3675 pugnat.
2425 3603 2543 3658 Sed
2562 3601 3271 3675 tamen‘ellipsidictionis
3301 3601 3507 3667 Jacob,
3544 3616 3675 3675 quae
3695 3600 3819 3675 ante

2161 3669 2411 3729 verbum
2442 3674 2662 3745 amavit
2692 3669 3178 3745 subintelligitur,
3230 3687 3486 3729 sensum
3516 3669 3686 3745 paulo
3719 3669 3821 3725 ob-

2162 3746 2492 3801 scuriorem
2521 3744 2650 3801 ﬁeri
2670 3759 2789 3800 non
2820 3743 3159 3800 diffitemur.
3519 3743 3534 3745 '
3769 3764 3779 3775 -

2075 4145 2735 4226 VIRGINITATE
2835 4143 3401 4226 ADMONITIO.

753 4162 1097 4233 211-212
1186 4150 1284 4229 IN
1380 4149 1754 4231 LIBRUM
1859 4150 1985 4228 DE

410 4434 657 4491 Huncce
688 4434 1001 4490 tractatum
1029 4448 1064 4488 a
1090 4431 1248 4488 libro
1278 4429 1452 4487 tertio
1484 4429 1573 4485 De
1618 4426 1978 4501 virginibus,
2011 4425 2252 4498 quicum
2282 4424 2572 4481 hactenus
2622 4440 2756 4481 eum
2786 4424 3077 4481 editiones
3130 4441 3336 4480 omnes
3369 4421 3817 4497 conjunxerant,

338 4524 751 4598 separavimus
773 4539 788 4595 ;
810 4524 905 4591 iis,
941 4525 1005 4579 ut
1033 4522 1363 4595 Opinamur,
1396 4518 1633 4574 adducti
1669 4515 2005 4585 momentis,
2056 4531 2190 4587 quae
2220 4530 2339 4571 non
2369 4531 2561 4587 magis
2602 4514 3003 4570 distinctionis
3032 4513 3218 4585 hujus
3264 4513 3685 4569 necessitatem
3713 4523 3812 4580 pa-

338 4615 457 4671 lam
488 4614 724 4685 faciant,
782 4630 959 4687 quam
988 4616 1105 4668 tam
1161 4613 1379 4683 apertae
1412 4625 1481 4663 ac
1541 4607 1719 4663 simul
1748 4605 1950 4661 tandiu
2008 4619 2125 4659 non
2158 4604 2549 4676 deprehensae
2596 4604 2971 4659 confusionis
3030 4603 3317 4658 incutiant
3355 4601 3815 4657 admirationem.

340 4704 659 4761 Enimvero
689 4705 750 4759 in
782 4703 1013 4760 cunctis
1071 4701 1310 4758 omnino
1344 4696 1767 4768 manuscriptis
1799 4695 1956 4750 idem
2009 4694 2107 4748 ille
2137 4693 2347 4749 tertius
2402 4691 2555 4747 liber
2583 4691 2672 4747 De
2713 4692 3071 4764 virginibus,
3134 4692 3229 4746 his
3262 4692 3413 4764 ipsis
3446 4691 3664 4763 quibus
3696 4700 3822 4742 eum

337 4794 808 4865 terminavimus,
841 4793 1044 4849 verbis
1076 4791 1311 4847 finitur:
1347 4805 1458 4845 nec
1488 4803 1605 4843 non
1636 4786 1912 4841 distincta
1950 4782 2362 4838 commentatio
2393 4798 2512 4836 non
2562 4782 2757 4836 solum
2789 4782 3008 4853 ubique
3048 4782 3251 4852 incipit
3297 4781 3355 4835 in
3386 4797 3524 4836 eum
3555 4778 3820 4834 modum:

338 4881 561 4939 Nobile
588 4882 741 4955 apud
775 4888 1032 4951 veteres,
1066 4884 1177 4937 etc.
1205 4896 1219 4950 ;
1256 4894 1459 4935 verum
1489 4877 1663 4932 etiam
1694 4875 1822 4946 ipsa
1854 4874 1914 4928 in
1944 4870 2247 4943 plerisque
2277 4884 2353 4924 ex
2382 4867 2595 4923 iisdem
2618 4868 2736 4923 illis
2756 4869 3065 4924 codicibus
3087 4869 3416 4939 proximam
3449 4870 3585 4938 post
3617 4866 3822 4955 librum

341 4972 432 5028 De
467 4950 666 5028 viduis
694 4971 896 5028 sedem
931 4971 1171 5026 obtinet.
1206 4968 1429 5025 Deinde
1460 4968 1711 5039 ipsemet
1752 4961 2110 5019 Ambrosius
2139 4960 2460 5014 memorato
2501 4957 2655 5014 libro
2689 4958 2776 5012 De
2833 4957 3172 5030 virginibus
3203 4958 3378 5012 finem
3414 4959 3729 5027 postquam
3755 4950 3821 5004 de

344 5064 551 5119 sancta
582 5060 840 5135 Pelagia,
886 5059 1141 5132 ejusque
1161 5060 1344 5113 matre
1376 5073 1445 5111 ac
1475 5054 1787 5111 sororibus
1809 5052 2057 5126 egisset,
2090 5049 2199 5104 abs
2230 5063 2297 5104 se
2316 5047 2735 5119 imponendum
2765 5046 2912 5102 satis
2943 5048 3324 5116 indicaverat,
3358 5046 3439 5101 ibi
3490 5045 3722 5100 locutus
3760 5041 3820 5095 in

341 5151 444 5210 illa
471 5151 657 5207 verba
680 5170 699 5206 :
728 5131 857 5207 ilum
886 5131 963 5204 ad
991 5131 1168 5204 linem
1198 5146 1490 5203 orationis
1524 5144 1651 5201 vela
1677 5141 1990 5215 pendenti,
2023 5142 2133 5195 etc.
2166 5136 2293 5210 (lib.
2328 5154 2411 5208 ιιι,
2447 5136 2535 5192 De
2570 5137 2791 5209 virgin.
2839 5153 2891 5191 c.
2924 5135 2976 5205 '7,
3013 5152 3173 5190 num.
3204 5135 3331 5205 32);
3373 5134 3531 5206 quod
3562 5131 3817 5203 profecto

344 5256 647 5313 nunquam
678 5239 951 5310 dixisset,
986 5239 1039 5293 si
1068 5235 1528 5309 diSputationem
1558 5232 1730 5287 aliam
1780 5247 1849 5286 ea
1879 5232 2043 5302 parte
2088 5244 2221 5300 quas
2248 5226 2373 5299 jam
2404 5226 2614 5283 eodem
2661 5226 2815 5280 libro
2843 5228 3195 5297 pertractata
3243 5223 3453 5313 fuerat,
3489 5219 3822 5313 multoglon-

340 5307 573 5405 giorem
604 5307 1383 5385 subtexere'constituisset.
1419 5322 1508 5377 Ad
1541 5322 1671 5376 haec
1700 5320 1941 5374 minime
1981 5317 2240 5373 obscura
2270 5317 2363 5370 est
2393 5330 2528 5370 cum
2577 5314 2637 5369 in
2666 5315 3038 5385 argumento,
3074 5316 3196 5366 tum
3243 5312 3303 5366 in
3335 5309 3570 5365 dicendi
3604 5307 3816 5362 ratione

343 5395 741 5493 discrepantia
767 5435 781 5490 ;
811 5434 1005 5490 neque
1036 5416 1193 5473 enim
1221 5417 1342 5470 toto
1374 5412 1487 5467 hoc
1518 5425 1697 5481 opere
1729 5407 2127 5464 Mareellinam
2156 5420 2423 5461 sororem
2454 5419 2706 5475 usquam
2737 5402 3072 5474 alloquitur,
3111 5401 3217 5456 sed
3249 5400 3469 5471 ubique
3499 5395 3823 5493 fermevir-

343 5484 870 5584 ginem-interdum
900 5484 1094 5562 tamen
1144 5504 1318 5560 etiam
1348 5501 1583 5570 viduas,
1631 5498 1958 5553 universim
2009 5495 2338 5565 compellat.
2375 5493 2686 5547 Postremo
2736 5491 2908 5546 locus
2938 5492 3173 5565 quidam
3223 5506 3255 5545 e
3302 5489 3454 5544 libro
3489 5487 3575 5542 De
3612 5484 3819 5584 viduis,

218 5574 231 5579 ’
343 5571 784 5670 ξιιθιῐίοοηειαῑ
810 5595 982 5651 libris
1012 5594 1102 5648 De
1130 5589 1467 5663 virginibus
1496 5587 1888 5659 posteriorem
1920 5600 2080 5654 esse,
2113 5586 2313 5657 aperte
2344 5582 2637 5636 indicatur
2657 5581 2719 5635 in
2749 5580 2860 5635 hac
2891 5581 3082 5670 opella
3111 5579 3242 5649 (lib-
3258 5579 3348 5633 De
3376 5571 3817 5670 v_iduis,_cap.n8,

344 5660 505 5741 num.
539 5688 667 5757 46);
700 5686 859 5759 quod
893 5700 1027 5739 cum
1059 5697 1176 5737 non
1207 5660 1427 5751 fugerit
1460 5678 1760 5733 Romanos
1793 5675 2073 5739 editores,
2108 5673 2318 5726 mirum
2351 5685 2494 5724 sane
2529 5673 2621 5724 cst
2677 5669 3169 5741 quemadmodum
3201 5666 3518 5722 absurdam
3550 5663 3705 5759 illam
3733 5660 3819 5759 di-

344 5748 667 5830 versorum.
718 5748 965 5847 operum
1012 5748 1474 5841 compactionem
1506 5782 1623 5825 non
1654 5764 2035 5823 adverterint.
2089 5762 2165 5818 Ut
2193 5776 2335 5819 vero
2383 5759 2590 5816 eadem
2622 5759 2722 5817 fiat
2752 5757 2988 5831 clarior,
3020 5757 3196 5831 paulo
3227 5755 3511 5814 attentius
3560 5748 3822 5825 singulas

343 5858 532 5937 huius
564 5861 761 5938 operis
791 5864 991 5941 partes
1022 5855 1435 5921 discutiamus.
