4060 6158
265 350 367 415 ’77
1069 346 1320 413 LIBER
1349 344 1459 411 DE
1489 344 2062 412 VIRGINITATE.
2090 378 2165 394 —
2187 344 2671 411 ADMONITIO
3585 341 3719 413 278:

324 552 570 609 Exorsus
598 566 631 606 a
660 549 1049 606 celeberrimo
1080 549 1179 604 illo
1203 548 1537 605 Salomonis
1556 547 1805 621 judicio,
1840 549 1933 603 vir
1964 551 2207 605 sanctus
2238 549 2546 620 mysticam
2565 548 2699 621 ejus
2722 549 3167 623 intelligentiam
3197 550 3459 609 declarat
3487 550 3701 626 (cap.t.

266 659 405 711 num,
437 642 459 696 1
497 648 554 696 et
584 644 734 713 seq.)
759 642 1026 694 Attamen
1050 642 1111 694 ut
1143 640 1430 693 fateamur
1467 638 1625 710 quod
1664 654 1764 693 res
1801 642 1912 708 est,
1946 639 2151 710 primae
2181 640 2317 694 huic
2351 640 2495 710 parti
2529 655 2660 694 cum
2684 640 2908 712 reliqua
2940 640 3367 697 lucubrationis
3400 645 3556 698 serie
3587 658 3707 697 non

260 731 470 786 multum
484 729 1190 801 interceditcognationis.
1211 730 1421 783 Postea
1436 729 1643 798 Jephte
1662 728 2149 800 sacrificio,quod
2174 727 2290 782 sibi
2323 730 2661 800 neutiquam
2681 729 2915 799 probari
2938 731 3202 800 profitur,
3236 731 3538 803 eleganter
3570 716 3705 785 des-

258 820 571 891 cripto(cap.
586 820 638 889 2,
661 835 818 872 num.
843 820 947 872 Set
969 817 1356 889 seq.).subdit
1371 816 1567 870 mirari
1590 832 1657 872 se
1686 817 1843 888 quod
1873 817 2124 890 virginis
2159 818 2288 872 neci
2310 818 2406 889 qui
2439 834 2507 873 se
2539 823 2861 888 Opponeret
2889 822 3041 888 (cap.
3068 816 3121 873 3.
3166 836 3324 874 num.
3359 818 3468 890 10),
3504 820 3705 875 inven-

257 913 338 963 tus
373 925 479 962 non
509 909 585 962 sit
617 924 630 963 :
666 908 781 961 sibi
812 923 955 961 vero
988 907 1143 977 quod
1175 906 1428 977 virginis
1462 906 1695 975 nuptias
1728 906 1966 960 illicitas
2013 907 2401 977 prohibuerit,
2441 924 2611 962 nemo
2660 923 2776 961 non
2829 907 3135 962 obtrectet.
3174 908 3323 961 Hinc
3354 912 3469 962 tam
3500 924 3691 974 suam,

258 1012 407 1067 quam
438 995 744 1067 virginalis
796 995 1046 1049 instituti
1098 994 1509 1049 defensionem
1559 1009 1895 1065 aggressus
1939 995 2122 1064 (num.
2172 996 2282 1063 11),
2316 996 2530 1050 factum
2576 996 2811 1067 quidem
2871 1012 3045 1050 suum
3075 998 3452 1067 potissimum
3508 1000 3704 1052 tuetur

255 1085 495 1154 exemplo
530 1084 934 1139 Praecursoris
970 1099 982 1138 :
1011 1084 1338 1155 virgineam
1360 1098 1502 1137 vero
1536 1083 1933 1137 conditionem
1967 1083 2101 1137 inde
2130 1085 2337 1138 attollit
2369 1088 2550 1149 (num.
2589 1083 2673 1154 14,
2712 1086 2775 1139 15
2806 1090 2863 1139 et
2898 1088 3046 1157 seq),
3081 1086 3238 1156 quod
3270 1084 3545 1139 Christus
3575 1086 3703 1138 vir-

255 1173 403 1243 gines
430 1172 644 1243 quibus
676 1172 980 1227 redivivus
1014 1173 1264 1242 primum
1293 1175 1621 1243 appareret,
1656 1171 1920 1243 elegerit.
1951 1173 2170 1227 Deinde
2199 1173 2533 1244 perstrictis
2550 1189 2724 1244 quam
2751 1174 3193 1229 modestissime
3218 1173 3697 1229 criminatoribus

250 1261 714 1332 suis,remipsam
740 1262 1031 1315 intensius
1047 1263 1383 1333 urget(cap.
1404 1262 1456 1328 5,
1478 1277 1637 1315 num.
1661 1260 1729 1314 24
1760 1267 1819 1313 et
1850 1264 2020 1335 seq.).
2046 1262 2463 1318 demonstrans
2504 1266 2654 1334 (cap.
2689 1264 2796 1318 (iet
2825 1263 3687 1336 7),nihilsequodimprobum,

252 1354 335 1403 aut
357 1366 587 1418 novum,
620 1355 720 1404 aut
747 1350 951 1405 inutile
982 1355 1163 1414 esset,
1196 1350 1600 1421 persuasisse.
1637 1349 1774 1404 Mox
1804 1349 1873 1402 ad
1916 1348 2184 1420 objectas
2217 1351 2595 1406 difticultates
2627 1352 2872 1423 pulchre
2913 1354 3233 1423 respondet
3263 1355 3413 1422 (cap.
3447 1353 3501 1421 '7,
3536 1367 3697 1405 num.

248 1440 375 1493 35οε
404 1442 585 1511 seq.);
620 1440 726 1494 sed
750 1455 877 1494 eam
908 1456 1029 1509 prae
1060 1439 1296 1494 caeteris
1328 1454 1442 1510 qua
1473 1438 1801 1510 negabatur
1831 1438 2013 1505 (num.
2046 1437 2115 1492 89
2148 1445 2207 1492 et
2237 1442 2386 1511 seq.)
2420 1440 2719 1511 virginum
2759 1441 3074 1495 tenerioris
3121 1441 3311 1495 mtatis
3344 1439 3702 1494 admittenda

250 1528 613 1596 consecratio,
648 1544 876 1581 summa
901 1528 1136 1582 dilucns
1160 1544 1294 1582 cum
1324 1527 1653 1598 prudentia,
1701 1526 1937 1580 tandem
1983 1528 2320 1596 pronuntiat
2370 1528 2535 1582 solos
2569 1544 2758 1583 annos
2790 1530 3027 1583 obstare
3059 1530 3397 1601 neutiquam
3428 1529 3647 1583 debere
3683 1542 3697 1583 :

246 1632 359 1671 cum
385 1621 437 1670 et
466 1617 635 1687 pueri
667 1633 773 1687 pro
802 1618 1039 1672 Christo
1072 1616 1425 1689 sanguinem
1461 1619 1804 1671 constanter
1845 1614 2157 1670 effuderint
2188 1620 2338 1687 (cap.
2373 1618 2426 1686 8,
2464 1634 2621 1672 num.
2658 1618 2725 1672 12
2756 1626 2814 1672 et
2835 1620 3005 1690 scq.),
3040 1622 3096 1672 et
3125 1619 3401 1673 Christus
3435 1619 3565 1689 ipse
3600 1633 3699 1672 ac-

246 1720 460 1759 cessum
488 1706 561 1759 ad
600 1721 668 1760 se
698 1706 949 1760 voluerit
979 1709 1179 1776 patere
1210 1705 1558 1775 infantibus,
1594 1722 1662 1760 ac
1710 1705 1945 1760 tandem
1987 1705 2046 1758 in
2094 1705 2244 1776 ipsis
2296 1705 2587 1762 Ecclesiae
2631 1707 3007 1762 incunabulis
3039 1708 3309 1762 eumdem
3340 1707 3552 1776 turbae,
3584 1705 3701 1760 hoc

244 1795 319 1847 est
346 1792 665 1863 cujuslibet
693 1810 878 1849 sexus
911 1797 1085 1865 atque
1114 1794 1303 1848 aetatis
1333 1793 1662 1863 multitudo,
1699 1796 1921 1848 secutae
1952 1793 2186 1848 fuerint.
2232 1794 2391 1863 Inde,
2424 1796 2604 1850 veluti
2637 1811 2668 1851 e
2700 1800 2899 1851 renata
2932 1796 3166 1866 quando
3209 1799 3265 1850 et
3295 1795 3395 1849 ubi
3425 1795 3701 1850 Christus

242 1880 433 1953 inquiri
455 1883 671 1939 debeat
701 1899 733 1936 a
761 1883 1120 1955 virginibus,
1152 1882 1524 1953 expositione
1575 1883 1962 1953 quorumdam
2020 1900 2051 1937 e
2095 1882 2355 1938 Canticis
2388 1885 2820 1939 versiculorum
2864 1885 3051 1955 aperit
3083 1887 3264 1953 (num.
3299 1886 3410 1953 15),
3444 1887 3500 1939 et
3532 1886 3701 1955 post-

241 1984 392 2040 quam
419 1971 488 2025 ad
521 1988 655 2026 eam
687 1970 922 2027 viduam
952 1988 1125 2044 quam
1154 1972 1262 2026 abs
1294 1987 1362 2026 se
1394 1971 1452 2025 in
1484 1971 1599 2025 alio
1630 1971 1803 2039 libro,
1841 1970 1926 2025 De
1979 1971 2172 2026 viduis
2205 1973 2500 2043 nimirum,
2545 1975 2920 2045 perstrictum
2951 1974 3090 2027 dicit
3121 1975 3306 2045 (num.
3342 1975 3452 2042 16),
3486 1988 3703 2051 recon-

242 2059 532 2114 ciliationis
556 2076 740 2114 causa
782 2060 956 2115 vertit
985 2075 1341 2124 sermonem,
1385 2060 1639 2132 ignavos
1676 2059 1951 2114 doctores
1997 2076 2065 2114 ac
2104 2061 2238 2131 plus
2272 2079 2444 2132 aequo
2477 2079 2767 2117 remissos
2802 2062 3073 2117 vitandos
3104 2067 3300 2118 monet
3330 2065 3512 2130 (num.
3545 2061 3612 2116 47
3647 2064 3706 2116 et

239 2147 333 2215 50).
364 2147 644 2204 Eamdem
677 2151 1032 2219 prosecutus
1065 2151 1247 2217 (num.
1290 2149 1359 2204 48
1401 2156 1460 2204 et
1510 2151 1659 2221 seq.)
1688 2148 2090 2204 Canticorum
2120 2152 2573 2220 expositionem,
2610 2152 2783 2206 docet
2820 2152 2961 2222 quid
2995 2152 3269 2221 animam,
3306 2156 3368 2206 ut
3398 2152 3702 2205 Christum

239 2241 456 2305 quaerat,
491 2243 549 2292 et
572 2238 704 2308 ipsa
738 2241 1087 2309 quasralura
1110 2238 1346 2293 Christo
1377 2239 1529 2309 (cap.
1564 2239 1598 2293 9
1629 2244 1687 2293 et
1719 2241 1890 2311 seq.),
1923 2254 2156 2293 necnon
2189 2243 2251 2292 ut
2280 2240 2550 2293 eumdem
2584 2241 2741 2294 intus
2774 2240 3046 2309 excipiat,
3089 2240 3474 2311 retinentque,
3508 2254 3704 2310 prses-

236 2328 341 2379 tare
370 2330 656 2396 oporteat.
690 2327 1019 2381 Virtutibus
1051 2330 1244 2382 autem
1265 2343 1399 2399 quae
1429 2326 1796 2397 expetenda},
1829 2341 1899 2379 ac
1948 2327 2123 2381 simul
2154 2328 2333 2396 vitiis,
2368 2345 2501 2399 qua)
2544 2329 2823 2400 fugienda
2858 2329 2978 2383 illic
3016 2328 3372 2393 indicantur,
3422 2328 3571 2383 scite
3602 2328 3705 2381 ad-

240 2415 452 2468 modum
482 2415 799 2486 patefactis
831 2418 985 2486 (cap.
1020 2416 1088 2470 15
1137 2422 1196 2469 et
1236 2418 1410 2488 seq.),
1445 2414 1910 2470 coercendorum
1952 2418 2204 2486 quatuor
2245 2417 2457 2471 animm
2508 2421 2767 2471 motuum
2812 2433 2965 2488 quos
3002 2417 3075 2470 ab
3108 2416 3416 2471 Ezechiele
3450 2415 3703 2471 volantis

238 2517 427 2558 currus
456 2504 665 2575 specie
695 2504 1077 2559 adumbratos
1112 2504 1272 2560 Plato
1306 2508 1397 2559 est
1427 2504 1709 2573 imitatus,
1732 2504 2019 2559 rationem
2050 2506 2244 2559 tradit.
2286 2506 2546 2576 Spondet
2576 2507 2829 2562 animam
2882 2507 2991 2560 hac
3046 2506 3142 2560 via
3181 2510 3342 2561 certo
3383 2508 3705 2576 perventu-

235 2594 402 2647 turam
431 2594 503 2647 ad
533 2592 862 2662 Christum,
896 2593 998 2664 qui
1037 2610 1168 2648 cum
1217 2594 1275 2648 in
1308 2593 1632 2665 Evangelio
1675 2593 1880 2648 eadem
1928 2594 2022 2648 die
2062 2610 2195 2665 quae
2235 2611 2404 2649 sacra
2465 2599 2589 2650 erat
2618 2581 2987 2666 principibus
3018 2595 3443 2665 apostolorum,
3467 2593 3705 2665 publice

236 2681 475 2751 recitato,
499 2682 859 2737 ascendisse
890 2682 950 2736 in
982 2683 1263 2752 scapham
1301 2682 1473 2750 Petri,
1505 2683 1787 2753 illumque
1818 2682 1891 2735 ad
1921 2682 2170 2735 laxanda
2215 2683 2358 2737 retia
2404 2682 2736 2753 impulisse,
2767 2683 2958 2738 lectus
2980 2683 3195 2737 fuisset
3228 2698 3242 2738 :
3275 2698 3404 2737 eam
3436 2682 3510 2736 ob
3569 2697 3695 2736 rem

235 2770 356 2841 quid
377 2771 453 2825 sit
482 2771 545 2826 in
582 2770 765 2825 altum
796 2771 1034 2840 ducere,
1069 2771 1285 2842 quidve
1317 2771 1621 2841 apostolos
1649 2770 1950 2838 labet-are,
1988 2771 2368 2841 perspicuum
2410 2771 2548 2825 facit
2592 2773 2743 2842 (cap.
2781 2772 2867 2827 19.
2901 2788 3061 2826 num.
3094 2771 3190 2825 131
3231 2778 3289 2826 et
3319 2771 3502 2843 seq.).
3527 2770 3706 2825 Deni-

235 2873 331 2930 que
359 2875 711 2931 prosperam
740 2860 857 2914 sibi
888 2860 1274 2931 piscationem
1303 2875 1378 2914 ex
1407 2859 1723 2930 prmsentia
1757 2859 2153 2914 Bononiensis
2184 2860 2451 2931 episcopi
2485 2861 2609 2916 fore
2651 2863 2999 2934 auguratus,
3034 2864 3209 2932 atque
3242 2860 3509 2935 virgines
3545 2860 3702 2914 sicut

231 2950 277 2999 et
301 2948 504 3002 viduas
527 2951 597 3003 ut
618 2964 685 3001 se
713 2947 1058 3018 apostolicis
1084 2948 1308 3003 retibus
1341 2947 1658 3015 includunt,
1694 2947 2036 3002 cohortatus
2076 2949 2226 3020 (cap.
2260 2949 2347 3019 20,
2396 2950 2734 3021 ηιιῑη.·129),
2776 2950 2931 3005 Petri
2961 2967 3029 3005 ac
3073 2950 3239 3005 Pauli
3271 2949 3490 3022 quibus
3520 2950 3699 3003 etiam

232 3034 496 3092 Joannem
526 3037 713 3106 addit,
748 3037 1252 3092 commendatione
1285 3053 1436 3108 opus
1467 3039 1710 3092 coronat
1738 3039 1921 3106 (num.
1958 3035 2060 3091 130
2093 3045 2151 3092 et
2172 3042 2346 3111 seq.).

287 3125 419 3191 Quae
458 3127 622 3182 dicta
652 3130 791 3181 sunt
823 3127 1129 3194 hactenus,
1163 3142 1231 3181 ea
1278 3126 1501 3199 liquido
1532 3127 1939 3181 demonstrant
1960 3126 2110 3180 hanc
2141 3127 2612 3183 lucubrationem
2644 3129 2795 3183 libro
2829 3129 2915 3183 De
2962 3129 3158 3183 viduis
3196 3127 3492 3198 postponi,
3526 3130 3704 3198 atque

232 3229 262 3267 ι
284 3214 441 3270 libris
475 3217 571 3271 De
601 3215 940 3287 virginibus
967 3216 1142 3271 avelli
1175 3217 1535 3287 oportuisse.
1565 3217 1637 3269 At
1668 3230 1811 3270 vero
1843 3230 2018 3284 quem
2061 3215 2115 3270 ei
2146 3216 2377 3271 titulum
2424 3217 2753 3272 inscribere
2803 3217 3147 3284 debeamus,
3184 3215 3241 3268 in
3281 3216 3553 3284 promptu
3584 3230 3705 3268 non

231 3305 325 3358 est.
374 3305 625 3360 Videtur
653 3320 798 3359 sane
829 3306 1155 3360 detractum
1211 3321 1286 3360 ex
1333 3304 1702 3376 autographo
1733 3303 2054 3373 exemplari
2085 3304 2287 3359 folium
2321 3321 2452 3359 cum
2477 3307 2858 3376 praepostera:
2906 3303 2989 3358 illi
3020 3288 3435 3374 conjunctioni
3462 3317 3706 3355 causam

232 3393 569 3462 praebuisse,
600 3398 721 3448 tum
749 3394 1144 3465 scriptoribus
1182 3395 1531 3465 antiquariis
1562 3394 1879 3464 licentiam,
1915 3397 1976 3448 ut
2011 3410 2116 3464 pro
2159 3410 2267 3448 sua
2299 3394 2553 3466 quisque
2582 3393 2826 3447 libidine
2858 3393 3306 3462 inscriptionem
3338 3391 3391 3445 ei
3424 3390 3705 3461 praefige-

231 3486 359 3537 reat.
394 3483 546 3539 Hinc
587 3483 626 3537 ii
647 3484 865 3555 quibus
892 3484 1163 3539 eumdem
1194 3487 1505 3538 tractatum
1526 3483 1792 3554 proxime
1824 3487 1959 3553 post
1980 3486 2102 3537 tres
2136 3483 2321 3537 libros
2356 3483 2442 3537 De
2462 3482 2800 3554 virginibus
2822 3482 2991 3536 libuit
3030 3481 3342 3549 collocare,
3370 3479 3535 3533 illum
3566 3478 3705 3533 libri

231 3573 399 3641 quarti
435 3572 526 3628 De
571 3573 947 3644 virginibus:
982 3573 1202 3644 quibus
1226 3588 1367 3628 vero
1401 3572 1557 3627 hunc
1590 3573 1787 3642 ipsum
1825 3571 2077 3643 rejicere
2100 3575 2235 3643 post
2264 3572 2480 3626 librum
2512 3571 2599 3626 De
2645 3570 2842 3625 viduis
2891 3569 3086 3641 potius
3120 3569 3247 3638 fuit,
3286 3568 3420 3622 libri
3454 3566 3708 3622 secundi

230 3658 305 3715 De
338 3662 531 3717 viduis
595 3662 761 3717 titulo
791 3666 1213 3733 prmuotarunt.
1248 3662 1364 3717 Sed
1403 3678 1536 3716 cum
1570 3661 1787 3715 librum
1825 3661 2065 3715 unicum
2105 3660 2192 3714 De
2244 3661 2439 3715 viduis
2479 3659 2796 3714 Ambrosio
2838 3658 3053 3713 tribuat
3086 3657 3482 3729 Hieronymus
3504 3656 3705 3739 (epist.

229 3749 304 3815 50,
333 3752 500 3823 Apol.
534 3751 679 3806 adv.
704 3751 1067 3821 Joriniam.),
1109 3767 1301 3822 neque
1339 3751 1411 3805 de
1441 3749 1639 3804 viduis
1681 3750 1799 3804 nisi
1836 3749 2046 3820 paucis
2090 3749 2312 3821 aliquot
2342 3750 2493 3804 locis
2541 3748 2793 3804 strictim
2822 3751 2996 3819 atque
3031 3747 3223 3802 obiter
3267 3747 3381 3801 hoc
3416 3746 3476 3800 in
3525 3760 3705 3815 opere

229 3836 561 3910 disseratur,
592 3855 715 3894 non
746 3843 939 3911 potest
966 3840 1020 3894 ei
1053 3839 1182 3893 haec
1213 3839 1432 3909 imponi
1464 3838 1876 3893 nomenclatio.
1919 3838 2154 3892 Rursus
2186 3854 2328 3893 vero
2363 3837 2633 3893 eumdem
2666 3837 2914 3892 inscribi
2945 3852 3062 3891 non
3086 3836 3279 3909 magis
3310 3835 3450 3890 licet
3481 3834 3700 3889 librum

227 3934 475 3996 quartum
507 3929 598 3983 De
637 3928 996 4000 virginibus;
1030 3944 1148 3983 non
1177 3928 1372 3983 solum
1394 3927 1550 3982 enim
1584 3927 1984 3998 Hieronymus
2034 3927 2186 3996 (ead.
2215 3926 2456 3998 Apolog.
2482 3942 2616 3998 pag.
2651 3924 2775 3995 392,
2817 3927 2929 3981 col.
2961 3925 3037 3994 2),
3072 3930 3195 3980 tres
3245 3928 3467 3979 tantum
3510 3923 3702 3978 libros

233 4016 329 4071 sub
356 4017 469 4073 hoc
498 4018 673 4073 titulo
706 4017 1137 4072 Ambrosianos
1169 4018 1463 4089 agnoscit,
1496 4016 1604 4071 sed
1634 4016 1809 4071 etiam
1832 4016 2071 4071 totidem
2102 4016 2211 4070 abs
2242 4030 2309 4070 se
2341 4016 2702 4087 compositos
2735 4018 2985 4086 ipsemet
3040 4018 3288 4071 testatur
3344 4012 3709 4068 Ambrosius

234 4104 341 4169 (lib.
370 4107 457 4161 De
494 4107 716 4175 viduis,
751 4122 878 4176 cap.
913 4107 964 4177 1,
989 4123 1148 4161 num.
1176 4106 1249 4176 l).
1290 4107 1413 4172 Qua
1447 4107 1507 4160 in
1527 4105 1889 4160 dubitatione
1921 4105 2066 4160 nihil
2099 4105 2286 4160 satius
2327 4106 2523 4160 visum
2571 4105 2747 4160 nobis
2776 4109 2888 4175 est,
2922 4121 3095 4176 quam
3128 4107 3190 4158 ut
3219 4105 3419 4174 ipsum
3450 4103 3537 4157 De
3573 4102 3702 4154 vir-

230 4195 463 4266 ginitate
493 4197 989 4263 inscribercmus,
1022 4196 1132 4251 rati
1164 4196 1393 4251 scilicet
1424 4196 1500 4250 ita
1524 4197 1672 4250 satis
1694 4198 1751 4251 et
1781 4211 1916 4249 eum
1944 4195 2017 4249 ab
2047 4194 2182 4248 aliis
2214 4193 2486 4265 ejusdem
2510 4194 2769 4248 materiae
2798 4193 3083 4265 distingui
3115 4191 3486 4261 tractatibus,
3520 4193 3578 4244 et
3606 4205 3702 4243 ar-

234 4286 475 4353 gumenti
503 4286 796 4341 rationem
819 4285 1152 4357 designari;
1186 4301 1296 4340 nec
1327 4285 1499 4340 etiam
1517 4284 1763 4339 multum
1795 4284 2055 4338 aberrari
2082 4300 2114 4337 a
2154 4284 2596 4354 manuscriptis,
2621 4283 2836 4355 quippe
2886 4299 3019 4337 cum
3068 4282 3127 4336 in
3167 4296 3371 4336 eorum
3395 4279 3699 4351 plerisque

233 4371 442 4429 desinat
462 4375 525 4428 in
547 4374 683 4430 haec
705 4373 886 4428 verba
911 4388 924 4428 :
956 4373 1224 4445 Explieit
1245 4373 1441 4427 sancti
1459 4372 1772 4427 Ambrosii
1787 4372 1875 4427 De
1914 4372 2298 4445 virginitate:
2332 4389 2463 4427 nam
2487 4372 2645 4445 quod
2667 4372 2887 4427 addunt
2907 4372 3060 4426 idem
3083 4370 3321 4426 codices
3343 4369 3505 4424 liber
3528 4382 3702 4440 quar-

235 4465 333 4530 tus,
362 4464 432 4518 de
471 4480 588 4519 suo
620 4462 860 4517 addunt.

292 4550 525 4607 Constat
556 4568 739 4623 porro
767 4557 883 4606 tam
905 4567 981 4606 ex
1012 4552 1139 4622 ipsa
1172 4550 1524 4606 elocutionis
1557 4550 1745 4606 forma
1776 4552 1926 4621 (cap.
1961 4553 2013 4620 5,
2046 4569 2206 4607 num.
2240 4552 2353 4621 21),
2387 4569 2563 4624 quam
2596 4568 2627 4607 e
2667 4551 2988 4622 Scripturae
3040 4565 3173 4621 qua:
3205 4549 3353 4602 lecta
3387 4546 3446 4601 in
3486 4545 3698 4601 Eccle-

234 4638 309 4694 sia
328 4642 515 4710 palam
546 4642 761 4709 fuerat,
794 4640 1215 4695 citatitionibus
1271 4642 1425 4710 (cap.
1486 4641 1540 4707 3,
1573 4656 1734 4694 num.
1771 4639 1856 4710 14,
1883 4644 1938 4695 et
1968 4657 2095 4712 cap.
2159 4642 2244 4709 19,
2296 4657 2456 4695 num.
2491 4641 2600 4710 2|),
2643 4641 2799 4695 hunc
2831 4640 3046 4693 librum
3096 4654 3202 4707 pro
3235 4636 3525 4690 concione
3554 4650 3702 4705 pro-

234 4730 539 4785 nuntiatum
562 4745 725 4785 esse.
761 4730 926 4784 Illum
962 4734 1152 4784 tamen
1192 4744 1305 4783 una
1328 4729 1653 4801 eademque
1703 4729 1933 4784 actione
1964 4731 2301 4785 absolutum
2349 4731 2587 4784 minime
2618 4733 2911 4799 putamus,
2946 4744 3079 4781 cum
3131 4730 3347 4797 praeter
3396 4741 3530 4780 cum
3563 4740 3697 4780 ser-

236 4832 449 4873 monem
476 4821 583 4891 qui
611 4820 673 4874 in
705 4819 890 4874 Natali
918 4819 1333 4889 Apostolorum
1366 4820 1518 4889 (cap.
1581 4819 1666 4888 19,
1714 4835 1874 4874 num.
1928 4819 2071 4889 121),
2106 4820 2277 4874 tertio
2323 4819 2597 4873 nimirum
2643 4817 2770 4871 Kal.
2823 4816 3033 4885 Julius,
3094 4815 3332 4870 habitus
3386 4814 3512 4884 fuit,
3547 4813 3701 4868 alius

231 4908 285 4958 ut
310 4908 609 4963 minimum
642 4925 761 4963 non
801 4909 1055 4964 obscure
1112 4907 1298 4963 notari
1365 4908 1577 4979 possit.
1635 4909 1760 4963 Nec
1815 4908 2010 4964 minus
2059 4910 2232 4963 etiam
2277 4911 2503 4962 certum
2550 4906 2784 4960 videtur
2831 4921 3007 4976 opere
3038 4904 3126 4960 De
3174 4904 3371 4960 viduis
3407 4903 3699 4975 posterio-

236 5010 344 5051 rem
372 4996 529 5053 hunc
558 4998 775 5053 librum
805 5014 963 5068 esse,
1005 5013 1073 5051 ac
1121 4998 1368 5068 proinde
1399 5013 1574 5068 anno,
1616 5001 1679 5053 ut
1722 4997 2217 5053 verisimillimum
2257 5000 2368 5068 est,
2408 4996 2532 5065 8'78,
2584 4994 2759 5067 idque
2790 4997 2998 5050 exacto
3053 5010 3259 5050 mense
3307 4993 3507 5064 Junio,
3572 4992 3696 5048 elu-

239 5084 547 5141 cubratum.
