3932 6152
375 307 498 372 279
1627 320 1630 323 ·
1841 295 1909 361 S.
1953 289 2394 358 AMBROSII.

383 481 3742 514 WM

983 657 1884 836 SANCTI
2021 513 3242 830 amusos“

1552 944 2248 1008 MEDIOLANENSIS
2297 943 2699 1006 EPISCOPI-

1340 1160 1580 1317 DE
1672 1156 2899 1317 VIBGINITATE

1783 1439 2040 1502 LIBER
2083 1438 2314 1502 UNUS
2359 1439 2462 1522 (1).

2081 1735 2141 1796 Α
2171 1756 2354 1809 mater
2374 1754 2588 1809 eventu
2616 1750 2794 1807 haesit
2811 1749 3112 1822 ambiguo,
3147 1747 3287 1803 dum
3314 1743 3519 1818 judicii
3541 1741 3796 1814 periclita-

2168 1848 2266 1900 tur
2291 1844 2537 1898 incerto.
2581 1841 2726 1897 Haec
2757 1840 2894 1895 licet
2924 1855 2984 1894 1n
3015 1839 3206 1910 ﬁgura
3264 1832 3664 1906 superioribus
3707 1831 3807 1885 sint

2170 1934 2323 1989 facta
2354 1931 2743 2002 temporibus,
2770 1929 2990 2000 scripta
3022 1929 3161 1982 sunt
3189 1928 3386 1980 tamen
3407 1923 3478 1978 ad
3506 1920 3803 1990 correptio-

2172 2038 2304 2078 nem
2337 2023 2601 2076 nostram
2629 2019 2687 2090 (Ι
2702 2019 2838 2074 Cor.
2872 2035 2932 2086 x,
2967 2015 3090 2087 ll);
3135 2017 3198 2071 ut
3228 2013 3619 2085 intelligamus
3663 2007 3810 2080 prodi

2174 2111 2368 2168 omnia
2396 2124 2582 2182 posse
2606 2125 2742 2182 quae
2774 2109 2910 2162 ﬁcta
2930 2107 3069 2162 sunt
3085 2103 3185 2176 (5),
3210 2106 3268 2158 et
3301 2101 3494 2158 omnia
3523 2097 3810 2170 composita

2172 2200 2450 2256 revelari.

2244 2291 2296 2345 3.
2332 2290 2476 2345 Duae
2509 2289 2692 2362 igitur
2720 2287 2854 2342 istae
2886 2283 3187 2358 (quoniam
3223 2280 3591 2354 preposituin
3615 2279 3700 2334 est
3717 2291 3815 2331 no-

2174 2380 2270 2434 bis
2291 2379 2406 2434 hoc
2453 2379 2586 2434 loco
2627 2394 2746 2432 non
2775 2379 3027 2431 tractare
3059 2374 3130 2428 de
3170 2371 3250 2443 (6)
3280 2369 3645 2436 mulieribus,
3675 2366 3810 2434 duae,

818 1769 908 1835 21
921 1769 968 1834 3
997 1777 1250 1834 CAPUT
1282 1775 1608 1833 PRIMUM.

393 1906 510 1964 Ubi
537 1903 1172 1964 Salomonisjudicium
1203 1904 1368 1958 inter
1397 1901 1544 1956 duas
1574 1899 1861 1954 mulieres
1876 1898 2053 1952 latum

455 1978 749 2048 historico
761 1971 930 2032 modo
952 1975 1286 2038 enarravit,
1307 1973 1474 2048 addit
1496 1973 1603 2027 hoc
1625 1973 1812 2048 ipsum
1831 1971 2058 2048 idcirco

455 2046 1040 2107 litterismandatum
1064 2061 1220 2115 esse,
1245 2045 1330 2100 uti
1344 2061 1649 2100 noscamus
1667 2044 1765 2097 vel
1783 2043 2058 2096 recondi-

463 2121 698 2180 tissima
734 2121 797 2174 in
845 2119 1030 2175 luccm
1074 2117 1290 2190 promi.
1324 2116 1557 2190 Deinde
1606 2115 1682 2190 ad
1709 2115 2062 2186 mysterium

459 2207 808 2260 conversus,
829 2190 1042 2246 falsam
1064 2187 1314 2244 matrem
1358 2188 1432 2243 de
1459 2187 1814 2260 tentationc,
1865 2201 2064 2260 verum

459 2263 694 2332 deiide,
717 2256 1082 2332 machwram,
1095 2260 1170 2316 de
1204 2259 1387 2332 verbo
1437 2259 1554 2314 Dei
1581 2259 1843 2330 exponit.
1882 2256 2064 2311 Deni-

460 2351 570 2410 que
601 2335 678 2391 ad
703 2333 1022 2390 historiam
1045 2331 1256 2404 Jeplite
1287 2331 1570 2386 lectorem
1582 2335 1778 2403 parat.

461 2444 514 2500 1.
530 2441 746 2498 Nobile
773 2441 926 2513 apud
949 2441 1182 2496 veteres
1213 2437 1548 2494 Salomonis
1571 2437 1714 2492 illud
1731 2436 1918 2491 fertur
1929 2433 2073 2490 fuis-

391 2551 460 2590 se
485 2531 780 2606 judicium
817 2529 935 2601 (III
949 2529 1097 2602 Reg.
1119 2526 1288 2598 111,16
1319 2531 1374 2582 et
1395 2527 1572 2599 seq.),
1606 2543 1741 2581 cum
1770 2541 1804 2580 a
1834 2524 2066 2580 duabus

392 2620 766 2695 litigantibus
823 2618 1176 2674 mulieribus
1219 2616 1630 2688 interpellatus
1667 2617 1875 2669 esset:
1929 2629 2072 2684 qua-

391 2727 526 2768 rum
546 2711 726 2766 altera
767 2723 1059 2764 conversa
1115 2723 1223 2780 per
1271 2721 1566 2776 somnum,
1602 2721 1736 2759 cum
1786 2702 2070 2758 infantem

397 2799 804 2876 oppressisset
835 2814 1031 2866 suum,
1061 2796 1400 2869 postulabat
1429 2795 1687 2850 alienum
1721 2809 1734 2849 :
1759 2793 1946 2847 altera
1968 2807 2073 2846 ve-

397 2893 447 2951 ri
490 2890 712 2948 amoris
777 2887 1040 2958 conscia,
1091 2889 1148 2942 et
1205 2886 1396 2958 culpae
1433 2883 1657 2950 nescia,
1716 2882 1900 2937 ﬁlium
1934 2879 2070 2952 jure

396 2981 704 3057 proprium
730 2977 1088 3034 vindicabat.
1123 2975 1385 3048 Utraque
1415 2974 1597 3047 igitur
1617 2973 2073 3044 perseveranter

399 3073 640 3141 nitente,
675 3067 1004 3143 cognitoris
1033 3065 1210 3122 haesit
1237 3065 1521 3133 intentio;
1573 3079 1692 3118 non
1723 3061 1878 3118 enim
1908 3063 2072 3132 pote-
2106 3061 2156 3124 Β

399 3164 490 3218 rat
517 3160 797 3217 Salomon
825 3157 1048 3212 arbiter
1078 3171 1216 3211 esse
1238 3153 1538 3209 interioris
1559 3151 1781 3220 arcani,
1810 3167 1944 3206 cum
1973 3165 2071 3220 pe-

399 3251 580 3308 tentis
609 3248 921 3320 utriusque
966 3243 1044 3316 (ἓ)
1085 3261 1255 3300 mens
1286 3245 1450 3298 esset
1480 3241 1788 3298 occultior.
1842 3240 2071 3294 Eventu

403 3340 734 3398 conventus
765 3335 1045 3408 ambiguo
1076 3334 1434 3389 machaeram
1463 3331 1653 3402 promi
1680 3329 1888 3402 jussit,
1912 3345 2094 3395 mane

403 3431 656 3502 datoque
667 3425 960 3483 ministris
981 3440 1097 3498 quo
1115 3423 1462 3480 simularent
1475 3421 1644 3475 triste
1657 3418 2049 3474 ministerium
2060 3459 2076 3488 ,

404 3519 588 3574 dividi
613 3516 800 3591 jussit
828 3515 1130 3584 infantem,
1163 3515 1225 3568 ut
1261 3511 1518 3584 singulae
1548 3509 1833 3565 mulieres
1867 3508 2075 3580 singu-

417 3607 510 3664 las
547 3609 748 3680 partes
800 3605 1292 3676 adipiscerentur.
1339 3599 1466 3667 Quo
1505 3599 1724 3669 audito,
1759 3599 1916 3654 illam
1944 3614 2078 3670 quae

406 3697 642 3771 petebat
679 3695 958 3763 alienum,
1003 3709 1122 3749 non
1163 3691 1358 3748 solum
1416 3688 1735 3761 acquievit,
1769 3687 1876 3742 se'd
1905 3687 2078 3742 etiam

407 3786 766 3843 divisionem
794 3783 1024 3856 parvuli
1057 3781 1446 3853 dep0poscit,
1489 3778 1649 3834 nullo
1693 3776 1906 3832 affectu
1941 3793 2081 3832 con-

407 3879 584 3935 venta
611 3877 877 3932 materno
924 3873 1021 3944 (3).
1055 3871 1161 3926 llla
1191 3886 1332 3926 vero
1373 3885 1506 3942 quae
1536 3884 1710 3923 suum
1739 3867 1964 3922 sciebat
1995 3867 2081 3920 in-

407 3966 650 4037 fantem,
681 3980 801 4021 non
845 3963 1008 4020 vinci
1048 3963 1320 4018 metuens
1341 4001 1356 4030 ,
1405 3957 1512 4014 sed
1543 3956 1742 4012 orbari
1770 3971 1782 4011 :
1819 3971 1928 4010 nec
1954 3954 2080 4027 jam

410 4055 624 4114 solatio
651 4052 914 4130 proprio,
946 4051 1054 4108 sed
1104 4049 1342 4122 pignori
1387 4063 1498 4103 suo
1532 4045 1877 4113 consulens,
1911 4059 2081 4099 orare

369 4203 374 4207 .
409 4145 526 4202 hoc
547 4143 725 4216 cmpit
739 4145 803 4198 ut
831 4139 1146 4198 incolumis
1177 4137 1370 4212 magis
1401 4152 1550 4208 puer
1577 4134 1909 4191 traderetur
1941 4133 2083 4188 alie-

409 4251 526 4307 nm,
559 4249 737 4306 quam
763 4233 966 4287 sectus
995 4229 1056 4285 in
1086 4230 1286 4300 partes
1318 4225 1483 4280 matri
1517 4224 1774 4296 propriae
1807 4222 2084 4278 reddere-

409 4325 526 4382 tur.
560 4321 731 4380 Unde
758 4319 1037 4377 Salomon
1079 4319 1178 4390 qui
1225 4332 1344 4373 non
1381 4313 1690 4386 majestate
1742 4313 1939 4367 divina
1969 4312 2082 4383 (4),

2178 2470 2436 2542 inquam,
2467 2469 2599 2522 istae
2628 2467 2778 2522 ﬁdes
2809 2467 2920 2534 est,
2944 2468 3118 2535 atque
3134 2461 3398 2518 tentatio.
3428 2457 3701 2525 Tentatio,
3743 2455 3817 2508 in-

2179 2575 2374 2632 quam,
2409 2557 2740 2613 communis
2763 2555 2836 2609 ab
2860 2554 3024 2609 initio
3042 2556 3249 2607 auctor
3263 2549 3513 2618 erroris,
3539 2563 3666 2619 quae
3685 2545 3818 2616 post-

2183 2663 2359 2722 quam
2389 2647 2790 2719 posteritatem
2821 2659 2991 2699 suam
3037 2641 3296 2696 carnalis
3345 2639 3486 2693 vitio
3533 2649 3820 2692 conversa-

2184 2739 2386 2808 tionis,
2425 2740 2482 2793 et
2511 2751 2722 2792 somno
2754 2733 2968 2789 mentis
2989 2732 3214 2800 amisit,
3238 2727 3598 2802 posteritatis
3626 2725 3824 2783 fructus

2182 2827 2418 2882 auferre
2447 2828 2696 2882 conatur
2723 2823 2952 2878 alienae.
2985 2823 3184 2892 Itaque
3206 2820 3349 2874 dum
3379 2815 3612 2874 tentatio
3641 2813 3822 2884 litigat,

2184 2917 2334 2972 ﬁdes
2381 2917 2677 2980 fluctuat;
2725 2914 2915 2968 donec
2974 2909 3271 2964 machaera
3333 2906 3550 2962 Christi
3609 2904 3826 2958 latentes

2186 3005 2513 3078 distinguat
2540 3002 2809 3058 affectus.
2843 3001 2986 3067 Quae
3010 3002 3102 3054 est
3121 2999 3253 3053 haec
3281 2996 3576 3051 machaera
3592 2989 3823 3048 Christi?

2189 3095 2288 3149 Illa
2319 3095 2392 3150 de
2423 3109 2538 3165 qua
2571 3093 2857 3162 scriptum
2878 3094 3006 3144 est:
3045 3087 3320 3143 Gladium
3359 3085 3494 3141 veni
3535 3083 3758 3138 mittere
3777 3078 3827 3132 in

2193 3190 2418 3238 terram
2459 3182 2696 3252 (Matth.
2731 3199 2790 3251 χ,
2823 3181 2937 3251 34).
2971 3177 3078 3233 Est
3126 3177 3285 3232 enim
3337 3173 3590 3248 gladius,
3638 3170 3704 3224 de
3731 3181 3828 3238 quo

2191 3274 2478 3344 scriptum
2503 3275 2596 3326 est
2627 3287 2639 3326 :
2665 3271 2746 3326 Et
2772 3276 2926 3325 tuam
2959 3267 3149 3340 ipsius
3179 3266 3434 3320 animum
3459 3255 3830 3334 pax-transibit

2188 3362 2606 3435 gladius(Luc.
2643 3379 2703 3432 11,
2737 3361 2850 3429 35).
2900 3357 3046 3423 Quis
3095 3359 3288 3410 autem
3343 3353 3422 3408 sit
3451 3351 3546 3407 hic
3599 3346 3829 3422 gladius,

2189 3469 2323 3524 quae
2363 3451 2680 3520 machaera,
2731 3462 3031 3521 cognosce
3066 3461 3078 3500 :
3124 3443 3404 3512 Verbum,
3457 3439 3672 3512 inquit,
3715 3451 3836 3490 acu-

2195 3549 2334 3612 tum,
2355 3548 2412 3596 et
2441 3539 2713 3605 validum,
2750 3545 2808 3593 et
2837 3533 3280 3610 penetrabilius
3321 3531 3482 3587 omni
3513 3527 3704 3602 gladio
3722 3539 3835 3578 acu-

2195 3631 2450 3695 tissimo,
2479 3634 2814 3701 penetrans
2849 3642 3029 3698 usque
3062 3623 3138 3678 ad
3174 3621 3535 3678 divisionem
3568 3616 3760 3672 animm
3791 3616 3839 3665 et

2191 3721 2464 3792 spiritus,
2495 3725 2841 3790 artuumqnc
2881 3722 2940 3771 et
2970 3711 3362 3768 medullarum
3397 3708 3606 3780 (Hebr.
3641 3721 3716 3774 1v,
3739 3701 3830 3768 12).

2192 3810 2394 3864 Bonus
2417 3807 2652 3880 gladius
2684 3805 2930 3861 verbum
2961 3803 3062 3858 Dei
3095 3819 3110 3858 :
3141 3801 3340 3856 bonus
3373 3796 3626 3871 gladius,
3649 3792 3827 3862 utpote

2193 3899 2488 3952 scrutator
2508 3896 2708 3952 cordis
2737 3897 2794 3950 et
2815 3893 2996 3962 renis,
3028 3892 3130 3964 qui
3158 3887 3583 3945 mendaciuma
3608 3881 3826 3938 veritate

2193 3987 2512 4054 discernat,
2547 3989 2721 4057 atque
2767 3999 2874 4040 eos
2913 3997 3165 4054 quorum
3204 3979 3461 4034 animam
3499 3968 3834 4048 pertransis-

2195 4077 2270 4132 rit
2301 4092 2418 4132 non
2451 4074 2780 4143 interﬁciat,
2811 4072 2919 4128 sed
2955 4071 3244 4126 reservet.

2279 4165 2428 4230 215
2458 4163 2510 4220 4.
2535 4165 2677 4218 Haec
2698 4161 2966 4235 igiturde
2991 4161 3336 4232 Regnorum
3360 4155 3515 4212 dicta
3536 4152 3654 4208 sint
3681 4147 3837 4212 libro,

2201 4256 2504 4324 assumpta
2528 4253 2599 4307 de
2640 4267 2840 4320 causa,
2875 4249 2947 4304 de
2978 4247 3226 4304 historia
3264 4244 3583 4310 recensita,
3616 4241 3684 4295 de
3713 4250 3839 4291 con-

2205 4343 2452 4398 scientia
2481 4345 2780 4412 usurpata,
2813 4356 2888 4394 ex
2919 4339 3033 4393 ﬁde
3073 4339 3361 4408 prompta.
3394 4333 3566 4389 Nunc
3593 4329 3839 4384 decursa)

412 4408 1003 4510 ξθᾲειεειιξιιθηιίῇ,ξιι
1029 4401 2089 4510 1193Mi¥¢ﬁ¥i°rﬁfn214ifltéfr°8m
2125 4447 2177 4510 C
2205 4447 2280 4487 ex
2327 4432 2480 4487 libro
2528 4401 2805 4486 Judicum
2872 4401 3264 4498 inspiciamus
3302 4423 3524 4479 seriem
3569 4414 3836 4474 lectionis.

413 4500 850 4591 “meum;
880 4497 966 4553 ί¹¹ί
1004 4497 1204 4570 Pw“
1251 4494 1544 4591 ἀυάίίὲθνίί
1589 4493 1901 4591 ῐῖθῗνωαπλ
1951 4506 2092 4591 θῗδθ
2129 4493 2176 4510 ν
2204 4521 2339 4577 Non
2369 4521 2523 4576 enim
2546 4519 2756 4574 otiosis
2794 4493 3174 4588 parricidium
3204 4513 3311 4568 fuit
3338 4511 3586 4567 auribus
3613 4503 3838 4561 audien-

421 4590 819 4681 r°d‘_199d“m1
843 4604 1018 4681 (illam
1049 4601 1252 4642 verum
1302 4583 1767 4681 m9‘”°m_ed°_‘°“
1810 4583 2088 4681 pravi“?
2203 4610 2362 4666 dum.
2396 4611 2592 4681 Itaque
2620 4583 2956 4678 repetamus
2993 4603 3321 4660 historiam.

411 4679 784 4752 prodidisset
815 4693 829 4734 :
862 4677 1020 4732 illam
1053 4691 1194 4732 vero
1213 4691 1389 4748 quam
1411 4672 1677 4729 morituri
1697 4669 1946 4742 parvulli
1990 4669 2094 4724 mi-

419 4767 746 4824 sericordia
775 4783 894 4824 non
915 4765 1207 4832 movebat,
1229 4766 1494 4820 exortem
1525 4760 1924 4834 pronuntiavit
1951 4773 2090 4814 esse

417 4857 664 4926 naturis,
695 4871 874 4929 quam
904 4857 1207 4911 exsortem
1239 4854 1386 4910 vidit
1405 4867 1546 4909 esse
1577 4850 1837 4924 pietatis.

491 4945 545 5000 2.
567 4944 801 5002 Veritas
833 4959 980 5017 ergo
1009 4959 1128 5000 non
1169 4943 1351 5008 latuit,
1387 4943 1492 4998 sed
1527 4944 1720 4996 tamen
1749 4955 1856 5012 per
1906 4938 2088 4993 simu-

419 5033 700 5092 lationem
727 5032 971 5090 alterius
1015 5031 1318 5087 tluctuavit
1369 5047 1382 5088 :
1445 5031 1664 5102 diuque
1714 5029 1888 5084 etiam
1930 5027 2090 5082 bona

2867 4729 3118 4787 CAPUT
3149 4729 3216 4784 ll.

2200 4861 2608 4932 Nuncupatum
2651 4877 2684 4932 a
2736 4857 2946 4932 Jephte
3004 4856 3064 4932 in
3108 4871 3349 4932 pugni!“
3386 4858 3606 4916 votum,
3659 4846 3844 4900 reatus

2275 4923 2534 5004 qjusilem
2587 4923 2818 5004 adepta-
2847 4923 3126 5004 victoria,
3162 4923 3219 4980 et
3261 4923 3400 5004 filia;
3417 4933 3694 5004 occursus
3737 4927 3846 5004 mch

2272 4991 2602 5072 morantur,
2644 4991 2713 5056 ιίἶ
2759 5017 2864 5074 quo
2903 4999 3020 5055 etsi
3065 4991 3282 5052 factum
3324 4991 3742 5055 damnandum,
3794 4995 3847 5034 III

2273 5147 2352 5218 (5)
2381 5146 2599 5218 Omnes
2631 5144 2768 5218 edit.
2831 5145 2886 5198 et
2941 5140 3108 5218 pauci
3158 5155 3331 5218 mss.,
3364 5154 3490 5218 qua)
3512 5133 3664 5218 facta
3690 5128 3847 5218 sunt:

2204 5221 2262 5273 at
2277 5198 2792 5290 ‘i'éli'qiiiﬁlénus',
2844 5198 2969 5286 quae
3003 5213 3140 5267 [icta
3189 5198 3328 5264 sunt
3347 5198 3460 5272 {ut
3497 5205 3568 5260 de
3599 5198 3847 5257 simulata

2203 5293 2388 5346 matre
2419 5287 2841 5360 intelligantur.

2275 5336 2889 5432 {EfIITﬁEé'éT’Xliciabt
2941 5357 3076 5432 ante
3109 5352 3354 5432 verbum
3397 5336 3850 5432 unctui-enecat

2205 5417 2460 5505 negatio,
2487 5417 2824 5505 forsannon
2847 5427 3016 5482 male.
3044 5424 3198 5505 Intra
3229 5437 3370 5477 vero
3391 5422 3543 5505 post.
3557 5417 3703 5470 duos
3733 5423 3849 5504 ver:

2205 5491 2334 5570 sus,
2360 5491 2461 5558 ubi
2489 5502 2626 5557 edit.
2652 5504 2708 5555 et
2741 5516 2884 5554 mss.
2919 5496 3206 5563 nonnulli,
3223 5491 3850 5570 posteritatenrsuain

2207 5557 2426 5630 ultimae
2459 5573 2594 5628 edit.
2624 5571 2790 5626 Paris
2800 5557 3205 5642 posteriorem
3219 5557 3401 5642 ὲιιεζων
3423 5577 3570 5615 Μεθ’
3605 5557 3850 5642 ΡιθξἛίίυθ

2207 5625 2899 5718 es'l-i‘ib'ent;potestatem
2921 5655 3104 5695 suam.
3140 5638 3272 5693 Non
3302 5625 3416 5691 tam
3450 5625 3769 5687 commode.

494 5176 574 5248 (l)
604 5175 1002 5248 Seriptrcirca
1031 5189 1167 5228 ann.
1199 5173 1326 5229 3'78.

493 5241 574 5322 (2)
619 5241 768 5304 Mss.
811 5247 948 5312 duo,
1005 5262 1132 5300 cum
1161 5244 1437 5322 par_cntis
1481 5243 1806 5314 utriusque.
1852 5241 2089 5322 Rursus

421 5316 564 5395 post
587 5335 775 5395 pauca
803 5334 953 5374 mss.
987 5316 1216 5395 omnes,
1241 5316 1482 5395 ventu
1497 5320 1840 5395 conreptus,
1868 5316 1980 5395 etc;

497 5392 575 5464 (3)
587 5383 704 5447 ’Sic
721 5405 928 5464 omnes
957 5383 1636 5464 mss.get'edit._a_r_nerb.,
1663 5384 1832 5438 Eras.
1867 5383 2088 5464 ac‘Gill.

424 5465 486 5520 in
506 5455 764 5535 corpore
807 5477 820 5518 :
853 5460 1232 5516 Eras.autem
1262 5461 1319 5513 et
1345 5457 1480 5514 Gill.
1516 5457 1574 5510 in
1593 5468 1781 5528 marg.
1815 5471 1884 5510 ac
1918 5455 2088 5509 Rom.

425 5535 564 5593 edit.
587 5536 649 5591 in
671 5549 858 5604 corp.,
883 5537 1161 5588 commota
1180 5536 1466 5604 materno.

497 5607 580 5676 (4)
609 5607 757 5662 Mss.
777 5596 1160 5676 'complures,
1193 5601 1572 5676 majestatcm
1604 5597 1896 5676 {iii/imm.
1957 5596 2105 5676 Non‘

427 5669 600 5748 male,
634 5677 688 5734 si
717 5669 1093 5748 referat-tired
1113 5669 1568 5748 interrogabat;
1602 5669 1758 5748 idem
1777 5670 1930 5748 enim
1957 5669 2086 5735 erit,

427 5763 500 5806 ac
520 5738 710 5826 Deum
735 5763 856 5806 non
886 5743 1255 5816 consulebat,
1288 5738 1686 5817 ut'prophetae
1715 5738 1926 5796 solent.
