4060 6158
272 302 379 369 281

1460 302 1723 369 LIBER
1763 301 1875 369 DE
1917 301 2490 371 VIRGINITATE.

3590 310 3709 380 282

336 507 609 589 solvendo
640 510 833 589 tamen
870 512 1002 563 voto
1032 505 1184 589 fides
1215 523 1329 564 non
1360 507 1768 589 improbanda.
1807 488 2006 589 Curi
2036 512 2094 566 et
2140 512 2213 566 ad
2267 527 2540 583 praesens
2582 510 2820 585 factum,
2874 516 2931 570 et
2975 516 3036 571 in
3078 515 3309 589 reliquo
3360 520 3707 576 conveniret

335 582 485 636 Deus
495 598 620 635 cum
634 578 895 634 Abrahae
907 579 1171 634 sacrifici
1176 598 1265 633 um
1274 580 1425 651 prob
1434 578 1492 634 ib
1501 580 1924 651 uisset,Jeplite

324 653 612 725 parricidi
617 669 705 705 um
726 668 837 706 non
854 652 1219 723 impedierit,
1235 652 1598 723 disputatur.

333 778 381 833 5.
411 778 619 849 Jephte
654 776 844 849 judex
873 776 1218 832 Judaeorum
1256 775 1383 830 fuit.
1432 775 1489 830 Is
1534 777 1750 831 eventu
1780 775 1922 830 belli

274 869 623 923 conflictatus
638 866 939 939 ambiguo,
955 866 1416 938 proeliorumque
1434 866 1664 921 veritus
1678 865 1921 936 incerta,

270 961 451 1013 votum
474 956 726 1027 ('7)vovit
743 955 1090 1027 hujusmodi
1110 955 1162 1011 si
1177 954 1560 1009 adversarios
1574 954 1922 1026 depulisset,

269 1051 324 1103 ut
348 1045 625 1119 quidquid
654 1045 708 1100 ei
736 1046 997 1117 primum
1027 1045 1179 1099 intra
1212 1045 1424 1099 domus
1457 1060 1583 1099 suae
1616 1044 1795 1099 limen
1826 1059 1923 1099 oc-

268 1136 557 1205 currisset,
581 1134 837 1189 hostiam
862 1134 1191 1190 immolaret
1220 1134 1342 1189 Deo
1365 1133 1463 1204 (8),
1488 1149 1733 1189 suorum
1762 1150 1921 1203 prae-

268 1228 369 1283 suli
403 1223 835 1296 triumphorum
874 1224 1090 1295 (Judie.
1124 1241 1205 1294 xx,
1241 1224 1330 1293 30,
1379 1222 1490 1287 31).
1534 1223 1733 1294 Itaque
1764 1223 1921 1279 bello

266 1318 487 1389 potitus,
541 1314 817 1386 fusisque
862 1314 1159 1384 hostibus,
1204 1314 1442 1368 domum
1486 1312 1680 1383 rediit,
1717 1313 1811 1368 cui
1862 1313 1923 1368 in

265 1409 381 1479 ipso
407 1405 704 1461 vestibulo
736 1404 855 1459 ﬁlia
884 1419 1110 1459 memor
1137 1404 1393 1474 pietatis,
1427 1403 1634 1475 ignara
1667 1402 1919 1458 oblatio-

265 1499 347 1551 nis
380 1495 659 1550 occurrit.
692 1492 810 1549 Sed
832 1494 1179 1548 recordatus
1202 1493 1360 1547 illico
1381 1495 1566 1563 pater,
1592 1495 1649 1547 et
1665 1493 1921 1563 propriae

264 1584 594 1657 sponsionis
626 1582 989 1653 admonitus,
1018 1582 1306 1654 ingemuit
1343 1581 1612 1637 solvendi
1655 1581 1919 1637 muneris

261 1674 654 1746 sponsionem,
689 1672 819 1727 Heu
847 1688 957 1738 me,
1006 1672 1213 1743 inquit,
1247 1670 1391 1737 lilia,
1424 1671 1757 1743 perdidisti
1793 1688 1918 1736 me;

261 1780 355 1836 ego
382 1764 536 1817 enim
566 1763 779 1833 aperui
810 1778 876 1817 os
904 1777 1094 1816 meum
1126 1762 1200 1816 de
1219 1767 1277 1815 te
1308 1759 1383 1815 ad
1403 1761 1711 1815 Dominum
1733 1760 1912 1829 (Ibid.

2037 601 2391 672 exemplum.
2424 601 2541 657 Ubi
2560 619 2702 658 vero
2730 602 2855 675 jam
2884 607 3307 675 praecessisset
3349 605 3703 680 exemplum,

2036 692 2446 745 necessarium
2495 706 2613 746 non
2658 692 2948 764 judicavit
2990 696 3332 752 oraculum:
3392 714 3524 753 cum
3567 697 3706 754 facti

2036 779 2225 834 forma
2255 780 2476 836 veteris
2506 781 2647 852 quid
2679 782 2806 837 ﬁeri
2838 786 3153 854 oporteret,
3189 786 3464 841 ostendit.

2103 869 2157 923 9.
2200 871 2316 924 Aut
2346 869 2602 925 fortasse
2636 871 2773 942 quia
2812 887 2931 926 non
2971 888 3086 927 una
3116 872 3303 928 forma
3334 877 3700 932 meritorum.

2033 958 2166 1014 ideo
2195 975 2313 1014 non
2344 975 2460 1014 una
2508 959 2697 1015 forma
2742 960 3048 1016 factorum.
3091 963 3265 1018 Pater
3308 964 3510 1034 doluit,
3544 965 3706 1022 flevit

2032 1048 2189 1103 ﬁlia:
2236 1051 2483 1120 uterque
2534 1049 2606 1104 de
2656 1049 2759 1104 Dei
2810 1051 3190 1107 miseratione
3230 1052 3535 1108 dubitavit.
3568 1054 3702 1110 Non

2033 1138 2217 1194 doluit
2246 1138 2565 1208 Abraham,
2609 1154 2718 1194 nec
2759 1140 3057 1196 consuluit
3098 1142 3363 1212 parentis
3406 1141 3697 1199 affectum.

2032 1227 2148 1283 Ubi
2179 1227 2401 1283 audivit
2422 1226 2755 1285 Divinitatis
2773 1230 3097 1301 oraculum,
3125 1246 3244 1286 non
3267 1231 3493 1286 distulit
3510 1232 3700 1287 sacri-

2030 1317 2249 1384 ﬁcium,
2300 1319 2408 1372 sed
2459 1319 2770 1374 maturavit
2814 1320 3188 1392 obsequium.
3239 1321 3373 1375 Non
3415 1320 3703 1377 dubitavit

2028 1407 2193 1461 Isaac
2226 1406 2402 1478 (Ibid.
2434 1408 2511 1478 7),
2546 1424 2681 1463 cum
2727 1409 3053 1479 imparibus
3086 1413 3439 1482 sequeretur
3468 1413 3697 1482 patrem

2026 1496 2351 1567 passibus;
2385 1513 2504 1552 non
2535 1498 2713 1567 ﬂevit,
2764 1514 2898 1553 cum
2937 1498 3260 1571 ligaretur:
3312 1515 3431 1554 non
3464 1499 3700 1555 dilatio-

2028 1601 2163 1640 nem
2191 1587 2482 1657 p0poscit,
2517 1602 2648 1641 cum
2680 1584 3009 1642 offerretur.
3035 1587 3106 1641 Et
3135 1588 3267 1644 ideo
3289 1586 3701 1645 misericordia
3802 1600 3814 1611 ‘

2026 1674 2268 1747 largior,
2299 1675 2401 1730 ubi
2432 1675 2582 1731 ﬁdes
2612 1678 2957 1748 promptior.
2992 1676 3063 1731 Et
3092 1677 3249 1733 bene
3284 1694 3402 1732 non
3431 1678 3593 1733 flevit
3621 1679 3701 1734 fa-

2028 1767 2184 1819 ctum
2204 1765 2417 1835 patris:
2453 1766 2588 1837 quia
2610 1767 2770 1821 risus
2790 1769 2881 1821 est
2904 1766 3108 1821 matris
3131 1766 3304 1837 (Gen.
3325 1784 3449 1837 xxx,
3473 1767 3548 1839 6).
3584 1767 3696 1824 Pro

254 1853 352 1922 35).
386 1853 535 1907 Tum
567 1852 701 1907 illa:
733 1851 982 1923 Opater,
1003 1851 1137 1905 siin
1157 1866 1246 1904 me
1264 1849 1558 1922 aperuisti
1580 1865 1646 1904 os
1664 1856 1820 1903 tuum
1843 1850 1920 1905 ad
1950 1866 2005 1933 Β
2027 1856 2141 1926 q’ua
2173 1854 2506 1910 devotionis
2537 1856 2928 1911 exsultatione
2960 1856 3091 1912 ovis
3122 1872 3229 1927 pro
3273 1856 3373 1911 illo
3399 1856 3577 1929 jussa
3607 1859 3699 1913 est

259 1942 573 2011 Dominum,
611 1941 707 1996 fac
737 1941 884 1995 mihi
904 1941 988 1994 ita
1013 1946 1071 1995 ut
1104 1940 1297 1994 exivit
1328 1940 1401 1994 de
1434 1954 1538 1993 ore
1571 1944 1665 1993 tuo
1687 1938 1912 2009 (Ibid.).

261 2032 505 2087 Duorum
523 2035 721 2086 tamen
737 2033 959 2085 tantum
979 2030 1276 2085 mensium
1292 2028 1559 2083 inducias
1573 2029 1913 2098 postulavit,

259 2121 430 2177 donec
450 2122 512 2176 in
534 2124 795 2176 montem
818 2119 1187 2188 ascenderet,
1212 2122 1269 2173 et
1300 2133 1483 2188 super
1518 2118 1919 2189 virginitatem

258 2227 411 2266 suam
439 2212 632 2266 ﬂeret.
666 2210 889 2264 Deinde
913 2209 1147 2264 duobus
1169 2211 1307 2279 post
1326 2208 1554 2263 exactis
1583 2209 1917 2280 mensibus,

255 2302 524 2356 remeavit
571 2301 648 2354 ad
695 2302 940 2370 patrem.
992 2298 1205 2353 Votum
1259 2297 1358 2353 ille
1407 2298 1761 2369 complevit:
1817 2298 1914 2353 his

255 2391 394 2444 enim
424 2389 634 2444 verbis
664 2388 947 2443 utendum
976 2390 1088 2456 est,
1121 2386 1358 2458 quando
1388 2386 1689 2456 Scriptura
1719 2387 1917 2442 divina

255 2477 510 2534 effectum
540 2479 634 2533 rei
664 2493 783 2532 non
805 2476 1077 2548 prodidit,
1103 2475 1210 2530 sed
1230 2475 1451 2548 refugit
1482 2476 1581 2548 (9),
1614 2476 1916 2547 parricidii

254 2569 623 2624 mentionem.

312 2658 363 2712 6.
394 2658 545 2723 Quid
581 2658 800 2729 igitur?
831 2657 959 2712 Hoc
980 2655 1343 2727 probamus?
1371 2655 1610 2711 Minime
1630 2657 1913 2728 gentium.

255 2747 358 2803 Sed
399 2752 600 2802 tamen
647 2747 762 2801 etsi
804 2745 1184 2818 parricidium
1244 2760 1361 2799 non
1412 2745 1622 2815 probo,
1675 2746 1916 2802 adverto

256 2837 711 2907 praevaricandae
760 2839 978 2892 metum
1028 2838 1085 2890 et
1128 2834 1503 2889 formidinem
1545 2836 1912 2904 sponsionis.

256 2926 507 2999 Denique
540 2927 616 2981 ad
649 2924 945 2980 Abraham
978 2926 1198 2981 dictum
1227 2929 1351 2981 est:
1396 2926 1571 2983 Nunc
1618 2926 1743 2980 seio
1782 2925 1914 2997 quia

257 3031 404 3070 amas
431 3017 747 3070 Dominum
787 3015 971 3070 Deum
1021 3021 1215 3069 tuum:
1253 3016 1385 3087 quia
1436 3031 1547 3069 non
1586 3015 1919 3086 pepercisti

256 3107 408 3161 unico
428 3105 554 3160 ﬁlio
579 3105 862 3174 tuo(Gen.
884 3123 1030 3175 χχιι,
1052 3105 1161 3175 13).
1184 3105 1384 3160 Habes
1408 3105 1590 3177 igitur
1611 3104 1913 3174 indicium,

2027 1944 2337 2014 immolari,
2371 1946 2507 2017 quia
2530 1960 2596 2000 se
2620 1946 2747 2015 ipse
2766 1961 2883 2000 non
2903 1945 3209 2001 distulerat
3232 1945 3693 2002 immolandum:

2025 2049 2135 2088 nec
2166 2034 2237 2090 de
2272 2035 2377 2089 Dei
2406 2034 2787 2090 miseratione
2819 2034 3160 2107 ambiguus,
3184 2051 3295 2090 nec
3312 2035 3383 2090 de
3406 2035 3696 2091 suidevo-

2024 2123 2182 2178 tione
2213 2123 2524 2178 sollicitus.
2558 2124 2745 2179 Nemo
2781 2124 2964 2195 igitur
2992 2125 3270 2180 inventus
3302 2126 3414 2193 est,
3447 2125 3546 2199 qui
3578 2127 3697 2180 tam

2025 2214 2331 2267 cruentum
2377 2212 2561 2283 patris
2605 2216 2915 2268 revocaret
2952 2212 3261 2268 affectum:
3316 2213 3453 2284 quia
3500 2213 3694 2268 omnis

2021 2301 2366 2372 prommissi
2405 2301 2668 2357 muneris
2702 2302 3092 2357 conveniebat
3122 2302 3385 2357 ofﬁcium
3415 2301 3548 2373 (10).

2664 2444 2915 2500 CAPUT
2955 2445 3049 2500 ΙΙΙ.

2025 2569 2289 2627 Miratur
2318 2579 2561 2627 sanctus
2598 2573 2694 2626 vir
2726 2573 2877 2643 quod
2905 2588 3031 2627 cum
3062 2571 3275 2643 Jepbte
3299 2568 3695 2643 parricidium

2096 2589 2289 2627 iratur
2318 2589 2561 2627 sanetus
2598 2589 2694 2626 γη·
2766 2589 2874 2627 uou
2905 2589 3031 2627 eum
3062 2589 3275 2643 depnte
3299 2589 3695 2643 parriciamm

2096 2661 2266 2701 nemo
2278 2645 2676 2717 prohibuerit,
2695 2589 2877 2716 ειῗίᾳυί
2897 2643 3270 2717 virginitatis
3290 2647 3478 2697 votum
3494 2640 3695 2717 imple:

2098 2719 2158 2772 ri
2172 2711 2552 2789 prohibeant:
2577 2716 2713 2789 quin
2736 2711 2914 2771 etiam
2934 2711 3698 2789 ipsemetaccusetur,Quod

2100 2782 2187 2844 ne'
2203 2789 2370 2859 virgo
2388 2804 2560 2843 sacra
2576 2782 2848 2855 nuberet,
2872 2782 3148 2859 vetuerit.
3167 2785 3237 2859 Id
3248 2783 3432 2859 officii
3444 2785 3539 2838 sui
3550 2782 3697 2837 fuis-

2100 2878 2165 2914 se
2180 2856 2527 2914 nontantum
2542 2859 2830 2930 Baptista?
2844 2857 3109 2930 exemplo
3128 2863 3185 2930 et
3201 2856 3534 2930 Scripturae
3543 2870 3698 2930 pra?-

2100 2932 2311 3003 eeptis,
2327 2932 2435 2985 sed
2453 2924 2802 3003 etianiipsis
2819 2924 3129 3003 gentilium
3152 2924 3450 3003 institutis
3457 2924 3696 3003 probat:

2100 2997 2417 3057 ae'dcmum
2434 2997 2725 3072 praedicat
2744 2997 2910 3055 exweo
2936 3000 3368 3072 Virginitatemz
3391 2997 3542 3072 quod
3569 2997 3698 3051 Vir-

2097 3074 2273 3144 gines
2283 3068 2701 3145 resurgentem
2722 3072 3027 3126 Cbristum
3036 3068 3251 3143 prima}
3270 3068 3552 3123 viderint.

252 3211 354 3266 quo
384 3196 639 3251 docetur
667 3194 1177 3266 przsvaricandum
1206 3197 1427 3249 temere
1456 3210 1574 3248 non
1605 3210 1744 3249 esse
1774 3210 1915 3265 pro-
1948 3224 2005 3294 ο
2100 3201 2186 3255 10,
2236 3199 2604 3255 Sacriﬁcium
2636 3198 2830 3269 itaque
2880 3196 3195 3268 sanguinis
3238 3192 3591 3262 immolatur,
3642 3193 3701 3247 et

252 3285 511 3339 missum.
558 3284 781 3339 Verum
820 3284 941 3338 Deo
986 3283 1366 3353 parricidium
1412 3298 1530 3337 non
1575 3284 1814 3354 probari
1856 3284 1915 3338 in

253 3373 440 3428 eadem
462 3373 765 3428 asseritur
791 3372 1073 3427 lectione:
1110 3388 1243 3427 cum
1273 3387 1382 3442 pro
1414 3372 1534 3427 tilio
1567 3373 1699 3427 ovis
1730 3372 1917 3443 subji-

255 3462 390 3517 citur
415 3463 602 3534 (Ibid.
638 3463 748 3533 13),
781 3465 844 3517 ut
874 3463 1003 3534 ipsa
1031 3461 1229 3534 potius
1270 3478 1447 3533 quam
1494 3461 1652 3517 ﬁlius
1702 3462 1915 3518 ferire-

253 3554 353 3606 tur.

314 3641 362 3696 '7.
396 3641 620 3697 Habuit
668 3641 849 3713 igitur
894 3640 1105 3712 Jepthe
1137 3641 1296 3713 quod
1327 3642 1680 3712 sequeretur
1708 3656 1915 3697 exem-

253 3730 414 3801 plum,
447 3731 592 3803 quia
616 3731 901 3786 Dominus
920 3731 1214 3803 sanguine
1236 3746 1354 3785 non
1376 3730 1769 3785 delectaretur
1798 3730 1913 3786 hu-

253 3836 427 3876 mano.
460 3821 526 3875 In
560 3836 680 3875 uno
712 3819 867 3874 enim
914 3820 1155 3874 oraculo
1199 3820 1272 3873 ad
1308 3820 1602 3874 Abraham
1645 3822 1913 3891 prompte

253 3908 433 3965 docuit
463 3910 724 3965 ﬁliorum
749 3909 999 3964 salutem
1016 3909 1327 3981 religionis
1358 3909 1649 3981 obsequio
1672 3909 1914 3979 postha-

253 3996 487 4053 bendam
515 4016 528 4054 :
571 3997 770 4053 offerri
790 3986 1185 4068 aparentibus
1208 3999 1326 4053 Deo
1351 3998 1569 4053 debere
1594 3997 1770 4065 ﬁlios,
1795 4014 1914 4053 non

255 4087 453 4143 debere
500 4087 790 4160 jugulari.
825 4086 995 4141 Certe
1036 4103 1168 4141 cum
1210 4087 1307 4141 hic
1346 4087 1464 4141 ﬁlia
1502 4089 1619 4141 tam
1660 4087 1915 4142 sollicita

256 4174 414 4231 fuerit
461 4177 536 4232 de
588 4176 772 4248 patris
818 4178 976 4244 voto,
1029 4191 1137 4230 cur
1182 4179 1348 4247 pater
1394 4191 1512 4230 non
1561 4175 1917 4231 dubitaverit

256 4264 319 4319 de
371 4267 506 4321 ﬁliae
559 4265 915 4336 parricidio:
974 4268 1031 4320 et
1099 4281 1231 4319 cum
1288 4265 1387 4319 illa
1451 4268 1760 4336 paternum
1813 4282 1915 4319 ca-

255 4356 389 4409 verit
443 4355 839 4424 mendacium,
900 4354 1013 4411 iste
1071 4354 1207 4409 ﬁliae
1260 4370 1379 4409 non
1434 4355 1656 4410 caverit
1705 4355 1913 4410 interi-

256 4445 401 4498 tum?

316 4533 364 4586 8.
426 4533 593 4588 Dicet
639 4533 895 4603 aliquis:
946 4532 1070 4598 Qua
1129 4533 1355 4588 ratione
1420 4533 1541 4587 illic
1590 4533 1753 4589 Deus
1796 4549 1917 4589 non

322 4580 364 4586 --
426 4580 592 4588 ,ην
640 4580 895 4603 ην--.
954 4580 1070 4598 ππ
1129 4580 1352 4588 -_---..-
1420 4580 1540 4587 -.-η
1591 4580 1752 4589 ,ηπ
1796 4580 1917 4589 _---

258 4622 577 4689 permiserit
606 4622 990 4693 parricidium
1011 4622 1158 4692 ﬁeri,
1179 4622 1275 4677 hic
1294 4621 1373 4677 sit
1389 4638 1609 4693 passus
1630 4623 1908 4694 impleri?
1940 4580 2002 4657 Ῑ)

260 4715 544 4791 Numquid
572 4721 851 4789 acceptor
894 4734 1286 4789 personarum
1322 4720 1532 4775 Deus?
1572 4712 1718 4776 216
1760 4720 1914 4792 Non,

262 4808 354 4860 sed
384 4810 726 4864 meritorum
767 4811 941 4879 atque
981 4809 1280 4863 virtutum.
1325 4809 1496 4865 Certe
1538 4810 1674 4865 dum
1711 4811 1913 4865 consi-

261 4892 387 4950 lium
416 4901 580 4953 esset
608 4897 970 4969 ambiguum,
1006 4897 1230 4970 signari
1272 4898 1474 4953 debuit
1503 4900 1742 4955 oraculo
1774 4900 1915 4971 quid

321 5039 393 5107 (Ἴ)
420 5040 562 5095 Cod.
596 5041 747 5095 bene
778 5040 963 5103 multi,
983 5040 1330 5112 plerumque
1357 5042 1550 5097 virtus
1562 5042 1795 5097 incerta
1822 5059 1915 5098 vo-

265 5114 385 5232 ξιιιιέ.
418 5116 529 5166 etc.
558 5128 570 5166 :
626 5112 731 5166 sed
779 5112 876 5166 alii
908 5115 1081 5184 atque
1121 5112 1284 5181 edit.,
1319 5113 1555 5182 melius,
1591 5118 1653 5169 ut
1686 5116 1743 5169 in
1775 5130 1915 5169 con-

285 5196 346 5232 ex
374 5200 426 5232 ιι.

285 5186 426 5235 extu.

324 5253 395 5319 (8)
426 5254 700 5326 Nonnulli
735 5270 904 5323 mss.,
932 5254 1137 5309 domus
1154 5270 1274 5308 suae
1293 5257 1658 5311 occurrisset
1677 5256 1911 5326 ostium,

265 5321 577 5379 immolaret
592 5324 732 5380 Deo.

323 5394 392 5462 (9)
423 5396 629 5470 Plures
678 5412 849 5455 mss.,
899 5394 1169 5451 effectum
1215 5395 1312 5451 rei
1358 5414 1470 5451 non
1510 5399 1905 5470 prodidisset,

267 5478 375 5538 quis
405 5467 645 5538 refugit,
678 5472 790 5522 etc.

324 5536 428 5601 (10)
457 5536 672 5611 Omnes
703 5539 866 5611 edit.,
907 5539 1039 5611 quia
1072 5540 1262 5593 omnis
1297 5540 1618 5611 promissio
1649 5540 1915 5595 muneris

270 5610 635 5682 conveniebat
664 5610 1154 5682 officiofplures
1198 5610 1370 5677 mss.,
1422 5612 1555 5682 quia
1595 5611 1671 5665 ad
1721 5624 1922 5666 omnes

270 5680 530 5747 promissi
555 5682 824 5739 muneris
839 5680 1234 5738 conveniebat
1263 5680 1522 5739 ofﬁcium
1544 5701 1564 5750 ;
1601 5682 1700 5738 alii
1728 5682 1921 5765 magis

2029 3305 2202 3346 nemo
2225 3292 2317 3344 est
2337 3289 2435 3361 qui
2458 3289 2726 3343 resistat:
2744 3285 3103 3340 sacriﬁcium
3127 3282 3414 3338 castitatis
3434 3279 3696 3350 otl‘ertur,

2030 3383 2087 3435 et
2125 3380 2225 3451 qui
2256 3378 2565 3449 prohibeat
2595 3375 2892 3432 invenitur
2920 3374 3052 3445 (11).
3102 3373 3278 3427 Pater
3317 3369 3701 3441 parricidium

2027 3468 2319 3540 promisit,
2354 3471 2410 3523 et
2441 3467 2729 3522 solvitur:
2771 3468 2938 3536 pater
2984 3461 3378 3534 integritatem
3412 3458 3550 3514 ﬁliae
3589 3474 3698 3513 vo-

2027 3558 2130 3628 vit,
2166 3560 2222 3613 et
2251 3560 2368 3612 tam
2405 3556 2519 3627 piae
2568 3554 2887 3610 oblationis
2925 3552 3220 3606 invidetur
3259 3547 3531 3603 affectus.
3574 3546 3700 3602 Illic

2028 3647 2147 3702 ﬁlia
2196 3646 2405 3702 dolens
2465 3644 2818 3717 sanguinem
2876 3658 3050 3697 suum
3099 3639 3307 3695 obtulit
3352 3652 3460 3710 pro
3509 3636 3696 3707 patria

2029 3736 2388 3808 sponsione:
2422 3735 2518 3789 hic
2534 3737 2652 3789 tam
2669 3734 2831 3804 pium
2857 3731 3218 3803 promissum
3244 3744 3352 3783 nec
3376 3724 3697 3782 haeredita-

2026 3826 2115 3882 rio
2146 3841 2410 3894 munere,
2446 3841 2554 3879 nec
2583 3823 2819 3895 propria
2853 3822 3106 3877 solvitur
3136 3819 3453 3874 voluntate.

2102 3917 2189 3972 11.
2223 3915 2350 3981 Quo
2380 3916 2441 3970 in
2473 3914 2712 3986 negotio
2749 3911 2922 3967 etiam
2970 3925 3082 3965 nos
3130 3922 3415 3963 vocamur
3461 3905 3523 3959 in
3573 3902 3702 3959 cul-

2030 4022 2183 4076 pam.
2232 4004 2417 4069 Quam
2465 4003 2744 4057 tandem?
2797 3999 2946 4066 Quia
2998 3998 3233 4068 nuptias
3285 3993 3700 4066 prohibuimus

2029 4093 2525 4149 ilicitas‘?Vocent
2545 4107 2689 4162 ergo
2712 4090 2772 4145 in
2793 4089 3059 4145 eamdem
3076 4086 3305 4156 culpam
3327 4084 3497 4139 eliam
3519 4083 3699 4138 Joan-

2030 4200 2164 4240 nem
2194 4183 2538 4253 Baptistam.
2575 4181 2645 4234 Et
2675 4195 2806 4234 cum
2838 4178 2994 4233 aliud
3027 4175 3173 4231 nihil
3204 4174 3354 4229 forte
3376 4173 3700 4227 habeamus

2030 4273 2186 4345 quod
2219 4272 2501 4342 probetur
2531 4271 2590 4323 in
2623 4268 2818 4335 nobis,
2868 4267 2982 4322 hoc
3032 4264 3228 4321 solum
3273 4261 3702 4317 condemnetur

2029 4362 2091 4417 in
2119 4361 2313 4427 nobis,
2348 4360 2505 4433 quod
2536 4359 2848 4430 probatum
2876 4359 2969 4412 est
2997 4355 3058 4409 in
3089 4352 3398 4426 prOpheta.
3434 4358 3524 4403 An
3554 4364 3695 4403 eru-

2029 4450 2395 4507 bescendum
2426 4448 2781 4520 protulimus
2802 4449 3102 4501 auctorem
3122 4446 3152 4498 ?
3182 4442 3366 4506 Quam
3396 4450 3540 4493 vero
3570 4452 3702 4490 cau-

2031 4557 2160 4596 sam
2211 4540 2384 4595 aliam
2438 4538 2642 4593 habuit
2688 4537 2787 4591 ille
2838 4532 3127 4603 martyrii,
3180 4528 3426 4600 repetite
3479 4525 3696 4580 animo.

2028 4630 2220 4686 Causa
2260 4629 2419 4683 illius
2457 4626 2759 4698 passionis
2799 4626 2959 4679 certe
2997 4622 3127 4675 haec
3167 4618 3308 4673 fuit:
3352 4616 3489 4671 Non
3528 4614 3694 4679 licet,

2029 4720 2238 4790 inquit,
2281 4717 2395 4773 tibi
2421 4731 2547 4772 eam
2581 4729 2822 4769 uxorem
2845 4711 3072 4765 habere
3095 4707 3332 4777 (illattb.
3367 4722 3494 4775 xw,
3528 4704 3605 4773 4).
3636 4703 3701 4758 Si

2029 4809 2142 4865 hoc
2160 4808 2230 4862 de
2250 4822 2435 4861 uxore
2450 4803 2729 4868 hominis,
2754 4802 2969 4872 quanto
2994 4798 3186 4870 magis
3208 4795 3281 4851 de
3304 4794 3536 4868 virgine
3560 4808 3701 4848 con-

2030 4894 2297 4953 secratal
2331 4895 2390 4950 Si
2422 4893 2536 4949 hoc
2566 4892 2693 4965 regi
2726 4889 2943 4944 dictum
2977 4889 3088 4956 est,
3123 4888 3340 4958 quanto
3374 4883 3570 4955 magis
3603 4881 3698 4937 di-

2030 5056 2327 5113 congrue,
2351 5037 2483 5113 quia
2514 5034 2705 5113 omnis
2737 5030 3104 5113 promissi...“
3125 5028 3419 5113 officium;
3448 5028 3549 5082 ubi
3581 5043 3701 5112 von

2028 5102 2284 5169 ofﬁevium
2303 5102 2469 5164 idem
2502 5102 2800 5179 signiﬁcat
2820 5106 2995 5175 atque
3016 5102 3232 5157 solutio
3253 5102 3382 5155 sive
3416 5102 3701 5170 promissi

2029 5185 2495 5334 exaigulsg‘gatio
2527 5267 2640 5334 non
2672 5250 2804 5304 ante
2837 5245 3019 5302 verba
3041 5244 3435 5334 inv‘enitur‘et
3465 5243 3697 5334 invidi?-

2030 5316 2148 5393 tur,
2184 5316 2242 5379 in
2276 5316 2413 5378 edit.
2463 5322 2753 5393 omnibus,
2786 5333 3097 5393 perperam
3145 5316 3478 5393 legebatur,
3512 5320 3689 5393 quam

2026 5387 2144 5452 nos
2170 5412 2246 5451 ex
2275 5411 2420 5449 mss.
2448 5394 2703 5448 omnium
2729 5387 2841 5445 ﬁde
2865 5387 3238 5442 sustulimus.
3266 5387 3479 5438 lterum
3501 5387 3695 5436 autem

2026 5468 2140 5523 hoc
2154 5468 2283 5523 loco
2296 5464 2717 5520 mss.nonnul|i
2736 5461 2957 5535 abaliis
2970 5457 3509 5535 abeunt,qu_od,pro
3518 5459 3695 5535 pater

2026 5540 2438 5666 ﬁtegritatem
2487 5536 2626 5597 ﬁliae
2690 5533 2867 5598 vovit,
2922 5528 3245 5599 exhibent,’
3282 5528 3692 5613 integritatem

2046 5630 2065 5666 ι
2094 5613 2149 5665 ia
2176 5610 2369 5665 novit.
