4060 6158
426 246 549 317 283

422 458 674 518 cendum
716 453 997 530 privatisl
1031 452 1282 525 QGratias
1329 454 1529 526 itaque
1576 453 1896 524 Divinitati,
1931 454 2088 525 quod
2115 431 2169 496 Α

422 550 519 608 hic
551 549 748 605 nullus
782 547 1074 616 Herodes,
1107 548 1281 618 atque
1313 544 1532 602 utinam
1562 545 1722 600 nulla
1752 542 2044 600 Herodias
2070 542 2083 599 l

500 631 587 695 21
602 631 647 694 7
681 639 765 693 12.
790 637 1099 694 Nonlicuit
1116 653 1260 711 ergo
1280 654 1385 710 pro
1399 638 1734 711 virginitate
1749 655 2086 695 sermonem

420 727 619 783 dicere
635 729 664 783 ?
686 727 757 782 Et
778 744 885 783 cur
914 727 1200 798 scriptum
1217 730 1345 783 est:
1389 728 1662 783 Judicate
1688 728 1991 800 pupillum,
2025 734 2085 784 et

405 815 742 889 justiﬁcate
770 815 1000 871 viduam
1022 817 1159 886 (Isa.
1192 817 1377 885 1,17)?
1409 816 1476 871 Et
1508 833 1616 871 cur
1645 818 1933 888 scriptum
1958 822 2079 873 est:

418 904 631 963 Patris
662 906 1075 977 orpbanorum,
1097 911 1155 960 et
1170 905 1402 978 judicis
1430 906 1735 961 viduarum
1753 906 1866 976 (12)
1890 906 2079 976 (Psal.

418 1012 596 1065 vau,
626 995 721 1065 6)?
751 994 910 1068 Ergo
930 995 1295 1051 castimoniae
1317 999 1373 1050 et
1394 995 1717 1068 integritati
1737 996 1965 1052 deditas
1983 997 2084 1053 de-

419 1099 711 1153 seremus,
745 1087 844 1138 aut
872 1084 1044 1139 etiam
1085 1085 1609 1140 condemnabimus
1630 1087 1659 1141 ?

491 1172 577 1229 13.
612 1175 687 1228 At
717 1176 874 1229 certe
904 1174 1055 1245 ipsis
1092 1175 1416 1247 gentilibus
1446 1176 1599 1231 inter
1636 1192 1773 1231 aras
1814 1179 1870 1231 et
1912 1176 2081 1232 focos

417 1262 777 1318 venerabilis
798 1263 950 1319 solet
980 1279 1118 1319 esse
1139 1264 1452 1336 virginitas
1482 1281 1494 1321 :
1518 1266 1650 1320 etin
1673 1265 1891 1337 quibus
1922 1266 2082 1321 nulla

417 1352 762 1406 meritorum
793 1354 885 1407 est
920 1353 1131 1423 pietas,
1172 1353 1332 1408 nulla
1376 1354 1589 1408 mentis
1627 1355 1978 1426 integritas;
2021 1355 2082 1410 in

417 1440 495 1496 iis
526 1442 720 1495 tamen
753 1440 951 1495 carnis
979 1441 1291 1513 virginitas
1324 1442 1698 1513 praedicatur.
1733 1444 1783 1497 Α
1815 1443 2081 1514 profanis

420 1528 601 1600 igitur
630 1530 1002 1585 caeremoniis
1032 1530 1301 1602 virgines
1319 1547 1491 1586 nemo
1508 1531 1865 1602 prohibebit,
1881 1532 1955 1586 ab
1978 1532 2083 1587 Ec-

418 1616 599 1672 clesia
624 1617 728 1672 Dei
751 1618 1063 1691 virginitas
1084 1619 1419 1674 arcebitur?
1442 1620 1565 1674 lllic
1588 1623 1902 1691 coguntur,
1922 1621 2081 1692 quod

416 1721 535 1762 non
573 1706 894 1777 docentur;
927 1707 1022 1762 hic
1052 1708 1421 1764 interdicitur
1451 1709 1608 1780 quod
1648 1726 1766 1764 non
1797 1709 1931 1764 licet
1962 1725 2080 1764 non

1939 243 2004 308 S.
2053 244 2474 314 AMBROSII

3737 277 3841 345 284

2272 457 2733 564 efferimur
2761 480 2888 564 q'uae
2916 464 2990 519 de
3023 466 3259 564 Eligisti
3279 486 3402 564 cum
3424 473 3547 546 ipsa
3576 479 3834 564 colloquio

2271 528 2733 622 leguli-nturapud
2772 528 3054 617 iloannem
3094 528 3833 622 Evangelist'am,

2272 606 2905 675 sensujucuudissime
2928 606 3294 681 percurrit:
3544 606 3555 613 ’
3614 665 3618 668 1

2272 725 2357 782 15.
2396 728 2521 783 Hoc
2552 730 2683 785 loco
2715 748 2831 787 non
2866 736 3221 794 mediocrem
3259 742 3540 799 advertite
3572 750 3835 818 quaestio-

2197 834 2352 888 nem,
2386 837 2458 875 ne
2490 822 2756 877 dubitare
2787 825 2859 879 de
2908 830 3345 885 resurrectione
3390 832 3635 904 Domini,
3666 838 3837 909 virgi.

2198 924 2327 979 nes,
2358 910 2642 967 debeatis.
2678 913 2884 969 Videte
2907 918 3063 987 quod
3096 919 3367 975 meritum
3402 938 3517 977 non
3557 925 3680 979 sola
3718 942 3838 982 car-

2196 998 2292 1053 nis
2314 1000 2629 1072 virginitas
2650 1001 2789 1059 facit
2807 1004 2942 1074 (15),
2966 1006 3071 1060 sed
3091 1006 3264 1062 etiam
3289 1010 3501 1065 mentis
3523 1011 3836 1085 integritas.

2197 1087 2461 1160 Denique
2506 1090 2686 1144 Maria
2747 1092 3089 1165 Magdalena
3144 1096 3455 1153 Dominum
3517 1102 3841 1171 prohibetur

2196 1184 2461 1254 tangere,
2504 1184 2639 1254 quia
2689 1187 2932 1241 nutabat
2970 1188 3082 1257 (16)
3112 1180 3261 1245 218
3291 1189 3365 1243 de
3405 1191 3841 1247 resurrectionis

2195 1269 2329 1325 ﬁde.
2363 1271 2464 1326 Illa
2495 1272 2677 1345 igitur
2704 1276 2891 1347 tangit
2919 1275 3240 1347 Christum,
3274 1294 3409 1349 quae
3437 1278 3550 1334 ﬂde
3578 1279 3772 1352 tangit.

2266 1358 2352 1415 16.
2368 1362 2721 1433 Magdalena
2735 1370 2927 1419 autem
2949 1366 3144 1420 stabat
3161 1367 3237 1421 ad
3256 1373 3681 1423 monumentum
3702 1368 3841 1423 foris

2191 1448 2437 1521 plorans
2465 1451 2656 1520 (Joan.
2690 1470 2791 1522 xx,
2826 1452 2935 1523 11).
2969 1454 3113 1519 Quae
3151 1455 3297 1511 foris
3335 1460 3446 1528 est,
3479 1458 3664 1529 plorat
3700 1457 3837 1526 (17);

2194 1554 2327 1593 nam
2359 1557 2492 1612 quae
2522 1542 2682 1599 intus
2727 1546 2837 1609 est,
2882 1543 3116 1614 plorare
3163 1561 3279 1601 non
3310 1546 3493 1616 novit,
3529 1547 3717 1603 Plorat
3744 1564 3840 1604 au-

2193 1630 2330 1696 tem,
2355 1630 2492 1701 quia
2523 1647 2741 1702 corpus
2772 1648 2888 1688 non
2923 1632 3080 1689 videt
3109 1633 3364 1691 Christi:
3399 1639 3455 1691 et
3477 1636 3721 1708 periisse
3747 1654 3839 1708 pu-

2191 1720 2312 1787 tat;
2355 1719 2490 1790 quia
2522 1720 2650 1790 ipsa
2699 1737 2815 1775 non
2849 1722 3055 1776 cernit.
3093 1722 3251 1795 Ergo
3302 1724 3484 1778 Maria
3517 1724 3696 1781 foris:
3743 1726 3837 1781 sed

417 1786 669 1873 doceri?
698 1796 821 1851 Illic
852 1797 1114 1868 praemiis
1146 1800 1500 1853 revocantur
1527 1815 1560 1851 a
1591 1798 1832 1868 nuptiis,
1868 1798 1965 1854 hic
2007 1799 2080 1854 ad
2112 1810 2167 1875 Β
2192 1823 2309 1863 non
2345 1809 2573 1874 Petrus,
2600 1825 2716 1863 non
2747 1810 3006 1866 Joannes
3040 1811 3208 1867 foris.
3232 1813 3496 1885 Denique
3515 1814 3594 1868 illi
3618 1830 3839 1869 curren-

416 1885 652 1955 nuptias
668 1885 1412 1958 coarctabunturinjuriis‘?
1435 1887 1557 1941 lllic
1570 1887 1843 1943 violentia
1865 1888 1927 1942 tit
1943 1888 2078 1957 (13),

414 1975 479 2028 ut
500 1973 830 2045 capiantur:
865 1974 962 2028 hic
995 1975 1091 2030 ﬁet
1131 1976 1427 2045 violentia,
1462 1992 1535 2031 ne
1574 1977 1996 2047 profiteantur?
2025 1980 2084 2032 et

415 2065 613 2134 potest
648 2078 750 2118 ese
794 2064 1069 2134 patientia
1102 2066 1577 2134 sacerdotum,ut
1608 2082 1725 2120 non
1761 2066 1853 2121 vel
1895 2070 2080 2121 morte

416 2149 630 2222 oblata,
677 2152 788 2207 sita
837 2169 1087 2209 necesse
1124 2157 1234 2224 est,
1285 2154 1345 2209 in
1395 2154 1684 2226 tegritatis
1717 2155 2078 2211 sacrificium

421 2240 756 2297 vindicetur
774 2244 801 2298 ?

490 2328 576 2384 14.
600 2329 985 2387 Considerate
1015 2332 1151 2403 quia
1181 2332 1448 2405 virgines
1495 2349 1619 2403 prae
1664 2333 1951 2403 apostolis
1981 2349 2080 2389 re-

416 2419 847 2474 surrectionem
875 2421 1105 2477 Domini
1140 2421 1340 2477 videre
1370 2424 1727 2476 meruerunt.
1764 2422 1933 2477 Certe
1968 2422 2082 2477 hoc

415 2506 614 2562 docuit
643 2507 927 2564 hodierna
959 2526 1092 2580 qum
1126 2510 1376 2565 decursa
1408 2515 1500 2565 est
1529 2511 1700 2566 lectio
1726 2527 1741 2580 ;
1783 2528 1914 2565 nam
1948 2528 2081 2566 cum

415 2594 477 2648 in
494 2610 648 2651 novo
662 2602 1059 2668 monumento,
1080 2600 1238 2653 sicut
1257 2600 1519 2655 Joannes
1542 2600 1707 2667 dixit,
1730 2616 1947 2670 corpus
1970 2616 2080 2671 po-

416 2682 592 2737 situm
623 2689 787 2739 esset
819 2686 1047 2740 Domini
1081 2689 1269 2742 nostri
1300 2688 1445 2744 Jesu
1473 2688 1695 2743 Christi
1724 2689 1915 2757 (Joau.
1950 2706 2075 2757 XIX,

414 2769 504 2840 41,
528 2771 656 2841 42):
691 2773 749 2827 in
783 2789 893 2830 suo
924 2777 1116 2829 autem
1147 2781 1546 2845 monumento,
1580 2778 1735 2832 sicut
1755 2780 1843 2832 est
1867 2793 2081 2832 secun-

415 2861 554 2915 dum
586 2861 802 2917 librum
846 2863 1155 2936 Evangelii
1192 2866 1468 2935 Matthaei,
1500 2868 1805 2937 posuisset
1852 2865 2077 2937 Joseph

415 2950 648 3021 Domini
682 2968 900 3024 corpus
939 2954 1135 3022 (Matt.
1172 2973 1354 3025 xxvu,
1387 2955 1499 3025 60),
1534 2956 1932 3011 observabant
1961 2955 2080 3010 vir-

414 3039 610 3113 gines.
627 3041 785 3097 Bene
807 3045 864 3097 et
886 3042 1196 3099 Matthaeus
1212 3048 1652 3101 monumentum
1665 3045 2043 3101 dixitnovum
2062 3059 2076 3114 ;

2191 1901 2282 1951 tes
2314 1897 2710 1953 intraverunt:
2746 1902 2803 1952 et
2832 1900 2963 1954 ideo
2997 1917 3112 1955 non
3144 1902 3546 1972 ploraverunt,
3577 1906 3632 1958 et
3661 1907 3840 1975 gratu-

2191 1985 2381 2041 lantes
2411 1992 2811 2042 recesserunt.
2848 1988 2948 2043 Illa
2997 2006 3131 2061 quae
3180 2006 3298 2045 non
3342 1992 3622 2061 introivit,
3671 1993 3834 2055 ﬂevit.

2191 2090 2309 2130 non
2358 2076 2624 2144 credidit,
2676 2076 2881 2131 fraude
2927 2078 3224 2133 sublatum
3269 2081 3515 2151 putavit,
3567 2096 3671 2135 nec
3718 2096 3836 2136 cum

2191 2165 2440 2237 angelos
2472 2169 2761 2234 cerneret,
2801 2167 3159 2222 credendum
3188 2169 3604 2225 arbitrabatur.
3624 2169 3692 2224 Et
3721 2171 3837 2225 ideo

2191 2252 2393 2307 dicunt
2407 2254 2460 2309 ei
2491 2254 2703 2327 Angeli
2726 2269 2738 2310 :
2771 2255 3013 2324 Mulier,
3033 2257 3172 2328 quid
3182 2257 3388 2328 ploras
3403 2258 3431 2312 ?
3453 2275 3614 2331 quem
3638 2259 3838 2331 quc-eris

2191 2340 2370 2410 (Ibid.
2406 2342 2539 2411 13)?
2588 2343 2713 2399 Hoc
2762 2345 2959 2416 angeli
2992 2345 3211 2414 dicunt,
3247 2350 3304 2401 et
3336 2347 3621 2403 Dominus
3652 2350 3836 2418 postea

2191 2430 2404 2485 iisdem
2438 2432 2637 2486 verbis
2669 2434 2978 2504 repetivit;
3013 2438 3073 2489 ut
3103 2435 3310 2490 sciatis
3338 2438 3480 2508 quia
3511 2437 3836 2509 angelorum

2191 2519 2372 2573 verba
2401 2521 2669 2575 mandata
2702 2522 2821 2576 sint
2852 2523 3103 2579 Domini.

2266 2606 2352 2663 1'7.
2413 2610 2678 2681 Denique
2735 2612 2960 2681 eadem,
3019 2617 3082 2669 ut
3135 2614 3276 2683 dixi,
3337 2616 3522 2670 etiam
3577 2614 3840 2669 Dominus

2186 2698 2370 2752 verba
2399 2699 2670 2768 repetivit
2700 2700 2907 2756 dicens
2935 2718 2946 2757 :
2981 2703 3223 2773 Mulier,
3260 2705 3401 2775 quid
3437 2704 3675 2778 ploras?
3695 2718 3842 2776 quem

2190 2786 2461 2857 quaeris?
2488 2787 2630 2852 Quae
2664 2806 2781 2844 non
2830 2791 3096 2861 credidit,
3142 2792 3354 2847 mulier
3400 2797 3542 2849 ost:
3588 2810 3715 2848 nam
3754 2793 3841 2864 qui

2189 2875 2394 2945 cielit,
2426 2877 2485 2932 in
2516 2878 2705 2932 virum
2737 2879 3062 2950 perfectum
3112 2882 3392 2954 resurgit,
3437 2883 3497 2938 in
3527 2896 3839 2939 mensuram

2189 2966 2379 3022 aetatis
2409 2968 2792 3039 plenitudinis
2821 2971 3039 3027 Christi
3072 2974 3318 3045 (Ephes.
3353 2992 3442 3045 ιν,
3478 2976 3582 3045 13).
3614 2973 3835 3041 Mulier,

2186 3054 2405 3127 inquit:
2427 3073 2545 3114 non
2576 3059 2647 3115 de
2679 3075 2850 3129 sexu,
2885 3061 2991 3117 sed
3013 3062 3085 3118 de
3117 3064 3497 3121 cunctatione
3528 3062 3837 3120 convicium

412 3144 488 3186 ne
508 3145 605 3231 ex“
606 3135 982 3231 monumento
1002 3133 1188 3188 veteri
1210 3134 1618 3190 resurrexisse
1640 3134 1793 3189 alius
1816 3133 2082 3190 credere-
2113 3166 2169 3231 ο
2189 3148 2299 3199 εει,
2343 3146 2415 3201 Et
2459 3147 2611 3223 hem,
2656 3150 2888 3218 mulier,
2921 3168 3055 3223 qua,
3100 3154 3339 3208 nutabat
3368 3154 3523 3225 (13);
3572 3153 3701 3226 quia
3725 3151 3836 3222 jam

412 3220 525 3274 tur.
562 3218 718 3276 Bene
748 3220 921 3276 etiam
953 3222 1280 3278 secundum
1310 3224 1579 3295 spiritum
1612 3224 1670 3277 in
1702 3226 2078 3279 monumento

405 3305 559 3377 justi
579 3310 837 3380 positum
858 3314 988 3379 est;
1020 3312 1154 3383 quia
1187 3312 1461 3368 Christus
1491 3330 1524 3368 a
1556 3314 1804 3368 mortuis
1835 3313 1892 3368 in
1923 3328 2078 3367 novo

404 3396 553 3467 justi
587 3401 850 3471 resurgit
879 3399 1110 3455 affectu.
1144 3401 1303 3458 Bene
1354 3403 1525 3457 etiam
1564 3402 1892 3458 secundum
1920 3402 2078 3456 litte-

410 3500 536 3540 ram
565 3487 819 3542 alienum
853 3494 1293 3547 monumentum
1324 3492 1469 3561 fuit;
1501 3493 1637 3564 quia
1668 3508 1841 3548 suum
1877 3506 2080 3545 monu-

409 3577 669 3632 mentum
688 3577 973 3634 Dominus
997 3596 1112 3635 non
1137 3582 1432 3652 quaesivit.
1469 3583 1734 3639 Habeant
1764 3583 2072 3654 tumulum,

409 3664 508 3736 qui
539 3666 653 3721 sub
681 3666 815 3740 lege
848 3672 986 3723 sunt
1017 3671 1257 3726 mortis:
1309 3671 1498 3726 victor
1526 3673 1733 3729 mortis
1773 3690 1948 3729 suum
1979 3678 2075 3730 tu-

408 3752 643 3809 mulum'
664 3772 783 3811 non
814 3756 1099 3815 habebat:
1132 3776 1252 3816 non
1272 3761 1426 3816 enim
1448 3762 1544 3817 ille
1563 3762 1903 3834 sepulcrum
1926 3780 2076 3820 mor-

407 3840 485 3896 tis
534 3842 928 3914 desiderabat,
979 3847 1081 3919 qui
1123 3849 1196 3904 de
1244 3853 1429 3907 morte
1482 3854 1702 3923 tropaea
1755 3852 2068 3909 referebat.

408 3929 566 3985 Vidit
592 3948 739 4006 ergo
768 3934 949 3990 Maria
978 3938 1475 3995 resurrectionem
1507 3940 1764 3995 Domini:
1799 3944 1856 3996 et
1884 3942 2071 4012 prima

406 4018 572 4090 vidit,
604 4025 661 4076 et
693 4023 958 4080 credidit.
995 4026 1147 4081 Vidit
1176 4032 1233 4081 et
1265 4028 1445 4083 Maria
1469 4028 1835 4101 Magdalena,
1860 4046 2069 4103 quam-

404 4107 500 4163 vis
528 4109 721 4166 adhuc
750 4112 861 4168 ista
890 4118 1121 4170 nutaret
1148 4116 1281 4187 (14).

402 4307 777 4381 Magdalenaa
806 4222 1471 4369 (Ιηὸὶευηῒιέῗῗοῖεἷῖἇθ
1499 4313 1767 4386 virgines
1787 4314 1863 4371 ad
1891 4314 2067 4372 [idem

2187 3235 2359 3308 virgo
2390 3239 2735 3295 crediderat.
2775 3240 2928 3306 Quid
2949 3243 3199 3314 ploras?
3228 3243 3341 3298 hoc
3363 3248 3500 3300 est:
3535 3244 3619 3299 Tu
3648 3241 3744 3297 tibi
3776 3255 3836 3295 es

2189 3343 2368 3383 causa
2415 3329 2705 3400 plorandi,
2747 3335 2805 3387 tu
2848 3332 2953 3387 tibi
3002 3336 3207 3388 auctor
3254 3348 3321 3388 es
3361 3334 3566 3402 ﬂendi,
3606 3347 3733 3405 quae
3775 3344 3835 3384 es

2187 3415 2745 3475 Christiincredula.
2773 3421 3007 3485 Floras,
3031 3423 3167 3492 quia
3193 3438 3310 3479 non
3327 3423 3504 3478 vides
3525 3422 3832 3478 Christum:

2187 3507 2383 3574 crede,
2419 3512 2477 3563 et
2505 3510 2759 3565 videbis.
2794 3510 2979 3565 Adest
3020 3510 3315 3581 Christus,
3348 3528 3465 3567 nec
3494 3526 3742 3584 unquam
3768 3507 3834 3562 iis

2184 3612 2219 3651 a
2256 3598 2476 3669 quibus
2519 3599 2805 3669 quaeritur
2848 3600 3035 3655 deest.
3086 3600 3239 3666 Quid
3272 3601 3533 3673 ploras?
3579 3601 3687 3655 hoc
3730 3599 3831 3665 est,

2185 3702 2304 3743 non
2333 3687 2611 3758 lacrymis
2643 3704 2793 3759 opus
2841 3693 2951 3755 est,
2997 3690 3103 3744 sed
3145 3690 3258 3745 fide
3305 3695 3598 3763 prompta,
3628 3693 3683 3744 et
3722 3687 3832 3741 Deo

2184 3776 2383 3849 digna.
2432 3777 2565 3833 Noli
2618 3778 2878 3849 cogitare
2928 3779 3212 3849 mortalia,
3258 3784 3315 3836 et
3370 3797 3493 3837 non
3552 3777 3829 3853 plorabis:

2183 3866 2304 3922 noli
2334 3867 2594 3939 cogitare
2628 3868 2906 3938 peritura,
2939 3872 2995 3923 et
3026 3869 3202 3923 ﬂendi
3225 3885 3473 3925 causam
3495 3870 3709 3926 habere
3726 3881 3832 3922 non

2182 3956 2425 4027 poteris.
2448 3955 2569 4011 Cur
2597 3956 2731 4012 inde
2760 3957 2981 4027 ploras,
3017 3959 3170 4013 Unde
3200 3958 3299 4013 alii
3322 3960 3736 4031 gratulantur?

2253 4045 2340 4101 18.
2378 4045 2557 4111 Quem
2587 4047 2806 4118 quaeris
2822 4046 2851 4100 .9
2878 4046 2992 4101 hoc
3013 4051 3102 4101 est
3130 4062 3143 4103 :
3177 4047 3311 4102 Non
3331 4048 3506 4104 vides
3523 4050 3657 4121 quia
3679 4046 3833 4102 adest

2180 4134 2501 4191 Christus?
2531 4135 2663 4191 Non
2696 4135 2865 4190 vides
2894 4136 3029 4207 quia
3060 4136 3336 4192 Christus
3371 4142 3467 4193 est
3499 4139 3603 4193 Dei
3633 4138 3827 4202 virtus,

2178 4224 2317 4297 quia
2345 4224 2589 4279 Chistus
2639 4227 2732 4279 est
2776 4224 2882 4279 Dei
2929 4225 3237 4295 sapientia,
3269 4226 3407 4297 quia
3449 4226 3720 4282 Christus
3750 4226 3833 4280 est

2178 4314 2443 4383 sactitas,
2475 4314 2612 4385 quia
2652 4314 2929 4368 Christus
2969 4317 3061 4369 est
3090 4315 3353 4385 castitas,
3386 4318 3528 4389 quia
3569 4316 3830 4372 Christus

471 4454 584 4523 (12)
610 4454 888 4530 Plerique
918 4472 1089 4527 mss.,
1127 4456 1351 4513 Patres
1382 4457 1776 4529 orplmnorum
1809 4462 1867 4513 et
1890 4458 2062 4530 judi—
2095 4522 2141 4530 _.
2175 4459 2396 4530 tantum
2424 4456 2569 4530 loco
2597 4456 2948 4530 apparuisse
2978 4456 3268 4512 affirmat:
3313 4462 3437 4530 aut,
3462 4459 3576 4529 piae
3610 4458 3831 4530 illorum

397 4522 849 4607 cesividuarum.
868 4599 883 4607 _
911 4599 926 4607 -
1076 4522 1085 4527 ’
1234 4598 1248 4607 _
1265 4599 1289 4607 _
1554 4599 1565 4607 _
1862 4522 1911 4607 _'
2004 4601 2014 4607 _
2094 4522 2153 4592 ι)
2177 4528 2436 4607 opinioni
2457 4522 2957 4607 subscribendum
2981 4543 3138 4607 esse.
3164 4530 3292 4607 qui,
3311 4533 3371 4583 ut
3389 4522 3602 4607 ⁵[ξέῑίμε
3623 4524 3830 4607 aitLDe‘i

467 4597 580 4668 (13)
608 4599 832 4673 Gellius
868 4599 969 4655 lib.
1000 4618 1038 4667 1,
1072 4598 1330 4673 cap.712:
1373 4599 1565 4673 «Capi
1591 4602 1804 4673 autem,
1848 4600 2060 4673 inquit,
2174 4595 2529 4673 Genitricem
2563 4599 2658 4673 hic
2688 4600 2766 4673 111Δ
2782 4598 2961 4673 Maria
2993 4595 3204 4673 volunt
3243 4600 3658 4673 signiﬁcatam.
3688 4595 3828 4673 Quid

395 4668 569 4749 virgo
590 4671 835 4749 vestalis
856 4668 1167 4749 propterea
1335 4668 1746 4749 videtur,gquia
1765 4668 2060 4749 pontiﬁcis
2174 4672 2400 4749 verosi
2430 4670 2978 4749 duasMagd‘alenas
3010 4668 3608 4749 exstitisse'hoc‘loco
3640 4669 3831 4749 innuat

394 4740 634 4814 maximi
664 4756 838 4796 manu
856 4740 1163 4814 prehensa
1192 4744 1265 4799 ab
1296 4759 1367 4798 eo
1401 4740 1644 4814 parente
1668 4743 1726 4797 in
1749 4740 1927 4812 cujus
1956 4759 2060 4814 po-
2174 4742 2662 4814 sanctus.doctor
2681 4740 2721 4797 εί
2748 4740 2967 4814 Confer
3015 4740 3143 4796 haec
3193 4759 3328 4797 cum
3368 4742 3571 4798 ultimo
3619 4757 3742 4811 cap.
3776 4740 3830 4791 in

393 4811 603 4886 testate
634 4815 746 4886 est,
779 4812 955 4866 veluti
988 4814 1143 4870 bello
1186 4818 1352 4886 capta
1382 4811 1713 4886 abducitur.
1753 4835 1775 4864 ι
1811 4815 1893 4869 De
1926 4811 2061 4870 ves-
2173 4812 2317 4886 Luc.
2370 4817 2426 4886 et
2457 4813 2685 4886 nodum,
2706 4812 2895 4886 solve.

392 4879 809 4960 talibus_plura
839 4886 1103 4955 reperies
1139 4877 1288 4941 lib..'.
1323 4885 1410 4940 De
1445 4885 1803 4959 virginibus,
1839 4901 1967 4956 cap.
2001 4887 2054 4957 4,
2228 4885 2355 4960 (15)
2383 4884 2604 4960 Omnes
2621 4883 3037 4960 editqyidelo
3059 4885 3211 4960 (111οᾷ
3227 4886 3540 4940 maritim)!
3560 4885 3693 4940 Νοη
3714 4877 3828 4960 ερζε

391 4952 673 5027 num,_1_5_.
907 4952 924 4955 ⁷
1091 5026 1098 5027 7
1540 4952 1564 4959 ⁷
1791 4952 1797 4954 ⁷
1912 4952 1930 4956 ’
2040 4952 2048 4957 ’
2171 4952 2377 5011 carnis
2404 4957 2725 5026 virginitas
2754 4956 3047 5027 virginem
3068 4952 3224 5010 'facit
3244 4976 3260 5010 :
3293 4972 3501 5011 omnes
3519 4971 3664 5012 mss.
3698 4953 3826 5007 utin

462 5022 574 5094 (14)
605 5023 752 5079 Mss.
786 5026 1124 5110 non‘pauci,
1161 5027 1428 5110 quamvis
1458 5028 1647 5110 adligo
1667 5028 1784 5083 ista
1805 5032 2056 5110 Inotar‘e-
2167 5022 2691 5110 textuhnisiq‘uod
2720 5043 2826 5099 pro
2849 5022 3153 5097 meritum,
3186 5031 3461 5099 corrupte
3493 5028 3695 5099 plures
3722 5038 3824 5079 ex-

392 5100 526 5171 tur:
554 5110 780 5171 unus...
806 5096 1340 5171 mutaret-reliqui
1375 5114 1464 5152 ac.
1497 5099 1635 5171 edit.
1661 5100 1854 5171 magis
1884 5099 2053 5171 scite,
2169 5096 2770 5171 hibentmeritorum.

388 5168 451 5251 ut
480 5165 549 5249 in.
583 5167 1049 5251 contextuz‘Non
1079 5165 1304 5251 .inutile
1348 5184 1525 5251 porro
1571 5165 1927 5251 fuerit'quaa
2383 5170 2537 5251 Mss.-
2563 5170 2821 5241 aliquot:
2856 5170 2989 5250 quia
3007 5168 3353 5251 "dubitabat,

387 5236 461 5293 de
491 5236 830 5310 virginibus
862 5238 1183 5294 Dominicze
1208 5236 1667 5294 resurrectionis
1689 5236 1944 5295 testibus
1977 5241 2059 5296 di-

388 5311 630 5383 cuntur,
701 5325 835 5383 cum
892 5310 967 5365 iis
1023 5327 1157 5383 quae
1214 5310 1508 5383 habentur
1557 5311 1660 5383 lib.
1718 5328 1777 5364 vr
1830 5312 2052 5382 Expos.

386 5379 613 5452 Evang.
639 5395 764 5454 sec.
785 5380 1025 5454 Lucam,
1042 5379 1185 5454 pag.
1208 5381 1364 5448 1387,
1389 5381 1652 5454 1111111.14,
1674 5379 2054 5453 contendere,

382 5467 495 5506 nec
524 5450 1219 5523 nonsubjectameidém
1251 5454 1381 5508 loco
1405 5452 1880 5508 observationem
1915 5450 2054 5509 con-L

383 5523 602 5596 sulere.
654 5517 891 5596 Interim
938 5525 1177 5581 adverte
1225 5523 1607 5580 Ambrosium
1649 5528 1748 5596 aut
1778 5525 1897 5580 labi
1926 5540 2055 5581 me-
2163 5517 2372 5594 mode;
2423 5524 2578 5580 idem
2626 5517 2782 5579 enim
2828 5527 2921 5578 est
2946 5517 3048 5596 'ac,
3081 5523 3640 5596 reprehendebatur,
3672 5517 3821 5596 quod

380 5594 602 5667 moria,
620 5595 856 5667 quando
887 5598 1105 5667 contra,
1137 5611 1490 5666 expressum
1539 5595 1723 5650 Marci
1768 5612 1896 5667 cap.
1928 5613 2050 5665 xw,
2166 5596 2404 5667 quidem
2446 5598 2585 5666 post
2630 5610 2839 5667 vocem
2862 5594 3204 5667 convicium
3255 5601 3347 5651 est
3388 5596 3543 5667 apte,
3571 5594 3816 5667 ponitur.

381 5612 588 5663 moria,
620 5612 856 5666 quando
887 5612 1089 5651 contra
1137 5612 1490 5666 expressum
1540 5612 1723 5650 marci
1768 5612 1896 5667 cap.
1928 5613 2050 5665 xw,
2209 5612 2404 5651 uicem
2446 5612 2585 5666 post
2630 5612 2839 5650 vocem
2875 5612 3204 5650 couwcmm
3255 5612 3347 5651 est
3388 5612 3522 5665 apte
3556 5612 3644 5721 t{to

381 5679 543 5725 vers.
576 5664 632 5738 9,
656 5666 1059 5725 testimonium
1076 5666 1378 5727 Christum
1401 5667 1767 5744 Magdalenm
1785 5668 2050 5724 secundo
2094 5690 2099 5701 ν
2166 5612 2312 5725 βίαια
2341 5670 2537 5722 autem
2566 5665 2725 5723 refer
2752 5666 2826 5721 ad
2858 5666 2961 5722 lib.
2994 5684 3034 5721 x
3061 5666 3120 5722 in
3152 5667 3295 5722 Luc.
3330 5681 3487 5723 num.
3524 5664 3547 5720 1
3594 5665 3644 5721 1.

2238 5233 2353 5313 (1'7)
2386 5233 3148 5313 Plerique-mss.,uuil'oris
3172 5247 3264 5295 est
3288 5240 3484 5311 plorat
3509 5260 3525 5293 :
3560 5255 3694 5313 nam
3708 5233 3822 5313 qui.

2168 5307 2279 5384 etc.
2315 5312 2529 5367 lterum
2563 5307 2702 5383 post
2733 5307 2937 5381 pauca,
2970 5311 3174 5367 ﬂevit:
3218 5307 3344 5384 quin
3392 5327 3502 5365 non
3549 5307 3820 5369 credidit,

2168 5381 2402 5447 fraude,
2445 5387 2555 5437 etc.
2572 5381 2595 5441 ἶ

2236 5454 2351 5524 (18)
2384 5455 2530 5525 Mss.
2566 5469 2679 5509 non
2710 5452 2901 5525 pauci,
2936 5470 3061 5525 ψη)
3084 5453 3420 5525 notabatur.
3452 5452 3588 5525 Non
3616 5451 3819 5525 ineom:
