4060 6158
238 288 330 353 £85
1383 293 1640 360 LIBER
1682 296 1792 362 DE
1811 311 1818 315 '
1835 298 2384 367 VI‘RGINITATE

3513 312 3635 382 286

230 490 634 588 est-integritas,
657 492 806 588 quia
831 491 1106 550 Christus
1145 496 1319 588 natiis
1353 498 1445 551 est
1475 511 1550 551 ex
1581 497 1850 588 Virgine,
1887 485 1947 550 Ᾱ
2032 501 2119 557 24.
2155 502 2226 558 Et
2253 520 2393 560 vere
2426 505 2585 562 Deus
2617 510 2821 563 noster
2849 507 3040 566 factus
3069 512 3369 584 estnobis,
3403 529 3480 570 ex
3510 531 3629 588 quo

232 581 338 651 quia
367 579 628 634 Christus
661 597 735 636 ex
765 583 954 651 Patre,
980 588 1036 638 et
1057 585 1211 654 apud
1234 585 1485 654 Patrem,
1511 589 1567 640 et
1598 587 1655 641 in
1681 589 1850 642 Patre

229 685 446 738 semper,
486 673 654 724 natus
695 687 811 726 non
842 672 1054 741 factus,
1090 689 1200 727 nec
1231 673 1512 746 degener,
1549 676 1654 730 sed
1688 692 1851 731 sem-

232 773 320 828 per
337 757 574 812 dilectus
596 760 728 830 (l9),
769 777 951 816 verus
984 763 1141 816 Deus
1171 778 1246 816 ex
1277 763 1398 818 Deo
1426 778 1567 818 vero
1598 766 1626 818 ‘?

287 847 357 900 19.
395 847 702 917 Tulerunt,
751 850 960 921 inquit,
1011 852 1319 906 Dominum
1350 853 1424 907 de
1452 859 1850 925 monumento,

226 941 273 989 et
298 936 479 991 nescio
498 937 596 991 ubi
619 947 943 1009 posuerunt
973 957 1100 994 eum
1119 941 1308 1010 (Joan.
1344 941 1468 1008 xx).
1505 942 1702 1013 Erras,
1728 959 1852 998 mu-

227 1024 332 1092 lier,
362 1041 484 1096 quae
524 1031 697 1096 putas
738 1028 810 1082 ah
857 1029 990 1083 aliis
1023 1029 1324 1084 Christum
1354 1031 1425 1085 de
1476 1035 1851 1087 monumento

224 1128 339 1167 esse
368 1114 680 1185 sublatum,
715 1121 771 1171 et
798 1134 916 1172 non
937 1121 1226 1188 potestate
1258 1121 1494 1190 propria
1525 1121 1852 1175 resuscita-

222 1204 337 1257 tum.
368 1202 474 1257 Sed
527 1220 700 1260 nemo
752 1207 879 1260 tulit
911 1207 1014 1262 Dei
1044 1207 1340 1278 virtutem,
1376 1224 1547 1263 nemo
1589 1210 1715 1264 tulit
1749 1210 1853 1265 Dei

227 1292 559 1361 sapientiam,
584 1310 760 1350 nemo
780 1295 908 1350 tulit
930 1296 1326 1351 venerabilem
1345 1297 1692 1353 castitatem.
1719 1299 1853 1354 Non

225 1379 411 1435 tollitur
439 1380 712 1438 Christus
752 1384 823 1438 de
868 1388 1246 1439 monumento
1273 1384 1442 1456 justi,
1478 1402 1587 1441 nec
1617 1387 1688 1442 de
1725 1404 1851 1444 suae

221 1469 437 1540 virginis
465 1474 701 1526 secreto
725 1515 738 1541 ,
777 1476 832 1527 et
879 1473 993 1544 pina
1027 1474 1238 1528 mentis
1278 1490 1493 1530 arcano
1525 1495 1541 1529 :
1571 1479 1627 1530 et
1659 1477 1713 1530 si
1751 1477 1851 1548 qui

223 1557 394 1612 volunt
424 1561 649 1631 tollere,
681 1562 916 1617 auferre
946 1579 1063 1618 non
1093 1567 1366 1634 possunt.

273 1649 345 1702 20.
378 1649 534 1704 Tunc
565 1651 646 1704 ait
696 1652 778 1705 illi
810 1653 1095 1706 Dominus
1148 1670 1159 1706 ε
1195 1653 1393 1706 Maria
1433 1653 1576 1722 (20),
1611 1655 1848 1726 respice

215 1737 274 1791 ad
297 1754 378 1792 me
403 1739 579 1806 (Ibid.
632 1741 742 1809 16).
777 1741 1020 1806 Quando
1052 1758 1170 1796 non
1217 1741 1423 1811 credit,
1466 1742 1678 1797 mulier
1707 1747 1799 1798 est
1831 1759 1845 1800 :

216 1826 412 1896 quando
471 1831 739 1885 converti
785 1831 1006 1901 incipit,
1042 1831 1222 1884 Maria
1272 1833 1538 1900 vocatur,
1583 1832 1695 1886 hoc
1734 1836 1845 1905 est,

214 1931 392 1971 nomen
404 1910 535 1988 ejus
553 1920 773 1990 accipit
792 1937 924 1991 quae
947 1921 1195 1991 parturit
1212 1918 1548 1989 Christum;
1580 1925 1671 1976 est
1693 1923 1849 1977 enim

212 2006 371 2059 anima
417 2023 548 2078 quae
579 2008 933 2079 spiritaliter
978 2010 1131 2080 parit
1162 2007 1482 2063 Christum.
1522 2009 1667 2074 219
1701 2019 1849 2076 Res-

201 2096 327 2165 pice,
364 2096 565 2168 inquit,
595 2097 673 2151 ad
701 2115 813 2153 me.
848 2099 957 2165 Qui
998 2100 1298 2158 Christum
1339 2106 1602 2176 respicit,
1640 2120 1843 2158 emen-

211 2183 352 2238 datur
381 2201 393 2239 :
428 2190 584 2240 errat
617 2191 811 2242 autem
842 2189 943 2260 qui
974 2189 1274 2246 Christum
1305 2210 1423 2248 non
1454 2194 1630 2249 videt.

267 2272 340 2327 21.
363 2273 428 2328 Et
445 2275 578 2330 ideo
603 2276 700 2330 illa
723 2292 1013 2333 conversa
1036 2282 1322 2351 respexit,
1347 2286 1404 2337 et
1421 2283 1566 2336 dixit
1590 2298 1601 2337 :
1628 2282 1843 2353 Rabbi,

211 2363 333 2432 quod
358 2364 797 2436 interpretatur
826 2366 1143 2439 Magister.
1177 2369 1288 2435 Qui
1312 2371 1846 2441 respicit,conver-

209 2452 322 2505 titur
351 2468 363 2507 :
407 2455 504 2524 qui
535 2455 904 2510 convertitur
943 2457 1176 2527 plenius
1207 2460 1466 2514 intuetur
1498 2476 1510 2515 :
1536 2460 1636 2531 qui
1664 2459 1842 2529 videt,

208 2541 422 2608 proiicit.
448 2543 666 2598 Etideo
686 2545 1033 2616 magistrum
1060 2549 1334 2619 appellat,
1355 2565 1530 2620 quem
1554 2551 1845 2604 mortuum

207 2643 319 2684 esse
347 2631 621 2687 credebat
655 2649 667 2687 :
710 2634 1029 2704 alloquitur
1049 2653 1223 2707 quem
1253 2639 1493 2708 putabat
1533 2639 1842 2693 amissum.

263 2719 336 2773 9.9..
363 2719 518 2787 Noli,
554 2722 766 2794 inquit,
801 2741 892 2779 me
938 2730 1188 2797 tangere
1231 2727 1408 2797 (Ibid.
1442 2727 1552 2797 1⁵1),
1587 2728 1699 2782 hoc
1731 2731 1842 2796 est,

210 2810 251 2859 et
266 2809 723 2888 sicorrectionis
745 2816 1097 2869 tentamenta
1121 2820 1279 2885 sunt,
1301 2833 1416 2872 non
1447 2817 1635 2889 tangit
1655 2820 1848 2872 tamen

203 2894 466 2956 Christum
484 2901 752 2956 nutantis
765 2902 1034 2958 affectus.
1058 2904 1218 2971 Noli,
1238 2905 1445 2977 inquit,
1464 2922 1556 2960 me
1571 2911 1841 2978 tangere,

207 2985 296 3041 hoc
315 2993 416 3058 est,
443 2991 570 3046 noli
602 2995 844 3064 tangere
868 2993 974 3048 Dei
1004 2993 1298 3064 virtutem,
1336 2996 1441 3050 Dei
1471 2995 1840 3066 sapientiam,

207 3079 560 3134 laverendam
585 3079 980 3154 integritatem
1000 3126 1014 3152 ,
1039 3084 1448 3139 honorabilem
1493 3085 1840 3140 castitatem.

263 3166 336 3221 33.
367 3168 489 3224 Sed
524 3171 678 3225 vade
708 3172 784 3226 ad
839 3172 1072 3228 fratres
1125 3189 1290 3228 meos
1317 3173 1520 3244 (lbid.)
1555 3173 1705 3239 Quid
1754 3176 1848 3228 est

207 3253 335 3310 aliud
380 3258 602 3327 dicere,
647 3261 762 3316 nisi
799 3278 810 3316 :
865 3227 1149 3316 Jaminoli
1193 3227 1352 3317 ea;
1387 3227 1920 3318 saginatae

209 3343 400 3401 electos
432 3351 487 3402 et
514 3349 592 3403 ad
616 3349 1186 3406 observantissimos
1234 3352 1614 3420 sacerdotes;
1659 3357 1716 3405 et
1751 3351 1848 3406 die

208 3432 346 3487 illis:
373 3437 653 3492 Ascendo
681 3439 757 3493 ad
786 3439 1034 3494 Patrem
1067 3456 1275 3506 meum,
1320 3446 1378 3495 et
1427 3441 1676 3496 Patrem
1711 3457 1846 3494 ves-

208 3526 332 3577 trum
364 3545 380 3578 .·
409 3527 597 3582 Deum
626 3545 815 3582 meum
846 3535 904 3583 et
933 3529 1118 3584 Deum
1158 3529 1660 3600 vestrum(1bid.).
1693 3527 1845 3593 Quid

207 3613 444 3668 estaliud
491 3617 716 3685 dicere,
766 3617 882 3672 nisi
929 3634 940 3672 :
995 3619 1104 3686 Ne,
1137 3618 1366 3687 mulier,
1420 3618 1558 3672 hinc
1606 3633 1847 3671 moveas

205 3703 560 3768 quaestionem
590 3707 617 3759 ?
645 3704 814 3760 Certe
834 3722 866 3760 a
888 3707 1344 3776 perfectioribus
1373 3722 1574 3778 quaere
1599 3747 1613 3775 ,
1647 3705 1845 3760 dicent

207 3788 289 3842 tibi
307 3807 428 3862 qua:
450 3793 758 3850 distinctio
785 3796 864 3848 sit
882 3795 1036 3850 inter
1060 3797 1292 3851 Patrem
1323 3811 1518 3850 meum
1541 3799 1597 3850 et
1617 3794 1849 3849 Patrem

207 3884 457 3937 vestrum.
475 3883 629 3937 Nam
644 3883 923 3956 quijuxta
934 3885 1191 3940 divinam
1212 3885 1658 3958 generationem
1677 3884 1850 3938 Pater

209 3967 323 4022 mibi
349 3974 452 4039 est,
487 3971 733 4043 isjuxta
762 3973 1137 4045 adaptionem
1162 3974 1334 4029 Pater
1362 3977 1564 4028 vester
1587 3975 1696 4028 est.
1731 3972 1849 4027 Pa-

212 4059 333 4110 trem
353 4077 533 4114 meum
556 4061 832 4131 dicendo,
866 4079 898 4116 a
915 4063 1216 4118 'creaturis
1239 4078 1307 4117 se
1340 4062 1442 4117 Dei
1462 4062 1648 4116 Filius
1677 4077 1847 4132 sepa-

205 4146 324 4200 ravit
351 4163 363 4202 :
392 4148 639 4205 Patrem
668 4157 928 4206 vestrum
948 4152 1570 4222 dicendo,adoptionis
1591 4151 1840 4222 spirita-

210 4229 269 4287 lis
301 4238 532 4305 gratiam
555 4239 913 4312 designavit.
950 4242 1030 4296 lta
1057 4245 1114 4295 et
1142 4241 1326 4296 Deum
1357 4256 1547 4295 meum
1565 4240 1841 4310 dicendo,

210 4327 514 4391 mysterium
553 4344 683 4383 suae
731 4330 1160 4384 Incarnationis
1219 4329 1510 4397 ostendit;
1551 4332 1615 4384 ut
1670 4344 1846 4400 quem

211 4406 404 4468 Patrem
459 4417 802 4472 naturaliter
849 4418 1044 4488 habet,
1076 4419 1268 4473 Deum
1308 4418 1561 4489 appellet
1603 4421 1848 4488 propter

212 4505 436 4573 suscepti
494 4507 764 4577 corporis
811 4512 1244 4562 sacramentum
1298 4524 1309 4562 :
1355 4508 1538 4562 Deum
1605 4523 1842 4579 quoque

217 4598 437 4646 vestrum
456 4610 589 4649 cum
611 4596 772 4666 dicit,
804 4596 1134 4667 profectum
1164 4597 1224 4652 in
1261 4597 1436 4652 nobis
1469 4612 1597 4650 suae
1627 4612 1835 4667 opera-
1859 4595 1914 4659 D

212 4676 360 4733 tionis
387 4685 660 4738 ostendit.

827 4757 1080 4811 CAPUT
1119 4758 1186 4811 Υ.

215 4833 360 4918 Redit
391 4858 418 4893 a
446 4844 824 4915 digressione
855 4848 929 4900 ad
959 4863 1120 4900 suam
1153 4846 1581 4913 defensionem,
1617 4849 1676 4899 et
1715 4845 1839 4918 sibi

269 4909 471 4989 objecta
494 4909 607 4989 non
654 4923 874 4970 tantum
905 4919 1192 4989 agnoscit,
1238 4934 1440 4971 verum
1474 4909 1653 4989 etiam
1688 4916 1840 4989 ulte-

269 4986 379 5061 rius
406 4986 678 5061 intendit,
701 5005 917 5059 cupere
942 4986 1125 5042 etiam
1159 4996 1444 5061 nupturas
1471 4988 1546 5041 ad
1573 4988 1831 5058 virgini-

273 5056 394 5108 tatis
421 5059 673 5112 studium
703 5056 993 5113 revocare
1023 5056 1587 5131 sponte—professus.

270 5175 363 5254 (l9)
393 5180 468 5233 lta
501 5199 647 5236 mss.
685 5185 1020 5254 complures
1055 5202 1066 5239 :
1112 5185 1210 5239 alii
1267 5201 1432 5254 vero,
1487 5186 1838 5252 cunctaeque

218 5243 793 5324 editipraetermittunt
821 5243 1028 5310 vocem
1059 5257 1336 5311 dilectus.

273 5317 368 5398 (εἷο)
400 5321 560 5398 Hunc
590 5330 811 5398 textum
840 5343 1068 5398 necque
1101 5328 1162 5381 in
1192 5327 1419 5382 Graecis
1449 5325 1838 5396 evangelistze

221 5388 322 5469 00:1.
344 5406 522 5469 neque
545 5397 601 5469 in
635 5397 858 5451 Latinis
893 5388 1029 5452 ullis
1046 5399 1304 5469 reperire
1322 5403 1432 5452 est.
1470 5388 1836 5451 l-laec'autem

222 5456 520 5536 refertur-ad
542 5467 642 5522 lib.
679 5487 715 5521 x
748 5469 806 5522 in
837 5469 979 5524 Luc.
1005 5456 1164 5524 ηωὶι.
1200 5471 1321 5524 161.

279 5529 375 5610 (ξῖί)
417 5535 556 5591 Mss.
610 5540 904 5605 nonnulli,
941 5541 1313 5595 defensatum
1355 5540 1486 5594 veni
1513 5559 1529 5599 .·
1575 5538 1831 5610 quidam,

225 5595 546 5660 defensath
569 5610 627 5663 in
639 5613 826 5664 venio.

277 5668 370 5752 (ἐξ)
391 5675 637 5752 Quatuor
659 5698 829 5749 mss.,
868 5684 1088 5738 utinam
1119 5699 1232 5738 non
1271 5683 1568 5738 vincerer.

278 5742 370 5810 (‘23)
400 5747 535 5805 Mss.
575 5742 860 5824 nonnulli,
895 5756 1370 5828 praedicatores;
1414 5754 1526 5810 etsi
1557 5768 1676 5812 non
1708 5767 1836 5810 om-

1872 1867 1936 1938 Β,

1961 608 2181 662 passus
2213 596 2305 648 est
2333 593 2638 666 Christus;
2685 599 2936 668 quando,
2974 604 3035 654 ut
3067 601 3180 654 alia
3213 603 3496 674 omittam,
3522 621 3630 675 pro

1964 681 2296 752 integritate
2338 685 2630 738 servanda
2691 687 2839 740 mori
2886 689 3154 760 virgines
3196 695 3336 746 sunt
3387 697 3626 762 paratae.

1963 769 2122 824 Nihil
2158 772 2228 826 de
2259 788 2457 839 causa,
2493 774 2639 828 nihil
2673 775 2743 829 de
2777 791 3030 846 persona
3071 778 3316 849 loquor:
3342 781 3442 834 ubi
3473 781 3631 836 enim

1964 858 2194 914 Domini
2243 863 2457 934 gratia,
2521 863 2602 918 ibi
2646 865 2820 919 debet
2846 881 2985 920 esse
3033 882 3147 936 pax
3196 867 3446 923 Domini.
3500 870 3625 924 Nec

1964 963 2318 1022 quemquam
2348 952 2584 1022 publice
2616 969 2825 1025 arguo,
2877 955 2985 1009 sed
3006 970 3098 1009 me
3127 956 3324 1025 ipsum
3355 957 3628 1012 defensa-

1963 1040 2084 1092 tum
2101 1040 2274 1094 venio
2293 1041 2418 1103 (21).
2444 1043 2723 1096 Accusati
2747 1043 2902 1098 enim
2926 1060 3156 1114 sumus,
3183 1047 3259 1114 et,
3292 1045 3406 1099 nisi
3433 1045 3624 1116 fallor,

1960 1132 2342 1184 accusatores
2373 1132 2559 1185 nostri
2590 1131 2856 1204 plerique
2896 1133 2966 1188 de
2998 1132 3171 1187 vobis
3207 1136 3365 1188 sunt.
3401 1134 3626 1190 Horum

1959 1231 2072 1289 ego
2095 1216 2342 1273 allectus
2365 1220 2724 1292 redarguere
2759 1221 2930 1290 malo,
2964 1238 3139 1292 quam
3163 1237 3456 1292 personas
3487 1238 3630 1293 pro-

1959 1306 2119 1361 dere.
2154 1306 2432 1363 Criminis
2457 1313 2651 1364 autem
2681 1309 2900 1364 invidia
2924 1310 3054 1365 haec
3085 1315 3196 1380 est,
3231 1311 3370 1382 quia
3401 1312 3628 1368 suadeo

1961 1397 2308 1452 castitatem.
2343 1396 2452 1462 Qui
2501 1398 2614 1453 hoc
2665 1415 2784 1454 non
2833 1399 3084 1454 libenter
3113 1400 3350 1473 accipit,
3400 1401 3531 1473 ispe
3563 1416 3630 1458 se

1958 1485 2172 1556 prodit.

2030 1575 2118 1629 ‘25.
2145 1575 2578 1648 Virginitatem,
2603 1577 2811 1648 inquit,
2845 1579 3046 1644 doces,
3083 1581 3138 1633 et
3156 1579 3485 1649 persuades
3507 1579 3630 1650 plu-

1958 1663 2146 1718 rimis.
2197 1664 2432 1719 Utinam
2491 1667 2881 1722 convincerer
2922 1666 3044 1736 (‘22),
3090 1669 3311 1722 utinam
3342 1669 3486 1723 tanti
3516 1669 3629 1722 cri-

1957 1753 2135 1807 minis
2167 1755 2517 1823 probaretur
2566 1754 2811 1811 effectus
2844 1755 2856 1811 ι
2890 1757 3022 1812 Non
3053 1773 3294 1812 vererer
3324 1757 3624 1826 invidiam,

1957 1841 2007 1896 si
2060 1843 2386 1898 efﬁcaciam
2427 1861 2947 1918 recognoscerem.
3011 1849 3203 1918 Atque
3266 1847 3486 1901 utinam
3534 1862 3627 1902 me

1956 1933 2244 2003 exemplis
2268 1934 2460 2003 potius
2474 1936 2825 2007 argueretis,
2850 1952 3022 2007 quam
3047 1937 3424 1992 sermonibus
3445 1936 3629 1990 caede-

1965 2023 2110 2076 retis
2138 2022 2149 2078 ι
2173 2023 2288 2078 Sed
2313 2039 2525 2079 vereor
2547 2041 2620 2080 ne
2642 2026 3133 2095 praevaricatores
3153 2024 3257 2098 (23)
3291 2026 3627 2096 mihiappo-

1959 2112 2161 2166 suisse
2175 2113 2399 2183 videar,
2426 2114 2526 2185 qui
2541 2131 2632 2168 me
2645 2114 2856 2170 alienis
2885 2115 3298 2171 commendent
3324 2115 3623 2169 laudibus.

2026 2202 2114 2255 26.
2151 2201 2432 2270 lnitiatas,
2472 2203 2683 2275 inquit,
2730 2205 2922 2258 sacris
2952 2205 3276 2275 mysteriis,
3311 2207 3367 2258 et
3412 2219 3624 2259 conse-

1957 2293 2150 2346 cratas
2197 2291 2517 2363 integritati
2563 2293 2793 2363 puellas
2840 2293 3064 2348 nubere
3119 2292 3423 2364 prohibes.
3475 2292 3622 2356 220

1957 2381 2190 2434 Utinam
2228 2396 2471 2451 possem
2506 2397 2786 2437 revocare
2827 2384 3113 2452 nupturas
3161 2380 3172 2436 ι
3225 2381 3445 2435 utinam
3476 2395 3623 2450 pos-

1962 2486 2088 2525 sem
2119 2471 2453 2526 ﬂammeum
2475 2473 2730 2542 nuptiale
2761 2472 2858 2542 pio
2881 2470 3236 2542 integritatis
3258 2473 3482 2524 mutare
3521 2485 3623 2524 ve-

1959 2559 2172 2614 lamine
2207 2558 2218 2614 l
2253 2561 2668 2632 Anindignum
2698 2561 2949 2630 videtur,
2987 2563 3049 2614 ut
3076 2563 3322 2614 sacratae
3354 2559 3621 2631 virgines

1957 2665 1990 2702 a
2029 2650 2432 2704 sacrosanctis
2472 2651 2758 2705 altaribus
2803 2667 2922 2704 non
2965 2649 3336 2704 abducantur
3365 2649 3438 2702 ad
3468 2664 3621 2718 nup-

1957 2738 2118 2793 tias?
2166 2739 2236 2792 Et
2274 2739 2490 2810 quibus
2534 2740 2670 2794 licet
2715 2755 3003 2810 sponsum
3048 2739 3269 2811 eligere
3317 2738 3452 2810 (24),
3504 2752 3623 2792 non

1958 2827 2096 2882 licet
2128 2828 2312 2882 Deum
2343 2829 2665 2901 praeferre?
2694 2830 2756 2884 ln
2770 2845 2861 2884 me
2879 2844 3024 2900 ergo
3048 2828 3184 2882 facti
3216 2827 3471 2883 conditio
3490 2843 3622 2881 mu-

1956 2919 2130 2986 tatur,
2179 2920 2241 2972 ut
2275 2935 2381 2989 pro
2414 2919 2732 2990 opprobrio
2774 2918 2915 2972 mihi
2957 2919 3145 2987 cedat,
3188 2917 3344 2988 quod
3385 2932 3624 2987 semper

1961 3007 2248 3076 spectavit
2286 3009 2357 3062 ad
2397 3008 2646 3080 gratiam
2685 3008 3093 3078 sacerdotum,
3129 3006 3333 3078 jacere
3395 3006 3622 3064 semina

1962 3095 2316 3168 integritatis
2345 3100 2400 3152 et
2437 3097 2795 3170 virginitatis
2834 3097 3027 3152 studia
3058 3111 3404 3168 provocare.

2613 3205 2866 3260 CAPUT
2899 3205 2994 3259 Vl.

1951 3313 2050 3368 Ad
2072 3312 2477 3383 virginitatem
2491 3328 2820 3384 provocare
2843 3328 2950 3366 nec
2971 3310 3477 3384 improbumesse,
3510 3326 3620 3384 nec

2029 3382 2257 3447 novam,
2287 3400 2393 3438 nec
2419 3382 2631 3439 inutile
2654 3405 2670 3438 :
2695 3400 2933 3454 quorum
2960 3384 3155 3454 primo
3185 3382 3380 3454 capite
3414 3382 3621 3454 paucis

2026 3455 2313 3524 absoluto,
2339 3455 2591 3511 alterum
2605 3453 2838 3510 scilicet
2862 3471 2934 3509 no
2945 3453 3072 3508 vum
3094 3470 3207 3508 non
3231 3470 3366 3509 esse
3388 3453 3622 3524 Christi

2013 3527 2346 3589 sententia,
2383 3528 2615 3598 judicio
2663 3524 3075 3598 apostolorum,
3121 3543 3188 3579 ac
3210 3523 3623 3598 puerulorum,

2029 3598 2295 3668 exemplo
2307 3596 2476 3652 docet
2501 3616 2512 3653 :
2551 3605 2666 3652 tum
2695 3596 3063 3652 damnandas
3085 3613 3196 3651 non
3211 3596 3364 3651 esse
3387 3596 3624 3668 nuptias

2027 3665 2305 3737 monens,
2349 3686 2551 3723 earum
2597 3676 2789 3724 tamen
2818 3668 3034 3722 multas
3079 3674 3138 3722 et
3175 3684 3400 3738 graves
3442 3665 3626 3738 inole-

2029 3740 2182 3794 stias
2211 3739 2478 3795 declarat
2510 3756 2522 3795 :
2559 3747 2731 3812 utque
2773 3747 3040 3812 neutram
3091 3737 3299 3793 harum
3330 3737 3624 3812 conditio-

2027 3829 2161 3867 num
2193 3812 2496 3884 quisquam
2521 3811 2812 3877 traducat,
2843 3811 3182 3882 prudenter
3211 3811 3442 3865 suadet.

2027 3902 2115 3957 27.
2157 3900 2370 3966 Quaero
2402 3901 2557 3956 enim
2588 3904 2781 3956 utrum
2810 3900 2981 3972 quasi
3012 3899 3345 3970 improbum
3377 3899 3514 3969 hoc,
3548 3915 3624 3954 an

1955 3990 2129 4061 quasi
2178 4006 2416 4059 novum,
2451 4005 2524 4044 an
2564 3990 2739 4061 quasi
2793 3989 2996 4044 inutile
3027 3987 3512 4059 reprehendatur.
3564 3987 3630 4044 Si

1953 4079 2123 4150 quasi
2153 4079 2504 4150 improbum,
2547 4079 2813 4149 improba
2853 4094 2998 4150 ergo
3032 4082 3166 4133 vota
3197 4082 3336 4134 sunt
3366 4077 3626 4133 omnium

1954 4168 2222 4239 improba
2250 4169 2367 4222 vita
2396 4171 2488 4223 est
2517 4168 2886 4240 angelorum,
2932 4183 3106 4239 quam
3136 4168 3326 4240 gratia
3356 4183 3626 4222 resurre-

1955 4258 2167 4312 ctionis
2191 4258 2482 4326 imitatur;
2523 4258 2621 4328 qui
2655 4259 2812 4312 enim
2842 4273 2960 4312 non
2991 4257 3219 4312 nubunt
3267 4257 3399 4326 (25),
3434 4271 3626 4327 neque

1953 4347 2174 4402 ducunt
2204 4362 2446 4416 uxores,
2479 4351 2650 4402 erunt
2681 4347 2835 4402 sicut
2865 4347 3062 4419 angeli
3090 4347 3150 4400 in
3201 4345 3351 4401 coelo
3379 4344 3621 4415 (Matth.

1950 4453 2098 4504 xxii,
2135 4435 2224 4491 30.
2264 4435 2373 4502 Qui
2407 4436 2520 4491 hoc
2552 4437 2754 4508 utique
2784 4435 3181 4506 reprehendit,
3224 4431 3622 4488 resurrectio-

1952 4524 2045 4580 nis
2068 4528 2202 4581 vota
2251 4525 2620 4580 condemnat.
2663 4526 2862 4598 Itaque
2904 4523 3238 4602 improbum
3284 4520 3474 4575 videri
3503 4535 3623 4575 non

1949 4617 2165 4685 potest,
2223 4614 2383 4685 quod
2431 4614 2772 4669 hominibus
2817 4628 2924 4683 pro
2962 4611 3206 4681 praemio
3239 4609 3623 4664 constitutum

1950 4707 2042 4757 est
2075 4719 2223 4759 :nec
2256 4706 2451 4772 potest
2482 4702 2616 4772 ejus
2650 4703 2734 4756 rei
2774 4702 3009 4772 species
3058 4699 3397 4769 displicere,
3443 4699 3638 4771 cujus-

1948 4793 2170 4846 veritas
2194 4796 2250 4846 et
2281 4791 2339 4846 in
2366 4791 2562 4846 fructu
2585 4777 2702 4859 est,
2739 4794 2794 4844 et
2817 4790 2876 4844 in
2909 4792 3066 4844 voto.

2020 4881 2107 4936 28.
2141 4880 2255 4936 Sed
2274 4883 2422 4949 esto,
2457 4895 2572 4934 non
2595 4879 2671 4932 sit
2692 4878 3063 4949 improbum;
3101 4877 3382 4949 numquid
3398 4894 3616 4933 novum

1949 4972 2084 5023 est?
2115 4969 2242 5023 Nos
2275 4968 2432 5023 enim
2463 4983 2616 5022 nova
2664 4969 2859 5022 omnia
2889 4983 3022 5038 quae
3053 4965 3329 5021 Christus
3363 4983 3480 5022 non
3511 4968 3620 5023 do-

1948 5057 2087 5128 cuit,
2128 5057 2266 5129 jure
2305 5057 2690 5113 damnamus:
2724 5056 2860 5127 quia
2893 5055 3169 5111 fidelibus
3220 5056 3314 5110 via
3342 5055 3616 5112 Christus

1947 5184 2087 5238 nino
2116 5183 2366 5251 insulse,
2400 5183 2598 5236 minus
2621 5185 2815 5236 tamen
2847 5182 3155 5237 concinne.
3181 5181 3616 5237 Prmvaricator

1947 5257 2104 5309 enim
2135 5254 2230 5308 ille
2271 5254 2503 5323 dicitur,
2551 5254 2650 5325 qui
2691 5269 2827 5308 eum
2875 5269 3051 5324 quem
3079 5253 3413 5325 vituperare
3445 5257 3618 5324 atque

1946 5341 2232 5380 accusare
2264 5325 2544 5394 creditur,
2570 5323 2750 5379 tacite
2778 5323 3299 5393 fraudulenterque
3330 5323 3616 5377 laudatae

1946 5396 2208 5451 defendit
2228 5412 2239 5451 :
2259 5412 2375 5467 quo
2403 5413 2589 5451 sensu
2611 5396 2929 5450 dictionem
2961 5395 3110 5467 hanc
3143 5394 3616 5467 Tullius‘inPhi-

1946 5468 2046 5538 lip.
2079 5469 2112 5521 2
2144 5483 2257 5522 non
2277 5464 2368 5521 'ita
2398 5467 2574 5539 longe
2614 5467 2687 5521 ab
2719 5467 2883 5539 initio
2922 5465 3189 5539 adhibuit
3223 5480 3236 5520 :
3276 5464 3428 5519 unde
3459 5464 3614 5518 hunc

1945 5537 2141 5594 locum
2166 5537 2527 5594 Ambrosius
2550 5542 2754 5592 noster
2784 5538 3016 5591 videtur
3047 5537 3324 5590 imitatus.

2021 5611 2133 5678 (‘24)
2167 5611 2247 5664 De
2272 5611 2380 5664 hac
2412 5610 2687 5664 facultate
2719 5608 2988 5680 eligendi
3007 5607 3216 5680 sponsi
3249 5605 3373 5675 jam
3397 5603 3618 5658 monui-

1953 5697 2086 5737 mus
2109 5682 2167 5735 in
2199 5682 2370 5751 epist.
2404 5681 2476 5735 ad
2499 5678 2916 5751 Sisin.aliquid
2947 5694 3083 5732 esse
3117 5678 3399 5751 dicturos.

2023 5751 2134 5823 (‘25)
2160 5745 2305 5808 Mss.
2339 5752 2580 5827 aliquot.
2609 5767 2720 5806 non
2741 5745 2984 5820 inibunt,
3010 5762 3196 5824 neque
3225 5745 3544 5805 nubentur.
